None,ticker,dimension,calendardate,datekey,reportperiod,lastupdated,accoci,assets,assetsavg,assetsc,assetsnc,assetturnover,bvps,capex,cashneq,cashnequsd,cor,consolinc,currentratio,de,debt,debtc,debtnc,debtusd,deferredrev,depamor,deposits,divyield,dps,ebit,ebitda,ebitdamargin,ebitdausd,ebitusd,ebt,eps,epsdil,epsusd,equity,equityavg,equityusd,ev,evebit,evebitda,fcf,fcfps,fxusd,gp,grossmargin,intangibles,intexp,invcap,invcapavg,inventory,investments,investmentsc,investmentsnc,liabilities,liabilitiesc,liabilitiesnc,marketcap,ncf,ncfbus,ncfcommon,ncfdebt,ncfdiv,ncff,ncfi,ncfinv,ncfo,ncfx,netinc,netinccmn,netinccmnusd,netincdis,netincnci,netmargin,opex,opinc,payables,payoutratio,pb,pe,pe1,ppnenet,prefdivis,price,ps,ps1,receivables,retearn,revenue,revenueusd,rnd,roa,roe,roic,ros,sbcomp,sgna,sharefactor,sharesbas,shareswa,shareswadil,sps,tangibles,taxassets,taxexp,taxliabilities,tbvps,workingcapital
0,WCG,ARY,2018-12-31,2019-02-12,2018-12-31,2019-10-30,-8900000,11764700000,11007250000,6832400000,4932300000,1.855,90.661,-153500000.0,3888600000,3888600000,17276700000.0,439800000.0,1.362,1.775,2126400000,0,2126400000,2126400000,1400000,179700000.0,0,0.0,0.0,780300000.0,960000000.0,0.047,960000000.0,780300000.0,692800000.0,9.4,9.29,9.4,4240000000,3394175000,4240000000,11646883315.0,15.0,12.132,125500000.0,2.683,1.0,3137400000.0,0.154,3223900000,87500000.0,1763000000,257050000,0,1643300000,830100000,813200000,7524700000,5015600000,2509100000,13409083315.0,-546400000.0,-2142900000.0,1318900000.0,935300000.0,0.0,1742600000.0,-2568000000.0,-271600000.0,279000000.0,0.0,439800000.0,439800000.0,439800000.0,0.0,0.0,0.022,1701000000.0,1436400000.0,4320900000,0.0,3.163,30.489,28.533,428200000,0.0,268.21,0.657,0.614,1871300000,2267300000.0,20414100000.0,20414100000.0,0.0,0.04,0.13,3.036,0.038,70800000.0,1701000000.0,1.0,49994718,46767626,47354536.0,436.501,8540800000,0,253000000.0,134200000,182.622,1816800000
1,WCG,ARY,2017-12-31,2018-02-16,2017-12-31,2019-10-30,-2700000,8364600000,8587200000,5819200000,2545400000,1.981,54.34,-128400000.0,4198600000,4198600000,14744800000.0,373700000.0,1.31,2.461,1182400000,0,1182400000,1182400000,65900000,120400000.0,0,0.0,0.0,530100000.0,650500000.0,0.038,650500000.0,530100000.0,461600000.0,8.4,8.31,8.4,2416700000,2241525000,2416700000,5587277265.0,11.0,8.589,921600000.0,20.722,1.0,2262400000.0,0.133,1028600000,68500000.0,-123400000,-470250000,0,1446700000,469500000,977200000,5947900000,4443200000,1504700000,8603477265.0,237200000.0,-728300000.0,-15200000.0,156100000.0,0.0,828200000.0,-1641000000.0,-784300000.0,1050000000.0,0.0,373700000.0,373700000.0,373700000.0,0.0,0.0,0.022,1484700000.0,777700000.0,3301400000,0.0,3.56,23.022,23.001,319500000,0.0,193.21,0.506,0.505,860100000,1827500000.0,17007200000.0,17007200000.0,0.0,0.044,0.167,-1.127,0.031,59800000.0,1484700000.0,1.0,44529151,44474016,44967061.0,382.408,7336000000,0,87900000.0,93400000,164.95,1376000000
2,WCG,ARY,2016-12-31,2017-02-13,2016-12-31,2019-10-30,-1000000,6152800000,5890125000,5119600000,1033200000,2.417,45.201,-105300000.0,3961400000,3961400000,12089400000.0,242100000.0,1.675,2.076,997600000,0,997600000,997600000,3300000,87600000.0,0,0.0,0.0,588600000.0,676200000.0,0.047,676200000.0,588600000.0,529500000.0,5.47,5.43,5.47,2000100000,1894125000,2000100000,3404994566.0,6.0,5.035,643000000.0,14.531,1.0,2147700000.0,0.151,466600000,59100000.0,-333400000,496200000,0,415800000,124200000,291600000,4152700000,3055800000,1096900000,6368794566.0,1554400000.0,-68900000.0,-7000000.0,-203100000.0,0.0,833100000.0,-27000000.0,147200000.0,748300000.0,0.0,242100000.0,242100000.0,242100000.0,0.0,0.0,0.017,1133100000.0,1014600000.0,2659300000,0.0,3.184,26.306,26.282,274500000,0.0,143.76,0.447,0.447,809200000,1453800000.0,14237100000.0,14237100000.0,0.0,0.041,0.128,1.186,0.041,35500000.0,1133100000.0,1.0,44301576,44248778,44619589.0,321.751,5686200000,4600000,287400000.0,66300000,128.505,2063800000
3,WCG,ARY,2015-12-31,2016-02-12,2015-12-31,2019-10-30,-2200000,5193600000,4956425000,4268500000,925100000,2.802,39.228,-137000000.0,2407000000,2407000000,11978500000.0,118600000.0,1.748,2.005,1212100000,300000000,912100000,1212100000,27700000,72600000.0,0,0.0,0.0,390300000.0,462900000.0,0.033,462900000.0,390300000.0,336100000.0,2.69,2.67,2.69,1728300000,1680175000,1728300000,2424958057.0,6.0,5.239,575600000.0,13.065,1.0,1911700000.0,0.138,343200000,54200000.0,1213900000,1957250000,0,532200000,204400000,327800000,3465300000,2441600000,1023700000,3619858057.0,1093500000.0,-17200000.0,-6700000.0,308800000.0,0.0,505100000.0,-124200000.0,30000000.0,712600000.0,0.0,118600000.0,118600000.0,118600000.0,0.0,0.0,0.009,1521400000.0,390300000.0,2113900000,0.0,2.094,30.522,30.498,244800000,0.0,82.04,0.261,0.26,1434000000,1211700000.0,13890200000.0,13890200000.0,0.0,0.024,0.071,0.199,0.028,18300000.0,1132900000.0,1.0,44123087,44057579,44391032.0,315.274,4850400000,85400000,217500000.0,87400000,110.092,1826900000
4,WCG,ARY,2014-12-31,2015-02-17,2014-12-31,2019-10-30,-600000,4495000000,4259125000,3526300000,968700000,3.043,36.383,-74800000.0,1313500000,1313500000,11455200000.0,63700000.0,1.822,1.817,900000000,0,900000000,900000000,86900000,59900000.0,0,0.0,0.0,217200000.0,277100000.0,0.021,277100000.0,217200000.0,177800000.0,1.45,1.44,1.45,1595900000,1574875000,1595900000,3192646320.0,15.0,11.522,224500000.0,5.118,1.0,1504700000.0,0.116,364200000,39400000.0,1781600000,1363300000,0,580400000,172800000,407600000,2899100000,1935700000,963400000,3606146320.0,-169000000.0,48000000.0,-2600000.0,297200000.0,0.0,-392700000.0,-75600000.0,-48800000.0,299300000.0,0.0,63700000.0,63700000.0,63700000.0,0.0,0.0,0.005,1317000000.0,187700000.0,1552200000,0.0,2.26,56.611,56.586,187100000,0.0,82.05,0.278,0.278,1832400000,1093100000.0,12959900000.0,12959900000.0,0.0,0.015,0.04,0.159,0.017,15100000.0,1018800000.0,1.0,43950595,43864367,44163601.0,295.454,4130800000,37100000,114100000.0,50300000,94.172,1590600000
5,WCG,ARY,2013-12-31,2014-02-14,2013-12-31,2019-10-30,-1300000,3450700000,3164844750,2692700000,758000000,3.011,34.865,-62000000.0,1482500000,1482500000,8258600000.0,175300000.0,2.177,1.273,600000000,0,600000000,600000000,200000,44100000.0,0,0.0,0.0,290200000.0,334300000.0,0.035,334300000.0,290200000.0,278300000.0,4.03,3.98,4.03,1517900000,1436585750,1517900000,1781062832.0,6.0,5.328,116900000.0,2.685,1.0,1269300000.0,0.133,303300000,11900000.0,1027800000,650692750,0,477600000,314700000,162900000,1932800000,1237100000,695700000,2663562832.0,382000000.0,-174100000.0,6200000.0,449800000.0,0.0,493600000.0,-290500000.0,-54400000.0,178900000.0,0.0,175300000.0,175300000.0,175300000.0,0.0,0.0,0.018,976300000.0,293000000.0,1083300000,0.0,1.755,15.194,15.099,147400000,0.0,60.85,0.28,0.278,749700000,1029400000.0,9527900000.0,9527900000.0,0.0,0.055,0.122,0.446,0.03,8900000.0,856500000.0,1.0,43772602,43535927,44000563.0,218.851,3147400000,30800000,103000000.0,55400000,72.294,1455600000
6,WCG,ARY,2012-12-31,2013-02-13,2012-12-31,2019-10-30,-788000,2675516000,2649840750,2100710000,574806000,2.796,30.697,-61268000.0,1100495000,1100495000,6303934000.0,184728000.0,1.887,1.022,135000000,15000000,120000000,135000000,146000,31531000.0,0,0.0,0.0,300561000.0,332092000.0,0.045,332092000.0,300561000.0,296439000.0,4.29,4.22,4.29,1323164000,1252319250,1323164000,1615341946.0,5.0,4.864,-92007000.0,-2.135,1.0,1105098000.0,0.149,276867000,4122000.0,319728000,268446750,0,384408000,220344000,164064000,1352352000,1113426000,238926000,2580836946.0,-224603000.0,-126571000.0,2930000.0,-14054000.0,0.0,28973000.0,-222837000.0,-34998000.0,-30739000.0,0.0,184728000.0,184728000.0,184728000.0,0.0,0.0,0.025,804537000.0,300561000.0,945396000,0.0,1.951,13.971,13.921,131518000,0.0,59.72,0.348,0.347,640772000,854086000.0,7409032000.0,7409032000.0,0.0,0.07,0.148,1.12,0.041,11123000.0,690842000.0,1.0,43215622,43104216,43826285.0,171.886,2398649000,42823000,111711000.0,42058000,55.648,987284000
7,WCG,ARY,2011-12-31,2012-02-15,2011-12-31,2019-10-30,-1761000,2488111000,2454902000,2119894000,368217000,2.488,26.064,-49576000.0,1325098000,1325098000,4872071000.0,264246000.0,1.887,1.228,146250000,11250000,135000000,146250000,164000,26454000.0,0,0.0,0.0,424984000.0,451438000.0,0.074,451438000.0,424984000.0,418474000.0,6.17,6.1,6.17,1116846000,983804000,1116846000,1766632335.0,4.0,3.913,112423000.0,2.624,1.0,1234797000.0,0.202,121027000,6510000.0,65096000,-171781500,0,342251000,198569000,143682000,1371265000,1123140000,248125000,2945480335.0,-34450000.0,0.0,2603000.0,39313000.0,0.0,-84869000.0,-111580000.0,-62004000.0,161999000.0,0.0,264246000.0,264246000.0,264246000.0,0.0,0.0,0.043,820620000.0,414177000.0,846352000,0.0,2.637,11.147,11.141,98238000,0.0,68.74,0.482,0.482,380254000,669358000.0,6106868000.0,6106868000.0,0.0,0.108,0.269,-2.474,0.07,16752000.0,718003000.0,1.0,42849583,42849583,,142.519,2367084000,42987000,154228000.0,1026000,55.242,996754000
8,WCG,ARY,2010-12-31,2011-02-16,2010-12-31,2019-10-30,-2309000,2247293000,2068446000,1815171000,432122000,2.63,19.573,-27516000.0,1359548000,1359548000,4536631000.0,-53400000.0,1.531,1.701,0,0,0,0,67383000,23946000.0,0,0.0,0.0,-72620000.0,-48674000.0,-0.009,-48674000.0,-72620000.0,-72849000.0,-1.26,-1.26,-1.26,832046000,818393000,832046000,170387296.0,-2.0,-3.501,195541000.0,4.6,1.0,903594000.0,0.166,122559000,229000.0,-420515000,-223552500,0,279288000,108788000,170500000,1415247000,1185701000,229546000,1529935296.0,201417000.0,0.0,-4794000.0,-1011000.0,0.0,38864000.0,-60504000.0,-32988000.0,223057000.0,0.0,-53400000.0,-53400000.0,-53400000.0,0.0,0.0,-0.01,976214000.0,-72620000.0,797879000,0.0,1.839,-28.65,-28.563,76825000,0.0,35.99,0.281,0.281,160978000,405112000.0,5440225000.0,5440225000.0,0.0,-0.026,-0.065,0.325,-0.013,14801000.0,895894000.0,1.0,42510011,42510011,,127.975,2124734000,129705000,-19449000.0,0,49.982,629470000
9,WCG,ARY,2009-12-31,2010-02-18,2009-12-31,2019-10-30,-3119000,2118447000,2129536500,1717465000,400982000,3.23,20.803,-16078000.0,1158131000,1158131000,5862457000.0,39871000.0,1.455,1.405,0,0,0,0,90496000,23336000.0,0,0.0,0.0,99431000.0,122767000.0,0.018,122767000.0,99431000.0,93020000.0,0.95,0.95,0.95,880900000,834068500,880900000,23693082.0,0.0,0.193,41847000.0,0.988,1.0,1015707000.0,0.148,124092000,6411000.0,-343846000,-297820750,0,244982000,62722000,182260000,1237547000,1180070000,57477000,1181824082.0,-23791000.0,0.0,-1246000.0,-152800000.0,0.0,-145355000.0,63639000.0,79717000.0,57925000.0,0.0,39871000.0,39871000.0,39871000.0,0.0,0.0,0.006,916276000.0,99431000.0,845932000,0.0,1.342,29.641,29.379,61785000,0.0,27.91,0.172,0.172,363659000,458512000.0,6878164000.0,6878164000.0,0.0,0.019,0.048,-0.334,0.014,44149000.0,892940000.0,1.0,42344109,42344109,,162.435,1994355000,47619000,53149000.0,4888000,47.099,537395000
10,WCG,ARY,2008-12-31,2009-03-16,2008-12-31,2019-10-30,-3761000,2203461000,2143096000,1704570000,498891000,3.043,19.08,-19559000.0,1181922000,1181922000,5530216000.0,-36833000.0,1.249,1.734,152741000,152741000,0,152741000,81197000,21324000.0,0,0.0,0.0,-41390000.0,-20066000.0,-0.003,-20066000.0,-41390000.0,-53170000.0,-0.89,-0.89,-0.89,805829000,806860000,805829000,-689617123.0,17.0,34.367,276868000.0,6.556,1.0,991691000.0,0.152,125624000,11780000.0,-315900000,-247374500,0,324423000,70112000,254311000,1397632000,1364556000,33076000,339563877.0,173513000.0,0.0,-1681000.0,-2000000.0,0.0,-31777000.0,-91137000.0,14964000.0,296427000.0,0.0,-36833000.0,-36833000.0,-36833000.0,0.0,0.0,-0.006,1033081000.0,-41390000.0,779417000,0.0,0.421,-9.219,-9.034,66588000,0.0,8.04,0.052,0.052,302892000,418641000.0,6521907000.0,6521907000.0,0.0,-0.017,-0.046,0.167,-0.006,34928000.0,933418000.0,1.0,42234313,42234313,,154.422,2077837000,43417000,-16337000.0,12187000,49.198,340014000
11,WCG,ARY,2007-12-31,2009-01-26,2007-12-31,2019-10-30,-32000,2082731000,1873348000,1690942000,391789000,2.878,19.124,-22892000.0,1008409000,1008409000,4213384000.0,216236000.0,1.407,1.578,154581000,154581000,0,154581000,19838000,18757000.0,0,0.0,0.0,392003000.0,410760000.0,0.076,410760000.0,392003000.0,377968000.0,5.31,5.16,5.31,807891000,685473000,807891000,-272527760.0,-1.0,-0.663,254709000.0,6.029,1.0,1177408000.0,0.218,205756000,14035000.0,-178849000,-218118500,0,343117000,253881000,89236000,1274840000,1201996000,72844000,581300240.0,43867000.0,0.0,12834000.0,-1600000.0,0.0,-47529000.0,-186205000.0,-163313000.0,277601000.0,0.0,216236000.0,216236000.0,216236000.0,0.0,0.0,0.04,785405000.0,392003000.0,665138000,0.0,0.72,2.688,2.591,66560000,0.0,13.76,0.108,0.108,309977000,455474000.0,5390792000.0,5390792000.0,0.0,0.115,0.315,-1.797,0.073,-4371000.0,766648000.0,1.0,42245657,42245657,,127.606,1876975000,6429000,161732000.0,5985000,44.43,488946000
12,WCG,ARY,2006-12-31,2007-02-16,2006-12-31,2019-10-30,-356000,1663965000,1547396750,1338414000,325551000,2.432,13.752,-35540000.0,964542000,964542000,3012163000.0,139187000.0,1.48,1.955,155621000,1600000,154021000,155621000,23806000,17170000.0,0,0.0,0.0,240785000.0,257955000.0,0.069,257955000.0,240785000.0,226698000.0,3.54,3.43,3.54,563055000,480363250,563055000,2415453178.0,10.0,9.364,477114000.0,11.653,1.0,750763000.0,0.2,208325000,14087000.0,-257388000,-215889750,0,179804000,126422000,53382000,1100910000,904107000,196803000,3224374178.0,542776000.0,-7976000.0,30273000.0,-25600000.0,0.0,121974000.0,-91852000.0,-48336000.0,512654000.0,0.0,139187000.0,139187000.0,139187000.0,0.0,0.0,0.037,509978000.0,240785000.0,577672000,0.0,5.727,23.166,22.246,62005000,0.0,78.75,0.857,0.857,143367000,268559000.0,3762926000.0,3762926000.0,0.0,0.09,0.29,-1.115,0.064,20199000.0,492808000.0,1.0,40944434,40944434,,91.903,1455640000,16576000,87511000.0,49582000,35.552,434307000
13,WCG,ARY,2005-12-31,2006-02-14,2005-12-31,2019-10-30,21000,887489000,870328000,605457000,282032000,2.16,9.37,-28943000.0,421766000,421766000,1512109000.0,51928000.0,1.781,1.398,182061000,26600000,155461000,182061000,12606000,9204000.0,0,0.0,0.0,98735000.0,107939000.0,0.057,107939000.0,98735000.0,85173000.0,1.38,1.32,1.38,370124000,344731000,370124000,1399505824.0,14.0,12.966,52504000.0,1.329,1.0,367430000.0,0.195,207447000,13562000.0,100295000,151139750,0,131468000,94160000,37308000,517365000,340042000,177323000,1639210824.0,24139000.0,-5931000.0,3622000.0,-1600000.0,0.0,2022000.0,-59330000.0,-24456000.0,81447000.0,0.0,51928000.0,51928000.0,51928000.0,0.0,0.0,0.028,268695000.0,98735000.0,299576000,0.0,4.429,31.567,30.072,37057000,0.0,41.5,0.872,0.872,47567000,129372000.0,1879539000.0,1879539000.0,0.0,0.06,0.151,0.653,0.053,5959000.0,259491000.0,1.0,39499056,39499056,,47.584,680042000,22928000,33245000.0,17837000,17.217,265415000
14,WCG,ARY,2004-12-31,2005-02-15,2004-12-31,2019-10-30,-3000,799036000,636571250,548408000,250628000,2.192,7.992,-8679000.0,397627000,397627000,1125560000.0,49250000.0,1.884,1.589,183501000,1600000,181901000,183501000,63449000,7715000.0,0,0.0,0.0,90671000.0,98386000.0,0.071,98386000.0,90671000.0,80506000.0,1.7,1.56,1.7,308631000,193875500,308631000,1124810470.0,12.0,11.433,40083000.0,1.038,1.0,269643000.0,0.193,206289000,10165000.0,87457000,67560750,0,106988000,75515000,31473000,490405000,291164000,199241000,1338936470.0,160306000.0,-36542000.0,157548000.0,50367000.0,0.0,208010000.0,-96466000.0,-51245000.0,48762000.0,0.0,49250000.0,49250000.0,49250000.0,0.0,0.0,0.035,178972000.0,90671000.0,226115000,0.0,4.338,27.187,20.394,12587000,0.0,34.67,0.96,0.96,52170000,77444000.0,1395203000.0,1395203000.0,0.0,0.077,0.254,1.342,0.065,2044000.0,171257000.0,1.0,38619454,38619454,,36.127,592747000,16977000,31256000.0,14818000,15.348,257244000
0,WCG,ARQ,2019-09-30,2019-10-30,2019-09-30,2019-10-30,13000000,13861700000,,7400500000,6461200000,,96.522,-50200000.0,2885000000,2885000000,6154600000.0,241000000.0,1.156,1.854,2029100000,0,2029100000,2029100000,48700000,59900000.0,0,0.0,0.0,343100000.0,403000000.0,0.056,403000000.0,343100000.0,313700000.0,4.79,4.74,4.79,4856400000,,4856400000,13486966144.0,14.0,11.132,350900000.0,6.974,1.0,985600000.0,0.138,3122100000,29400000.0,3479700000,,0,3142300000,1082000000,2060300000,9005300000,6404000000,2601300000,14342866144.0,-472200000.0,0.0,-2400000.0,-50000000.0,0.0,-53500000.0,-819800000.0,-769600000.0,401100000.0,0.0,241000000.0,241000000.0,241000000.0,0.0,0.0,0.034,662900000.0,322700000.0,5555300000,0.0,2.953,22.727,22.909,477300000,0.0,284.99,0.532,0.531,2180000000,2842500000.0,7140200000.0,7140200000.0,0.0,,,,,17100000.0,567400000.0,1.0,50327612,50313901,50846402.0,141.913,10739600000,0,72700000.0,105800000,213.452,996500000
1,WCG,ARQ,2019-06-30,2019-07-30,2019-06-30,2019-10-30,15600000,13205500000,,7266700000,5938800000,,91.504,-69400000.0,3275200000,3275200000,6150300000.0,182800000.0,1.225,1.869,2078200000,0,2078200000,2078200000,32700000,68100000.0,0,0.0,0.0,274900000.0,343000000.0,0.049,343000000.0,274900000.0,243800000.0,3.63,3.6,3.63,4603300000,,4603300000,13503182658.0,16.0,12.349,467100000.0,9.285,1.0,859800000.0,0.123,3173600000,31100000.0,2904600000,,0,2468500000,929300000,1539200000,8602200000,5930300000,2671900000,14700182658.0,-168700000.0,-8600000.0,-400000.0,-50000000.0,0.0,-183800000.0,-521400000.0,-443400000.0,536500000.0,0.0,182800000.0,182800000.0,182800000.0,0.0,0.0,0.026,586600000.0,273200000.0,5063800000,0.0,3.193,28.232,28.121,472300000,0.0,292.18,0.59,0.59,2047000000,2601500000.0,7010100000.0,7010100000.0,0.0,,,,,19000000.0,486800000.0,1.0,50312077,50307031,50811807.0,139.346,10031900000,0,61000000.0,139700000,199.413,1336400000
2,WCG,ARQ,2019-03-31,2019-04-30,2019-03-31,2019-10-30,4900000,13205900000,,7780700000,5425200000,,87.648,-38100000.0,3509600000,3509600000,5943500000.0,151400000.0,1.28,2.007,2127300000,0,2127300000,2127300000,16900000,69600000.0,0,0.0,0.0,214400000.0,284000000.0,0.042,284000000.0,214400000.0,184900000.0,3.02,2.98,3.02,4391200000,,4391200000,11613585199.0,14.0,11.253,-68100000.0,-1.359,1.0,818700000.0,0.121,3192400000,29500000.0,2553900000,,0,2026200000,968600000,1057600000,8814700000,6077300000,2737400000,12995885199.0,-382300000.0,0.0,-36800000.0,0.0,0.0,135200000.0,-487500000.0,-449400000.0,-30000000.0,0.0,151400000.0,151400000.0,151400000.0,0.0,0.0,0.022,605100000.0,213600000.0,5008600000,0.0,2.96,26.549,25.453,424900000,0.0,258.35,0.577,0.574,2449200000,2418700000.0,6762200000.0,6762200000.0,0.0,,,,,22800000.0,503800000.0,1.0,50303407,50100509,50842304.0,134.973,10013500000,0,33500000.0,149000000,199.868,1703400000
3,WCG,ARQ,2018-12-31,2019-02-12,2018-12-31,2019-10-30,-8900000,11764700000,,6832400000,4932300000,,84.813,-66000000.0,3888600000,3888600000,5220200000.0,55900000.0,1.362,1.775,2126400000,0,2126400000,2126400000,1400000,62600000.0,0,0.0,0.0,118900000.0,181500000.0,0.03,181500000.0,118900000.0,89200000.0,1.0,1.0,1.0,4240000000,,4240000000,11646883315.0,15.0,12.132,15000000.0,0.3,1.0,850600000.0,0.14,3223900000,29700000.0,1763000000,,0,1643300000,830100000,813200000,7524700000,5015600000,2509100000,13409083315.0,-656000000.0,-107200000.0,-100000.0,0.0,0.0,-792000000.0,55000000.0,228200000.0,81000000.0,0.0,55900000.0,55900000.0,55900000.0,0.0,0.0,0.009,75700000.0,774900000.0,4320900000,0.0,3.163,30.489,28.533,428200000,0.0,268.21,0.657,0.614,1871300000,2267300000.0,6070800000.0,6070800000.0,0.0,,,,,19300000.0,534000000.0,1.0,49994718,49992092,50555296.0,121.435,8540800000,0,33300000.0,134200000,170.843,1816800000
4,WCG,ARQ,2018-09-30,2018-10-30,2018-09-30,2019-10-30,-11400000,12458500000,,7682200000,4776300000,,87.239,-35000000.0,4541400000,4541400000,4228500000.0,130600000.0,1.324,1.993,2125400000,0,2125400000,2125400000,20800000,46200000.0,0,0.0,0.0,238800000.0,285000000.0,0.056,285000000.0,238800000.0,215200000.0,2.74,2.7,2.74,4162400000,,4162400000,11687705518.0,17.0,13.914,-613600000.0,-12.86,1.0,829600000.0,0.164,3080100000,23600000.0,1158000000,,0,1878800000,1034400000,844400000,8296100000,5804400000,2491700000,14103705518.0,-786800000.0,-2035700000.0,1339300000.0,935300000.0,0.0,2048600000.0,-2256800000.0,-186100000.0,-578600000.0,0.0,130600000.0,130600000.0,130600000.0,0.0,0.0,0.026,597400000.0,232200000.0,4214400000,0.0,3.388,31.722,28.876,384100000,0.0,282.12,0.755,0.72,1732300000,2211400000.0,5058100000.0,5058100000.0,0.0,,,,,21400000.0,433200000.0,1.0,49991867,47712712,48384427.0,106.012,9378400000,0,84600000.0,117200000,196.56,1877800000
5,WCG,ARQ,2018-06-30,2018-07-31,2018-06-30,2019-10-30,-10600000,10134400000,,7603000000,2531400000,,59.694,-28300000.0,5327800000,5327800000,3866000000.0,151600000.0,1.272,2.793,1183800000,0,1183800000,1183800000,580000000,34500000.0,0,0.0,0.0,247000000.0,281500000.0,0.061,281500000.0,247000000.0,229900000.0,3.39,3.35,3.39,2671900000,,2671900000,7827688481.0,11.0,9.334,302600000.0,6.761,1.0,773000000.0,0.167,1024000000,17100000.0,-1010900000,,0,1515500000,793500000,722000000,7462500000,5977300000,1485200000,11971688481.0,273900000.0,0.0,-100000.0,0.0,0.0,68600000.0,-125600000.0,-97300000.0,330900000.0,0.0,151600000.0,151600000.0,151600000.0,0.0,0.0,0.033,522000000.0,251000000.0,3401800000,0.0,4.481,24.653,24.556,331100000,0.0,267.42,0.664,0.664,1239400000,2080800000.0,4639000000.0,4639000000.0,0.0,,,,,18000000.0,377900000.0,1.0,44767364,44759808,45282294.0,103.642,9110400000,0,78300000.0,56100000,203.54,1625700000
6,WCG,ARQ,2018-03-31,2018-05-01,2018-03-31,2019-10-30,-10600000,9671400000,,7177200000,2494200000,,56.1,-24200000.0,5037400000,5037400000,3962000000.0,101700000.0,1.264,2.865,1183000000,0,1183000000,1183000000,592900000,36400000.0,0,0.0,0.0,175600000.0,212000000.0,0.046,212000000.0,175600000.0,158500000.0,2.28,2.25,2.28,2502400000,,2502400000,5762009514.0,10.0,8.012,421500000.0,9.449,1.0,684200000.0,0.147,1019100000,17100000.0,-881900000,,0,1434400000,708600000,725800000,7169000000,5679800000,1489200000,9616409514.0,622500000.0,0.0,-20200000.0,0.0,0.0,417400000.0,-240600000.0,-216400000.0,445700000.0,0.0,101700000.0,101700000.0,101700000.0,0.0,0.0,0.022,505900000.0,178300000.0,3148600000,0.0,3.843,23.564,23.432,317100000,0.0,214.87,0.543,0.542,1129500000,1929200000.0,4646200000.0,4646200000.0,0.0,,,,,12100000.0,355900000.0,1.0,44754547,44605892,45196127.0,104.161,8652300000,0,56800000.0,71500000,193.972,1497400000
7,WCG,ARQ,2017-12-31,2018-02-16,2017-12-31,2019-10-30,-2700000,8364600000,,5819200000,2545400000,,54.281,-35800000.0,4198600000,4198600000,3806500000.0,60700000.0,1.31,2.461,1182400000,0,1182400000,1182400000,65900000,35800000.0,0,0.0,0.0,25700000.0,61500000.0,0.014,61500000.0,25700000.0,8600000.0,1.36,1.34,1.36,2416700000,,2416700000,5587277265.0,11.0,8.589,-231300000.0,-5.195,1.0,538600000.0,0.124,1028600000,17100000.0,-123400000,,0,1446700000,469500000,977200000,5947900000,4443200000,1504700000,8603477265.0,-680300000.0,200000.0,-1600000.0,0.0,0.0,-305700000.0,-179100000.0,-143500000.0,-195500000.0,0.0,60700000.0,60700000.0,60700000.0,0.0,0.0,0.014,269300000.0,269300000.0,3301400000,0.0,3.56,23.022,23.001,319500000,0.0,193.21,0.506,0.505,860100000,1827500000.0,4345100000.0,4345100000.0,0.0,,,,,27000000.0,444500000.0,1.0,44529151,44521776,45138496.0,97.595,7336000000,0,-52100000.0,93400000,164.773,1376000000
8,WCG,ARQ,2017-09-30,2017-10-31,2017-09-30,2019-10-30,100000,9128500000,,6761400000,2367100000,,52.425,-38200000.0,4878900000,4878900000,3740700000.0,171600000.0,1.278,2.912,1181600000,0,1181600000,1181600000,576400000,31400000.0,0,0.0,0.0,252200000.0,283600000.0,0.064,283600000.0,252200000.0,235100000.0,3.86,3.82,3.86,2333400000,,2333400000,5106392483.0,9.0,7.225,872400000.0,19.6,1.0,662200000.0,0.15,1026600000,17100000.0,-884400000,,0,1308500000,504600000,803900000,6795100000,5289000000,1506100000,8803692483.0,847600000.0,-10600000.0,0.0,0.0,0.0,166100000.0,-229100000.0,-180300000.0,910600000.0,0.0,171600000.0,171600000.0,171600000.0,0.0,0.0,0.039,433200000.0,229000000.0,3070900000,0.0,3.773,24.598,24.533,316400000,0.0,197.74,0.544,0.544,1059200000,1766800000.0,4402900000.0,4402900000.0,0.0,,,,,9300000.0,372300000.0,1.0,44521556,44509692,44969033.0,98.92,8101900000,0,63500000.0,157100000,182.026,1472400000
9,WCG,ARQ,2017-06-30,2017-08-04,2017-06-30,2019-10-30,-100000,8513100000,,6346900000,2166200000,,48.368,-30600000.0,4031300000,4031300000,3719000000.0,74100000.0,1.315,2.955,1180800000,0,1180800000,1180800000,539600000,29300000.0,0,0.0,0.0,132800000.0,162100000.0,0.038,162100000.0,132800000.0,114700000.0,1.67,1.65,1.67,2152300000,,2152300000,4858839283.0,9.0,7.925,-90200000.0,-2.027,1.0,586000000.0,0.136,1036000000,18100000.0,-200100000,,0,1129500000,511900000,617600000,6360800000,4826700000,1534100000,7709339283.0,-1579100000.0,-717900000.0,-200000.0,-926100000.0,0.0,-650200000.0,-869300000.0,-120800000.0,-59600000.0,0.0,74100000.0,74100000.0,74100000.0,0.0,0.0,0.017,426000000.0,160000000.0,2940900000,0.0,3.582,30.245,30.123,291100000,0.0,173.21,0.502,0.502,1543200000,1595200000.0,4305000000.0,4305000000.0,0.0,,,,,13900000.0,365500000.0,1.0,44508627,44498610,44934051.0,96.745,7477100000,0,40600000.0,96800000,168.03,1520200000
10,WCG,ARQ,2017-03-31,2017-05-04,2017-03-31,2019-10-30,-900000,8342600000,,7268500000,1074100000,,46.515,-23800000.0,5610400000,5610400000,3478600000.0,67300000.0,1.45,3.043,2080100000,900000000,1180100000,2080100000,432900000,23900000.0,0,0.0,0.0,119400000.0,143300000.0,0.036,143300000.0,119400000.0,103200000.0,1.52,1.5,1.52,2063700000,,2063700000,4026325392.0,7.0,5.802,370700000.0,8.355,1.0,475600000.0,0.12,472400000,16200000.0,-673100000,,0,722200000,394800000,327400000,6278900000,5013000000,1265900000,7556625392.0,1649000000.0,0.0,-13400000.0,1082200000.0,0.0,1618000000.0,-363500000.0,-339700000.0,394500000.0,0.0,67300000.0,67300000.0,67300000.0,0.0,0.0,0.017,356200000.0,119400000.0,2621300000,0.0,3.662,27.823,27.706,273900000,0.0,169.84,0.516,0.514,998600000,1521100000.0,3954200000.0,3954200000.0,0.0,,,,,9600000.0,302400000.0,1.0,44492613,44365987,44826663.0,89.127,7870200000,0,35900000.0,47200000,177.393,2255500000
11,WCG,ARQ,2016-12-31,2017-02-13,2016-12-31,2019-10-30,-1000000,6152800000,,5119600000,1033200000,,45.156,-43800000.0,3961400000,3961400000,2998400000.0,44900000.0,1.675,2.076,997600000,0,997600000,997600000,3300000,22700000.0,0,0.0,0.0,95100000.0,117800000.0,0.033,117800000.0,95100000.0,81000000.0,1.01,1.0,1.01,2000100000,,2000100000,3404994566.0,6.0,5.035,-375800000.0,-8.484,1.0,519800000.0,0.148,466600000,14100000.0,-333400000,,0,415800000,124200000,291600000,4152700000,3055800000,1096900000,6368794566.0,83000000.0,-45100000.0,-100000.0,0.0,0.0,388200000.0,26800000.0,115700000.0,-332000000.0,0.0,44900000.0,44900000.0,44900000.0,0.0,0.0,0.013,317700000.0,202100000.0,2659300000,0.0,3.184,26.306,26.282,274500000,0.0,143.76,0.447,0.447,809200000,1453800000.0,3518200000.0,3518200000.0,0.0,,,,,11300000.0,317700000.0,1.0,44301576,44293109,44795203.0,79.43,5686200000,4600000,36100000.0,66300000,128.377,2063800000
12,WCG,ARQ,2016-09-30,2016-11-01,2016-09-30,2019-10-30,0,6525500000,,5614700000,910800000,,43.882,-23900000.0,3878400000,3878400000,3040200000.0,68600000.0,1.591,2.359,997400000,0,997400000,997400000,400200000,22400000.0,0,0.0,0.0,167500000.0,189900000.0,0.053,189900000.0,167500000.0,152900000.0,1.55,1.54,1.55,1942900000,,1942900000,2496154782.0,5.0,3.966,1116600000.0,25.219,1.0,543800000.0,0.152,366600000,14600000.0,-251800000,,0,497700000,203000000,294700000,4582600000,3529700000,1052900000,5377154782.0,1354300000.0,-2700000.0,-1300000.0,-100000000.0,0.0,238500000.0,-24700000.0,1900000.0,1140500000.0,0.0,68600000.0,68600000.0,68600000.0,0.0,0.0,0.019,268500000.0,275300000.0,2416200000,0.0,2.768,25.667,25.666,249100000,0.0,121.4,0.378,0.378,1277900000,,3584000000.0,3584000000.0,0.0,,,,,9200000.0,268500000.0,1.0,44292873,44276035,44639442.0,80.947,6158900000,0,84300000.0,101000000,139.102,2085000000
13,WCG,ARQ,2016-06-30,2016-08-03,2016-06-30,2019-10-30,0,5562400000,,4634800000,927600000,,42.168,-20800000.0,2524100000,2524100000,2988900000.0,90800000.0,1.842,1.98,1097200000,0,1097200000,1097200000,3700000,21700000.0,0,0.0,0.0,221300000.0,243000000.0,0.068,243000000.0,221300000.0,206700000.0,2.05,2.04,2.05,1866400000,,1866400000,3498380488.0,7.0,6.058,31100000.0,0.703,1.0,605500000.0,0.168,372100000,14600000.0,1247300000,,0,500300000,188800000,311500000,3696000000,2516100000,1179900000,4925280488.0,132500000.0,-21100000.0,-100000.0,0.0,0.0,118100000.0,-37500000.0,4400000.0,51900000.0,0.0,90800000.0,90800000.0,90800000.0,0.0,0.0,0.025,384200000.0,221300000.0,2242500000,0.0,2.639,27.779,27.746,243600000,0.0,111.26,0.35,0.35,1625800000,,3594400000.0,3594400000.0,0.0,,,,,9200000.0,278000000.0,1.0,44268205,44260767,44549955.0,81.21,5190300000,0,115900000.0,100500000,117.266,2118700000
14,WCG,ARQ,2016-03-31,2016-05-04,2016-03-31,2019-10-30,0,5319800000,,4410500000,909300000,,40.011,-16800000.0,2391600000,2391600000,3061900000.0,37100000.0,1.867,2.01,1097100000,0,1097100000,1097100000,10700000,20800000.0,0,0.0,0.0,104700000.0,125500000.0,0.035,125500000.0,104700000.0,88900000.0,0.84,0.83,0.84,1767100000,,1767100000,2904612893.0,7.0,5.743,-128900000.0,-2.919,1.0,478600000.0,0.135,340700000,15800000.0,1322700000,,0,505700000,182400000,323300000,3552700000,2361900000,1190800000,4199112893.0,-15400000.0,0.0,-5500000.0,-103100000.0,0.0,88300000.0,8400000.0,25200000.0,-112100000.0,0.0,37100000.0,37100000.0,37100000.0,0.0,0.0,0.01,373900000.0,104700000.0,2123100000,0.0,2.376,30.384,30.316,244900000,0.0,94.89,0.301,0.3,1522300000,,3540500000.0,3540500000.0,0.0,,,,,5800000.0,268900000.0,1.0,44252428,44165200,44493755.0,80.165,4979100000,17400000,51800000.0,68000000,112.738,2048600000
15,WCG,ARQ,2015-12-31,2016-02-12,2015-12-31,2019-10-30,-2200000,5193600000,,4268500000,925100000,,39.182,-42400000.0,2407000000,2407000000,3001800000.0,13000000.0,1.748,2.005,1212100000,300000000,912100000,1212100000,27700000,19500000.0,0,0.0,0.0,51500000.0,71000000.0,0.02,71000000.0,51500000.0,36300000.0,0.29,0.29,0.29,1728300000,,1728300000,2424958057.0,6.0,5.239,432300000.0,9.801,1.0,495000000.0,0.142,343200000,15200000.0,1213900000,,0,532200000,204400000,327800000,3465300000,2441600000,1023700000,3619858057.0,983900000.0,0.0,0.0,0.0,0.0,530000000.0,-20800000.0,21600000.0,474700000.0,0.0,13000000.0,13000000.0,13000000.0,0.0,0.0,0.004,443500000.0,51500000.0,2113900000,0.0,2.094,30.522,30.498,244800000,0.0,82.04,0.261,0.26,1434000000,1211700000.0,3496800000.0,3496800000.0,0.0,,,,,6600000.0,340900000.0,1.0,44123087,44109557,44477504.0,79.275,4850400000,85400000,23300000.0,87400000,109.963,1826900000
16,WCG,ARQ,2015-09-30,2015-11-05,2015-09-30,2019-10-30,0,4940700000,,4011000000,929700000,,38.771,-31000000.0,1423100000,1423100000,2947400000.0,36400000.0,1.813,1.891,1212700000,300000000,912700000,1212700000,15400000,18200000.0,0,0.0,0.0,119800000.0,138000000.0,0.04,138000000.0,119800000.0,104700000.0,0.83,0.82,0.83,1709200000,,1709200000,3450321640.0,9.0,7.293,281600000.0,6.388,1.0,493600000.0,0.143,345800000,15100000.0,2171600000,,0,559800000,226800000,333000000,3231500000,2212900000,1018600000,3660721640.0,83600000.0,0.0,-1100000.0,0.0,0.0,-202400000.0,-26600000.0,4400000.0,312600000.0,0.0,36400000.0,36400000.0,36400000.0,0.0,0.0,0.011,373800000.0,119800000.0,1530000000,0.0,2.142,32.281,32.171,240100000,0.0,83.0,0.265,0.265,2095200000,,3441000000.0,3441000000.0,0.0,,,,,4400000.0,279600000.0,1.0,44105080,44084004,44424305.0,78.056,4594900000,45400000,68300000.0,80900000,104.231,1798100000
17,WCG,ARQ,2015-06-30,2015-08-05,2015-06-30,2019-10-30,0,5020800000,,4074300000,946500000,,37.887,-27800000.0,1339500000,1339500000,2977100000.0,51700000.0,1.994,2.008,1213300000,0,1213300000,1213300000,7800000,18100000.0,0,0.0,0.0,153200000.0,171300000.0,0.049,171300000.0,153200000.0,140700000.0,1.17,1.17,1.17,1669100000,,1669100000,3803429370.0,11.0,9.041,-2600000.0,-0.059,1.0,505400000.0,0.145,358600000,12500000.0,2493200000,,0,575500000,220800000,354700000,3351700000,2042800000,1308900000,3929629370.0,166600000.0,-17200000.0,-700000.0,308900000.0,0.0,178100000.0,-36700000.0,8300000.0,25200000.0,0.0,51700000.0,51700000.0,51700000.0,0.0,0.0,0.015,352200000.0,153200000.0,1476700000,0.0,2.354,40.806,40.712,220900000,0.0,89.16,0.285,0.285,2263600000,,3482500000.0,3482500000.0,0.0,,,,,4400000.0,255500000.0,1.0,44073905,44054778,44358313.0,79.049,4662200000,32200000,89000000.0,95500000,105.827,2031500000
18,WCG,ARQ,2015-03-31,2015-05-07,2015-03-31,2019-10-30,0,4670600000,,3710700000,959900000,,36.699,-35800000.0,1172900000,1172900000,3052200000.0,17500000.0,1.779,1.894,900000000,0,900000000,900000000,5000000,16800000.0,0,0.0,0.0,65700000.0,82500000.0,0.024,82500000.0,65700000.0,54400000.0,0.4,0.39,0.4,1614100000,,1614100000,3112170042.0,15.0,11.518,-135700000.0,-3.085,1.0,417700000.0,0.12,361400000,11300000.0,1950300000,,0,585100000,207100000,378000000,3056500000,2086000000,970500000,3385070042.0,-140600000.0,0.0,-4900000.0,-100000.0,0.0,-600000.0,-40100000.0,-4300000.0,-99900000.0,0.0,17500000.0,17500000.0,17500000.0,0.0,0.0,0.005,352000000.0,65700000.0,1517000000,0.0,2.097,91.242,90.424,211300000,0.0,76.86,0.252,0.251,2011800000,,3469900000.0,3469900000.0,0.0,,,,,2900000.0,256900000.0,1.0,44042025,43981977,44304006.0,78.894,4309200000,28200000,36900000.0,53000000,97.976,1624700000
19,WCG,ARQ,2014-12-31,2015-02-17,2014-12-31,2019-10-30,-600000,4495000000,,3526300000,968700000,,36.351,-28400000.0,1313500000,1313500000,2994400000.0,7800000.0,1.822,1.817,900000000,0,900000000,900000000,86900000,15900000.0,0,0.0,0.0,65400000.0,81300000.0,0.024,81300000.0,65400000.0,54000000.0,0.18,0.17,0.18,1595900000,,1595900000,3192646320.0,15.0,11.522,91500000.0,2.084,1.0,420400000.0,0.123,364200000,11400000.0,1781600000,,0,580400000,172800000,407600000,2899100000,1935700000,963400000,3606146320.0,-237000000.0,-69000000.0,-400000.0,-300000.0,0.0,-236300000.0,-120600000.0,-23200000.0,119900000.0,0.0,7800000.0,7800000.0,7800000.0,0.0,0.0,0.002,352900000.0,67500000.0,1552200000,0.0,2.26,56.611,56.586,187100000,0.0,82.05,0.278,0.278,1832400000,1093100000.0,3414800000.0,3414800000.0,0.0,,,,,6200000.0,283100000.0,1.0,43950595,43902191,44222269.0,77.782,4130800000,37100000,46200000.0,50300000,94.091,1590600000
20,WCG,ARQ,2014-09-30,2014-11-05,2014-09-30,2019-10-30,0,4455700000,,3550200000,905500000,,36.05,-18500000.0,1550500000,1550500000,2996600000.0,19300000.0,1.855,1.816,900000000,0,900000000,900000000,4700000,14400000.0,0,0.0,0.0,71200000.0,85600000.0,0.025,85600000.0,71200000.0,61700000.0,0.44,0.44,0.44,1582100000,,1582100000,2371084149.0,10.0,8.304,407500000.0,9.285,1.0,410900000.0,0.121,367300000,9500000.0,1523800000,,0,557500000,192000000,365500000,2873600000,1914100000,959500000,3021584149.0,436300000.0,-20200000.0,0.0,298200000.0,0.0,11100000.0,-800000.0,37900000.0,426000000.0,0.0,19300000.0,19300000.0,19300000.0,0.0,0.0,0.006,331900000.0,79000000.0,1551900000,0.0,1.91,30.587,30.451,162200000,0.0,68.82,0.252,0.252,1542300000,,3407500000.0,3407500000.0,0.0,,,,,3000000.0,261500000.0,1.0,43905611,43885779,44186034.0,77.645,4088400000,43200000,42400000.0,45400000,93.16,1636100000
21,WCG,ARQ,2014-06-30,2014-08-06,2014-06-30,2019-10-30,0,4149500000,,3240800000,908700000,,35.557,-14700000.0,1114200000,1114200000,2834300000.0,-7500000.0,1.667,1.66,600000000,0,600000000,600000000,12200000,15000000.0,0,0.0,0.0,5800000.0,20800000.0,0.007,20800000.0,5800000.0,-3500000.0,-0.17,-0.17,-0.17,1559800000,,1559800000,2139125915.0,8.0,6.686,-247400000.0,-5.64,1.0,317600000.0,0.101,343400000,9300000.0,1347500000,,0,595700000,222400000,373300000,2589700000,1944400000,645300000,2653325915.0,-544100000.0,-27000000.0,-200000.0,-300000.0,0.0,-194900000.0,-116500000.0,-74800000.0,-232700000.0,0.0,-7500000.0,-7500000.0,-7500000.0,0.0,0.0,-0.002,322900000.0,-5300000.0,1440400000,0.0,1.701,18.492,18.377,154800000,0.0,60.46,0.24,0.239,1630300000,,3151900000.0,3151900000.0,0.0,,,,,4900000.0,228900000.0,1.0,43885642,43867449,43867449.0,71.851,3806100000,59500000,4000000.0,40100000,86.764,1296400000
22,WCG,ARQ,2014-03-31,2014-05-09,2014-03-31,2019-10-30,0,3936300000,,3175200000,761100000,,35.654,-13200000.0,1658300000,1658300000,2629900000.0,44100000.0,1.856,1.521,600000000,0,600000000,600000000,4000000,14600000.0,0,0.0,0.0,74800000.0,89400000.0,0.03,89400000.0,74800000.0,65600000.0,1.01,1.0,1.01,1561700000,,1561700000,2128031338.0,6.0,5.47,-27100000.0,-0.619,1.0,355800000.0,0.119,366700000,9200000.0,800300000,,0,520000000,288700000,231300000,2374600000,1711000000,663600000,3186331338.0,175800000.0,164200000.0,-2000000.0,-400000.0,0.0,27400000.0,162300000.0,11300000.0,-13900000.0,0.0,44100000.0,44100000.0,44100000.0,0.0,0.0,0.015,309300000.0,46500000.0,1202800000,0.0,2.04,16.102,15.998,152500000,0.0,72.63,0.311,0.31,989000000,,2985700000.0,2985700000.0,0.0,,,,,1000000.0,245300000.0,1.0,43870733,43802047,44123791.0,68.163,3569600000,29500000,21500000.0,63000000,81.494,1464200000
23,WCG,ARQ,2013-12-31,2014-02-14,2013-12-31,2019-10-30,-1300000,3450700000,,2692700000,758000000,,34.71,-13048000.0,1482500000,1482500000,2110737000.0,42888000.0,2.177,1.273,600000000,0,600000000,600000000,200000,12281000.0,0,0.0,0.0,77446000.0,89727000.0,0.037,89727000.0,77446000.0,71478000.0,0.98,0.97,0.98,1517900000,,1517900000,1781062832.0,6.0,5.328,-63852000.0,-1.46,1.0,327976000.0,0.134,303300000,5968000.0,1027800000,,0,477600000,314700000,162900000,1932800000,1237100000,695700000,2663562832.0,91932000.0,-133607000.0,1655000.0,250856000.0,0.0,279905000.0,-137169000.0,9486000.0,-50804000.0,0.0,42888000.0,42888000.0,42888000.0,0.0,0.0,0.018,247730000.0,80246000.0,1083300000,0.0,1.755,15.194,15.099,147400000,0.0,60.85,0.28,0.278,749700000,1029400000.0,2438713000.0,2438713000.0,0.0,,,,,-540000.0,218910000.0,1.0,43772602,43731434,44084914.0,55.766,3147400000,30800000,28590000.0,55400000,71.971,1455600000
24,WCG,ARQ,2013-09-30,2013-11-01,2013-09-30,2019-10-30,0,3180552000,,2559221000,621331000,,33.814,-18022000.0,1390563000,1390563000,2144672000.0,63994000.0,1.941,1.157,336500000,39875000,296625000,336500000,178000,11057000.0,0,0.0,0.0,108944000.0,120001000.0,0.048,120001000.0,108944000.0,106773000.0,1.47,1.45,1.47,1474603000,,1474603000,1681807713.0,6.0,5.07,260307000.0,5.969,1.0,355738000.0,0.142,305101000,2171000.0,502834000,,0,486907000,317587000,169320000,1705949000,1318554000,387395000,2735870713.0,195514000.0,0.0,2396000.0,-9931000.0,0.0,-73502000.0,-9313000.0,8709000.0,278329000.0,0.0,63994000.0,63994000.0,63994000.0,0.0,0.0,0.026,246794000.0,108944000.0,1116488000,0.0,1.855,15.1,14.976,144273000,0.0,62.6,0.301,0.301,714419000,,2500410000.0,2500410000.0,0.0,,,,,5001000.0,218790000.0,1.0,43704005,43608626,44037922.0,57.338,2875451000,25058000,42779000.0,77748000,65.938,1240667000
25,WCG,ARQ,2013-06-30,2013-08-07,2013-06-30,2019-10-30,0,3029725000,,2392253000,637472000,,32.26,-15053000.0,1195049000,1195049000,2015909000.0,46900000.0,1.95,1.16,346000000,38000000,308000000,346000000,162000,10585000.0,0,0.0,0.0,79330000.0,89915000.0,0.039,89915000.0,79330000.0,77176000.0,1.08,1.07,1.08,1402623000,,1402623000,1993984303.0,8.0,7.039,-94799000.0,-2.18,1.0,316211000.0,0.136,306935000,2154000.0,646952000,,0,495642000,311390000,184252000,1627102000,1226789000,400313000,2843033303.0,-183235000.0,-1315000.0,898000.0,-9847000.0,0.0,-20829000.0,-82660000.0,-66292000.0,-79746000.0,0.0,46900000.0,46900000.0,46900000.0,0.0,0.0,0.02,236881000.0,79330000.0,1040112000,0.0,2.027,18.286,18.133,143389000,0.0,65.28,0.339,0.338,765040000,,2332120000.0,2332120000.0,0.0,,,,,2863000.0,205423000.0,1.0,43551368,43478267,43926957.0,53.639,2722790000,22971000,30276000.0,51941000,62.624,1165464000
26,WCG,ARQ,2013-03-31,2013-05-03,2013-03-31,2019-10-30,0,2998402000,,2387193000,611209000,,31.188,-15877000.0,1378284000,1378284000,1987283000.0,21518000.0,1.926,1.219,355500000,38000000,317500000,355500000,171000,10177000.0,0,0.0,0.0,24480000.0,34657000.0,0.015,34657000.0,24480000.0,22873000.0,0.5,0.49,0.5,1351217000,,1351217000,1465887912.0,6.0,5.249,15244000.0,0.352,1.0,269374000.0,0.119,310951000,1607000.0,425185000,,0,428275000,270888000,157387000,1647185000,1239482000,407703000,2488671912.0,277789000.0,-39178000.0,1251000.0,218722000.0,0.0,308026000.0,-61358000.0,-6303000.0,31121000.0,0.0,21518000.0,21518000.0,21518000.0,0.0,0.0,0.01,244894000.0,24480000.0,1053748000,0.0,1.842,16.054,15.906,139705000,0.0,57.26,0.316,0.315,596135000,,2256657000.0,2256657000.0,0.0,,,,,1576000.0,213376000.0,1.0,43462660,43325381,43952459.0,52.086,2687451000,47496000,1355000.0,49100000,62.029,1147711000
27,WCG,ARQ,2012-12-31,2013-02-13,2012-12-31,2019-10-30,-788000,2675516000,,2100710000,574806000,,30.624,-13603000.0,1100495000,1100495000,1686523000.0,48767000.0,1.887,1.022,135000000,15000000,120000000,135000000,146000,8827000.0,0,0.0,0.0,78314000.0,87141000.0,0.044,87141000.0,78314000.0,77355000.0,1.13,1.11,1.13,1323164000,,1323164000,1615341946.0,5.0,4.864,90052000.0,2.084,1.0,301606000.0,0.152,276867000,959000.0,319728000,,0,384408000,220344000,164064000,1352352000,1113426000,238926000,2580836946.0,38155000.0,-126571000.0,47000.0,-4431000.0,0.0,89269000.0,-154769000.0,-14595000.0,103655000.0,0.0,48767000.0,48767000.0,48767000.0,0.0,0.0,0.025,223292000.0,78314000.0,945396000,0.0,1.951,13.971,13.921,131518000,0.0,59.72,0.348,0.347,640772000,854086000.0,1988129000.0,1988129000.0,0.0,,,,,1255000.0,193349000.0,1.0,43215622,43206525,43948868.0,46.015,2398649000,42823000,28588000.0,42058000,55.516,987284000
28,WCG,ARQ,2012-09-30,2012-10-31,2012-09-30,2019-10-30,0,2543787000,,2143193000,400594000,,29.509,-13073000.0,1062340000,1062340000,1549456000.0,38287000.0,2.046,0.998,138750000,15000000,123750000,138750000,141000,8193000.0,0,0.0,0.0,63368000.0,71561000.0,0.039,71561000.0,63368000.0,62352000.0,0.89,0.87,0.89,1273300000,,1273300000,1132777838.0,3.0,2.948,46117000.0,1.069,1.0,268939000.0,0.148,119637000,1016000.0,452969000,,0,364400000,209798000,154602000,1270487000,1047591000,222896000,2056367838.0,-87906000.0,0.0,-1579000.0,-4958000.0,0.0,-174982000.0,27886000.0,40959000.0,59190000.0,0.0,38287000.0,38287000.0,38287000.0,0.0,0.0,0.021,205571000.0,63368000.0,903056000,0.0,1.615,9.304,9.261,123875000,0.0,47.6,0.293,0.293,735454000,,1818395000.0,1818395000.0,0.0,,,,,2955000.0,176797000.0,1.0,43201005,43149455,43844223.0,42.142,2424150000,67857000,24065000.0,22573000,56.18,1095602000
29,WCG,ARQ,2012-06-30,2012-08-03,2012-06-30,2019-10-30,-969000,2690950000,,2296733000,394217000,,28.578,-19161000.0,1150246000,1150246000,1546164000.0,46442000.0,1.85,1.185,142500000,15000000,127500000,142500000,240704000,7541000.0,0,0.0,0.0,78371000.0,85912000.0,0.047,85912000.0,78371000.0,77374000.0,1.08,1.06,1.08,1231497000,,1231497000,1367724426.0,3.0,2.956,-221036000.0,-5.129,1.0,265011000.0,0.146,119990000,997000.0,321427000,,0,404869000,250618000,154251000,1459453000,1241787000,217666000,2375470426.0,-294629000.0,0.0,-60000.0,-2198000.0,0.0,-50110000.0,-42644000.0,-23483000.0,-201875000.0,0.0,46442000.0,46442000.0,46442000.0,0.0,0.0,0.026,186640000.0,78371000.0,869462000,0.0,1.929,8.766,8.735,117746000,0.0,55.12,0.352,0.352,791050000,767032000.0,1811175000.0,1811175000.0,0.0,,,,,3063000.0,159008000.0,1.0,43096343,43092737,43775312.0,42.03,2570960000,57428000,30932000.0,15404000,59.661,1054946000
30,WCG,ARQ,2012-03-31,2012-05-02,2012-03-31,2019-10-30,-1523000,2689110000,,2312084000,377026000,,27.512,-15431000.0,1444875000,1444875000,1521791000.0,51232000.0,1.795,1.276,144375000,13125000,131250000,144375000,207132000,6970000.0,0,0.0,0.0,80508000.0,87478000.0,0.049,87478000.0,80508000.0,79358000.0,1.19,1.18,1.19,1181316000,,1181316000,1412731902.0,3.0,2.841,-7140000.0,-0.166,1.0,269542000.0,0.15,120673000,1150000.0,-20337000,,0,380508000,231638000,148870000,1507794000,1288274000,219520000,2713231902.0,119777000.0,0.0,4522000.0,-2467000.0,0.0,164796000.0,-53310000.0,-37879000.0,8291000.0,0.0,51232000.0,51232000.0,51232000.0,0.0,0.0,0.029,189034000.0,80508000.0,933668000,0.0,2.297,9.224,9.179,105129000,0.0,62.97,0.422,0.421,424630000,720590000.0,1791333000.0,1791333000.0,0.0,,,,,3850000.0,161688000.0,1.0,43087691,42938284,43461607.0,41.719,2568437000,46465000,28126000.0,43997000,59.817,1023810000
31,WCG,ARQ,2011-12-31,2012-02-15,2011-12-31,2019-10-30,-1761000,2488111000,,2119894000,368217000,,26.064,-18803000.0,1325098000,1325098000,1245729000.0,85061000.0,1.887,1.228,146250000,11250000,135000000,146250000,164000,6630000.0,0,0.0,0.0,132667000.0,139297000.0,0.087,139297000.0,132667000.0,129980000.0,1.98,1.96,1.98,1116846000,,1116846000,1766632335.0,4.0,3.913,-175817000.0,-4.103,1.0,354403000.0,0.221,121027000,2687000.0,65096000,,0,342251000,198569000,143682000,1371265000,1123140000,248125000,2945480335.0,-462635000.0,0.0,1517000.0,-104553000.0,0.0,-306396000.0,775000.0,19578000.0,-157014000.0,0.0,85061000.0,85061000.0,85061000.0,0.0,0.0,0.053,232543000.0,121860000.0,846352000,0.0,2.637,11.147,11.141,98238000,0.0,68.74,0.482,0.482,380254000,669358000.0,1600132000.0,1600132000.0,0.0,,,,,6110000.0,205588000.0,1.0,42849583,42849583,,37.343,2367084000,42987000,44919000.0,1026000,55.242,996754000
32,WCG,ARQ,2011-09-30,2011-11-02,2011-09-30,2019-10-30,-1827000,2819325000,,2410086000,409239000,,23.946,-13587000.0,1787733000,1787733000,1197008000.0,88255000.0,1.683,1.751,260071000,9375000,250696000,260071000,275757000,6454000.0,0,0.0,0.0,143624000.0,150078000.0,0.097,150078000.0,143624000.0,139976000.0,2.06,2.03,2.06,1024757000,,1024757000,737895771.0,2.0,2.083,336720000.0,7.868,1.0,347351000.0,0.225,121410000,3648000.0,-262107000,,0,361655000,217033000,144622000,1794568000,1432360000,362208000,2265557771.0,531738000.0,0.0,-2649000.0,145043000.0,0.0,194764000.0,-13333000.0,254000.0,350307000.0,0.0,88255000.0,88255000.0,88255000.0,0.0,0.0,0.057,203727000.0,143624000.0,840613000,0.0,2.211,11.034,11.006,87005000,0.0,52.94,0.386,0.386,223826000,584296000.0,1544359000.0,1544359000.0,0.0,,,,,1904000.0,178405000.0,1.0,42794820,42794820,,36.088,2697915000,92701000,51721000.0,28222000,63.043,977726000
33,WCG,ARQ,2011-06-30,2011-08-03,2011-06-30,2019-10-30,-1795000,2262963000,,1846181000,416782000,,21.908,-8471000.0,1255995000,1255995000,1184294000.0,69600000.0,1.665,1.418,0,0,0,0,66194000,6895000.0,0,0.0,0.0,113573000.0,120468000.0,0.081,120468000.0,113573000.0,113475000.0,1.63,1.61,1.63,935959000,,935959000,558851065.0,2.0,1.97,4177000.0,0.098,1.0,303341000.0,0.204,121793000,98000.0,-223495000,,0,361959000,201589000,160370000,1327004000,1108670000,218334000,1814846065.0,23077000.0,0.0,3445000.0,-781000.0,0.0,-10937000.0,21366000.0,29837000.0,12648000.0,0.0,69600000.0,69600000.0,69600000.0,0.0,0.0,0.047,189768000.0,113573000.0,818386000,0.0,1.939,11.344,11.298,78247000,0.0,42.48,0.318,0.318,209826000,496042000.0,1487635000.0,1487635000.0,0.0,,,,,3889000.0,164767000.0,1.0,42722365,42722365,,34.821,2141170000,94444000,43875000.0,20708000,50.118,737511000
34,WCG,ARQ,2011-03-31,2011-05-06,2011-03-31,2019-10-30,-2024000,2249209000,,1802610000,446599000,,20.151,-8715000.0,1232918000,1232918000,1245040000.0,21330000.0,1.553,1.623,0,0,0,0,84532000,6475000.0,0,0.0,0.0,35120000.0,41595000.0,0.028,41595000.0,35120000.0,35043000.0,0.5,0.5,0.5,857654000,,857654000,781507714.0,-16.0,-32.943,-52657000.0,-1.237,1.0,229702000.0,0.156,122176000,77000.0,-266620000,,0,391423000,201894000,189529000,1391555000,1160735000,230820000,2014425714.0,-126630000.0,0.0,290000.0,-396000.0,0.0,37700000.0,-120388000.0,-111673000.0,-43942000.0,0.0,21330000.0,21330000.0,21330000.0,0.0,0.0,0.014,194582000.0,35120000.0,850432000,0.0,2.349,-52.339,-51.446,75980000,0.0,47.33,0.362,0.362,190182000,426442000.0,1474742000.0,1474742000.0,0.0,,,,,4849000.0,169243000.0,1.0,42561287,42561287,,34.65,2127033000,114989000,13713000.0,0,49.976,641875000
35,WCG,ARQ,2010-12-31,2011-02-16,2010-12-31,2019-10-30,-2309000,2247293000,,1815171000,432122000,,19.573,-11324000.0,1359548000,1359548000,1100761000.0,26137000.0,1.531,1.701,0,0,0,0,67383000,6176000.0,0,0.0,0.0,36014000.0,42190000.0,0.031,42190000.0,36014000.0,35945000.0,0.62,0.62,0.62,832046000,,832046000,170387296.0,-2.0,-3.501,283717000.0,6.674,1.0,254689000.0,0.188,122559000,69000.0,-420515000,,0,279288000,108788000,170500000,1415247000,1185701000,229546000,1529935296.0,268533000.0,0.0,-1465000.0,-76000.0,0.0,20539000.0,-47047000.0,-35723000.0,295041000.0,0.0,26137000.0,26137000.0,26137000.0,0.0,0.0,0.019,218675000.0,36014000.0,797879000,0.0,1.839,-28.65,-28.563,76825000,0.0,35.99,0.281,0.281,160978000,405112000.0,1355450000.0,1355450000.0,0.0,,,,,6146000.0,156125000.0,1.0,42510011,42510011,,31.885,2124734000,129705000,9808000.0,0,49.982,629470000
36,WCG,ARQ,2010-09-30,2010-11-04,2010-09-30,2019-10-30,-1893000,2143131000,,1706728000,436403000,,18.855,-9320000.0,1091015000,1091015000,1147107000.0,42916000.0,1.541,1.672,0,0,0,0,65992000,6123000.0,0,0.0,0.0,73281000.0,79404000.0,0.057,79404000.0,73281000.0,73164000.0,1.01,1.0,1.01,802036000,,802036000,145548526.0,-2.0,-2.298,163310000.0,3.839,1.0,241066000.0,0.174,122942000,117000.0,-178595000,,0,244241000,72709000,171532000,1341095000,1107769000,233326000,1236563526.0,110751000.0,0.0,-1027000.0,-797000.0,0.0,-27788000.0,-34091000.0,-24771000.0,172630000.0,0.0,42916000.0,42916000.0,42916000.0,0.0,0.0,0.031,167785000.0,73281000.0,754980000,0.0,1.542,-18.079,-17.834,68534000,0.0,29.07,0.217,0.217,365260000,378975000.0,1388173000.0,1388173000.0,0.0,,,,,6176000.0,161662000.0,1.0,42537445,42537445,,32.634,2020189000,125915000,30248000.0,18362000,47.492,598959000
37,WCG,ARQ,2010-06-30,2010-08-09,2010-06-30,2019-10-30,-2089000,1965801000,,1511022000,454779000,,17.787,-2637000.0,980264000,980264000,1122791000.0,-128871000.0,1.593,1.601,0,0,0,0,114000,5891000.0,0,0.0,0.0,-192803000.0,-186912000.0,-0.139,-186912000.0,-192803000.0,-192836000.0,-3.05,-3.05,-3.05,755884000,,755884000,234317522.0,-2.0,-2.586,-76707000.0,-1.805,1.0,217858000.0,0.163,123325000,33000.0,-86246000,,0,219149000,45018000,174131000,1209917000,948458000,261459000,1214581522.0,-47073000.0,0.0,-42000.0,-80000.0,0.0,14412000.0,12585000.0,15222000.0,-74070000.0,0.0,-128871000.0,-128871000.0,-128871000.0,0.0,0.0,-0.096,410661000.0,-192803000.0,704164000,0.0,1.607,-14.695,-14.582,65299000,0.0,28.58,0.203,0.203,345657000,336059000.0,1340649000.0,1340649000.0,0.0,,,,,1337000.0,404770000.0,1.0,42497604,42497604,,31.546,1842476000,115401000,-63965000.0,8204000,43.355,562564000
38,WCG,ARQ,2010-03-31,2010-05-06,2010-03-31,2019-10-30,-2968000,1917559000,,1525408000,392151000,,20.844,-4235000.0,1027337000,1027337000,1165972000.0,6418000.0,1.564,1.17,0,0,0,0,143000,5756000.0,0,0.0,0.0,10888000.0,16644000.0,0.012,16644000.0,10888000.0,10878000.0,0.15,0.15,0.15,883606000,,883606000,149427860.0,1.0,0.886,-174779000.0,-4.123,1.0,189981000.0,0.14,123709000,10000.0,-208854000,,0,232944000,56818000,176126000,1033953000,975367000,58586000,1176764860.0,-130794000.0,0.0,-2260000.0,-58000.0,0.0,31701000.0,8049000.0,12284000.0,-170544000.0,0.0,6418000.0,6418000.0,6418000.0,0.0,0.0,0.005,179093000.0,10888000.0,756449000,0.0,1.332,14.14,14.02,67077000,0.0,27.76,0.183,0.183,305859000,464930000.0,1355953000.0,1355953000.0,0.0,,,,,1142000.0,173337000.0,1.0,42390665,42390665,,31.987,1793850000,42854000,4460000.0,0,42.317,550041000
39,WCG,ARQ,2009-12-31,2010-02-18,2009-12-31,2019-10-30,-3119000,2118447000,,1717465000,400982000,,20.803,-6170000.0,1158131000,1158131000,1385247000.0,11139000.0,1.455,1.405,0,0,0,0,90496000,5789000.0,0,0.0,0.0,21734000.0,27523000.0,0.017,27523000.0,21734000.0,19168000.0,0.26,0.27,0.26,880900000,,880900000,23693082.0,0.0,0.193,-17787000.0,-0.42,1.0,238733000.0,0.147,124092000,2566000.0,-343846000,,0,244982000,62722000,182260000,1237547000,1180070000,57477000,1181824082.0,-13087000.0,0.0,-1664000.0,0.0,0.0,7368000.0,-8838000.0,-2668000.0,-11617000.0,0.0,11139000.0,11139000.0,11139000.0,0.0,0.0,0.007,216999000.0,21734000.0,845932000,0.0,1.342,29.641,29.379,61785000,0.0,27.91,0.172,0.172,363659000,458512000.0,1623980000.0,1623980000.0,0.0,,,,,14373000.0,211210000.0,1.0,42344109,42344109,,38.352,1994355000,47619000,8029000.0,4888000,47.099,537395000
40,WCG,ARQ,2009-09-30,2009-11-04,2009-09-30,2019-10-30,-2056000,2104793000,,1693554000,411239000,,20.297,-1710000.0,1171218000,1171218000,1420193000.0,28660000.0,1.44,1.45,0,0,0,0,20708000,5851000.0,0,0.0,0.0,46298000.0,52149000.0,0.031,52149000.0,46298000.0,45932000.0,0.68,0.68,0.68,858954000,,858954000,17520659.0,0.0,0.274,217828000.0,5.147,1.0,247452000.0,0.148,124475000,366000.0,-367378000,,0,243978000,59356000,184622000,1245839000,1176478000,69361000,1188738659.0,230533000.0,0.0,190000.0,-400000.0,0.0,-48633000.0,59628000.0,61338000.0,219538000.0,0.0,28660000.0,28660000.0,28660000.0,0.0,0.0,0.017,201154000.0,46298000.0,891541000,0.0,1.384,-504.344,-401.286,60098000,0.0,28.09,0.173,0.173,333195000,447373000.0,1667645000.0,1667645000.0,0.0,,,,,10534000.0,195303000.0,1.0,42318927,42318927,,39.407,1980318000,36701000,17272000.0,6737000,46.795,517076000
41,WCG,ARQ,2009-06-30,2009-07-29,2009-06-30,2019-10-30,-3147000,2093357000,,1633365000,459992000,,19.475,-3057000.0,940685000,940685000,1504019000.0,37005000.0,1.355,1.546,0,0,0,0,19331000,5957000.0,0,0.0,0.0,66396000.0,72353000.0,0.04,72353000.0,66396000.0,65203000.0,0.89,0.88,0.89,822119000,,822119000,-1835009.0,0.0,0.079,-47299000.0,-1.12,1.0,287259000.0,0.16,124858000,1193000.0,-177360000,,0,303992000,73956000,230036000,1271238000,1205174000,66064000,938849991.0,-193895000.0,0.0,1660000.0,-152000000.0,0.0,-145046000.0,-4607000.0,-1550000.0,-44242000.0,0.0,37005000.0,37005000.0,37005000.0,0.0,0.0,0.021,220863000.0,66396000.0,892559000,0.0,1.142,-19.088,-18.689,63856000,0.0,22.24,0.138,0.138,475464000,418713000.0,1791278000.0,1791278000.0,0.0,,,,,9630000.0,214906000.0,1.0,42214478,42214478,,42.433,1968499000,51577000,28198000.0,49065000,46.631,428191000
42,WCG,ARQ,2009-03-31,2009-05-11,2009-03-31,2019-10-30,-6536000,2201549000,,1737531000,464018000,,18.339,-5141000.0,1134580000,1134580000,1552998000.0,-36933000.0,1.244,1.843,152381000,152381000,0,152381000,18643000,5739000.0,0,0.0,0.0,-34997000.0,-29258000.0,-0.016,-29258000.0,-34997000.0,-37283000.0,-0.89,-0.89,-0.89,774301000,,774301000,-190961512.0,2.0,3.134,-110895000.0,-2.626,1.0,242263000.0,0.135,125241000,2286000.0,-302699000,,0,299051000,73778000,225273000,1427248000,1396808000,30440000,791237488.0,-47342000.0,0.0,-1432000.0,-400000.0,0.0,40956000.0,17456000.0,22597000.0,-105754000.0,0.0,-36933000.0,-36933000.0,-36933000.0,0.0,0.0,-0.021,277260000.0,-34997000.0,925172000,0.0,1.022,-10.538,-10.354,66373000,0.0,18.74,0.118,0.118,380669000,381708000.0,1795261000.0,1795261000.0,0.0,,,,,9612000.0,271521000.0,1.0,42221851,42221851,,42.52,2076308000,43735000,-350000.0,13047000,49.176,340723000
43,WCG,ARQ,2008-12-31,2009-03-16,2008-12-31,2019-10-30,-3761000,2203461000,,1704570000,498891000,,19.08,-6147000.0,1181922000,1181922000,1311962000.0,-31089000.0,1.249,1.734,152741000,152741000,0,152741000,81197000,5560000.0,0,0.0,0.0,-36814000.0,-31254000.0,-0.02,-31254000.0,-36814000.0,-39424000.0,-0.75,-0.75,-0.75,805829000,,805829000,-689617123.0,17.0,34.367,120271000.0,2.848,1.0,290174000.0,0.181,125624000,2610000.0,-315900000,,0,324423000,70112000,254311000,1397632000,1364556000,33076000,339563877.0,5639000.0,0.0,-320000.0,-800000.0,0.0,-38472000.0,-82307000.0,10382000.0,126418000.0,0.0,-31089000.0,-31089000.0,-31089000.0,0.0,0.0,-0.019,326988000.0,-36814000.0,779417000,0.0,0.421,-9.219,-9.034,66588000,0.0,8.04,0.052,0.052,302892000,418641000.0,1602136000.0,1602136000.0,0.0,,,,,8781000.0,243088000.0,1.0,42234313,42234313,,37.934,2077837000,43417000,-8335000.0,12187000,49.198,340014000
44,WCG,ARQ,2008-09-30,2009-03-02,2008-09-30,2019-10-30,-5383000,2240535000,,1673240000,567295000,,19.555,-5856000.0,1176283000,1176283000,1443742000.0,-18169000.0,1.258,1.713,153501000,153501000,0,153501000,513000,5385000.0,0,0.0,0.0,-40506000.0,-35121000.0,-0.021,-35121000.0,-40506000.0,-43468000.0,-0.44,-0.44,-0.44,825906000,,825906000,-704328313.0,-8.0,,-14798000.0,-0.35,1.0,193690000.0,0.118,204346000,2962000.0,-316420000,,0,333184000,77290000,255894000,1414629000,1329827000,84802000,318453687.0,-150215000.0,0.0,-951000.0,0.0,0.0,-83413000.0,-57860000.0,-52004000.0,-8942000.0,0.0,-18169000.0,-18169000.0,-18169000.0,0.0,0.0,-0.011,234196000.0,-40506000.0,796506000,0.0,0.386,5.953,5.8,65618000,0.0,7.54,0.05,0.05,240265000,449730000.0,1637432000.0,1637432000.0,0.0,,,,,11058000.0,228811000.0,1.0,42235237,42235237,,38.769,2036189000,55054000,-25299000.0,37770000,48.211,343413000
45,WCG,ARQ,2007-12-31,2009-01-26,2007-12-31,2019-10-30,-32000,2082731000,,1690942000,391789000,,19.124,,1008409000,1008409000,1076385000.0,59237000.0,1.407,1.578,154581000,154581000,0,154581000,19838000,,0,0.0,0.0,94405000.0,,,,94405000.0,90687000.0,1.44,1.42,1.44,807891000,,807891000,-272527760.0,-1.0,-0.663,,,1.0,322607000.0,0.231,205756000,3718000.0,-178849000,,0,343117000,253881000,89236000,1274840000,1201996000,72844000,581300240.0,,,,,,,,,,,59237000.0,59237000.0,59237000.0,0.0,0.0,0.042,228202000.0,94405000.0,665138000,0.0,0.72,2.688,2.591,66560000,0.0,13.76,0.108,0.108,309977000,455474000.0,1398992000.0,1398992000.0,0.0,,,,,,223187000.0,1.0,42245657,42245657,,33.116,1876975000,6429000,31450000.0,5985000,44.43,488946000
46,WCG,ARQ,2007-06-30,2007-08-03,2007-06-30,2019-10-30,28000,2294052000,,1947775000,346277000,,16.263,-4183000.0,1473048000,1473048000,1082218000.0,54645000.0,1.373,2.382,154901000,1600000,153301000,154901000,261830000,4252000.0,0,0.0,0.0,92429000.0,96681000.0,0.072,96681000.0,92429000.0,88990000.0,1.35,1.3,1.35,678265000,,678265000,3014276643.0,10.0,9.246,148003000.0,3.549,1.0,257540000.0,0.192,206921000,3439000.0,-649588000,,0,240241000,166264000,73977000,1615787000,1418572000,197215000,4332423643.0,128139000.0,0.0,4549000.0,-400000.0,0.0,8295000.0,-32342000.0,-28159000.0,152186000.0,0.0,54645000.0,54645000.0,54645000.0,0.0,0.0,0.041,165111000.0,92429000.0,660941000,0.0,6.388,24.088,23.084,63096000,0.0,103.88,0.91,0.91,167874000,348177000.0,1339758000.0,1339758000.0,0.0,,,,,6262000.0,160859000.0,1.0,41706042,41706042,,32.124,2087131000,40531000,34345000.0,74180000,50.044,529203000
47,WCG,ARQ,2007-03-31,2007-05-09,2007-03-31,2019-10-30,64000,2105471000,,1772917000,332554000,,14.606,-4322000.0,1344909000,1344909000,1024171000.0,24973000.0,1.36,2.486,155261000,1600000,153661000,155261000,232055000,4566000.0,0,0.0,0.0,44139000.0,48705000.0,0.039,48705000.0,44139000.0,40679000.0,0.62,0.6,0.62,604061000,,604061000,2531707858.0,10.0,9.286,212668000.0,5.142,1.0,215261000.0,0.174,207602000,3460000.0,-595694000,,0,212082000,151143000,60939000,1501410000,1303915000,197495000,3721355858.0,380367000.0,0.0,5067000.0,-400000.0,0.0,199977000.0,-36600000.0,-32278000.0,216990000.0,0.0,24973000.0,24973000.0,24973000.0,0.0,0.0,0.02,171122000.0,44139000.0,600012000,0.0,6.161,25.248,24.253,62484000,0.0,89.98,0.871,0.871,168960000,293532000.0,1239432000.0,1239432000.0,0.0,,,,,5620000.0,166556000.0,1.0,41357589,41357589,,29.969,1897869000,31724000,15706000.0,58050000,45.889,469002000
48,WCG,ARQ,2006-12-31,2007-02-16,2006-12-31,2019-10-30,-356000,1663965000,,1338414000,325551000,,13.752,-9253000.0,964542000,964542000,905236000.0,56962000.0,1.48,1.955,155621000,1600000,154021000,155621000,23806000,4429000.0,0,0.0,0.0,95463000.0,99892000.0,0.085,99892000.0,95463000.0,92058000.0,1.44,1.4,1.44,563055000,,563055000,2415453178.0,10.0,9.364,169142000.0,4.131,1.0,265934000.0,0.227,208325000,3405000.0,-257388000,,0,179804000,126422000,53382000,1100910000,904107000,196803000,3224374178.0,175634000.0,-7976000.0,2910000.0,-400000.0,0.0,6260000.0,-9021000.0,4315000.0,178395000.0,0.0,56962000.0,56962000.0,56962000.0,0.0,0.0,0.049,170471000.0,95463000.0,577672000,0.0,5.727,23.166,22.246,62005000,0.0,78.75,0.857,0.857,143367000,268559000.0,1171170000.0,1171170000.0,0.0,,,,,5465000.0,166042000.0,1.0,40944434,40944434,,28.604,1455640000,16576000,35096000.0,49582000,35.552,434307000
49,WCG,ARQ,2006-09-30,2006-11-03,2006-09-30,2019-10-30,67000,1459654000,,1142999000,316655000,,12.22,-4764000.0,788908000,788908000,802880000.0,43281000.0,1.478,1.933,155981000,1600000,154381000,155981000,10618000,6397000.0,0,0.0,0.0,74348000.0,80745000.0,0.08,80745000.0,74348000.0,70724000.0,1.09,1.06,1.09,497724000,,497724000,1774198152.0,11.0,9.757,49712000.0,1.221,1.0,205681000.0,0.204,205589000,3624000.0,-152094000,,0,184119000,131125000,52994000,961930000,773232000,188698000,2407125152.0,-45251000.0,0.0,2499000.0,-24400000.0,0.0,-135240000.0,35513000.0,43226000.0,54476000.0,0.0,43281000.0,43281000.0,43281000.0,0.0,0.0,0.043,131333000.0,74348000.0,554562000,0.0,4.836,25.866,24.937,56028000,0.0,59.1,0.776,0.776,137327000,211596000.0,1008561000.0,1008561000.0,0.0,,,,,4319000.0,124936000.0,1.0,40729698,40729698,,24.762,1254065000,17377000,27443000.0,35855000,30.79,369767000
50,WCG,ARQ,2006-06-30,2006-08-04,2006-06-30,2019-10-30,0,1603336000,,1292979000,310357000,,10.994,-9858000.0,834159000,834159000,704964000.0,22174000.0,1.324,2.591,181341000,26600000,154741000,181341000,161921000,3254000.0,0,0.0,0.0,40027000.0,43281000.0,0.051,43281000.0,40027000.0,36353000.0,0.56,0.55,0.56,446485000,,446485000,1364430306.0,11.0,10.2,45338000.0,1.116,1.0,147847000.0,0.173,206100000,3674000.0,-232002000,,0,227345000,178842000,48503000,1156851000,976420000,180431000,2017248306.0,44429000.0,0.0,4323000.0,-400000.0,0.0,27976000.0,-38743000.0,-27941000.0,55196000.0,0.0,22174000.0,22174000.0,22174000.0,0.0,0.0,0.026,107820000.0,40027000.0,478812000,0.0,4.518,30.529,29.047,53545000,0.0,49.67,0.779,0.779,203547000,168315000.0,852811000.0,852811000.0,0.0,,,,,4665000.0,104566000.0,1.0,40613012,40613012,,20.998,1397236000,27355000,14179000.0,31581000,34.404,316559000
51,WCG,ARQ,2006-03-31,2006-05-09,2006-03-31,2019-10-30,0,1462632000,,1156462000,306170000,,10.242,-11665000.0,789730000,789730000,599084000.0,16768000.0,1.329,2.531,181701000,26600000,155101000,181701000,205990000,3090000.0,0,0.0,0.0,30946000.0,34036000.0,0.047,34036000.0,30946000.0,27562000.0,0.43,0.42,0.43,414189000,,414189000,1191618774.0,11.0,9.991,212922000.0,5.265,1.0,131301000.0,0.18,206302000,3384000.0,-222075000,,0,199404000,147755000,51649000,1048443000,870376000,178067000,1799647774.0,367964000.0,0.0,20541000.0,-400000.0,0.0,222978000.0,-79601000.0,-67936000.0,224587000.0,0.0,16768000.0,16768000.0,16768000.0,0.0,0.0,0.023,100355000.0,30946000.0,353157000,0.0,4.345,30.998,29.085,44206000,0.0,44.5,0.821,0.821,154464000,146138000.0,730385000.0,730385000.0,0.0,,,,,5750000.0,97265000.0,1.0,40441523,40441523,,18.06,1256330000,37971000,10794000.0,42557000,31.065,286086000
52,WCG,ARQ,2005-12-31,2006-02-14,2005-12-31,2019-10-30,21000,887489000,,605457000,282032000,,9.37,-9414000.0,421766000,421766000,405268000.0,10839000.0,1.781,1.398,182061000,26600000,155461000,182061000,12606000,2828000.0,0,0.0,0.0,20955000.0,23783000.0,0.046,23783000.0,20955000.0,17794000.0,0.29,0.27,0.29,370124000,,370124000,1399505824.0,14.0,12.966,-100143000.0,-2.535,1.0,106259000.0,0.208,207447000,3161000.0,100295000,,0,131468000,94160000,37308000,517365000,340042000,177323000,1639210824.0,-14318000.0,0.0,2671000.0,-400000.0,0.0,2271000.0,74140000.0,83554000.0,-90729000.0,0.0,10839000.0,10839000.0,10839000.0,0.0,0.0,0.021,85304000.0,20955000.0,299576000,0.0,4.429,31.567,30.072,37057000,0.0,41.5,0.872,0.872,47567000,129372000.0,511527000.0,511527000.0,0.0,,,,,3261000.0,82476000.0,1.0,39499056,39499056,,12.95,680042000,22928000,6955000.0,17837000,17.217,265415000
53,WCG,ARQ,2005-09-30,2005-11-02,2005-09-30,2019-10-30,17000,971747000,,696882000,274865000,,9.004,-8033000.0,436084000,436084000,396111000.0,16295000.0,1.667,1.751,182421000,1600000,180821000,182421000,138252000,2286000.0,0,0.0,0.0,30384000.0,32670000.0,0.066,32670000.0,30384000.0,26754000.0,0.43,0.41,0.43,353208000,,353208000,1132253796.0,10.0,9.542,184913000.0,4.714,1.0,99344000.0,0.201,208633000,3630000.0,91391000,,0,214998000,178403000,36595000,618539000,418060000,200479000,1385916796.0,182589000.0,-1000000.0,179000.0,-400000.0,0.0,-221000.0,-10136000.0,-1103000.0,192946000.0,0.0,16295000.0,16295000.0,16295000.0,0.0,0.0,0.033,68960000.0,30384000.0,274900000,0.0,3.924,23.575,21.809,29526000,0.0,35.33,0.785,0.785,56167000,118533000.0,495455000.0,495455000.0,0.0,,,,,1527000.0,66674000.0,1.0,39227761,39227761,,12.63,763114000,19195000,10459000.0,19418000,19.453,278822000
54,WCG,ARQ,2005-06-30,2005-08-04,2005-06-30,2019-10-30,15000,788727000,,521625000,267102000,,8.559,-9398000.0,253495000,253495000,365804000.0,14154000.0,2.053,1.353,182781000,1600000,181181000,182781000,233000,2048000.0,0,0.0,0.0,26731000.0,28779000.0,0.063,28779000.0,26731000.0,23165000.0,0.38,0.36,0.38,335204000,,335204000,1454674022.0,13.0,12.355,-73472000.0,-1.876,1.0,87872000.0,0.194,208753000,3566000.0,255205000,,0,213895000,178090000,35805000,453523000,254055000,199468000,1525388022.0,-87250000.0,-4931000.0,772000.0,-400000.0,0.0,-200000.0,-22976000.0,-8647000.0,-64074000.0,0.0,14154000.0,14154000.0,14154000.0,0.0,0.0,0.031,61141000.0,26731000.0,252222000,0.0,4.551,25.729,23.323,22408000,0.0,38.95,0.928,0.928,64241000,102237000.0,453676000.0,453676000.0,0.0,,,,,452000.0,59093000.0,1.0,39162722,39162722,,11.584,579974000,21661000,9011000.0,16665000,14.809,267570000
55,WCG,ARQ,2005-03-31,2005-05-10,2005-03-31,2019-10-30,4000,833349000,,582660000,250689000,,8.263,-2098000.0,340745000,340745000,344926000.0,10640000.0,1.861,1.601,183141000,1600000,181541000,183141000,64453000,2042000.0,0,0.0,0.0,20665000.0,22707000.0,0.054,22707000.0,20665000.0,17460000.0,0.29,0.27,0.29,320388000,,320388000,1137454013.0,12.0,10.743,41206000.0,1.063,1.0,73955000.0,0.177,204988000,3205000.0,157668000,,0,205248000,173746000,31502000,512961000,313089000,199872000,1295058013.0,-56882000.0,0.0,0.0,-400000.0,0.0,172000.0,-100358000.0,-98260000.0,43304000.0,0.0,10640000.0,10640000.0,10640000.0,0.0,0.0,0.025,53290000.0,20665000.0,241405000,0.0,4.042,24.683,21.548,13943000,0.0,33.4,0.856,0.856,44534000,88084000.0,418881000.0,418881000.0,0.0,,,,,719000.0,51248000.0,1.0,38774192,38774192,,10.803,628361000,18123000,6820000.0,21219000,16.206,269571000
56,WCG,ARQ,2004-12-31,2005-02-15,2004-12-31,2019-10-30,-3000,799036000,,548408000,250628000,,7.992,-4208000.0,397627000,397627000,313604000.0,17699000.0,1.884,1.589,183501000,1600000,181901000,183501000,63449000,2114000.0,0,0.0,0.0,32393000.0,34507000.0,0.087,34507000.0,32393000.0,29254000.0,0.52,0.49,0.52,308631000,,308631000,1124810470.0,12.0,11.433,19111000.0,0.495,1.0,83688000.0,0.211,206289000,3139000.0,87457000,,0,106988000,75515000,31473000,490405000,291164000,199241000,1338936470.0,132202000.0,0.0,45253000.0,-400000.0,0.0,44853000.0,64030000.0,68238000.0,23319000.0,0.0,17699000.0,17699000.0,17699000.0,0.0,0.0,0.045,51295000.0,32393000.0,226115000,0.0,4.338,27.187,20.394,12587000,0.0,34.67,0.96,0.96,52170000,77444000.0,397292000.0,397292000.0,0.0,,,,,331000.0,49181000.0,1.0,38619454,38619454,,10.287,592747000,16977000,11555000.0,14818000,15.348,257244000
57,WCG,ARQ,2004-09-30,2004-11-05,2004-09-30,2019-10-30,-6000,729486000,,483105000,246381000,,6.622,-3197000.0,265425000,265425000,296737000.0,16793000.0,1.642,1.972,183861000,1600000,182261000,183861000,66693000,1916000.0,0,0.0,0.0,29827000.0,31743000.0,0.085,31743000.0,29827000.0,26912000.0,0.48,0.45,0.48,245462000,,245462000,906327249.0,,,50829000.0,1.371,1.0,77907000.0,0.208,207769000,2915000.0,145952000,,0,175223000,144820000,30403000,484024000,294201000,189823000,987891249.0,50165000.0,0.0,112295000.0,-3641000.0,0.0,108654000.0,-112515000.0,-109318000.0,54026000.0,0.0,16793000.0,16793000.0,16793000.0,0.0,0.0,0.045,48080000.0,29827000.0,211207000,0.0,4.025,,,7841000,0.0,26.65,,,50312000,59745000.0,374644000.0,374644000.0,0.0,,,,,391000.0,46164000.0,1.0,37069090,37069090,,10.107,521717000,15397000,10119000.0,20829000,14.074,188904000
58,WCG,ARQ,2004-06-30,2004-08-13,2004-06-30,2019-10-30,-1000,545423000,,308563000,236860000,,3.123,-500000.0,215260000,215260000,263784000.0,8936000.0,1.299,3.712,187462000,1594000,185868000,187462000,26861000,2026000.0,0,0.0,0.0,14899000.0,16925000.0,0.053,16925000.0,14899000.0,13053000.0,0.26,0.23,0.26,115750000,,115750000,677256092.0,,,-4926000.0,-0.133,1.0,57647000.0,0.179,204538000,1846000.0,75511000,,0,39056000,39056000,0,429673000,237576000,192097000,705054092.0,16461000.0,-36542000.0,0.0,57999000.0,0.0,58094000.0,-37207000.0,-165000.0,-4426000.0,0.0,7335000.0,7335000.0,7335000.0,0.0,1601000.0,0.023,41147000.0,16500000.0,209121000,0.0,6.091,,,5175000,0.0,19.02,,,31219000,42952000.0,321431000.0,321431000.0,0.0,,,,,1062000.0,39121000.0,1.0,37069090,37069090,,8.671,340885000,12768000,5718000.0,4806000,9.196,70987000
59,WCG,ARQ,2004-03-31,2004-06-08,2004-03-31,2019-10-30,1000,472340000,,270827000,201513000,,2.89,-774000.0,199098000,199098000,251435000.0,5822000.0,0.988,3.47,132442000,44672000,87770000,132442000,52033000,1659000.0,0,,0.0,10380000.0,12039000.0,0.04,12039000.0,10380000.0,8115000.0,0.15,0.13,0.15,105659000,,105659000,,,,-24931000.0,-0.682,1.0,50401000.0,0.167,170223000,2265000.0,-38677000,,0,38930000,38930000,0,366681000,274138000,92543000,,-38522000.0,0.0,0.0,-3591000.0,0.0,-3591000.0,-10774000.0,-10000000.0,-24157000.0,0.0,4251000.0,4251000.0,4251000.0,0.0,1571000.0,0.014,38450000.0,11951000.0,173558000,0.0,,,,4752000,0.0,,,,16723000,34016000.0,301836000.0,301836000.0,0.0,,,,,260000.0,38450000.0,1.0,36561314,36561314,,8.256,302117000,11977000,3864000.0,8130000,8.263,-3311000
0,WCG,ART,2019-09-30,2019-10-30,2019-09-30,2019-10-30,13000000,13861700000,13009450000.0,7400500000,6461200000,2.074,96.522,-223700000.0,2885000000,2885000000,23468600000.0,631100000.0,1.156,1.854,2029100000,0,2029100000,2029100000,48700000,260200000.0,0,0.0,0.0,951300000.0,1211500000.0,0.045,1211500000.0,951300000.0,831600000.0,12.44,12.32,12.44,4856400000,4522725000.0,4856400000,13486966144.0,14.0,11.132,764900000.0,15.203,1.0,3514700000.0,0.13,3122100000,119700000.0,3479700000,2675300000.0,0,3142300000,1082000000,2060300000,9005300000,6404000000,2601300000,14342866144.0,-1679200000.0,-115800000.0,-39700000.0,-100000000.0,0.0,-894100000.0,-1773700000.0,-1434200000.0,988600000.0,0.0,631100000.0,631100000.0,631100000.0,0.0,0.0,0.023,1930300000.0,1584400000.0,5555300000,0.0,2.953,22.727,22.909,477300000,0.0,284.99,0.532,0.531,2180000000,2842500000.0,26983300000.0,26983300000.0,0.0,0.049,0.14,0.356,0.035,78200000.0,2092000000.0,1.0,50327612,50313901,50846402.0,536.299,10739600000,0,200500000.0,105800000,213.452,996500000
1,WCG,ART,2019-06-30,2019-07-30,2019-06-30,2019-10-30,15600000,13205500000,12658650000.0,7266700000,5938800000,1.967,91.504,-208500000.0,3275200000,3275200000,21542500000.0,520700000.0,1.225,1.869,2078200000,0,2078200000,2078200000,32700000,246500000.0,0,0.0,0.0,847000000.0,1093500000.0,0.044,1093500000.0,847000000.0,733100000.0,10.39,10.28,10.39,4603300000,4349225000.0,4603300000,13503182658.0,16.0,12.349,-199600000.0,-3.968,1.0,3358700000.0,0.135,3173600000,113900000.0,2904600000,2094875000.0,0,2468500000,929300000,1539200000,8602200000,5930300000,2671900000,14700182658.0,-1993800000.0,-2151500000.0,1302000000.0,885300000.0,0.0,1208000000.0,-3210700000.0,-850700000.0,8900000.0,0.0,520700000.0,520700000.0,520700000.0,0.0,0.0,0.021,1864800000.0,1493900000.0,5063800000,0.0,3.193,28.232,28.121,472300000,0.0,292.18,0.59,0.59,2047000000,2601500000.0,24901200000.0,24901200000.0,0.0,0.041,0.12,0.404,0.034,82500000.0,1957800000.0,1.0,50312077,50307031,50811807.0,494.984,10031900000,0,212400000.0,139700000,199.413,1336400000
2,WCG,ART,2019-03-31,2019-04-30,2019-03-31,2019-10-30,4900000,13205900000,11890875000.0,7780700000,5425200000,1.895,87.648,-167400000.0,3509600000,3509600000,19258200000.0,489500000.0,1.28,2.007,2127300000,0,2127300000,2127300000,16900000,212900000.0,0,0.0,0.0,819100000.0,1032000000.0,0.046,1032000000.0,819100000.0,719200000.0,10.15,10.03,10.15,4391200000,3866375000.0,4391200000,11613585199.0,14.0,11.253,-364100000.0,-7.267,1.0,3271900000.0,0.145,3192400000,99900000.0,2553900000,1116000000.0,0,2026200000,968600000,1057600000,8814700000,6077300000,2737400000,12995885199.0,-1551200000.0,-2142900000.0,1302300000.0,935300000.0,0.0,1460400000.0,-2814900000.0,-504600000.0,-196700000.0,0.0,489500000.0,489500000.0,489500000.0,0.0,0.0,0.022,1800200000.0,1471700000.0,5008600000,0.0,2.96,26.549,25.453,424900000,0.0,258.35,0.577,0.574,2449200000,2418700000.0,22530100000.0,22530100000.0,0.0,0.041,0.127,0.734,0.036,81500000.0,1848900000.0,1.0,50303407,50100509,50842304.0,449.698,10013500000,0,229700000.0,149000000,199.868,1703400000
3,WCG,ART,2018-12-31,2019-02-12,2018-12-31,2019-10-30,-8900000,11764700000,11007250000.0,6832400000,4932300000,1.855,90.661,-153500000.0,3888600000,3888600000,17276700000.0,439800000.0,1.362,1.775,2126400000,0,2126400000,2126400000,1400000,179700000.0,0,0.0,0.0,780300000.0,960000000.0,0.047,960000000.0,780300000.0,692800000.0,9.4,9.29,9.4,4240000000,3394175000.0,4240000000,11646883315.0,15.0,12.132,125500000.0,2.683,1.0,3137400000.0,0.154,3223900000,87500000.0,1763000000,257050000.0,0,1643300000,830100000,813200000,7524700000,5015600000,2509100000,13409083315.0,-546400000.0,-2142900000.0,1318900000.0,935300000.0,0.0,1742600000.0,-2568000000.0,-271600000.0,279000000.0,0.0,439800000.0,439800000.0,439800000.0,0.0,0.0,0.022,1701000000.0,1436400000.0,4320900000,0.0,3.163,30.489,28.533,428200000,0.0,268.21,0.657,0.614,1871300000,2267300000.0,20414100000.0,20414100000.0,0.0,0.04,0.13,3.036,0.038,70800000.0,1701000000.0,1.0,49994718,46767626,47354536.0,436.501,8540800000,0,253000000.0,134200000,182.622,1816800000
4,WCG,ART,2018-09-30,2018-10-30,2018-09-30,2019-10-30,-11400000,12458500000,10157225000.0,7682200000,4776300000,1.84,87.239,-123300000.0,4541400000,4541400000,15863000000.0,444600000.0,1.324,1.993,2125400000,0,2125400000,2125400000,20800000,152900000.0,0,0.0,0.0,687100000.0,840000000.0,0.045,840000000.0,687100000.0,612200000.0,9.77,9.64,9.77,4162400000,2938350000.0,4162400000,11687705518.0,17.0,13.914,-120800000.0,-2.532,1.0,2825400000.0,0.151,3080100000,74900000.0,1158000000,-214550000.0,0,1878800000,1034400000,844400000,8296100000,5804400000,2491700000,14103705518.0,-570700000.0,-2035500000.0,1317400000.0,935300000.0,0.0,2228900000.0,-2802100000.0,-643300000.0,2500000.0,0.0,444600000.0,444600000.0,444600000.0,0.0,0.0,0.024,1894600000.0,930800000.0,4214400000,0.0,3.388,31.722,28.876,384100000,0.0,282.12,0.755,0.72,1732300000,2211400000.0,18688400000.0,18688400000.0,0.0,0.044,0.151,-3.203,0.037,78500000.0,1611500000.0,1.0,49991867,47712712,48384427.0,391.686,9378400000,0,167600000.0,117200000,196.56,1877800000
5,WCG,ART,2018-06-30,2018-07-31,2018-06-30,2019-10-30,-10600000,10134400000,9324725000.0,7603000000,2531400000,1.934,59.694,-126500000.0,5327800000,5327800000,15375200000.0,485600000.0,1.272,2.793,1183800000,0,1183800000,1183800000,580000000,138100000.0,0,0.0,0.0,700500000.0,838600000.0,0.047,838600000.0,700500000.0,632100000.0,10.89,10.76,10.89,2671900000,2481100000.0,2671900000,7827688481.0,11.0,9.334,1365200000.0,30.501,1.0,2658000000.0,0.147,1024000000,68400000.0,-1010900000,-725150000.0,0,1515500000,793500000,722000000,7462500000,5977300000,1485200000,11971688481.0,1063700000.0,-10400000.0,-21900000.0,0.0,0.0,346400000.0,-774400000.0,-637500000.0,1491700000.0,0.0,485600000.0,485600000.0,485600000.0,0.0,0.0,0.027,1730400000.0,927600000.0,3401800000,0.0,4.481,24.653,24.556,331100000,0.0,267.42,0.664,0.664,1239400000,2080800000.0,18033200000.0,18033200000.0,0.0,0.052,0.196,-0.966,0.039,66400000.0,1550600000.0,1.0,44767364,44759808,45282294.0,402.888,9110400000,0,146500000.0,56100000,203.54,1625700000
6,WCG,ART,2018-03-31,2018-05-01,2018-03-31,2019-10-30,-10600000,9671400000,8919400000.0,7177200000,2494200000,1.984,56.1,-128800000.0,5037400000,5037400000,15228200000.0,408100000.0,1.264,2.865,1183000000,0,1183000000,1183000000,592900000,132900000.0,0,0.0,0.0,586300000.0,719200000.0,0.041,719200000.0,586300000.0,516900000.0,9.17,9.06,9.17,2502400000,2351200000.0,2502400000,5762009514.0,10.0,8.012,972400000.0,21.8,1.0,2471000000.0,0.14,1019100000,69400000.0,-881900000,-522450000.0,0,1434400000,708600000,725800000,7169000000,5679800000,1489200000,9616409514.0,-789300000.0,-728300000.0,-22000000.0,-926100000.0,0.0,-372400000.0,-1518100000.0,-661000000.0,1101200000.0,0.0,408100000.0,408100000.0,408100000.0,0.0,0.0,0.023,1634400000.0,836600000.0,3148600000,0.0,3.843,23.564,23.432,317100000,0.0,214.87,0.543,0.542,1129500000,1929200000.0,17699200000.0,17699200000.0,0.0,0.046,0.174,-1.122,0.033,62300000.0,1538200000.0,1.0,44754547,44605892,45196127.0,396.791,8652300000,0,108800000.0,71500000,193.972,1497400000
7,WCG,ART,2017-12-31,2018-02-16,2017-12-31,2019-10-30,-2700000,8364600000,8587200000.0,5819200000,2545400000,1.981,54.34,-128400000.0,4198600000,4198600000,14744800000.0,373700000.0,1.31,2.461,1182400000,0,1182400000,1182400000,65900000,120400000.0,0,0.0,0.0,530100000.0,650500000.0,0.038,650500000.0,530100000.0,461600000.0,8.4,8.31,8.4,2416700000,2241525000.0,2416700000,5587277265.0,11.0,8.589,921600000.0,20.722,1.0,2262400000.0,0.133,1028600000,68500000.0,-123400000,-470250000.0,0,1446700000,469500000,977200000,5947900000,4443200000,1504700000,8603477265.0,237200000.0,-728300000.0,-15200000.0,156100000.0,0.0,828200000.0,-1641000000.0,-784300000.0,1050000000.0,0.0,373700000.0,373700000.0,373700000.0,0.0,0.0,0.022,1484700000.0,777700000.0,3301400000,0.0,3.56,23.022,23.001,319500000,0.0,193.21,0.506,0.505,860100000,1827500000.0,17007200000.0,17007200000.0,0.0,0.044,0.167,-1.127,0.031,59800000.0,1484700000.0,1.0,44529151,44474016,44967061.0,382.408,7336000000,0,87900000.0,93400000,164.95,1376000000
8,WCG,ART,2017-09-30,2017-10-31,2017-09-30,2019-10-30,100000,9128500000,8034250000.0,6761400000,2367100000,2.014,52.425,-136400000.0,4878900000,4878900000,13936700000.0,357900000.0,1.278,2.912,1181600000,0,1181600000,1181600000,576400000,107300000.0,0,0.0,0.0,599500000.0,706800000.0,0.044,706800000.0,599500000.0,534000000.0,8.06,7.97,8.06,2333400000,2137375000.0,2333400000,5106392483.0,9.0,7.225,777100000.0,17.459,1.0,2243600000.0,0.139,1026600000,65500000.0,-884400000,-522750000.0,0,1308500000,504600000,803900000,6795100000,5289000000,1506100000,8803692483.0,1000500000.0,-773600000.0,-13700000.0,156100000.0,0.0,1522100000.0,-1435100000.0,-525100000.0,913500000.0,0.0,357900000.0,357900000.0,357900000.0,0.0,0.0,0.022,1533100000.0,710500000.0,3070900000,0.0,3.773,24.598,24.533,316400000,0.0,197.74,0.544,0.544,1059200000,1766800000.0,16180300000.0,16180300000.0,0.0,0.045,0.167,-1.147,0.037,44100000.0,1357900000.0,1.0,44521556,44509692,44969033.0,363.523,8101900000,0,176100000.0,157100000,182.026,1472400000
9,WCG,ART,2017-06-30,2017-08-04,2017-06-30,2019-10-30,-100000,8513100000,7383500000.0,6346900000,2166200000,2.081,48.368,-122100000.0,4031300000,4031300000,13236200000.0,254900000.0,1.315,2.955,1180800000,0,1180800000,1180800000,539600000,98300000.0,0,0.0,0.0,514800000.0,613100000.0,0.04,613100000.0,514800000.0,451800000.0,5.75,5.69,5.75,2152300000,2039750000.0,2152300000,4858839283.0,9.0,7.925,1021300000.0,22.951,1.0,2125200000.0,0.138,1036000000,63000000.0,-200100000,-364600000.0,0,1129500000,511900000,617600000,6360800000,4826700000,1534100000,7709339283.0,1507200000.0,-765700000.0,-15000000.0,56100000.0,0.0,1594500000.0,-1230700000.0,-342900000.0,1143400000.0,0.0,254900000.0,254900000.0,254900000.0,0.0,0.0,0.017,1368400000.0,756800000.0,2940900000,0.0,3.582,30.245,30.123,291100000,0.0,173.21,0.502,0.502,1543200000,1595200000.0,15361400000.0,15361400000.0,0.0,0.035,0.125,-1.412,0.034,44000000.0,1254100000.0,1.0,44508627,44498610,44934051.0,345.211,7477100000,0,196900000.0,96800000,168.03,1520200000
10,WCG,ART,2017-03-31,2017-05-04,2017-03-31,2019-10-30,-900000,8342600000,6645825000.0,7268500000,1074100000,2.205,46.515,-112300000.0,5610400000,5610400000,12506100000.0,271600000.0,1.45,3.043,2080100000,900000000,1180100000,2080100000,432900000,90700000.0,0,0.0,0.0,603300000.0,694000000.0,0.047,694000000.0,603300000.0,543800000.0,6.13,6.08,6.13,2063700000,1968275000.0,2063700000,4026325392.0,7.0,5.802,1142600000.0,25.754,1.0,2144700000.0,0.146,472400000,59500000.0,-673100000,-2750000.0,0,722200000,394800000,327400000,6278900000,5013000000,1265900000,7556625392.0,3218800000.0,-68900000.0,-14900000.0,982200000.0,0.0,2362800000.0,-398900000.0,-217700000.0,1254900000.0,0.0,271600000.0,271600000.0,271600000.0,0.0,0.0,0.019,1326600000.0,818100000.0,2621300000,0.0,3.662,27.823,27.706,273900000,0.0,169.84,0.516,0.514,998600000,1521100000.0,14650800000.0,14650800000.0,0.0,0.041,0.138,-219.382,0.041,39300000.0,1166600000.0,1.0,44492613,44365987,44826663.0,330.226,7870200000,0,272200000.0,47200000,177.393,2255500000
11,WCG,ART,2016-12-31,2017-02-13,2016-12-31,2019-10-30,-1000000,6152800000,5890125000.0,5119600000,1033200000,2.417,45.201,-105300000.0,3961400000,3961400000,12089400000.0,242100000.0,1.675,2.076,997600000,0,997600000,997600000,3300000,87600000.0,0,0.0,0.0,588600000.0,676200000.0,0.047,676200000.0,588600000.0,529500000.0,5.47,5.43,5.47,2000100000,1894125000.0,2000100000,3404994566.0,6.0,5.035,643000000.0,14.531,1.0,2147700000.0,0.151,466600000,59100000.0,-333400000,496200000.0,0,415800000,124200000,291600000,4152700000,3055800000,1096900000,6368794566.0,1554400000.0,-68900000.0,-7000000.0,-203100000.0,0.0,833100000.0,-27000000.0,147200000.0,748300000.0,0.0,242100000.0,242100000.0,242100000.0,0.0,0.0,0.017,1133100000.0,1014600000.0,2659300000,0.0,3.184,26.306,26.282,274500000,0.0,143.76,0.447,0.447,809200000,1453800000.0,14237100000.0,14237100000.0,0.0,0.041,0.128,1.186,0.041,35500000.0,1133100000.0,1.0,44301576,44248778,44619589.0,321.751,5686200000,4600000,287400000.0,66300000,128.505,2063800000
12,WCG,ART,2016-09-30,2016-11-01,2016-09-30,2019-10-30,0,6525500000,5650325000.0,5614700000,910800000,2.516,43.882,-103900000.0,3878400000,3878400000,12092800000.0,209500000.0,1.591,2.359,997400000,0,997400000,997400000,400200000,84400000.0,0,0.0,0.0,545000000.0,629400000.0,0.044,629400000.0,545000000.0,484800000.0,4.73,4.7,4.73,1942900000,1826175000.0,1942900000,2496154782.0,5.0,3.966,1451100000.0,32.774,1.0,2122900000.0,0.149,366600000,60200000.0,-251800000,883025000.0,0,497700000,203000000,294700000,4582600000,3529700000,1052900000,5377154782.0,2455300000.0,-23800000.0,-6900000.0,-203100000.0,0.0,974900000.0,-74600000.0,53100000.0,1555000000.0,0.0,209500000.0,209500000.0,209500000.0,0.0,0.0,0.015,1470100000.0,652800000.0,2416200000,0.0,2.768,25.667,25.666,249100000,0.0,121.4,0.378,0.378,1277900000,,14215700000.0,14215700000.0,0.0,0.037,0.115,0.617,0.038,30800000.0,1156300000.0,1.0,44292873,44276035,44639442.0,321.07,6158900000,0,275300000.0,101000000,139.102,2085000000
13,WCG,ART,2016-06-30,2016-08-03,2016-06-30,2019-10-30,0,5562400000,5254125000.0,4634800000,927600000,2.678,42.168,-111000000.0,2524100000,2524100000,12000000000.0,177300000.0,1.842,1.98,1097200000,0,1097200000,1097200000,3700000,80200000.0,0,0.0,0.0,497300000.0,577500000.0,0.041,577500000.0,497300000.0,436600000.0,4.01,3.98,4.01,1866400000,1767750000.0,1866400000,3498380488.0,7.0,6.058,616100000.0,13.92,1.0,2072700000.0,0.147,372100000,60700000.0,1247300000,1488875000.0,0,500300000,188800000,311500000,3696000000,2516100000,1179900000,4925280488.0,1184600000.0,-21100000.0,-6700000.0,-103100000.0,0.0,534000000.0,-76500000.0,55600000.0,727100000.0,0.0,177300000.0,177300000.0,177300000.0,0.0,0.0,0.013,1575400000.0,497300000.0,2242500000,0.0,2.639,27.779,27.746,243600000,0.0,111.26,0.35,0.35,1625800000,,14072700000.0,14072700000.0,0.0,0.034,0.1,0.334,0.035,26000000.0,1167400000.0,1.0,44268205,44260767,44549955.0,317.95,5190300000,0,259300000.0,100500000,117.266,2118700000
14,WCG,ART,2016-03-31,2016-05-04,2016-03-31,2019-10-30,0,5319800000,5118725000.0,4410500000,909300000,2.727,40.011,-118000000.0,2391600000,2391600000,11988200000.0,138200000.0,1.867,2.01,1097100000,0,1097100000,1097100000,10700000,76600000.0,0,0.0,0.0,429200000.0,505800000.0,0.036,505800000.0,429200000.0,370600000.0,3.13,3.11,3.13,1767100000,1718425000.0,1767100000,2904612893.0,7.0,5.743,582400000.0,13.187,1.0,1972600000.0,0.141,340700000,58600000.0,1322700000,1800350000.0,0,505700000,182400000,323300000,3552700000,2361900000,1190800000,4199112893.0,1218700000.0,-17200000.0,-7300000.0,205800000.0,0.0,594000000.0,-75700000.0,59500000.0,700400000.0,0.0,138200000.0,138200000.0,138200000.0,0.0,0.0,0.01,1543400000.0,429200000.0,2123100000,0.0,2.376,30.384,30.316,244900000,0.0,94.89,0.301,0.3,1522300000,,13960800000.0,13960800000.0,0.0,0.027,0.08,0.238,0.031,21200000.0,1144900000.0,1.0,44252428,44165200,44493755.0,316.104,4979100000,17400000,232400000.0,68000000,112.738,2048600000
15,WCG,ART,2015-12-31,2016-02-12,2015-12-31,2019-10-30,-2200000,5193600000,4956425000.0,4268500000,925100000,2.802,39.228,-137000000.0,2407000000,2407000000,11978500000.0,118600000.0,1.748,2.005,1212100000,300000000,912100000,1212100000,27700000,72600000.0,0,0.0,0.0,390300000.0,462900000.0,0.033,462900000.0,390300000.0,336100000.0,2.69,2.67,2.69,1728300000,1680175000.0,1728300000,2424958057.0,6.0,5.239,575600000.0,13.065,1.0,1911700000.0,0.138,343200000,54200000.0,1213900000,1957250000.0,0,532200000,204400000,327800000,3465300000,2441600000,1023700000,3619858057.0,1093500000.0,-17200000.0,-6700000.0,308800000.0,0.0,505100000.0,-124200000.0,30000000.0,712600000.0,0.0,118600000.0,118600000.0,118600000.0,0.0,0.0,0.009,1521400000.0,390300000.0,2113900000,0.0,2.094,30.522,30.498,244800000,0.0,82.04,0.261,0.26,1434000000,1211700000.0,13890200000.0,13890200000.0,0.0,0.024,0.071,0.199,0.028,18300000.0,1132900000.0,1.0,44123087,44057579,44391032.0,315.274,4850400000,85400000,217500000.0,87400000,110.092,1826900000
16,WCG,ART,2015-09-30,2015-11-05,2015-09-30,2019-10-30,0,4940700000,4781775000.0,4011000000,929700000,2.888,38.771,-123000000.0,1423100000,1423100000,11971100000.0,113400000.0,1.813,1.891,1212700000,300000000,912700000,1212700000,15400000,69000000.0,0,0.0,0.0,404100000.0,473100000.0,0.034,473100000.0,404100000.0,353800000.0,2.58,2.55,2.58,1709200000,1647075000.0,1709200000,3450321640.0,9.0,7.293,234800000.0,5.326,1.0,1837100000.0,0.133,345800000,50300000.0,2171600000,2099175000.0,0,559800000,226800000,333000000,3231500000,2212900000,1018600000,3660721640.0,-127400000.0,-86200000.0,-7100000.0,308500000.0,0.0,-261200000.0,-224000000.0,-14800000.0,357800000.0,0.0,113400000.0,113400000.0,113400000.0,0.0,0.0,0.008,1430900000.0,406200000.0,1530000000,0.0,2.142,32.281,32.171,240100000,0.0,83.0,0.265,0.265,2095200000,,13808200000.0,13808200000.0,0.0,0.024,0.069,0.193,0.029,17900000.0,1075100000.0,1.0,44105080,44084004,44424305.0,313.225,4594900000,45400000,240400000.0,80900000,104.231,1798100000
17,WCG,ART,2015-06-30,2015-08-05,2015-06-30,2019-10-30,0,5020800000,4660525000.0,4074300000,946500000,2.956,37.887,-110500000.0,1339500000,1339500000,12020300000.0,96300000.0,1.994,2.008,1213300000,0,1213300000,1213300000,7800000,65200000.0,0,0.0,0.0,355500000.0,420700000.0,0.031,420700000.0,355500000.0,310800000.0,2.19,2.17,2.19,1669100000,1615300000.0,1669100000,3803429370.0,11.0,9.041,360700000.0,8.188,1.0,1754400000.0,0.127,358600000,44700000.0,2493200000,1937225000.0,0,575500000,220800000,354700000,3351700000,2042800000,1308900000,3929629370.0,225300000.0,-106400000.0,-6000000.0,606700000.0,0.0,-47700000.0,-198200000.0,18700000.0,471200000.0,0.0,96300000.0,96300000.0,96300000.0,0.0,0.0,0.007,1389000000.0,365400000.0,1476700000,0.0,2.354,40.806,40.712,220900000,0.0,89.16,0.285,0.285,2263600000,,13774700000.0,13774700000.0,0.0,0.021,0.06,0.184,0.026,16500000.0,1057000000.0,1.0,44073905,44054778,44358313.0,312.672,4662200000,32200000,214500000.0,95500000,105.827,2031500000
18,WCG,ART,2015-03-31,2015-05-07,2015-03-31,2019-10-30,0,4670600000,4442700000.0,3710700000,959900000,3.026,36.699,-97400000.0,1172900000,1172900000,11877500000.0,37100000.0,1.779,1.894,900000000,0,900000000,900000000,5000000,62100000.0,0,0.0,0.0,208100000.0,270200000.0,0.02,270200000.0,208100000.0,166600000.0,0.85,0.83,0.85,1614100000,1587975000.0,1614100000,3112170042.0,15.0,11.518,115900000.0,2.635,1.0,1566600000.0,0.117,361400000,41500000.0,1950300000,1650800000.0,0,585100000,207100000,378000000,3056500000,2086000000,970500000,3385070042.0,-485400000.0,-116200000.0,-5500000.0,297500000.0,0.0,-420700000.0,-278000000.0,-64400000.0,213300000.0,0.0,37100000.0,37100000.0,37100000.0,0.0,0.0,0.003,1359700000.0,206900000.0,1517000000,0.0,2.097,91.242,90.424,211300000,0.0,76.86,0.252,0.251,2011800000,,13444100000.0,13444100000.0,0.0,0.008,0.023,0.126,0.015,17000000.0,1030400000.0,1.0,44042025,43981977,44304006.0,305.673,4309200000,28200000,129500000.0,53000000,97.976,1624700000
19,WCG,ART,2014-12-31,2015-02-17,2014-12-31,2019-10-30,-600000,4495000000,4259125000.0,3526300000,968700000,3.043,36.383,-74800000.0,1313500000,1313500000,11455200000.0,63700000.0,1.822,1.817,900000000,0,900000000,900000000,86900000,59900000.0,0,0.0,0.0,217200000.0,277100000.0,0.021,277100000.0,217200000.0,177800000.0,1.45,1.44,1.45,1595900000,1574875000.0,1595900000,3192646320.0,15.0,11.522,224500000.0,5.118,1.0,1504700000.0,0.116,364200000,39400000.0,1781600000,1363300000.0,0,580400000,172800000,407600000,2899100000,1935700000,963400000,3606146320.0,-169000000.0,48000000.0,-2600000.0,297200000.0,0.0,-392700000.0,-75600000.0,-48800000.0,299300000.0,0.0,63700000.0,63700000.0,63700000.0,0.0,0.0,0.005,1317000000.0,187700000.0,1552200000,0.0,2.26,56.611,56.586,187100000,0.0,82.05,0.278,0.278,1832400000,1093100000.0,12959900000.0,12959900000.0,0.0,0.015,0.04,0.159,0.017,15100000.0,1018800000.0,1.0,43950595,43864367,44163601.0,295.454,4130800000,37100000,114100000.0,50300000,94.172,1590600000
20,WCG,ART,2014-09-30,2014-11-05,2014-09-30,2019-10-30,0,4455700000,3998050000.0,3550200000,905500000,2.997,36.05,-59448000.0,1550500000,1550500000,10571537000.0,98788000.0,1.855,1.816,900000000,0,900000000,900000000,4700000,56281000.0,0,0.0,0.0,229246000.0,285527000.0,0.024,285527000.0,229246000.0,195278000.0,2.26,2.24,2.26,1582100000,1555375000.0,1582100000,2371084149.0,10.0,8.304,69148000.0,1.576,1.0,1412276000.0,0.118,367300000,33968000.0,1523800000,1174850000.0,0,557500000,192000000,365500000,2873600000,1914100000,959500000,3021584149.0,159932000.0,-16607000.0,-545000.0,548356000.0,0.0,123505000.0,-92169000.0,-16114000.0,128596000.0,0.0,98788000.0,98788000.0,98788000.0,0.0,0.0,0.008,1211830000.0,200446000.0,1551900000,0.0,1.91,30.587,30.451,162200000,0.0,68.82,0.252,0.252,1542300000,,11983813000.0,11983813000.0,0.0,0.025,0.064,0.195,0.019,8360000.0,954610000.0,1.0,43905611,43885779,44186034.0,273.068,4088400000,43200000,96490000.0,45400000,93.16,1636100000
21,WCG,ART,2014-06-30,2014-08-06,2014-06-30,2019-10-30,0,4149500000,3679263000.0,3240800000,908700000,3.011,35.557,-58970000.0,1114200000,1114200000,9719609000.0,143482000.0,1.667,1.66,600000000,0,600000000,600000000,12200000,52938000.0,0,0.0,0.0,266990000.0,319928000.0,0.029,319928000.0,266990000.0,240351000.0,3.29,3.25,3.29,1559800000,1528500750.0,1559800000,2139125915.0,8.0,6.686,-78045000.0,-1.779,1.0,1357114000.0,0.123,343400000,26639000.0,1347500000,919608500.0,0,595700000,222400000,373300000,2589700000,1944400000,645300000,2653325915.0,-80854000.0,3593000.0,1851000.0,240225000.0,0.0,38903000.0,-100682000.0,-45305000.0,-19075000.0,0.0,143482000.0,143482000.0,143482000.0,0.0,0.0,0.013,1126724000.0,230390000.0,1440400000,0.0,1.701,18.492,18.377,154800000,0.0,60.46,0.24,0.239,1630300000,,11076723000.0,11076723000.0,0.0,0.039,0.094,0.29,0.024,10361000.0,911900000.0,1.0,43885642,43867449,43867449.0,252.504,3806100000,59500000,96869000.0,40100000,86.764,1296400000
22,WCG,ART,2014-03-31,2014-05-09,2014-03-31,2019-10-30,0,3936300000,3399319250.0,3175200000,761100000,3.017,35.654,-59323000.0,1658300000,1658300000,8901218000.0,197882000.0,1.856,1.521,600000000,0,600000000,600000000,4000000,48523000.0,0,0.0,0.0,340520000.0,389043000.0,0.038,389043000.0,340520000.0,321027000.0,4.54,4.49,4.54,1561700000,1489206500.0,1561700000,2128031338.0,6.0,5.47,74556000.0,1.702,1.0,1355725000.0,0.132,366700000,19493000.0,800300000,744471500.0,0,520000000,288700000,231300000,2374600000,1711000000,663600000,3186331338.0,280011000.0,29278000.0,2949000.0,230678000.0,0.0,212974000.0,-66842000.0,-36797000.0,133879000.0,0.0,197882000.0,197882000.0,197882000.0,0.0,0.0,0.019,1040705000.0,315020000.0,1202800000,0.0,2.04,16.102,15.998,152500000,0.0,72.63,0.311,0.31,989000000,,10256943000.0,10256943000.0,0.0,0.058,0.133,0.457,0.033,8324000.0,888423000.0,1.0,43870733,43802047,44123791.0,234.166,3569600000,29500000,123145000.0,63000000,81.494,1464200000
23,WCG,ART,2013-12-31,2014-02-14,2013-12-31,2019-10-30,-1300000,3450700000,3164844750.0,2692700000,758000000,3.011,34.865,-62000000.0,1482500000,1482500000,8258600000.0,175300000.0,2.177,1.273,600000000,0,600000000,600000000,200000,44100000.0,0,0.0,0.0,290200000.0,334300000.0,0.035,334300000.0,290200000.0,278300000.0,4.03,3.98,4.03,1517900000,1436585750.0,1517900000,1781062832.0,6.0,5.328,116900000.0,2.685,1.0,1269300000.0,0.133,303300000,11900000.0,1027800000,650692750.0,0,477600000,314700000,162900000,1932800000,1237100000,695700000,2663562832.0,382000000.0,-174100000.0,6200000.0,449800000.0,0.0,493600000.0,-290500000.0,-54400000.0,178900000.0,0.0,175300000.0,175300000.0,175300000.0,0.0,0.0,0.018,976300000.0,293000000.0,1083300000,0.0,1.755,15.194,15.099,147400000,0.0,60.85,0.28,0.278,749700000,1029400000.0,9527900000.0,9527900000.0,0.0,0.055,0.122,0.446,0.03,8900000.0,856500000.0,1.0,43772602,43535927,44000563.0,218.851,3147400000,30800000,103000000.0,55400000,72.294,1455600000
24,WCG,ART,2013-09-30,2013-11-01,2013-09-30,2019-10-30,0,3180552000,2971048750.0,2559221000,621331000,3.055,33.814,-62555000.0,1390563000,1390563000,7834387000.0,181179000.0,1.941,1.157,336500000,39875000,296625000,336500000,178000,40646000.0,0,0.0,0.0,291068000.0,331714000.0,0.037,331714000.0,291068000.0,284177000.0,4.18,4.12,4.18,1474603000,1387901750.0,1474603000,1681807713.0,6.0,5.07,270804000.0,6.21,1.0,1242929000.0,0.137,305101000,6891000.0,502834000,473674750.0,0,486907000,317587000,169320000,1705949000,1318554000,387395000,2735870713.0,328223000.0,-167064000.0,4592000.0,194513000.0,0.0,302964000.0,-308100000.0,-78481000.0,333359000.0,0.0,181179000.0,181179000.0,181179000.0,0.0,0.0,0.02,951861000.0,291068000.0,1116488000,0.0,1.855,15.1,14.976,144273000,0.0,62.6,0.301,0.301,714419000,,9077316000.0,9077316000.0,0.0,0.061,0.131,0.614,0.032,10695000.0,830938000.0,1.0,43704005,43608626,44037922.0,208.154,2875451000,25058000,102998000.0,77748000,65.938,1240667000
25,WCG,ART,2013-06-30,2013-08-07,2013-06-30,2019-10-30,0,3029725000,2811857500.0,2392253000,637472000,2.986,32.26,-57606000.0,1195049000,1195049000,7239171000.0,155472000.0,1.95,1.16,346000000,38000000,308000000,346000000,162000,37782000.0,0,0.0,0.0,245492000.0,283274000.0,0.034,283274000.0,245492000.0,239756000.0,3.6,3.54,3.6,1402623000,1337576000.0,1402623000,1993984303.0,8.0,7.039,56614000.0,1.302,1.0,1156130000.0,0.138,306935000,5736000.0,646952000,461208500.0,0,495642000,311390000,184252000,1627102000,1226789000,400313000,2843033303.0,44803000.0,-167064000.0,617000.0,199486000.0,0.0,201484000.0,-270901000.0,-46231000.0,114220000.0,0.0,155472000.0,155472000.0,155472000.0,0.0,0.0,0.019,910638000.0,245492000.0,1040112000,0.0,2.027,18.286,18.133,143389000,0.0,65.28,0.339,0.338,765040000,,8395301000.0,8395301000.0,0.0,0.055,0.116,0.532,0.029,8649000.0,788945000.0,1.0,43551368,43478267,43926957.0,193.092,2722790000,22971000,84284000.0,51941000,62.624,1165464000
26,WCG,ART,2013-03-31,2013-05-03,2013-03-31,2019-10-30,0,2998402000,2727163750.0,2387193000,611209000,2.887,31.188,-61714000.0,1378284000,1378284000,6769426000.0,155014000.0,1.926,1.219,355500000,38000000,317500000,355500000,171000,34738000.0,0,0.0,0.0,244533000.0,279271000.0,0.035,279271000.0,244533000.0,239954000.0,3.6,3.53,3.6,1351217000,1294794500.0,1351217000,1465887912.0,6.0,5.249,-69623000.0,-1.607,1.0,1104930000.0,0.14,310951000,4579000.0,425185000,379827250.0,0,428275000,270888000,157387000,1647185000,1239482000,407703000,2488671912.0,-66591000.0,-165749000.0,-341000.0,207135000.0,0.0,172203000.0,-230885000.0,-3422000.0,-7909000.0,0.0,155014000.0,155014000.0,155014000.0,0.0,0.0,0.02,860397000.0,244533000.0,1053748000,0.0,1.842,16.054,15.906,139705000,0.0,57.26,0.316,0.315,596135000,,7874356000.0,7874356000.0,0.0,0.057,0.12,0.644,0.031,8849000.0,742530000.0,1.0,43462660,43325381,43952459.0,181.749,2687451000,47496000,84940000.0,49100000,62.029,1147711000
27,WCG,ART,2012-12-31,2013-02-13,2012-12-31,2019-10-30,-788000,2675516000,2649840750.0,2100710000,574806000,2.796,30.697,-61268000.0,1100495000,1100495000,6303934000.0,184728000.0,1.887,1.022,135000000,15000000,120000000,135000000,146000,31531000.0,0,0.0,0.0,300561000.0,332092000.0,0.045,332092000.0,300561000.0,296439000.0,4.29,4.22,4.29,1323164000,1252319250.0,1323164000,1615341946.0,5.0,4.864,-92007000.0,-2.135,1.0,1105098000.0,0.149,276867000,4122000.0,319728000,268446750.0,0,384408000,220344000,164064000,1352352000,1113426000,238926000,2580836946.0,-224603000.0,-126571000.0,2930000.0,-14054000.0,0.0,28973000.0,-222837000.0,-34998000.0,-30739000.0,0.0,184728000.0,184728000.0,184728000.0,0.0,0.0,0.025,804537000.0,300561000.0,945396000,0.0,1.951,13.971,13.921,131518000,0.0,59.72,0.348,0.347,640772000,854086000.0,7409032000.0,7409032000.0,0.0,0.07,0.148,1.12,0.041,11123000.0,690842000.0,1.0,43215622,43104216,43826285.0,171.886,2398649000,42823000,111711000.0,42058000,55.648,987284000
28,WCG,ART,2012-09-30,2012-10-31,2012-09-30,2019-10-30,0,2543787000,2602989500.0,2143193000,400594000,2.697,29.509,-66468000.0,1062340000,1062340000,5863140000.0,221022000.0,2.046,0.998,138750000,15000000,123750000,138750000,141000,29334000.0,0,0.0,0.0,354914000.0,384248000.0,0.055,384248000.0,354914000.0,349064000.0,5.14,5.07,5.14,1273300000,1200739750.0,1273300000,1132777838.0,3.0,2.948,-357876000.0,-8.294,1.0,1157895000.0,0.165,119637000,5850000.0,452969000,204788750.0,0,364400000,209798000,154602000,1270487000,1047591000,222896000,2056367838.0,-725393000.0,0.0,4400000.0,-114176000.0,0.0,-366692000.0,-67293000.0,-825000.0,-291408000.0,0.0,221022000.0,221022000.0,221022000.0,0.0,0.0,0.031,813788000.0,344107000.0,903056000,0.0,1.615,9.304,9.261,123875000,0.0,47.6,0.293,0.293,735454000,,7021035000.0,7021035000.0,0.0,0.085,0.184,1.733,0.051,15978000.0,703081000.0,1.0,43201005,43149455,,162.714,2424150000,67857000,128042000.0,22573000,56.18,1095602000
29,WCG,ART,2012-06-30,2012-08-03,2012-06-30,2019-10-30,-969000,2690950000,2671874000.0,2296733000,394217000,2.525,28.578,-66982000.0,1150246000,1150246000,5510692000.0,270990000.0,1.85,1.185,142500000,15000000,127500000,142500000,240704000,27595000.0,0,0.0,0.0,435170000.0,462765000.0,0.069,462765000.0,435170000.0,426688000.0,6.31,6.23,6.31,1231497000,1138604000.0,1231497000,1367724426.0,3.0,2.956,-67273000.0,-1.561,1.0,1236307000.0,0.183,119990000,8482000.0,321427000,26019750.0,0,404869000,250618000,154251000,1459453000,1241787000,217666000,2375470426.0,-105749000.0,0.0,3330000.0,35825000.0,0.0,3054000.0,-108512000.0,-41530000.0,-291000.0,0.0,270990000.0,270990000.0,270990000.0,0.0,0.0,0.04,811944000.0,424363000.0,869462000,0.0,1.929,8.766,8.735,117746000,0.0,55.12,0.352,0.352,791050000,767032000.0,6746999000.0,6746999000.0,0.0,0.101,0.238,16.725,0.064,14927000.0,704689000.0,1.0,43096343,43092737,,156.569,2570960000,57428000,155698000.0,15404000,59.661,1054946000
30,WCG,ART,2012-03-31,2012-05-02,2012-03-31,2019-10-30,-1523000,2689110000,2564877250.0,2312084000,377026000,2.504,27.512,-56292000.0,1444875000,1444875000,5148822000.0,294148000.0,1.795,1.276,144375000,13125000,131250000,144375000,207132000,26949000.0,0,0.0,0.0,470372000.0,497321000.0,0.077,497321000.0,470372000.0,462789000.0,6.86,6.78,6.86,1181316000,1064719500.0,1181316000,1412731902.0,3.0,2.841,157940000.0,3.678,1.0,1274637000.0,0.198,120673000,7583000.0,-20337000,-110210750.0,0,380508000,231638000,148870000,1507794000,1288274000,219520000,2713231902.0,211957000.0,0.0,6835000.0,37242000.0,0.0,42227000.0,-44502000.0,11790000.0,214232000.0,0.0,294148000.0,294148000.0,294148000.0,0.0,0.0,0.046,815072000.0,459565000.0,933668000,0.0,2.297,9.224,9.179,105129000,0.0,62.97,0.422,0.421,424630000,720590000.0,6423459000.0,6423459000.0,0.0,0.115,0.276,-4.268,0.073,15753000.0,710448000.0,1.0,43087691,42938284,,149.597,2568437000,46465000,168641000.0,43997000,59.817,1023810000
31,WCG,ART,2011-12-31,2012-02-15,2011-12-31,2019-10-30,-1761000,2488111000,2454902000.0,2119894000,368217000,2.488,26.064,-49576000.0,1325098000,1325098000,4872071000.0,264246000.0,1.887,1.228,146250000,11250000,135000000,146250000,164000,26454000.0,0,0.0,0.0,424984000.0,451438000.0,0.074,451438000.0,424984000.0,418474000.0,6.17,6.1,6.17,1116846000,983804000.0,1116846000,1766632335.0,4.0,3.913,112423000.0,2.624,1.0,1234797000.0,0.202,121027000,6510000.0,65096000,-171781500.0,0,342251000,198569000,143682000,1371265000,1123140000,248125000,2945480335.0,-34450000.0,0.0,2603000.0,39313000.0,0.0,-84869000.0,-111580000.0,-62004000.0,161999000.0,0.0,264246000.0,264246000.0,264246000.0,0.0,0.0,0.043,820620000.0,414177000.0,846352000,0.0,2.637,11.147,11.141,98238000,0.0,68.74,0.482,0.482,380254000,669358000.0,6106868000.0,6106868000.0,0.0,0.108,0.269,-2.474,0.07,16752000.0,718003000.0,1.0,42849583,42849583,,142.519,2367084000,42987000,154228000.0,1026000,55.242,996754000
32,WCG,ART,2011-09-30,2011-11-02,2011-09-30,2019-10-30,-1827000,2819325000,2394697500.0,2410086000,409239000,2.448,23.946,-42097000.0,1787733000,1787733000,4727103000.0,205322000.0,1.683,1.751,260071000,9375000,250696000,260071000,275757000,26000000.0,0,0.0,0.0,328331000.0,354331000.0,0.06,354331000.0,328331000.0,324439000.0,4.81,4.76,4.81,1024757000,912604000.0,1024757000,737895771.0,2.0,2.083,571957000.0,13.365,1.0,1135083000.0,0.194,121410000,3892000.0,-262107000,-293184250.0,0,361655000,217033000,144622000,1794568000,1432360000,362208000,2265557771.0,696718000.0,0.0,-379000.0,143790000.0,0.0,242066000.0,-159402000.0,-117305000.0,614054000.0,0.0,205322000.0,205322000.0,205322000.0,0.0,0.0,0.035,806752000.0,328331000.0,840613000,0.0,2.211,11.034,11.006,87005000,0.0,52.94,0.386,0.386,223826000,584296000.0,5862186000.0,5862186000.0,0.0,0.086,0.225,-1.12,0.056,16788000.0,668540000.0,1.0,42794820,42794820,,136.984,2697915000,92701000,119117000.0,28222000,63.043,977726000
33,WCG,ART,2011-06-30,2011-08-03,2011-06-30,2019-10-30,-1795000,2262963000,2225649000.0,1846181000,416782000,2.564,21.908,-37830000.0,1255995000,1255995000,4677202000.0,159983000.0,1.665,1.418,0,0,0,0,66194000,25669000.0,0,0.0,0.0,257988000.0,283657000.0,0.05,283657000.0,257988000.0,257627000.0,3.76,3.73,3.76,935959000,856923750.0,935959000,558851065.0,2.0,1.97,398547000.0,9.329,1.0,1028798000.0,0.18,121793000,361000.0,-223495000,-272306250.0,0,361959000,201589000,160370000,1327004000,1108670000,218334000,1814846065.0,275731000.0,0.0,1243000.0,-2050000.0,0.0,19514000.0,-180160000.0,-142330000.0,436377000.0,0.0,159983000.0,159983000.0,159983000.0,0.0,0.0,0.028,770810000.0,257988000.0,818386000,0.0,1.939,11.344,11.298,78247000,0.0,42.48,0.318,0.318,209826000,496042000.0,5706000000.0,5706000000.0,0.0,0.072,0.187,-0.947,0.045,21060000.0,651797000.0,1.0,42722365,42722365,,133.56,2141170000,94444000,97644000.0,20708000,50.118,737511000
34,WCG,ART,2011-03-31,2011-05-06,2011-03-31,2019-10-30,-2024000,2249209000,2151358500.0,1802610000,446599000,2.584,20.151,-31996000.0,1232918000,1232918000,4615699000.0,-38488000.0,1.553,1.623,0,0,0,0,84532000,24665000.0,0,0.0,0.0,-48388000.0,-23723000.0,-0.004,-23723000.0,-48388000.0,-48684000.0,-0.92,-0.93,-0.92,857654000,811905000.0,857654000,781507714.0,-16.0,-32.943,317663000.0,7.464,1.0,943315000.0,0.17,122176000,296000.0,-266620000,-237994000.0,0,391423000,201894000,189529000,1391555000,1160735000,230820000,2014425714.0,205581000.0,0.0,-2244000.0,-1349000.0,0.0,44863000.0,-188941000.0,-156945000.0,349659000.0,0.0,-38488000.0,-38488000.0,-38488000.0,0.0,0.0,-0.007,991703000.0,-48388000.0,850432000,0.0,2.349,-52.339,-51.446,75980000,0.0,47.33,0.362,0.362,190182000,426442000.0,5559014000.0,5559014000.0,0.0,-0.018,-0.047,0.203,-0.009,18508000.0,891800000.0,1.0,42561287,42561287,,130.612,2127033000,114989000,-10196000.0,0,49.976,641875000
35,WCG,ART,2010-12-31,2011-02-16,2010-12-31,2019-10-30,-2309000,2247293000,2068446000.0,1815171000,432122000,2.63,19.573,-27516000.0,1359548000,1359548000,4536631000.0,-53400000.0,1.531,1.701,0,0,0,0,67383000,23946000.0,0,0.0,0.0,-72620000.0,-48674000.0,-0.009,-48674000.0,-72620000.0,-72849000.0,-1.26,-1.26,-1.26,832046000,818393000.0,832046000,170387296.0,-2.0,-3.501,195541000.0,4.6,1.0,903594000.0,0.166,122559000,229000.0,-420515000,-223552500.0,0,279288000,108788000,170500000,1415247000,1185701000,229546000,1529935296.0,201417000.0,0.0,-4794000.0,-1011000.0,0.0,38864000.0,-60504000.0,-32988000.0,223057000.0,0.0,-53400000.0,-53400000.0,-53400000.0,0.0,0.0,-0.01,976214000.0,-72620000.0,797879000,0.0,1.839,-28.65,-28.563,76825000,0.0,35.99,0.281,0.281,160978000,405112000.0,5440225000.0,5440225000.0,0.0,-0.026,-0.065,0.325,-0.013,14801000.0,895894000.0,1.0,42510011,42510011,,127.975,2124734000,129705000,-19449000.0,0,49.982,629470000
36,WCG,ART,2010-09-30,2010-11-04,2010-09-30,2019-10-30,-1893000,2143131000,2036234500.0,1706728000,436403000,2.804,18.855,-22362000.0,1091015000,1091015000,4821117000.0,-68398000.0,1.541,1.672,0,0,0,0,65992000,23559000.0,0,0.0,0.0,-86900000.0,-63341000.0,-0.011,-63341000.0,-86900000.0,-89626000.0,-1.63,-1.63,-1.63,802036000,830606500.0,802036000,145548526.0,-2.0,-2.298,-105963000.0,-2.491,1.0,887638000.0,0.155,122942000,2726000.0,-178595000,-204385250.0,0,244241000,72709000,171532000,1341095000,1107769000,233326000,1236563526.0,-80203000.0,0.0,-4993000.0,-935000.0,0.0,25693000.0,-22295000.0,67000.0,-83601000.0,0.0,-68398000.0,-68398000.0,-68398000.0,0.0,0.0,-0.012,974538000.0,-86900000.0,754980000,0.0,1.542,-18.079,-17.834,68534000,0.0,29.07,0.217,0.217,365260000,378975000.0,5708755000.0,5708755000.0,0.0,-0.034,-0.082,0.425,-0.015,23028000.0,950979000.0,1.0,42537445,42537445,,134.205,2020189000,125915000,-21228000.0,18362000,47.492,598959000
37,WCG,ART,2010-06-30,2010-08-09,2010-06-30,2019-10-30,-2089000,1965801000,2026650000.0,1511022000,454779000,2.955,17.787,-14752000.0,980264000,980264000,5094203000.0,-82654000.0,1.593,1.601,0,0,0,0,114000,23287000.0,0,0.0,0.0,-113883000.0,-90596000.0,-0.015,-90596000.0,-113883000.0,-116858000.0,-1.96,-1.95,-1.96,755884000,844836000.0,755884000,234317522.0,-2.0,-2.586,-51445000.0,-1.211,1.0,894024000.0,0.149,123325000,2975000.0,-86246000,-251581000.0,0,219149000,45018000,174131000,1209917000,948458000,261459000,1214581522.0,39579000.0,0.0,-3776000.0,-538000.0,0.0,4848000.0,71424000.0,86176000.0,-36693000.0,0.0,-82654000.0,-82654000.0,-82654000.0,0.0,0.0,-0.014,1007907000.0,-113883000.0,704164000,0.0,1.607,-14.695,-14.582,65299000,0.0,28.58,0.203,0.203,345657000,336059000.0,5988227000.0,5988227000.0,0.0,-0.041,-0.098,0.453,-0.019,27386000.0,984620000.0,1.0,42497604,42497604,,140.907,1842476000,115401000,-34204000.0,8204000,43.355,562564000
38,WCG,ART,2010-03-31,2010-05-06,2010-03-31,2019-10-30,-2968000,1917559000,2058539000.0,1525408000,392151000,3.128,20.844,-15172000.0,1027337000,1027337000,5475431000.0,83222000.0,1.564,1.17,0,0,0,0,143000,23353000.0,0,0.0,0.0,145316000.0,168669000.0,0.026,168669000.0,145316000.0,141181000.0,1.98,1.98,1.98,883606000,861394750.0,883606000,149427860.0,1.0,0.886,-22037000.0,-0.52,1.0,963425000.0,0.15,123709000,4135000.0,-208854000,-274359500.0,0,232944000,56818000,176126000,1033953000,975367000,58586000,1176764860.0,-107243000.0,0.0,-2074000.0,-152458000.0,0.0,-154610000.0,54232000.0,69404000.0,-6865000.0,0.0,83222000.0,83222000.0,83222000.0,0.0,0.0,0.013,818109000.0,145316000.0,756449000,0.0,1.332,14.14,14.02,67077000,0.0,27.76,0.183,0.183,305859000,464930000.0,6438856000.0,6438856000.0,0.0,0.04,0.097,-0.53,0.023,35679000.0,794756000.0,1.0,42390665,42390665,,151.893,1793850000,42854000,57959000.0,0,42.317,550041000
39,WCG,ART,2009-12-31,2010-02-18,2009-12-31,2019-10-30,-3119000,2118447000,2129536500.0,1717465000,400982000,3.23,20.803,-16078000.0,1158131000,1158131000,5862457000.0,39871000.0,1.455,1.405,0,0,0,0,90496000,23336000.0,0,0.0,0.0,99431000.0,122767000.0,0.018,122767000.0,99431000.0,93020000.0,0.95,0.95,0.95,880900000,834068500.0,880900000,23693082.0,0.0,0.193,41847000.0,0.988,1.0,1015707000.0,0.148,124092000,6411000.0,-343846000,-297820750.0,0,244982000,62722000,182260000,1237547000,1180070000,57477000,1181824082.0,-23791000.0,0.0,-1246000.0,-152800000.0,0.0,-145355000.0,63639000.0,79717000.0,57925000.0,0.0,39871000.0,39871000.0,39871000.0,0.0,0.0,0.006,916276000.0,99431000.0,845932000,0.0,1.342,29.641,29.379,61785000,0.0,27.91,0.172,0.172,363659000,458512000.0,6878164000.0,6878164000.0,0.0,0.019,0.048,-0.334,0.014,44149000.0,892940000.0,1.0,42344109,42344109,,162.435,1994355000,47619000,53149000.0,4888000,47.099,537395000
40,WCG,ART,2009-09-30,2009-11-04,2009-09-30,2019-10-30,-2056000,2104793000,2150790000.0,1693554000,411239000,3.188,20.297,-16055000.0,1171218000,1171218000,5789172000.0,-2357000.0,1.44,1.45,0,0,0,0,20708000,23107000.0,0,0.0,0.0,40883000.0,63990000.0,0.009,63990000.0,40883000.0,34428000.0,-0.07,-0.08,-0.07,858954000,815300750.0,858954000,17520659.0,0.0,0.274,179905000.0,4.251,1.0,1067148000.0,0.156,124475000,6455000.0,-367378000,-290834250.0,0,243978000,59356000,184622000,1245839000,1176478000,69361000,1188738659.0,-5065000.0,0.0,98000.0,-153600000.0,0.0,-191195000.0,-9830000.0,92767000.0,195960000.0,0.0,-2357000.0,-2357000.0,-2357000.0,0.0,0.0,0.0,1026265000.0,40883000.0,891541000,0.0,1.384,-504.344,-401.286,60098000,0.0,28.09,0.173,0.173,333195000,447373000.0,6856320000.0,6856320000.0,0.0,-0.001,-0.003,-0.141,0.006,38557000.0,924818000.0,1.0,42318927,42318927,,162.015,1980318000,36701000,36785000.0,6737000,46.795,517076000
41,WCG,ART,2009-06-30,2009-07-29,2009-06-30,2019-10-30,-3147000,2093357000,2184725500.0,1633365000,459992000,3.124,19.475,-20201000.0,940685000,940685000,5812721000.0,-49186000.0,1.355,1.546,0,0,0,0,19331000,22641000.0,0,0.0,0.0,-45921000.0,-23280000.0,-0.003,-23280000.0,-45921000.0,-54972000.0,-1.19,-1.2,-1.19,822119000,807038750.0,822119000,-1835009.0,0.0,0.079,-52721000.0,-1.249,1.0,1013386000.0,0.148,124858000,9051000.0,-177360000,-278094750.0,0,303992000,73956000,230036000,1271238000,1205174000,66064000,938849991.0,-385813000.0,0.0,-1043000.0,-153200000.0,0.0,-225975000.0,-127318000.0,-20575000.0,-32520000.0,0.0,-49186000.0,-49186000.0,-49186000.0,0.0,0.0,-0.007,1059307000.0,-45921000.0,892559000,0.0,1.142,-19.088,-18.689,63856000,0.0,22.24,0.138,0.138,475464000,418713000.0,6826107000.0,6826107000.0,0.0,-0.023,-0.061,0.165,-0.007,39081000.0,958326000.0,1.0,42214478,42214478,,161.701,1968499000,51577000,-5786000.0,49065000,46.631,428191000
42,WCG,ART,2009-03-31,2009-05-11,2009-03-31,2019-10-30,-6536000,2201549000,,1737531000,464018000,,18.339,-20824000.0,1134580000,1134580000,5685642000.0,-75086000.0,1.244,1.843,152381000,152381000,0,152381000,18643000,21912000.0,0,0.0,0.0,-82849000.0,-60937000.0,-0.009,-60937000.0,-82849000.0,-93611000.0,-1.81,-1.82,-1.81,774301000,,774301000,-190961512.0,2.0,3.134,103070000.0,2.441,1.0,994605000.0,0.149,125241000,10762000.0,-302699000,,0,299051000,73778000,225273000,1427248000,1396808000,30440000,791237488.0,-99666000.0,0.0,-1583000.0,-1600000.0,0.0,-92530000.0,-131030000.0,-23664000.0,123894000.0,0.0,-75086000.0,-75086000.0,-75086000.0,0.0,0.0,-0.011,1077454000.0,-82849000.0,925172000,0.0,1.022,-10.538,-10.354,66373000,0.0,18.74,0.118,0.118,380669000,381708000.0,6680247000.0,6680247000.0,0.0,,,,-0.012,36933000.0,977203000.0,1.0,42221851,42221851,,158.218,2076308000,43735000,-18525000.0,13047000,49.176,340723000
43,WCG,ART,2008-12-31,2009-03-16,2008-12-31,2019-10-30,-3761000,2203461000,2143096000.0,1704570000,498891000,3.043,19.08,-19559000.0,1181922000,1181922000,5530216000.0,-36833000.0,1.249,1.734,152741000,152741000,0,152741000,81197000,21324000.0,0,0.0,0.0,-41390000.0,-20066000.0,-0.003,-20066000.0,-41390000.0,-53170000.0,-0.89,-0.89,-0.89,805829000,806860000.0,805829000,-689617123.0,17.0,34.367,276868000.0,6.556,1.0,991691000.0,0.152,125624000,11780000.0,-315900000,-247374500.0,0,324423000,70112000,254311000,1397632000,1364556000,33076000,339563877.0,173513000.0,0.0,-1681000.0,-2000000.0,0.0,-31777000.0,-91137000.0,14964000.0,296427000.0,0.0,-36833000.0,-36833000.0,-36833000.0,0.0,0.0,-0.006,1033081000.0,-41390000.0,779417000,0.0,0.421,-9.219,-9.034,66588000,0.0,8.04,0.052,0.052,302892000,418641000.0,6521907000.0,6521907000.0,0.0,-0.017,-0.046,0.167,-0.006,34928000.0,933418000.0,1.0,42234313,42234313,,154.422,2077837000,43417000,-16337000.0,12187000,49.198,340014000
44,WCG,ART,2008-09-30,2009-03-02,2008-09-30,2019-10-30,-5383000,2240535000,,1673240000,567295000,,19.555,,1176283000,1176283000,5294639000.0,53493000.0,1.258,1.713,153501000,153501000,0,153501000,513000,,0,0.0,0.0,89829000.0,,,,89829000.0,76941000.0,1.3,1.27,1.3,825906000,,825906000,-704328313.0,-8.0,,,,1.0,1024124000.0,0.162,204346000,12888000.0,-316420000,,0,333184000,77290000,255894000,1414629000,1329827000,84802000,318453687.0,,,,,,,,,,,53493000.0,53493000.0,53493000.0,0.0,0.0,0.008,934295000.0,89829000.0,796506000,0.0,0.386,5.953,5.8,65618000,0.0,7.54,0.05,0.05,240265000,449730000.0,6318763000.0,6318763000.0,0.0,,,,0.014,,913517000.0,1.0,42235237,42235237,,149.609,2036189000,55054000,23448000.0,37770000,48.211,343413000
45,WCG,ART,2007-12-31,2009-01-26,2007-12-31,2019-10-30,-32000,2082731000,1873348000.0,1690942000,391789000,2.878,19.124,-22892000.0,1008409000,1008409000,4213384000.0,216236000.0,1.407,1.578,154581000,154581000,0,154581000,19838000,18757000.0,0,0.0,0.0,392003000.0,410760000.0,0.076,410760000.0,392003000.0,377968000.0,5.31,5.16,5.31,807891000,685473000.0,807891000,-272527760.0,-1.0,-0.663,254709000.0,6.029,1.0,1177408000.0,0.218,205756000,14035000.0,-178849000,-218118500.0,0,343117000,253881000,89236000,1274840000,1201996000,72844000,581300240.0,43867000.0,0.0,12834000.0,-1600000.0,0.0,-47529000.0,-186205000.0,-163313000.0,277601000.0,0.0,216236000.0,216236000.0,216236000.0,0.0,0.0,0.04,785405000.0,392003000.0,665138000,0.0,0.72,2.688,2.591,66560000,0.0,13.76,0.108,0.108,309977000,455474000.0,5390792000.0,5390792000.0,0.0,0.115,0.315,-1.797,0.073,-4371000.0,766648000.0,1.0,42245657,42245657,,127.606,1876975000,6429000,161732000.0,5985000,44.43,488946000
46,WCG,ART,2007-06-30,2007-08-03,2007-06-30,2019-10-30,28000,2294052000,1880785500.0,1947775000,346277000,2.53,16.263,-22522000.0,1473048000,1473048000,3814505000.0,179861000.0,1.373,2.382,154901000,1600000,153301000,154901000,261830000,19644000.0,0,0.0,0.0,306379000.0,326023000.0,0.069,326023000.0,306379000.0,292451000.0,4.5,4.36,4.5,678265000,585776250.0,678265000,3014276643.0,10.0,9.246,579525000.0,13.895,1.0,944416000.0,0.198,206921000,13928000.0,-649588000,-413691000.0,0,240241000,166264000,73977000,1615787000,1418572000,197215000,4332423643.0,638889000.0,-7976000.0,15025000.0,-25600000.0,0.0,79292000.0,-42450000.0,-12896000.0,602047000.0,0.0,179861000.0,179861000.0,179861000.0,0.0,0.0,0.038,638037000.0,306379000.0,660941000,0.0,6.388,24.088,23.084,63096000,0.0,103.88,0.91,0.91,167874000,348177000.0,4758921000.0,4758921000.0,0.0,0.096,0.307,-0.741,0.064,21666000.0,618393000.0,1.0,41706042,41706042,,114.106,2087131000,40531000,112590000.0,74180000,50.044,529203000
47,WCG,ART,2007-03-31,2007-05-09,2007-03-31,2019-10-30,64000,2105471000,1708106500.0,1772917000,332554000,2.501,14.606,-28197000.0,1344909000,1344909000,3437251000.0,147390000.0,1.36,2.486,155261000,1600000,153661000,155261000,232055000,18646000.0,0,0.0,0.0,253977000.0,272623000.0,0.064,272623000.0,253977000.0,239814000.0,3.71,3.61,3.71,604061000,527831250.0,604061000,2531707858.0,10.0,9.286,476860000.0,11.53,1.0,834723000.0,0.195,207602000,14163000.0,-595694000,-309294500.0,0,212082000,151143000,60939000,1501410000,1303915000,197495000,3721355858.0,555179000.0,-7976000.0,14799000.0,-25600000.0,0.0,98973000.0,-48851000.0,-12678000.0,505057000.0,0.0,147390000.0,147390000.0,147390000.0,0.0,0.0,0.035,580746000.0,253977000.0,600012000,0.0,6.161,25.248,24.253,62484000,0.0,89.98,0.871,0.871,168960000,293532000.0,4271974000.0,4271974000.0,0.0,0.086,0.279,-0.821,0.059,20069000.0,562100000.0,1.0,41357589,41357589,,103.294,1897869000,31724000,92424000.0,58050000,45.889,469002000
48,WCG,ART,2006-12-31,2007-02-16,2006-12-31,2019-10-30,-356000,1663965000,1547396750.0,1338414000,325551000,2.432,13.752,-35540000.0,964542000,964542000,3012163000.0,139187000.0,1.48,1.955,155621000,1600000,154021000,155621000,23806000,17170000.0,0,0.0,0.0,240785000.0,257955000.0,0.069,257955000.0,240785000.0,226698000.0,3.54,3.43,3.54,563055000,480363250.0,563055000,2415453178.0,10.0,9.364,477114000.0,11.653,1.0,750763000.0,0.2,208325000,14087000.0,-257388000,-215889750.0,0,179804000,126422000,53382000,1100910000,904107000,196803000,3224374178.0,542776000.0,-7976000.0,30273000.0,-25600000.0,0.0,121974000.0,-91852000.0,-48336000.0,512654000.0,0.0,139187000.0,139187000.0,139187000.0,0.0,0.0,0.037,509978000.0,240785000.0,577672000,0.0,5.727,23.166,22.246,62005000,0.0,78.75,0.857,0.857,143367000,268559000.0,3762926000.0,3762926000.0,0.0,0.09,0.29,-1.115,0.064,20199000.0,492808000.0,1.0,40944434,40944434,,91.903,1455640000,16576000,87511000.0,49582000,35.552,434307000
49,WCG,ART,2006-09-30,2006-11-03,2006-09-30,2019-10-30,67000,1459654000,1353277750.0,1142999000,316655000,2.293,12.22,-35701000.0,788908000,788908000,2512196000.0,93062000.0,1.478,1.933,155981000,1600000,154381000,155981000,10618000,15569000.0,0,0.0,0.0,166276000.0,181845000.0,0.059,181845000.0,166276000.0,152433000.0,2.37,2.3,2.37,497724000,432130500.0,497724000,1774198152.0,11.0,9.757,207829000.0,5.103,1.0,591088000.0,0.19,205589000,13843000.0,-152094000,-126469000.0,0,184119000,131125000,52994000,961930000,773232000,188698000,2407125152.0,352824000.0,0.0,30034000.0,-25600000.0,0.0,117985000.0,-8691000.0,30903000.0,243530000.0,0.0,93062000.0,93062000.0,93062000.0,0.0,0.0,0.03,424812000.0,166276000.0,554562000,0.0,4.836,25.866,24.937,56028000,0.0,59.1,0.776,0.776,137327000,211596000.0,3103284000.0,3103284000.0,0.0,0.069,0.215,-1.315,0.054,17995000.0,409243000.0,1.0,40729698,40729698,,76.192,1254065000,17377000,59371000.0,35855000,30.79,369767000
50,WCG,ART,2006-06-30,2006-08-04,2006-06-30,2019-10-30,0,1603336000,1231301000.0,1292979000,310357000,2.104,10.994,-38970000.0,834159000,834159000,2105427000.0,66076000.0,1.324,2.591,181341000,26600000,154741000,181341000,161921000,11458000.0,0,0.0,0.0,122312000.0,133770000.0,0.052,133770000.0,122312000.0,108463000.0,1.71,1.65,1.71,446485000,396001500.0,446485000,1364430306.0,11.0,10.2,343030000.0,8.446,1.0,484751000.0,0.187,206100000,13849000.0,-232002000,-65597750.0,0,227345000,178842000,48503000,1156851000,976420000,180431000,2017248306.0,580664000.0,-1000000.0,27714000.0,-1600000.0,0.0,253004000.0,-54340000.0,-13426000.0,382000000.0,0.0,66076000.0,66076000.0,66076000.0,0.0,0.0,0.026,362439000.0,122312000.0,478812000,0.0,4.518,30.529,29.047,53545000,0.0,49.67,0.779,0.779,203547000,168315000.0,2590178000.0,2590178000.0,0.0,0.054,0.167,-1.865,0.047,15203000.0,350981000.0,1.0,40613012,40613012,,63.777,1397236000,27355000,42387000.0,31581000,34.404,316559000
51,WCG,ART,2006-03-31,2006-05-09,2006-03-31,2019-10-30,0,1462632000,1027648750.0,1156462000,306170000,2.132,10.242,-38510000.0,789730000,789730000,1766267000.0,58056000.0,1.329,2.531,181701000,26600000,155101000,181701000,205990000,10252000.0,0,0.0,0.0,109016000.0,119268000.0,0.054,119268000.0,109016000.0,95275000.0,1.53,1.46,1.53,414189000,368181250.0,414189000,1191618774.0,11.0,9.991,224220000.0,5.544,1.0,424776000.0,0.194,206302000,13741000.0,-222075000,56204000.0,0,199404000,147755000,51649000,1048443000,870376000,178067000,1799647774.0,448985000.0,-5931000.0,24163000.0,-1600000.0,0.0,224828000.0,-38573000.0,5868000.0,262730000.0,0.0,58056000.0,58056000.0,58056000.0,0.0,0.0,0.026,315760000.0,109016000.0,353157000,0.0,4.345,30.998,29.085,44206000,0.0,44.5,0.821,0.821,154464000,146138000.0,2191043000.0,2191043000.0,0.0,0.056,0.158,1.94,0.05,10990000.0,305508000.0,1.0,40441523,40441523,,54.178,1256330000,37971000,37219000.0,42557000,31.065,286086000
52,WCG,ART,2005-12-31,2006-02-14,2005-12-31,2019-10-30,21000,887489000,870328000.0,605457000,282032000,2.16,9.37,-28943000.0,421766000,421766000,1512109000.0,51928000.0,1.781,1.398,182061000,26600000,155461000,182061000,12606000,9204000.0,0,0.0,0.0,98735000.0,107939000.0,0.057,107939000.0,98735000.0,85173000.0,1.38,1.32,1.38,370124000,344731000.0,370124000,1399505824.0,14.0,12.966,52504000.0,1.329,1.0,367430000.0,0.195,207447000,13562000.0,100295000,151139750.0,0,131468000,94160000,37308000,517365000,340042000,177323000,1639210824.0,24139000.0,-5931000.0,3622000.0,-1600000.0,0.0,2022000.0,-59330000.0,-24456000.0,81447000.0,0.0,51928000.0,51928000.0,51928000.0,0.0,0.0,0.028,268695000.0,98735000.0,299576000,0.0,4.429,31.567,30.072,37057000,0.0,41.5,0.872,0.872,47567000,129372000.0,1879539000.0,1879539000.0,0.0,0.06,0.151,0.653,0.053,5959000.0,259491000.0,1.0,39499056,39499056,,47.584,680042000,22928000,33245000.0,17837000,17.217,265415000
53,WCG,ART,2005-09-30,2005-11-02,2005-09-30,2019-10-30,17000,971747000,848214750.0,696882000,274865000,2.081,9.004,-23737000.0,436084000,436084000,1420445000.0,58788000.0,1.667,1.751,182421000,1600000,180821000,182421000,138252000,8490000.0,0,0.0,0.0,110173000.0,118663000.0,0.067,118663000.0,110173000.0,96633000.0,1.62,1.53,1.62,353208000,329357750.0,353208000,1132253796.0,10.0,9.542,171758000.0,4.378,1.0,344859000.0,0.195,208633000,13540000.0,91391000,147930250.0,0,214998000,178403000,36595000,618539000,418060000,200479000,1385916796.0,170659000.0,-5931000.0,46204000.0,-1600000.0,0.0,44604000.0,-69440000.0,-39772000.0,195495000.0,0.0,58788000.0,58788000.0,58788000.0,0.0,0.0,0.033,234686000.0,110173000.0,274900000,0.0,3.924,23.575,21.809,29526000,0.0,35.33,0.785,0.785,56167000,118533000.0,1765304000.0,1765304000.0,0.0,0.069,0.178,0.745,0.062,3029000.0,226196000.0,1.0,39227761,39227761,,45.001,763114000,19195000,37845000.0,19418000,19.453,278822000
54,WCG,ART,2005-06-30,2005-08-04,2005-06-30,2019-10-30,15000,788727000,787649500.0,521625000,267102000,2.088,8.559,-18901000.0,253495000,253495000,1321071000.0,59286000.0,2.053,1.353,182781000,1600000,181181000,182781000,233000,8120000.0,0,0.0,0.0,109616000.0,117736000.0,0.072,117736000.0,109616000.0,96791000.0,1.67,1.57,1.67,335204000,302421250.0,335204000,1454674022.0,13.0,12.355,37674000.0,0.962,1.0,323422000.0,0.197,208753000,12825000.0,255205000,161570500.0,0,213895000,178090000,35805000,453523000,254055000,199468000,1525388022.0,38235000.0,-4931000.0,158320000.0,-4841000.0,0.0,153479000.0,-171819000.0,-147987000.0,56575000.0,0.0,59286000.0,59286000.0,59286000.0,0.0,0.0,0.036,213806000.0,109616000.0,252222000,0.0,4.551,25.729,23.323,22408000,0.0,38.95,0.928,0.928,64241000,102237000.0,1644493000.0,1644493000.0,0.0,0.075,0.196,0.678,0.067,1893000.0,205686000.0,1.0,39162722,39162722,,41.991,579974000,21661000,37505000.0,16665000,14.809,267570000
55,WCG,ART,2005-03-31,2005-05-10,2005-03-31,2019-10-30,4000,833349000,726823500.0,582660000,250689000,2.081,8.263,-10003000.0,340745000,340745000,1219051000.0,54068000.0,1.861,1.601,183141000,1600000,181541000,183141000,64453000,8098000.0,0,0.0,0.0,97784000.0,105882000.0,0.07,105882000.0,97784000.0,86679000.0,1.55,1.44,1.55,320388000,247557750.0,320388000,1137454013.0,12.0,10.743,106220000.0,2.739,1.0,293197000.0,0.194,204988000,11105000.0,157668000,116647000.0,0,205248000,173746000,31502000,512961000,313089000,199872000,1295058013.0,141946000.0,-36542000.0,157548000.0,53558000.0,0.0,211773000.0,-186050000.0,-139505000.0,116223000.0,0.0,52467000.0,52467000.0,52467000.0,0.0,1601000.0,0.035,193812000.0,99385000.0,241405000,0.0,4.042,24.683,21.548,13943000,0.0,33.4,0.856,0.856,44534000,88084000.0,1512248000.0,1512248000.0,0.0,0.072,0.212,0.838,0.065,2503000.0,185714000.0,1.0,38774192,38774192,,39.001,628361000,18123000,34212000.0,21219000,16.206,269571000
56,WCG,ART,2004-12-31,2005-02-15,2004-12-31,2019-10-30,-3000,799036000,636571250.0,548408000,250628000,2.192,7.992,-8679000.0,397627000,397627000,1125560000.0,49250000.0,1.884,1.589,183501000,1600000,181901000,183501000,63449000,7715000.0,0,0.0,0.0,90671000.0,98386000.0,0.071,98386000.0,90671000.0,80506000.0,1.7,1.56,1.7,308631000,193875500.0,308631000,1124810470.0,12.0,11.433,40083000.0,1.038,1.0,269643000.0,0.193,206289000,10165000.0,87457000,67560750.0,0,106988000,75515000,31473000,490405000,291164000,199241000,1338936470.0,160306000.0,-36542000.0,157548000.0,50367000.0,0.0,208010000.0,-96466000.0,-51245000.0,48762000.0,0.0,49250000.0,49250000.0,49250000.0,0.0,0.0,0.035,178972000.0,90671000.0,226115000,0.0,4.338,27.187,20.394,12587000,0.0,34.67,0.96,0.96,52170000,77444000.0,1395203000.0,1395203000.0,0.0,0.077,0.254,1.342,0.065,2044000.0,171257000.0,1.0,38619454,38619454,,36.127,592747000,16977000,31256000.0,14818000,15.348,257244000
57,WCG,ART,2004-09-30,2004-11-05,2004-09-30,2019-10-30,-6000,729486000,,483105000,246381000,,6.622,,265425000,265425000,,,1.642,1.972,183861000,1600000,182261000,183861000,66693000,,0,0.0,0.0,,,,,,,,,,245462000,,245462000,906327249.0,,,,,1.0,,,207769000,,145952000,,0,175223000,144820000,30403000,484024000,294201000,189823000,987891249.0,,,,,,,,,,,,,,,,,,,211207000,,4.025,,,7841000,,26.65,,,50312000,59745000.0,,,,,,,,,,1.0,37069090,37069090,,,521717000,15397000,,20829000,14.074,188904000
58,WCG,ART,2004-06-30,2004-08-13,2004-06-30,2019-10-30,-1000,545423000,,308563000,236860000,,3.123,,215260000,215260000,,,1.299,3.712,187462000,1594000,185868000,187462000,26861000,,0,0.0,0.0,,,,,,,,,,115750000,,115750000,677256092.0,,,,,1.0,,,204538000,,75511000,,0,39056000,39056000,0,429673000,237576000,192097000,705054092.0,,,,,,,,,,,,,,,,,,,209121000,,6.091,,,5175000,,19.02,,,31219000,42952000.0,,,,,,,,,,1.0,37069090,37069090,,,340885000,12768000,,4806000,9.196,70987000
59,WCG,ART,2004-03-31,2004-06-08,2004-03-31,2019-10-30,1000,472340000,,270827000,201513000,,2.89,,199098000,199098000,,,0.988,3.47,132442000,44672000,87770000,132442000,52033000,,0,,0.0,,,,,,,,,,105659000,,105659000,,,,,,1.0,,,170223000,,-38677000,,0,38930000,38930000,0,366681000,274138000,92543000,,,,,,,,,,,,,,,,,,,,173558000,,,,,4752000,,,,,16723000,34016000.0,,,,,,,,,,1.0,36561314,36561314,,,302117000,11977000,,8130000,8.263,-3311000
