None,ticker,dimension,calendardate,datekey,reportperiod,lastupdated,accoci,assets,assetsavg,assetsc,assetsnc,assetturnover,bvps,capex,cashneq,cashnequsd,cor,consolinc,currentratio,de,debt,debtc,debtnc,debtusd,deferredrev,depamor,deposits,divyield,dps,ebit,ebitda,ebitdamargin,ebitdausd,ebitusd,ebt,eps,epsdil,epsusd,equity,equityavg,equityusd,ev,evebit,evebitda,fcf,fcfps,fxusd,gp,grossmargin,intangibles,intexp,invcap,invcapavg,inventory,investments,investmentsc,investmentsnc,liabilities,liabilitiesc,liabilitiesnc,marketcap,ncf,ncfbus,ncfcommon,ncfdebt,ncfdiv,ncff,ncfi,ncfinv,ncfo,ncfx,netinc,netinccmn,netinccmnusd,netincdis,netincnci,netmargin,opex,opinc,payables,payoutratio,pb,pe,pe1,ppnenet,prefdivis,price,ps,ps1,receivables,retearn,revenue,revenueusd,rnd,roa,roe,roic,ros,sbcomp,sgna,sharefactor,sharesbas,shareswa,shareswadil,sps,tangibles,taxassets,taxexp,taxliabilities,tbvps,workingcapital
0,LVLT,MRY,2016-12-31,2016-12-31,2016-12-31,2020-09-16,-387000000.0,24888000000.0,24801750000.0,2653000000.0,22235000000.0,0.329,30.447,-1331000000.0,1819000000.0,1819000000.0,2725000000.0,677000000.0,1.804,1.28,10884000000.0,7000000.0,10877000000.0,10884000000.0,1267000000.0,1250000000.0,0.0,0.0,0.0,1388000000.0,2638000000.0,0.323,2638000000.0,1388000000.0,842000000.0,1.89,1.87,1.89,10917000000.0,10620750000.0,10917000000.0,29598402025.0,21.0,11.22,1012000000.0,2.822,1.0,5447000000.0,0.667,8644000000.0,546000000.0,23838000000.0,24057250000.0,0.0,38000000.0,7000000.0,31000000.0,13971000000.0,1471000000.0,12500000000.0,20285402025.0,965000000.0,0.0,0.0,-56000000.0,0.0,-56000000.0,-1319000000.0,12000000.0,2343000000.0,-3000000.0,677000000.0,677000000.0,677000000.0,0.0,0.0,0.083,4003000000.0,1444000000.0,706000000.0,0.0,1.858,29.964,29.82,10139000000.0,0.0,56.36,2.482,2.473,712000000.0,-8500000000.0,8172000000.0,8172000000.0,0.0,0.027,0.064,0.058,0.17,156000000.0,2753000000.0,1.0,359925515.0,358559000.0,361472000.0,22.791,16244000000.0,3370000000.0,165000000.0,0.0,45.304,1182000000.0
1,LVLT,MRY,2015-12-31,2015-12-31,2015-12-31,2020-09-16,-301000000.0,24017000000.0,21771750000.0,1730000000.0,22287000000.0,0.378,28.654,-1225000000.0,854000000.0,854000000.0,2833000000.0,3433000000.0,1.222,1.372,10881000000.0,15000000.0,10866000000.0,10881000000.0,1244000000.0,1166000000.0,0.0,0.0,0.0,925000000.0,2091000000.0,0.254,2091000000.0,925000000.0,283000000.0,9.71,9.58,9.71,10126000000.0,7610000000.0,10126000000.0,29688679556.0,32.0,14.198,630000000.0,1.783,1.0,5396000000.0,0.656,8876000000.0,642000000.0,23752000000.0,21544000000.0,0.0,50000000.0,8000000.0,42000000.0,13891000000.0,1416000000.0,12475000000.0,19366679556.0,274000000.0,-83000000.0,0.0,-219000000.0,0.0,-219000000.0,-1344000000.0,-22000000.0,1855000000.0,-18000000.0,3433000000.0,3433000000.0,3433000000.0,0.0,0.0,0.417,4065000000.0,1331000000.0,629000000.0,0.0,1.913,5.641,5.598,9878000000.0,0.0,54.36,2.353,2.334,757000000.0,-9219000000.0,8229000000.0,8229000000.0,0.0,0.158,0.451,0.043,0.112,141000000.0,2899000000.0,1.0,356267100.0,353385000.0,358593000.0,23.286,15141000000.0,3441000000.0,-3150000000.0,0.0,42.846,314000000.0
2,LVLT,MRY,2014-12-31,2014-12-31,2014-12-31,2020-09-16,-147000000.0,20947000000.0,15211750000.0,1481000000.0,19466000000.0,0.446,25.009,-907000000.0,580000000.0,580000000.0,2529000000.0,314000000.0,0.777,2.292,11333000000.0,349000000.0,10984000000.0,11333000000.0,1208000000.0,808000000.0,0.0,0.0,0.0,892000000.0,1700000000.0,0.251,1700000000.0,892000000.0,238000000.0,1.23,1.21,1.23,6363000000.0,2822000000.0,6363000000.0,25218765488.0,28.0,14.835,254000000.0,0.998,1.0,4248000000.0,0.627,9103000000.0,654000000.0,20691000000.0,17757000000.0,0.0,27000000.0,7000000.0,20000000.0,14584000000.0,1906000000.0,12678000000.0,16589765488.0,-51000000.0,-167000000.0,0.0,-82000000.0,0.0,-82000000.0,-1086000000.0,-10000000.0,1161000000.0,-44000000.0,314000000.0,314000000.0,314000000.0,0.0,0.0,0.046,3235000000.0,1013000000.0,664000000.0,0.0,2.607,52.834,40.146,9860000000.0,0.0,49.38,2.448,1.854,737000000.0,-12652000000.0,6777000000.0,6777000000.0,0.0,0.021,0.111,0.05,0.132,73000000.0,2427000000.0,1.0,335961229.0,254428000.0,258483000.0,26.636,11844000000.0,300000000.0,-76000000.0,0.0,46.551,-425000000.0
3,LVLT,MRY,2013-12-31,2013-12-31,2013-12-31,2020-09-16,36000000.0,12874000000.0,12868250000.0,1454000000.0,11420000000.0,0.491,6.345,-760000000.0,631000000.0,631000000.0,2471000000.0,-109000000.0,1.006,8.124,8362000000.0,31000000.0,8331000000.0,8362000000.0,1159000000.0,800000000.0,0.0,0.0,0.0,578000000.0,1378000000.0,0.218,1378000000.0,578000000.0,-71000000.0,-0.49,-0.49,-0.49,1411000000.0,1193500000.0,1411000000.0,15467996890.0,27.0,11.225,-47000000.0,-0.211,1.0,3842000000.0,0.609,2782000000.0,649000000.0,16377000000.0,16522250000.0,0.0,30000000.0,7000000.0,23000000.0,11463000000.0,1446000000.0,10017000000.0,7416996890.0,-348000000.0,0.0,0.0,-294000000.0,0.0,-294000000.0,-745000000.0,0.0,713000000.0,-22000000.0,-109000000.0,-109000000.0,-109000000.0,0.0,0.0,-0.017,3176000000.0,666000000.0,625000000.0,0.0,5.257,-68.046,-67.694,8240000000.0,0.0,33.17,1.175,1.168,673000000.0,-12966000000.0,6313000000.0,6313000000.0,0.0,-0.008,-0.091,0.035,0.092,151000000.0,2376000000.0,1.0,223605574.0,222368000.0,222368000.0,28.39,10092000000.0,0.0,38000000.0,0.0,45.384,8000000.0
4,LVLT,MRY,2012-12-31,2012-12-31,2012-12-31,2020-09-16,26000000.0,13307000000.0,13136000000.0,1842000000.0,11465000000.0,0.485,5.438,-743000000.0,979000000.0,979000000.0,2602000000.0,-422000000.0,1.022,10.364,8732000000.0,216000000.0,8516000000.0,8732000000.0,1138000000.0,749000000.0,0.0,0.0,0.0,359000000.0,1108000000.0,0.174,1108000000.0,359000000.0,-374000000.0,-1.96,-1.96,-1.96,1171000000.0,1224500000.0,1171000000.0,12951727052.0,36.0,11.689,-165000000.0,-0.766,1.0,3774000000.0,0.592,2833000000.0,733000000.0,16425000000.0,16379000000.0,0.0,43000000.0,8000000.0,35000000.0,12136000000.0,1802000000.0,10334000000.0,5035727052.0,61000000.0,0.0,5000000.0,202000000.0,0.0,207000000.0,-725000000.0,0.0,578000000.0,1000000.0,-422000000.0,-422000000.0,-422000000.0,0.0,0.0,-0.066,3199000000.0,575000000.0,779000000.0,0.0,4.3,-11.933,-11.791,8199000000.0,0.0,23.11,0.79,0.781,714000000.0,-12857000000.0,6376000000.0,6376000000.0,0.0,-0.032,-0.345,0.022,0.056,135000000.0,2450000000.0,1.0,217902512.0,215356000.0,215356000.0,29.607,10474000000.0,0.0,48000000.0,0.0,48.636,40000000.0
5,LVLT,MRY,2011-12-31,2011-12-31,2011-12-31,2020-09-16,-80000000.0,13188000000.0,10026500000.0,1707000000.0,11481000000.0,0.432,8.697,-494000000.0,918000000.0,918000000.0,1706000000.0,-756000000.0,1.03,10.054,8450000000.0,65000000.0,8385000000.0,8450000000.0,1149000000.0,805000000.0,0.0,0.0,0.0,1000000.0,806000000.0,0.186,806000000.0,1000000.0,-715000000.0,-5.51,-5.51,-5.51,1193000000.0,-6750000.0,1193000000.0,10751957512.0,10752.0,13.34,-110000000.0,-0.802,1.0,2627000000.0,0.606,2899000000.0,716000000.0,16163000000.0,13430500000.0,0.0,61000000.0,10000000.0,51000000.0,11995000000.0,1658000000.0,10337000000.0,3527957512.0,302000000.0,146000000.0,0.0,261000000.0,0.0,261000000.0,-343000000.0,0.0,384000000.0,0.0,-756000000.0,-756000000.0,-756000000.0,-71000000.0,0.0,-0.174,2575000000.0,52000000.0,747000000.0,0.0,2.957,-4.667,-3.083,8136000000.0,0.0,16.99,0.814,0.538,648000000.0,-12435000000.0,4333000000.0,4333000000.0,0.0,-0.075,112.0,0.0,0.0,101000000.0,1770000000.0,1.0,207649059.0,137176000.0,137176000.0,31.587,10289000000.0,0.0,41000000.0,0.0,75.006,49000000.0
6,LVLT,MRY,2010-12-31,2010-12-31,2010-12-31,2020-09-16,-98000000.0,8355000000.0,8418250000.0,972000000.0,7383000000.0,0.427,-1.419,-431000000.0,616000000.0,616000000.0,1434000000.0,-622000000.0,1.017,-54.217,6448000000.0,180000000.0,6268000000.0,6448000000.0,887000000.0,870000000.0,0.0,0.0,0.0,-127000000.0,743000000.0,0.207,743000000.0,-127000000.0,-713000000.0,-5.62,-5.62,-5.62,-157000000.0,-1750000.0,-157000000.0,7528908538.0,-59.0,10.133,-92000000.0,-0.831,1.0,2157000000.0,0.601,1798000000.0,586000000.0,11433000000.0,11560500000.0,0.0,51000000.0,2000000.0,49000000.0,8512000000.0,956000000.0,7556000000.0,1635908538.0,-220000000.0,0.0,0.0,-122000000.0,0.0,-122000000.0,-429000000.0,0.0,339000000.0,-8000000.0,-622000000.0,-622000000.0,-622000000.0,1000000.0,0.0,-0.173,2245000000.0,-88000000.0,326000000.0,0.0,-10.42,-2.63,-2.616,5285000000.0,0.0,14.7,0.456,0.453,259000000.0,-11679000000.0,3591000000.0,3591000000.0,0.0,-0.074,355.429,-0.011,-0.035,67000000.0,1373000000.0,1.0,111286295.0,110680000.0,110680000.0,32.445,6557000000.0,0.0,-91000000.0,0.0,59.243,16000000.0
7,LVLT,MRY,2009-12-31,2009-12-31,2009-12-31,2020-09-16,-5000000.0,9062000000.0,9163250000.0,1259000000.0,7803000000.0,0.403,4.51,-307000000.0,836000000.0,836000000.0,1499000000.0,-618000000.0,0.829,17.456,6460000000.0,705000000.0,5755000000.0,6460000000.0,902000000.0,906000000.0,0.0,0.0,0.0,-22000000.0,884000000.0,0.239,884000000.0,-22000000.0,-617000000.0,-5.68,-5.68,-5.68,491000000.0,709750000.0,491000000.0,8236981572.0,-374.0,9.318,50000000.0,0.459,1.0,2196000000.0,0.594,1896000000.0,595000000.0,11271000000.0,11774500000.0,0.0,125000000.0,3000000.0,122000000.0,8571000000.0,1519000000.0,7052000000.0,2508981572.0,68000000.0,0.0,0.0,16000000.0,0.0,16000000.0,-307000000.0,0.0,357000000.0,2000000.0,-618000000.0,-618000000.0,-618000000.0,-6000000.0,0.0,-0.167,2252000000.0,-56000000.0,364000000.0,0.0,5.11,-4.06,-4.04,5687000000.0,0.0,22.95,0.679,0.676,323000000.0,-11057000000.0,3695000000.0,3695000000.0,0.0,-0.067,-0.871,-0.002,-0.006,59000000.0,1337000000.0,1.0,109323816.0,108870000.0,108870000.0,33.94,7166000000.0,0.0,1000000.0,0.0,65.822,-260000000.0
8,LVLT,MRY,2008-12-31,2008-12-31,2008-12-31,2020-09-16,-51000000.0,9634000000.0,9846250000.0,1242000000.0,8392000000.0,0.437,9.785,-446000000.0,768000000.0,768000000.0,1809000000.0,-318000000.0,1.181,8.436,6431000000.0,186000000.0,6245000000.0,6431000000.0,887000000.0,931000000.0,0.0,0.0,0.0,258000000.0,1189000000.0,0.276,1189000000.0,258000000.0,-312000000.0,-3.0,-3.0,-3.0,1021000000.0,932500000.0,1021000000.0,7308794143.0,28.0,6.147,-33000000.0,-0.316,1.0,2492000000.0,0.579,1991000000.0,570000000.0,12254000000.0,12936000000.0,0.0,130000000.0,3000000.0,127000000.0,8613000000.0,1052000000.0,7561000000.0,1127794143.0,54000000.0,124000000.0,0.0,-36000000.0,0.0,-34000000.0,-321000000.0,4000000.0,413000000.0,-4000000.0,-318000000.0,-318000000.0,-318000000.0,0.0,0.0,-0.074,2461000000.0,31000000.0,365000000.0,0.0,1.105,-3.547,-3.5,6159000000.0,0.0,10.5,0.262,0.255,390000000.0,-10439000000.0,4301000000.0,4301000000.0,0.0,-0.032,-0.341,0.02,0.06,78000000.0,1505000000.0,1.0,107408966.0,104338283.0,104338283.0,41.222,7643000000.0,0.0,6000000.0,0.0,73.252,190000000.0
9,LVLT,MRY,2007-12-31,2007-12-31,2007-12-31,2020-09-16,104000000.0,10254000000.0,10428000000.0,1225000000.0,9029000000.0,0.409,10.575,-628000000.0,714000000.0,714000000.0,1833000000.0,-1146000000.0,1.26,8.583,6864000000.0,32000000.0,6832000000.0,6864000000.0,938000000.0,942000000.0,0.0,0.0,0.0,-559000000.0,383000000.0,0.09,383000000.0,-559000000.0,-1168000000.0,-11.399,-11.399,-11.399,1070000000.0,1249000000.0,1070000000.0,10894073961.0,-19.0,28.444,-397000000.0,-3.924,1.0,2436000000.0,0.571,2101000000.0,609000000.0,13331000000.0,13426250000.0,0.0,136000000.0,19000000.0,117000000.0,9184000000.0,972000000.0,8212000000.0,4672073961.0,-967000000.0,-676000000.0,26000000.0,-269000000.0,0.0,-243000000.0,-961000000.0,345000000.0,231000000.0,6000000.0,-1146000000.0,-1146000000.0,-1146000000.0,0.0,0.0,-0.268,2677000000.0,-241000000.0,396000000.0,0.0,4.366,-4.077,-4.0,6669000000.0,0.0,45.6,1.094,1.081,404000000.0,-10053000000.0,4269000000.0,4269000000.0,0.0,-0.11,-0.918,-0.042,-0.131,122000000.0,1723000000.0,1.0,102457762.0,101179459.0,101179459.0,42.192,8153000000.0,0.0,-22000000.0,0.0,80.58,253000000.0
10,LVLT,MRY,2006-12-31,2006-12-31,2006-12-31,2020-09-16,-4000000.0,9994000000.0,9343000000.0,2389000000.0,7605000000.0,0.362,5.592,-385000000.0,1681000000.0,1681000000.0,1517000000.0,-744000000.0,2.611,25.722,7362000000.0,5000000.0,7357000000.0,7362000000.0,895000000.0,730000000.0,0.0,0.0,0.0,-94000000.0,636000000.0,0.188,636000000.0,-94000000.0,-742000000.0,-11.099,-11.099,-11.099,374000000.0,89250000.0,374000000.0,12440989892.0,-132.0,19.561,-184000000.0,-2.751,1.0,1861000000.0,0.551,919000000.0,648000000.0,13841000000.0,12983500000.0,0.0,371000000.0,281000000.0,90000000.0,9620000000.0,915000000.0,8705000000.0,6589989892.0,1229000000.0,-424000000.0,543000000.0,1146000000.0,0.0,1689000000.0,-648000000.0,161000000.0,201000000.0,10000000.0,-744000000.0,-744000000.0,-744000000.0,-46000000.0,0.0,-0.22,2001000000.0,-140000000.0,391000000.0,0.0,17.62,-8.858,-7.568,6468000000.0,0.0,84.0,1.951,1.663,326000000.0,-8939000000.0,3378000000.0,3378000000.0,0.0,-0.08,-8.336,-0.007,-0.028,84000000.0,1258000000.0,1.0,78452261.0,66887011.0,66887011.0,50.503,9075000000.0,0.0,2000000.0,0.0,135.677,1474000000.0
11,LVLT,MRY,2005-12-31,2005-12-31,2005-12-31,2020-09-16,-51000000.0,8277000000.0,7672250000.0,1670000000.0,6607000000.0,0.224,-10.181,-289000000.0,379000000.0,379000000.0,516000000.0,-638000000.0,1.174,-18.389,6023000000.0,0.0,6023000000.0,6023000000.0,936000000.0,647000000.0,0.0,0.0,0.0,-103000000.0,544000000.0,0.316,544000000.0,-103000000.0,-633000000.0,-13.649,-13.649,-13.649,-476000000.0,-447250000.0,-476000000.0,7542708571.0,-73.0,13.865,-412000000.0,-8.812,1.0,1203000000.0,0.7,291000000.0,530000000.0,12207000000.0,11519250000.0,0.0,519000000.0,210000000.0,309000000.0,8753000000.0,1423000000.0,7330000000.0,2012708571.0,9000000.0,-284000000.0,0.0,813000000.0,0.0,813000000.0,-641000000.0,-64000000.0,-123000000.0,-17000000.0,-638000000.0,-638000000.0,-638000000.0,-69000000.0,0.0,-0.371,1439000000.0,-236000000.0,367000000.0,0.0,-4.228,-3.155,-3.154,5632000000.0,0.0,43.05,1.171,1.171,392000000.0,-8192000000.0,1719000000.0,1719000000.0,0.0,-0.083,1.426,-0.009,-0.06,51000000.0,769000000.0,1.0,46752812.0,46752812.0,,36.768,7986000000.0,0.0,5000000.0,0.0,170.813,247000000.0
12,LVLT,MRY,2004-12-31,2004-12-31,2004-12-31,2020-09-16,19000000.0,7544000000.0,7644750000.0,1402000000.0,6142000000.0,0.232,-3.436,-253000000.0,443000000.0,443000000.0,503000000.0,-458000000.0,1.077,-49.051,5210000000.0,143000000.0,5067000000.0,5210000000.0,1093000000.0,671000000.0,0.0,0.0,0.0,28000000.0,699000000.0,0.394,699000000.0,28000000.0,-457000000.0,-10.049,-10.049,-10.049,-157000000.0,-74750000.0,-157000000.0,6917772784.0,247.0,9.897,-317000000.0,-6.937,1.0,1273000000.0,0.717,457000000.0,485000000.0,10552000000.0,10471250000.0,0.0,454000000.0,273000000.0,181000000.0,7701000000.0,1302000000.0,6399000000.0,2323772784.0,-686000000.0,-21000000.0,0.0,-42000000.0,0.0,-42000000.0,-593000000.0,-340000000.0,-64000000.0,18000000.0,-458000000.0,-458000000.0,-458000000.0,-20000000.0,0.0,-0.258,1507000000.0,-234000000.0,600000000.0,0.0,-14.801,-5.074,-5.06,5375000000.0,0.0,50.85,1.308,1.308,541000000.0,-7554000000.0,1776000000.0,1776000000.0,0.0,-0.06,6.127,0.003,0.016,43000000.0,822000000.0,1.0,45698580.0,45698580.0,,38.863,7087000000.0,0.0,1000000.0,0.0,155.081,100000000.0
13,LVLT,MRY,2003-12-31,2003-12-31,2003-12-31,2020-09-16,-90000000.0,8302000000.0,8626750000.0,1955000000.0,6347000000.0,0.458,4.01,-96000000.0,1264000000.0,1264000000.0,2206000000.0,-711000000.0,1.385,44.867,5375000000.0,125000000.0,5250000000.0,5375000000.0,1143000000.0,813000000.0,0.0,0.0,0.0,-194000000.0,619000000.0,0.157,619000000.0,-194000000.0,-761000000.0,-18.899,-18.899,-18.899,181000000.0,145250000.0,181000000.0,8078932362.0,-42.0,13.052,-55000000.0,-1.219,1.0,1741000000.0,0.441,459000000.0,567000000.0,10542000000.0,11081750000.0,0.0,42000000.0,42000000.0,0.0,8121000000.0,1412000000.0,6709000000.0,3858932362.0,-13000000.0,-63000000.0,3000000.0,76000000.0,0.0,79000000.0,-152000000.0,7000000.0,41000000.0,8000000.0,-711000000.0,-711000000.0,-711000000.0,12000000.0,0.0,-0.18,1880000000.0,-139000000.0,651000000.0,0.0,21.32,-5.427,-4.524,5727000000.0,0.0,85.5,0.978,0.978,570000000.0,-7096000000.0,3947000000.0,3947000000.0,0.0,-0.082,-4.895,-0.018,-0.049,82000000.0,1027000000.0,1.0,45133712.0,45133712.0,,87.451,7843000000.0,0.0,-50000000.0,0.0,173.773,543000000.0
14,LVLT,MRY,2002-12-31,2002-12-31,2002-12-31,2020-09-16,-132000000.0,8963000000.0,9113000000.0,1939000000.0,7024000000.0,0.341,-8.516,127000000.0,1708000000.0,1708000000.0,2008000000.0,-858000000.0,1.433,-38.346,6106000000.0,4000000.0,6102000000.0,6106000000.0,1463000000.0,801000000.0,0.0,0.0,0.0,-419000000.0,382000000.0,0.123,382000000.0,-419000000.0,-979000000.0,-31.648,-31.648,-31.648,-240000000.0,-159250000.0,-240000000.0,7505279796.0,-18.0,19.647,-304000000.0,-10.788,1.0,1103000000.0,0.355,380000000.0,560000000.0,11628000000.0,12278000000.0,0.0,0.0,0.0,0.0,9203000000.0,1353000000.0,7850000000.0,2071279796.0,-155000000.0,72000000.0,1000000.0,331000000.0,0.0,332000000.0,-11000000.0,-210000000.0,-431000000.0,0.0,-858000000.0,-858000000.0,-858000000.0,-2000000.0,0.0,-0.276,1916000000.0,-813000000.0,691000000.0,0.0,-8.63,-2.414,-2.322,6005000000.0,0.0,73.5,0.666,0.666,527000000.0,-6385000000.0,3111000000.0,3111000000.0,0.0,-0.094,5.388,-0.034,-0.135,181000000.0,934000000.0,1.0,28180677.0,28180677.0,,110.395,8583000000.0,0.0,-121000000.0,0.0,304.57,586000000.0
15,LVLT,MRY,2001-12-31,2001-12-31,2001-12-31,2020-09-16,-144000000.0,9316000000.0,13477750000.0,2034000000.0,7282000000.0,0.114,-2.546,-2258000000.0,1452000000.0,1452000000.0,742000000.0,-4978000000.0,1.461,-144.323,6216000000.0,7000000.0,6209000000.0,6216000000.0,1459000000.0,1122000000.0,0.0,0.0,0.0,-4332000000.0,-3210000000.0,-2.094,-3210000000.0,-4332000000.0,-4978000000.0,-199.79,-199.79,-199.79,-65000000.0,2624750000.0,-65000000.0,8340766499.0,-2.0,-2.598,-2117000000.0,-82.921,1.0,791000000.0,0.516,28000000.0,646000000.0,12660000000.0,17803750000.0,0.0,206000000.0,206000000.0,0.0,9381000000.0,1392000000.0,7989000000.0,1914766499.0,42000000.0,0.0,2000000.0,-51000000.0,0.0,-49000000.0,196000000.0,2564000000.0,141000000.0,-20000000.0,-4978000000.0,-4978000000.0,-4978000000.0,605000000.0,0.0,-3.247,5772000000.0,-4981000000.0,714000000.0,0.0,-29.458,-0.385,-0.375,6890000000.0,0.0,75.0,1.249,1.249,239000000.0,-5527000000.0,1533000000.0,1533000000.0,0.0,-0.369,-1.897,-0.243,-2.826,314000000.0,1297000000.0,1.0,25530220.0,25530220.0,,60.046,9288000000.0,0.0,0.0,0.0,363.804,642000000.0
16,LVLT,MRY,2000-12-31,2000-12-31,2000-12-31,2020-09-16,-73000000.0,14919000000.0,14610500000.0,5045000000.0,9874000000.0,0.081,185.837,-5477000000.0,1255000000.0,1255000000.0,792000000.0,-1455000000.0,2.625,2.28,7325000000.0,7000000.0,7318000000.0,7325000000.0,720000000.0,579000000.0,0.0,0.0,0.0,-1222000000.0,-643000000.0,-0.543,-643000000.0,-1222000000.0,-1504000000.0,-60.147,-60.147,-60.147,4549000000.0,5105500000.0,4549000000.0,18043066704.0,-15.0,-28.061,-4441000000.0,-181.425,1.0,392000000.0,0.331,0.0,282000000.0,19067000000.0,18462500000.0,0.0,2957000000.0,2957000000.0,0.0,10370000000.0,1922000000.0,8448000000.0,12047066704.0,43000000.0,-34000000.0,2422000000.0,3174000000.0,0.0,5596000000.0,-6175000000.0,-612000000.0,1036000000.0,-56000000.0,-1455000000.0,-1455000000.0,-1455000000.0,48000000.0,0.0,-1.229,1689000000.0,-1297000000.0,1370000000.0,0.0,2.648,-8.28,-8.182,9014000000.0,0.0,492.15,10.175,10.175,526000000.0,-549000000.0,1184000000.0,1184000000.0,0.0,-0.1,-0.285,-0.066,-1.032,236000000.0,1110000000.0,1.0,24478445.0,24478445.0,,48.369,14919000000.0,0.0,-49000000.0,0.0,609.475,3123000000.0
17,LVLT,MRY,1999-12-31,1999-12-31,1999-12-31,2020-09-16,-5000000.0,8906000000.0,8049250000.0,3938000000.0,4968000000.0,0.064,149.739,-3373000000.0,1214000000.0,1214000000.0,360000000.0,-487000000.0,3.613,1.616,3995000000.0,6000000.0,3989000000.0,3995000000.0,135000000.0,228000000.0,0.0,0.0,0.0,-533000000.0,-305000000.0,-0.592,-305000000.0,-533000000.0,-707000000.0,-21.899,-21.899,-21.899,3405000000.0,3539250000.0,3405000000.0,30425700965.0,-57.0,-99.756,-2940000000.0,-129.29,1.0,155000000.0,0.301,0.0,174000000.0,10597000000.0,9492250000.0,0.0,2578000000.0,2278000000.0,300000000.0,5501000000.0,1090000000.0,4411000000.0,27928700965.0,370000000.0,-3000000.0,1520000000.0,1243000000.0,0.0,2763000000.0,-2778000000.0,598000000.0,433000000.0,1000000.0,-487000000.0,-487000000.0,-487000000.0,5000000.0,0.0,-0.946,891000000.0,-736000000.0,832000000.0,0.0,8.202,-57.348,-56.085,4287000000.0,0.0,1228.2,54.23,54.23,150000000.0,906000000.0,515000000.0,515000000.0,0.0,-0.061,-0.138,-0.056,-1.035,126000000.0,663000000.0,1.0,22739538.0,22739538.0,,22.648,8906000000.0,241000000.0,-220000000.0,0.0,391.653,2848000000.0
18,LVLT,MRY,1998-12-31,1998-12-31,1998-12-31,2020-09-16,4000000.0,5522000000.0,4513750000.0,3877000000.0,1645000000.0,0.087,105.734,-883000000.0,842000000.0,842000000.0,199000000.0,804000000.0,10.478,1.551,2646000000.0,5000000.0,2641000000.0,2646000000.0,1000000.0,66000000.0,0.0,0.0,0.0,911000000.0,977000000.0,2.492,977000000.0,911000000.0,779000000.0,39.898,39.898,39.898,2165000000.0,2143250000.0,2165000000.0,14736791816.0,16.0,15.084,-713000000.0,-34.821,1.0,193000000.0,0.492,0.0,132000000.0,6956000000.0,5225500000.0,0.0,3195000000.0,2895000000.0,300000000.0,3357000000.0,370000000.0,2987000000.0,13243791816.0,755000000.0,62000000.0,31000000.0,2414000000.0,0.0,2567000000.0,-2949000000.0,-2120000000.0,170000000.0,0.0,804000000.0,804000000.0,804000000.0,-932000000.0,0.0,2.051,428000000.0,-235000000.0,276000000.0,0.0,6.117,16.472,16.211,1061000000.0,0.0,646.8,33.785,33.785,57000000.0,1393000000.0,392000000.0,392000000.0,0.0,0.178,0.375,0.174,2.324,39000000.0,332000000.0,1.0,20475869.0,20475869.0,,19.144,5522000000.0,54000000.0,-25000000.0,86000000.0,269.683,3507000000.0
19,LVLT,MRY,1997-12-31,1997-12-27,1997-12-27,2020-09-16,-5000000.0,2779000000.0,2922500000.0,1494000000.0,1285000000.0,0.114,108.16,-25000000.0,87000000.0,87000000.0,163000000.0,248000000.0,16.787,0.246,141000000.0,3000000.0,138000000.0,141000000.0,0.0,20000000.0,0.0,,0.0,215000000.0,235000000.0,0.708,235000000.0,215000000.0,200000000.0,5.55,5.55,5.55,2230000000.0,2024500000.0,2230000000.0,,,,157000000.0,7.615,1.0,169000000.0,0.509,0.0,15000000.0,2744000000.0,2662500000.0,0.0,2378000000.0,1343000000.0,1035000000.0,549000000.0,89000000.0,460000000.0,,-60000000.0,-73000000.0,138000000.0,15000000.0,-12000000.0,213000000.0,-351000000.0,-287000000.0,182000000.0,0.0,248000000.0,248000000.0,248000000.0,-165000000.0,0.0,0.747,126000000.0,43000000.0,31000000.0,0.0,,,,184000000.0,0.0,,,,42000000.0,1799000000.0,332000000.0,332000000.0,0.0,0.085,0.122,0.081,0.648,21000000.0,106000000.0,1.0,20617667.0,20617667.0,,16.103,2779000000.0,0.0,-48000000.0,98000000.0,134.787,1405000000.0
20,LVLT,MRY,1996-12-31,1996-12-27,1996-12-27,2020-09-16,16000000.0,3066000000.0,,1246000000.0,1820000000.0,,,-103000000.0,147000000.0,147000000.0,268000000.0,221000000.0,5.045,0.686,262000000.0,55000000.0,207000000.0,262000000.0,0.0,124000000.0,0.0,,0.0,257000000.0,381000000.0,0.584,381000000.0,257000000.0,224000000.0,7.2,7.2,7.2,1819000000.0,,1819000000.0,,,,86000000.0,,1.0,384000000.0,0.589,353000000.0,33000000.0,2581000000.0,,0.0,1748000000.0,997000000.0,751000000.0,1247000000.0,247000000.0,1000000000.0,,-216000000.0,-341000000.0,-11000000.0,-22000000.0,-11000000.0,-23000000.0,-105000000.0,65000000.0,189000000.0,0.0,221000000.0,221000000.0,221000000.0,-117000000.0,0.0,0.339,297000000.0,87000000.0,79000000.0,0.0,,,,642000000.0,0.0,,,,76000000.0,1566000000.0,652000000.0,652000000.0,0.0,,,,0.394,0.0,173000000.0,1.0,,,,,2713000000.0,0.0,3000000.0,153000000.0,,999000000.0
21,LVLT,MRY,1995-12-31,1995-12-27,1995-12-27,2020-09-16,,,,,,,,-104000000.0,,,,,,,,,,,,96000000.0,,,0.0,,,,,,,,,,,,,,,,169000000.0,,1.0,,,,,,,,,,,,,,,42000000.0,-237000000.0,-1000000.0,0.0,0.0,154000000.0,-301000000.0,-57000000.0,273000000.0,2000000.0,,,,,,,,,,,,,,,,,,,,,,,,,,,,0.0,,1.0,,,,,,,,,,
0,LVLT,MRQ,2017-09-30,2017-09-30,2017-09-30,2020-09-16,-281000000.0,25373000000.0,,3143000000.0,22230000000.0,,31.777,-321000000.0,2252000000.0,2252000000.0,678000000.0,157000000.0,2.141,1.197,10593000000.0,7000000.0,10586000000.0,10593000000.0,1408000000.0,333000000.0,0.0,0.0,0.0,367000000.0,700000000.0,0.34,700000000.0,367000000.0,233000000.0,0.43,0.43,0.43,11550000000.0,,11550000000.0,29161845596.0,21.0,10.91,370000000.0,1.018,1.0,1381000000.0,0.671,8502000000.0,134000000.0,23744000000.0,,0.0,34000000.0,5000000.0,29000000.0,13823000000.0,1468000000.0,12355000000.0,19327845596.0,1196000000.0,0.0,0.0,-302000000.0,0.0,-302000000.0,806000000.0,1127000000.0,691000000.0,1000000.0,157000000.0,157000000.0,157000000.0,0.0,0.0,0.076,1026000000.0,355000000.0,704000000.0,0.0,1.673,29.463,29.442,10485000000.0,0.0,53.29,2.357,2.362,750000000.0,-8094000000.0,2059000000.0,2059000000.0,0.0,,,,,33000000.0,693000000.0,1.0,362691792.0,363471000.0,365323000.0,5.665,16871000000.0,3162000000.0,76000000.0,0.0,46.416,1675000000.0
1,LVLT,MRQ,2017-06-30,2017-06-30,2017-06-30,2020-09-16,-325000000.0,25287000000.0,,3036000000.0,22251000000.0,,31.224,-328000000.0,1056000000.0,1056000000.0,675000000.0,154000000.0,1.788,1.235,10890000000.0,306000000.0,10584000000.0,10890000000.0,1320000000.0,330000000.0,0.0,0.0,0.0,355000000.0,685000000.0,0.332,685000000.0,355000000.0,223000000.0,0.42,0.42,0.42,11315000000.0,,11315000000.0,30371270982.0,22.0,11.47,233000000.0,0.643,1.0,1386000000.0,0.672,8546000000.0,132000000.0,24877000000.0,,0.0,1161000000.0,1132000000.0,29000000.0,13972000000.0,1698000000.0,12274000000.0,21430270982.0,-891000000.0,0.0,0.0,-2000000.0,0.0,-2000000.0,-1451000000.0,-1123000000.0,561000000.0,1000000.0,154000000.0,154000000.0,154000000.0,0.0,0.0,0.075,1033000000.0,353000000.0,693000000.0,0.0,1.894,33.38,33.315,10392000000.0,0.0,59.3,2.622,2.629,707000000.0,-8251000000.0,2061000000.0,2061000000.0,0.0,,,,,39000000.0,703000000.0,1.0,361387369.0,362385000.0,365002000.0,5.687,16741000000.0,3235000000.0,69000000.0,0.0,46.197,1338000000.0
2,LVLT,MRQ,2017-03-31,2017-03-31,2017-03-31,2020-09-16,-366000000.0,25071000000.0,,2807000000.0,22264000000.0,,30.656,-368000000.0,1947000000.0,1947000000.0,691000000.0,95000000.0,1.619,1.263,10888000000.0,307000000.0,10581000000.0,10888000000.0,1319000000.0,320000000.0,0.0,0.0,0.0,299000000.0,619000000.0,0.302,619000000.0,299000000.0,165000000.0,0.26,0.26,0.26,11081000000.0,,11081000000.0,29703013699.0,22.0,11.411,171000000.0,0.473,1.0,1357000000.0,0.663,8592000000.0,134000000.0,23686000000.0,,0.0,38000000.0,7000000.0,31000000.0,13990000000.0,1734000000.0,12256000000.0,20638013699.0,128000000.0,0.0,0.0,-44000000.0,0.0,-44000000.0,-368000000.0,0.0,539000000.0,1000000.0,95000000.0,95000000.0,95000000.0,0.0,0.0,0.046,1020000000.0,337000000.0,750000000.0,0.0,1.862,32.047,31.789,10285000000.0,0.0,57.22,2.526,2.532,712000000.0,-8405000000.0,2048000000.0,2048000000.0,0.0,,,,,48000000.0,700000000.0,1.0,360678324.0,361461000.0,364121000.0,5.666,16479000000.0,3305000000.0,70000000.0,0.0,45.59,1073000000.0
3,LVLT,MRQ,2016-12-31,2016-12-31,2016-12-31,2020-09-16,-387000000.0,24888000000.0,,2653000000.0,22235000000.0,,30.33,-304000000.0,1819000000.0,1819000000.0,680000000.0,250000000.0,1.804,1.28,10884000000.0,7000000.0,10877000000.0,10884000000.0,1267000000.0,320000000.0,0.0,0.0,0.0,349000000.0,669000000.0,0.329,669000000.0,349000000.0,217000000.0,0.7,0.69,0.7,10917000000.0,,10917000000.0,29598402025.0,21.0,11.22,253000000.0,0.703,1.0,1352000000.0,0.665,8644000000.0,132000000.0,23838000000.0,,0.0,38000000.0,7000000.0,31000000.0,13971000000.0,1471000000.0,12500000000.0,20285402025.0,250000000.0,0.0,0.0,-2000000.0,0.0,-2000000.0,-303000000.0,1000000.0,557000000.0,-2000000.0,250000000.0,250000000.0,250000000.0,0.0,0.0,0.123,998000000.0,354000000.0,706000000.0,0.0,1.858,29.964,29.82,10139000000.0,0.0,56.36,2.482,2.473,712000000.0,-8500000000.0,2032000000.0,2032000000.0,0.0,,,,,35000000.0,678000000.0,1.0,359925515.0,359945000.0,362672000.0,5.645,16244000000.0,3370000000.0,-33000000.0,0.0,45.129,1182000000.0
4,LVLT,MRQ,2016-09-30,2016-09-30,2016-09-30,2020-09-16,-293000000.0,24746000000.0,,2457000000.0,22289000000.0,,29.825,-364000000.0,1569000000.0,1569000000.0,675000000.0,143000000.0,1.63,1.308,10882000000.0,7000000.0,10875000000.0,10882000000.0,1273000000.0,319000000.0,0.0,0.0,0.0,356000000.0,675000000.0,0.332,675000000.0,356000000.0,217000000.0,0.4,0.39,0.4,10724000000.0,,10724000000.0,26261774602.0,20.0,10.303,281000000.0,0.782,1.0,1358000000.0,0.668,8703000000.0,139000000.0,23849000000.0,,0.0,39000000.0,8000000.0,31000000.0,14022000000.0,1507000000.0,12515000000.0,16674774602.0,278000000.0,0.0,0.0,-2000000.0,0.0,-2000000.0,-364000000.0,0.0,645000000.0,-1000000.0,143000000.0,143000000.0,143000000.0,0.0,0.0,0.07,1004000000.0,354000000.0,728000000.0,0.0,1.555,4.447,4.375,10167000000.0,0.0,46.38,2.035,2.035,749000000.0,-8750000000.0,2033000000.0,2033000000.0,0.0,,,,,43000000.0,685000000.0,1.0,359525110.0,359561000.0,361907000.0,5.654,16043000000.0,3339000000.0,74000000.0,0.0,44.618,950000000.0
5,LVLT,MRQ,2016-06-30,2016-06-30,2016-06-30,2020-09-16,-278000000.0,24534000000.0,,2278000000.0,22256000000.0,,29.336,-366000000.0,1291000000.0,1291000000.0,676000000.0,156000000.0,1.52,1.337,10878000000.0,7000000.0,10871000000.0,10878000000.0,1295000000.0,310000000.0,0.0,0.0,0.0,330000000.0,640000000.0,0.311,640000000.0,330000000.0,190000000.0,0.44,0.43,0.44,10500000000.0,,10500000000.0,29076962138.0,26.0,12.469,265000000.0,0.74,1.0,1380000000.0,0.671,8759000000.0,140000000.0,23863000000.0,,0.0,39000000.0,8000000.0,31000000.0,14034000000.0,1499000000.0,12535000000.0,18429962138.0,287000000.0,0.0,0.0,-816000000.0,0.0,-816000000.0,473000000.0,839000000.0,631000000.0,-1000000.0,156000000.0,156000000.0,156000000.0,0.0,0.0,0.076,1006000000.0,374000000.0,762000000.0,0.0,1.755,5.108,5.048,10073000000.0,0.0,51.49,2.242,2.241,839000000.0,-8946000000.0,2056000000.0,2056000000.0,0.0,,,,,31000000.0,696000000.0,1.0,357932844.0,357924000.0,361250000.0,5.744,15775000000.0,3343000000.0,34000000.0,0.0,44.074,779000000.0
6,LVLT,MRQ,2016-03-31,2016-03-31,2016-03-31,2020-09-16,-256000000.0,25039000000.0,,2789000000.0,22250000000.0,,28.987,-297000000.0,1004000000.0,1004000000.0,694000000.0,128000000.0,1.275,1.421,11651000000.0,781000000.0,10870000000.0,11651000000.0,1295000000.0,301000000.0,0.0,0.0,0.0,353000000.0,654000000.0,0.319,654000000.0,353000000.0,218000000.0,0.36,0.36,0.36,10342000000.0,,10342000000.0,29014019527.0,30.0,13.495,213000000.0,0.597,1.0,1357000000.0,0.662,8820000000.0,135000000.0,24679000000.0,,0.0,878000000.0,837000000.0,41000000.0,14697000000.0,2187000000.0,12510000000.0,18859019527.0,150000000.0,0.0,0.0,764000000.0,0.0,764000000.0,-1125000000.0,-828000000.0,510000000.0,1000000.0,128000000.0,128000000.0,128000000.0,0.0,0.0,0.062,995000000.0,362000000.0,680000000.0,0.0,1.824,5.484,5.437,9974000000.0,0.0,52.85,2.292,2.292,807000000.0,-9095000000.0,2051000000.0,2051000000.0,0.0,,,,,47000000.0,694000000.0,1.0,356840483.0,356785000.0,360745000.0,5.749,16219000000.0,3365000000.0,90000000.0,0.0,45.459,602000000.0
7,LVLT,MRQ,2015-12-31,2015-12-31,2015-12-31,2020-09-16,-301000000.0,24017000000.0,,1730000000.0,22287000000.0,,28.419,-329000000.0,854000000.0,854000000.0,708000000.0,3323000000.0,1.222,1.372,10881000000.0,15000000.0,10866000000.0,10881000000.0,1244000000.0,294000000.0,0.0,0.0,0.0,286000000.0,580000000.0,0.283,580000000.0,286000000.0,134000000.0,9.4,9.27,9.4,10126000000.0,,10126000000.0,29688679556.0,32.0,14.198,227000000.0,0.637,1.0,1345000000.0,0.655,8876000000.0,152000000.0,23752000000.0,,0.0,50000000.0,8000000.0,42000000.0,13891000000.0,1416000000.0,12475000000.0,19366679556.0,163000000.0,0.0,0.0,-64000000.0,0.0,-64000000.0,-327000000.0,2000000.0,556000000.0,-2000000.0,3323000000.0,3323000000.0,3323000000.0,0.0,0.0,1.619,1007000000.0,338000000.0,629000000.0,0.0,1.913,5.641,5.598,9878000000.0,0.0,54.36,2.353,2.334,757000000.0,-9219000000.0,2053000000.0,2053000000.0,0.0,,,,,49000000.0,713000000.0,1.0,356267100.0,356307000.0,368013000.0,5.762,15141000000.0,3441000000.0,-3189000000.0,0.0,42.494,314000000.0
8,LVLT,MRQ,2015-09-30,2015-09-30,2015-09-30,2020-09-16,-275000000.0,20883000000.0,,1663000000.0,19220000000.0,,19.056,-327000000.0,691000000.0,691000000.0,706000000.0,1000000.0,1.131,2.08,11013000000.0,16000000.0,10997000000.0,11013000000.0,1215000000.0,296000000.0,0.0,0.0,0.0,162000000.0,458000000.0,0.222,458000000.0,162000000.0,17000000.0,0.0,0.0,0.0,6780000000.0,,6780000000.0,26015348576.0,33.0,13.557,248000000.0,0.697,1.0,1356000000.0,0.658,8935000000.0,145000000.0,20800000000.0,,0.0,51000000.0,7000000.0,44000000.0,14103000000.0,1470000000.0,12633000000.0,15546348576.0,142000000.0,-83000000.0,0.0,-5000000.0,0.0,-5000000.0,-424000000.0,0.0,575000000.0,-4000000.0,1000000.0,1000000.0,1000000.0,0.0,0.0,0.0,1029000000.0,327000000.0,630000000.0,,2.293,88.332,89.163,9812000000.0,0.0,43.69,1.922,1.921,810000000.0,-12542000000.0,2062000000.0,2062000000.0,0.0,,,,,34000000.0,733000000.0,1.0,355833110.0,355791000.0,358714000.0,5.796,11948000000.0,0.0,16000000.0,0.0,33.582,193000000.0
9,LVLT,MRQ,2015-06-30,2015-06-30,2015-06-30,2020-09-16,-203000000.0,20884000000.0,,1503000000.0,19381000000.0,,19.231,-316000000.0,549000000.0,549000000.0,696000000.0,-13000000.0,1.044,2.064,11018000000.0,17000000.0,11001000000.0,11018000000.0,1172000000.0,288000000.0,0.0,0.0,0.0,170000000.0,458000000.0,0.222,458000000.0,170000000.0,5000000.0,-0.04,-0.04,-0.04,6817000000.0,,6817000000.0,29055866956.0,33.0,15.293,103000000.0,0.291,1.0,1365000000.0,0.662,8987000000.0,165000000.0,20926000000.0,,0.0,51000000.0,8000000.0,43000000.0,14067000000.0,1440000000.0,12627000000.0,18669866956.0,-565000000.0,0.0,0.0,-640000000.0,0.0,-640000000.0,-341000000.0,-25000000.0,419000000.0,-3000000.0,-13000000.0,-13000000.0,-13000000.0,0.0,0.0,-0.006,1015000000.0,350000000.0,637000000.0,0.0,2.739,71.807,61.965,9900000000.0,0.0,52.67,2.438,2.438,756000000.0,-12543000000.0,2061000000.0,2061000000.0,0.0,,,,,27000000.0,727000000.0,1.0,354468710.0,354471000.0,354471000.0,5.814,11897000000.0,0.0,18000000.0,0.0,33.563,63000000.0
10,LVLT,MRQ,2015-03-31,2015-03-31,2015-03-31,2020-09-16,-288000000.0,21303000000.0,,2052000000.0,19251000000.0,,19.364,-253000000.0,1114000000.0,1114000000.0,723000000.0,122000000.0,1.051,2.172,11500000000.0,510000000.0,10990000000.0,11500000000.0,1195000000.0,288000000.0,0.0,0.0,0.0,307000000.0,595000000.0,0.29,595000000.0,307000000.0,127000000.0,0.35,0.35,0.35,6717000000.0,,6717000000.0,29356576026.0,32.0,15.946,52000000.0,0.15,1.0,1330000000.0,0.648,9038000000.0,180000000.0,20698000000.0,,0.0,26000000.0,7000000.0,19000000.0,14586000000.0,1953000000.0,12633000000.0,18603576026.0,534000000.0,0.0,0.0,490000000.0,0.0,490000000.0,-252000000.0,1000000.0,305000000.0,-9000000.0,122000000.0,122000000.0,122000000.0,0.0,0.0,0.059,1014000000.0,316000000.0,629000000.0,0.0,2.77,57.418,48.945,9744000000.0,0.0,53.84,2.576,2.586,743000000.0,-12530000000.0,2053000000.0,2053000000.0,0.0,,,,,31000000.0,726000000.0,1.0,345534473.0,346874000.0,350832000.0,5.919,12265000000.0,0.0,5000000.0,0.0,35.359,99000000.0
11,LVLT,MRQ,2014-12-31,2014-12-31,2014-12-31,2020-09-16,-147000000.0,20947000000.0,,1481000000.0,19466000000.0,,25.009,-302000000.0,580000000.0,580000000.0,695000000.0,66000000.0,0.777,2.292,11333000000.0,349000000.0,10984000000.0,11333000000.0,1208000000.0,250000000.0,0.0,0.0,0.0,158000000.0,408000000.0,0.213,408000000.0,158000000.0,-37000000.0,0.18,0.18,0.18,6363000000.0,,6363000000.0,25218765488.0,28.0,14.835,94000000.0,0.369,1.0,1219000000.0,0.637,9103000000.0,195000000.0,20691000000.0,,0.0,27000000.0,7000000.0,20000000.0,14584000000.0,1906000000.0,12678000000.0,16589765488.0,-149000000.0,-167000000.0,0.0,-73000000.0,0.0,-73000000.0,-469000000.0,0.0,396000000.0,-3000000.0,66000000.0,66000000.0,66000000.0,0.0,0.0,0.034,988000000.0,231000000.0,664000000.0,0.0,2.607,52.834,40.146,9860000000.0,0.0,49.38,2.448,1.854,737000000.0,-12652000000.0,1914000000.0,1914000000.0,0.0,,,,,25000000.0,738000000.0,1.0,335961229.0,254428000.0,309558000.0,7.523,11844000000.0,300000000.0,-103000000.0,0.0,46.551,-425000000.0
12,LVLT,MRQ,2014-09-30,2014-09-30,2014-09-30,2020-09-16,-82000000.0,13983000000.0,,2600000000.0,11383000000.0,,6.917,-201000000.0,729000000.0,729000000.0,607000000.0,85000000.0,1.403,7.485,9358000000.0,502000000.0,8856000000.0,9358000000.0,1121000000.0,187000000.0,0.0,0.0,0.0,252000000.0,439000000.0,0.269,439000000.0,252000000.0,93000000.0,0.36,0.35,0.36,1648000000.0,,1648000000.0,18618165093.0,21.0,11.236,120000000.0,0.504,1.0,1022000000.0,0.627,2724000000.0,159000000.0,18035000000.0,,0.0,1041000000.0,1020000000.0,21000000.0,12335000000.0,1853000000.0,10482000000.0,10897165093.0,92000000.0,0.0,0.0,-3000000.0,0.0,-3000000.0,-215000000.0,-12000000.0,321000000.0,-11000000.0,85000000.0,85000000.0,85000000.0,0.0,0.0,0.052,760000000.0,262000000.0,607000000.0,0.0,6.612,41.592,40.83,8268000000.0,0.0,45.73,1.686,1.685,678000000.0,-12718000000.0,1629000000.0,1629000000.0,0.0,,,,,22000000.0,573000000.0,1.0,238293573.0,238265000.0,242464000.0,6.837,11259000000.0,0.0,8000000.0,0.0,47.254,747000000.0
13,LVLT,MRQ,2014-06-30,2014-06-30,2014-06-30,2020-09-16,55000000.0,13028000000.0,,1539000000.0,11489000000.0,,7.073,-242000000.0,637000000.0,637000000.0,613000000.0,51000000.0,0.844,6.759,8358000000.0,503000000.0,7855000000.0,8358000000.0,1143000000.0,187000000.0,0.0,0.0,0.0,212000000.0,399000000.0,0.246,399000000.0,212000000.0,63000000.0,0.21,0.21,0.21,1679000000.0,,1679000000.0,18174670233.0,23.0,11.51,61000000.0,0.257,1.0,1012000000.0,0.623,2747000000.0,149000000.0,16178000000.0,,0.0,29000000.0,6000000.0,23000000.0,11349000000.0,1824000000.0,9525000000.0,10422670233.0,30000000.0,0.0,0.0,-3000000.0,0.0,-3000000.0,-240000000.0,2000000.0,303000000.0,-30000000.0,51000000.0,51000000.0,51000000.0,0.0,0.0,0.031,756000000.0,256000000.0,613000000.0,0.0,6.208,66.812,65.537,8355000000.0,0.0,43.91,1.627,1.627,722000000.0,-12803000000.0,1625000000.0,1625000000.0,0.0,,,,,16000000.0,569000000.0,1.0,237364387.0,237376000.0,241406000.0,6.846,10281000000.0,0.0,12000000.0,0.0,43.311,-285000000.0
14,LVLT,MRQ,2014-03-31,2014-03-31,2014-03-31,2020-09-16,42000000.0,12889000000.0,,1472000000.0,11417000000.0,,6.782,-162000000.0,607000000.0,607000000.0,614000000.0,112000000.0,0.838,7.066,8359000000.0,503000000.0,7856000000.0,8359000000.0,1163000000.0,184000000.0,0.0,0.0,0.0,270000000.0,454000000.0,0.282,454000000.0,270000000.0,119000000.0,0.48,0.47,0.48,1598000000.0,,1598000000.0,16938156923.0,23.0,11.049,-21000000.0,-0.089,1.0,995000000.0,0.618,2761000000.0,151000000.0,16124000000.0,,0.0,29000000.0,7000000.0,22000000.0,11291000000.0,1756000000.0,9535000000.0,9207156923.0,-24000000.0,0.0,0.0,-3000000.0,0.0,-3000000.0,-162000000.0,0.0,141000000.0,0.0,112000000.0,112000000.0,112000000.0,0.0,0.0,0.07,731000000.0,264000000.0,561000000.0,0.0,5.762,113.669,111.829,8260000000.0,0.0,39.14,1.451,1.454,699000000.0,-12854000000.0,1609000000.0,1609000000.0,0.0,,,,,10000000.0,547000000.0,1.0,235236508.0,235635000.0,239294000.0,6.828,10128000000.0,0.0,7000000.0,0.0,42.982,-284000000.0
15,LVLT,MRQ,2013-12-31,2013-12-31,2013-12-31,2020-09-16,36000000.0,12874000000.0,,1454000000.0,11420000000.0,,6.247,-205000000.0,631000000.0,631000000.0,618000000.0,14000000.0,1.006,8.124,8362000000.0,31000000.0,8331000000.0,8362000000.0,1159000000.0,204000000.0,0.0,0.0,0.0,161000000.0,365000000.0,0.228,365000000.0,161000000.0,13000000.0,0.07,0.07,0.07,1411000000.0,,1411000000.0,15467996890.0,27.0,11.225,181000000.0,0.801,1.0,984000000.0,0.614,2782000000.0,148000000.0,16377000000.0,,0.0,30000000.0,7000000.0,23000000.0,11463000000.0,1446000000.0,10017000000.0,7416996890.0,124000000.0,0.0,0.0,-74000000.0,0.0,-74000000.0,-189000000.0,-13000000.0,386000000.0,1000000.0,14000000.0,14000000.0,14000000.0,0.0,0.0,0.009,765000000.0,219000000.0,625000000.0,0.0,5.257,-68.046,-67.694,8240000000.0,0.0,33.17,1.175,1.168,673000000.0,-12966000000.0,1602000000.0,1602000000.0,0.0,,,,,36000000.0,561000000.0,1.0,223605574.0,225878000.0,225878000.0,7.092,10092000000.0,0.0,-1000000.0,0.0,44.679,8000000.0
16,LVLT,MRQ,2013-09-30,2013-09-30,2013-09-30,2020-09-16,5000000.0,12852000000.0,,1439000000.0,11413000000.0,,5.151,-178000000.0,507000000.0,507000000.0,608000000.0,-21000000.0,1.006,10.205,8558000000.0,21000000.0,8537000000.0,8558000000.0,1115000000.0,203000000.0,0.0,0.0,0.0,158000000.0,361000000.0,0.23,361000000.0,158000000.0,-7000000.0,-0.09,-0.09,-0.09,1147000000.0,,1147000000.0,13882609211.0,25.0,10.43,-74000000.0,-0.332,1.0,961000000.0,0.612,2790000000.0,165000000.0,16683000000.0,,0.0,30000000.0,7000000.0,23000000.0,11705000000.0,1430000000.0,10275000000.0,5942609211.0,-89000000.0,0.0,0.0,-21000000.0,0.0,-21000000.0,-173000000.0,13000000.0,104000000.0,1000000.0,-21000000.0,-21000000.0,-21000000.0,0.0,0.0,-0.013,809000000.0,152000000.0,633000000.0,0.0,5.181,-33.199,-32.951,8230000000.0,0.0,26.69,0.94,0.94,738000000.0,-12980000000.0,1569000000.0,1569000000.0,0.0,,,,,30000000.0,606000000.0,1.0,222653024.0,222679000.0,222679000.0,7.046,10062000000.0,0.0,14000000.0,0.0,45.186,9000000.0
17,LVLT,MRQ,2013-06-30,2013-06-30,2013-06-30,2020-09-16,-37000000.0,12865000000.0,,1503000000.0,11362000000.0,,5.0,-208000000.0,596000000.0,596000000.0,616000000.0,-24000000.0,1.0,10.611,8536000000.0,30000000.0,8506000000.0,8536000000.0,1132000000.0,199000000.0,0.0,0.0,0.0,154000000.0,353000000.0,0.226,353000000.0,154000000.0,-13000000.0,-0.11,-0.11,-0.11,1108000000.0,,1108000000.0,12603845626.0,30.0,10.591,8000000.0,0.036,1.0,949000000.0,0.606,2797000000.0,167000000.0,16505000000.0,,0.0,34000000.0,7000000.0,27000000.0,11757000000.0,1503000000.0,10254000000.0,4667845626.0,-14000000.0,0.0,0.0,-13000000.0,0.0,-13000000.0,-217000000.0,0.0,216000000.0,0.0,-24000000.0,-24000000.0,-24000000.0,0.0,0.0,-0.015,809000000.0,140000000.0,688000000.0,0.0,4.213,-14.407,-14.243,8171000000.0,0.0,21.08,0.736,0.736,721000000.0,-12959000000.0,1565000000.0,1565000000.0,0.0,,,,,48000000.0,610000000.0,1.0,221434802.0,221609000.0,221609000.0,7.062,10068000000.0,0.0,11000000.0,0.0,45.431,0.0
18,LVLT,MRQ,2013-03-31,2013-03-31,2013-03-31,2020-09-16,-26000000.0,12882000000.0,,1515000000.0,11367000000.0,,5.053,-169000000.0,610000000.0,610000000.0,629000000.0,-78000000.0,1.018,10.626,8546000000.0,38000000.0,8508000000.0,8546000000.0,1129000000.0,194000000.0,0.0,0.0,0.0,105000000.0,299000000.0,0.19,299000000.0,105000000.0,-64000000.0,-0.36,-0.36,-0.36,1108000000.0,,1108000000.0,12193511645.0,31.0,10.557,-162000000.0,-0.739,1.0,948000000.0,0.601,2806000000.0,169000000.0,16524000000.0,,0.0,40000000.0,7000000.0,33000000.0,11774000000.0,1488000000.0,10286000000.0,4440511645.0,-369000000.0,0.0,0.0,-186000000.0,0.0,-186000000.0,-166000000.0,0.0,7000000.0,-24000000.0,-78000000.0,-78000000.0,-78000000.0,0.0,0.0,-0.049,793000000.0,155000000.0,730000000.0,0.0,4.008,-12.267,-12.223,8144000000.0,0.0,20.29,0.697,0.699,731000000.0,-12935000000.0,1577000000.0,1577000000.0,0.0,,,,,37000000.0,599000000.0,1.0,218852225.0,219268000.0,219268000.0,7.192,10076000000.0,0.0,14000000.0,0.0,45.953,27000000.0
19,LVLT,MRQ,2012-12-31,2012-12-31,2012-12-31,2020-09-16,26000000.0,13307000000.0,,1842000000.0,11465000000.0,,5.373,-203000000.0,979000000.0,979000000.0,655000000.0,-56000000.0,1.022,10.364,8732000000.0,216000000.0,8516000000.0,8732000000.0,1138000000.0,186000000.0,0.0,0.0,0.0,132000000.0,318000000.0,0.197,318000000.0,132000000.0,-43000000.0,-0.25,-0.25,-0.25,1171000000.0,,1171000000.0,12951727052.0,36.0,11.689,197000000.0,0.904,1.0,959000000.0,0.594,2833000000.0,175000000.0,16425000000.0,,0.0,43000000.0,8000000.0,35000000.0,12136000000.0,1802000000.0,10334000000.0,5035727052.0,186000000.0,0.0,0.0,-27000000.0,0.0,-27000000.0,-187000000.0,0.0,400000000.0,0.0,-56000000.0,-56000000.0,-56000000.0,0.0,0.0,-0.035,771000000.0,188000000.0,779000000.0,0.0,4.3,-11.933,-11.791,8199000000.0,0.0,23.11,0.79,0.781,714000000.0,-12857000000.0,1614000000.0,1614000000.0,0.0,,,,,33000000.0,585000000.0,1.0,217902512.0,217930000.0,217930000.0,7.406,10474000000.0,0.0,13000000.0,0.0,48.061,40000000.0
20,LVLT,MRQ,2012-09-30,2012-09-30,2012-09-30,2020-09-16,28000000.0,13216000000.0,,1735000000.0,11481000000.0,,5.541,-227000000.0,793000000.0,793000000.0,642000000.0,-166000000.0,1.056,9.977,8709000000.0,213000000.0,8496000000.0,8709000000.0,1101000000.0,185000000.0,0.0,0.0,0.0,35000000.0,220000000.0,0.138,220000000.0,35000000.0,-153000000.0,-0.76,-0.76,-0.76,1204000000.0,,1204000000.0,12666149030.0,44.0,12.109,-157000000.0,-0.723,1.0,948000000.0,0.596,2852000000.0,188000000.0,16637000000.0,,0.0,47000000.0,8000000.0,39000000.0,12012000000.0,1643000000.0,10369000000.0,4987149030.0,60000000.0,0.0,4000000.0,212000000.0,0.0,216000000.0,-229000000.0,0.0,70000000.0,3000000.0,-166000000.0,-166000000.0,-166000000.0,0.0,0.0,-0.104,810000000.0,138000000.0,719000000.0,0.0,4.142,-9.428,-11.26,8191000000.0,0.0,22.97,0.786,0.787,748000000.0,-12801000000.0,1590000000.0,1590000000.0,0.0,,,,,49000000.0,625000000.0,1.0,217115761.0,217301000.0,217301000.0,7.317,10364000000.0,0.0,13000000.0,0.0,47.694,92000000.0
21,LVLT,MRQ,2012-06-30,2012-06-30,2012-06-30,2020-09-16,-94000000.0,12947000000.0,,1597000000.0,11350000000.0,,5.61,-180000000.0,733000000.0,733000000.0,648000000.0,-62000000.0,0.966,9.665,8412000000.0,222000000.0,8190000000.0,8412000000.0,1118000000.0,191000000.0,0.0,0.0,0.0,127000000.0,318000000.0,0.201,318000000.0,127000000.0,-54000000.0,-0.29,-0.29,-0.29,1214000000.0,,1214000000.0,12470985008.0,54.0,12.397,3000000.0,0.014,1.0,938000000.0,0.591,2805000000.0,181000000.0,16167000000.0,,0.0,57000000.0,8000000.0,49000000.0,11733000000.0,1654000000.0,10079000000.0,4792985008.0,-15000000.0,0.0,0.0,-16000000.0,0.0,-16000000.0,-177000000.0,0.0,183000000.0,-5000000.0,-62000000.0,-62000000.0,-62000000.0,0.0,0.0,-0.039,805000000.0,133000000.0,698000000.0,0.0,3.948,-8.409,-7.31,8076000000.0,0.0,22.15,0.844,0.844,689000000.0,-12635000000.0,1586000000.0,1586000000.0,0.0,,,,,29000000.0,614000000.0,1.0,216387585.0,216399000.0,216399000.0,7.329,10142000000.0,0.0,8000000.0,0.0,46.867,-57000000.0
22,LVLT,MRQ,2012-03-31,2012-03-31,2012-03-31,2020-09-16,-38000000.0,13074000000.0,,1603000000.0,11471000000.0,,6.24,-133000000.0,748000000.0,748000000.0,657000000.0,-138000000.0,0.98,8.988,8426000000.0,227000000.0,8199000000.0,8426000000.0,1143000000.0,187000000.0,0.0,0.0,0.0,65000000.0,252000000.0,0.159,252000000.0,65000000.0,-124000000.0,-0.66,-0.66,-0.66,1309000000.0,,1309000000.0,12890480990.0,148.0,14.715,-208000000.0,-0.992,1.0,929000000.0,0.586,2830000000.0,189000000.0,16287000000.0,,0.0,60000000.0,8000000.0,52000000.0,11765000000.0,1635000000.0,10130000000.0,5358480990.0,-170000000.0,0.0,1000000.0,33000000.0,0.0,34000000.0,-132000000.0,0.0,-75000000.0,3000000.0,-138000000.0,-138000000.0,-138000000.0,0.0,0.0,-0.087,813000000.0,116000000.0,724000000.0,0.0,4.094,-7.777,-5.942,8164000000.0,0.0,25.73,1.071,1.078,683000000.0,-12573000000.0,1586000000.0,1586000000.0,0.0,,,,,24000000.0,626000000.0,1.0,208258103.0,209759000.0,209759000.0,7.561,10244000000.0,0.0,14000000.0,0.0,48.837,-32000000.0
23,LVLT,MRQ,2011-12-31,2011-12-31,2011-12-31,2020-09-16,-80000000.0,13188000000.0,,1707000000.0,11481000000.0,,8.697,-152000000.0,918000000.0,918000000.0,660000000.0,-163000000.0,1.03,10.054,8450000000.0,65000000.0,8385000000.0,8450000000.0,1149000000.0,193000000.0,0.0,0.0,0.0,63000000.0,256000000.0,0.162,256000000.0,63000000.0,-158000000.0,-0.33,-0.33,-0.33,1193000000.0,,1193000000.0,10751957512.0,10752.0,13.34,33000000.0,0.241,1.0,919000000.0,0.582,2899000000.0,221000000.0,16163000000.0,,0.0,61000000.0,10000000.0,51000000.0,11995000000.0,1658000000.0,10337000000.0,3527957512.0,457000000.0,146000000.0,0.0,207000000.0,0.0,207000000.0,66000000.0,0.0,185000000.0,-1000000.0,-163000000.0,-163000000.0,-163000000.0,-72000000.0,0.0,-0.103,874000000.0,45000000.0,747000000.0,0.0,2.957,-4.667,-3.083,8136000000.0,0.0,16.99,0.814,0.538,648000000.0,-12435000000.0,1579000000.0,1579000000.0,0.0,,,,,33000000.0,681000000.0,1.0,207649059.0,137176000.0,137176000.0,11.511,10289000000.0,0.0,5000000.0,0.0,75.006,49000000.0
24,LVLT,MRQ,2011-09-30,2011-09-30,2011-09-30,2020-09-16,-65000000.0,9254000000.0,,2161000000.0,7093000000.0,,-4.43,-109000000.0,461000000.0,461000000.0,342000000.0,-207000000.0,1.959,-18.694,7685000000.0,265000000.0,7420000000.0,7685000000.0,882000000.0,203000000.0,0.0,0.0,0.0,-23000000.0,180000000.0,0.194,180000000.0,-23000000.0,-201000000.0,-1.75,-1.75,-1.75,-523000000.0,,-523000000.0,9295710898.0,-158.0,12.231,-41000000.0,-0.347,1.0,585000000.0,0.631,1728000000.0,178000000.0,13647000000.0,,0.0,1380000000.0,1259000000.0,121000000.0,9777000000.0,1103000000.0,8674000000.0,2655710898.0,-123000000.0,0.0,0.0,-50000000.0,0.0,-50000000.0,-139000000.0,0.0,68000000.0,-2000000.0,-207000000.0,-207000000.0,-207000000.0,-1000000.0,0.0,-0.223,578000000.0,7000000.0,342000000.0,0.0,-5.078,-4.117,-3.97,5117000000.0,0.0,22.35,0.735,0.73,337000000.0,-12272000000.0,927000000.0,927000000.0,0.0,,,,,26000000.0,375000000.0,1.0,118823754.0,118067000.0,118067000.0,7.851,7526000000.0,0.0,6000000.0,0.0,63.743,1058000000.0
25,LVLT,MRQ,2011-06-30,2011-06-30,2011-06-30,2020-09-16,-41000000.0,8862000000.0,,1622000000.0,7240000000.0,,-3.803,-120000000.0,584000000.0,584000000.0,347000000.0,-181000000.0,0.97,-21.514,7224000000.0,875000000.0,6349000000.0,7224000000.0,889000000.0,206000000.0,0.0,0.0,0.0,-18000000.0,188000000.0,0.206,188000000.0,-18000000.0,-178000000.0,-1.59,-1.59,-1.59,-432000000.0,,-432000000.0,10146415326.0,-188.0,13.058,11000000.0,0.097,1.0,566000000.0,0.62,1752000000.0,160000000.0,12078000000.0,,0.0,752000000.0,632000000.0,120000000.0,9294000000.0,1672000000.0,7622000000.0,4158415326.0,-495000000.0,0.0,0.0,-470000000.0,0.0,-470000000.0,-156000000.0,0.0,131000000.0,0.0,-181000000.0,-181000000.0,-181000000.0,1000000.0,0.0,-0.198,563000000.0,3000000.0,336000000.0,0.0,-9.626,-6.919,-6.841,5228000000.0,0.0,36.6,1.155,1.155,294000000.0,-12065000000.0,913000000.0,913000000.0,0.0,,,,,17000000.0,357000000.0,1.0,113617905.0,113589000.0,113589000.0,8.038,7110000000.0,0.0,3000000.0,0.0,62.594,-50000000.0
26,LVLT,MRQ,2011-03-31,2011-03-31,2011-03-31,2020-09-16,-47000000.0,8802000000.0,,1486000000.0,7316000000.0,,-2.364,-113000000.0,1079000000.0,1079000000.0,357000000.0,-205000000.0,1.259,-34.215,7067000000.0,449000000.0,6618000000.0,7067000000.0,888000000.0,203000000.0,0.0,0.0,0.0,-21000000.0,182000000.0,0.199,182000000.0,-21000000.0,-178000000.0,-1.83,-1.83,-1.83,-265000000.0,,-265000000.0,8292432740.0,-138.0,10.523,-113000000.0,-1.008,1.0,557000000.0,0.609,1776000000.0,157000000.0,11834000000.0,,0.0,123000000.0,3000000.0,120000000.0,9067000000.0,1180000000.0,7887000000.0,2460432740.0,463000000.0,0.0,0.0,574000000.0,0.0,574000000.0,-114000000.0,0.0,0.0,3000000.0,-205000000.0,-205000000.0,-205000000.0,1000000.0,0.0,-0.224,560000000.0,-3000000.0,328000000.0,0.0,-9.285,-4.177,-4.192,5276000000.0,0.0,22.05,0.684,0.687,295000000.0,-11884000000.0,914000000.0,914000000.0,0.0,,,,,25000000.0,357000000.0,1.0,111584251.0,112079000.0,112079000.0,8.155,7026000000.0,0.0,27000000.0,0.0,62.688,306000000.0
27,LVLT,MRQ,2010-12-31,2010-12-31,2010-12-31,2020-09-16,-98000000.0,8355000000.0,,972000000.0,7383000000.0,,-1.411,-113000000.0,616000000.0,616000000.0,309000000.0,-52000000.0,1.017,-54.217,6448000000.0,180000000.0,6268000000.0,6448000000.0,887000000.0,207000000.0,0.0,0.0,0.0,3000000.0,210000000.0,0.244,210000000.0,3000000.0,-145000000.0,-0.46,-0.46,-0.46,-157000000.0,,-157000000.0,7528908538.0,-59.0,10.133,77000000.0,0.692,1.0,552000000.0,0.641,1798000000.0,148000000.0,11433000000.0,,0.0,51000000.0,2000000.0,49000000.0,8512000000.0,956000000.0,7556000000.0,1635908538.0,98000000.0,0.0,0.0,24000000.0,0.0,24000000.0,-115000000.0,-4000000.0,190000000.0,-1000000.0,-52000000.0,-52000000.0,-52000000.0,1000000.0,0.0,-0.06,554000000.0,-2000000.0,326000000.0,0.0,-10.42,-2.63,-2.616,5285000000.0,0.0,14.7,0.456,0.453,259000000.0,-11679000000.0,861000000.0,861000000.0,0.0,,,,,17000000.0,347000000.0,1.0,111286295.0,111256000.0,111256000.0,7.739,6557000000.0,0.0,-93000000.0,0.0,58.936,16000000.0
28,LVLT,MRQ,2010-09-30,2010-09-30,2010-09-30,2020-09-16,-72000000.0,8360000000.0,,939000000.0,7421000000.0,,-0.775,-132000000.0,518000000.0,518000000.0,368000000.0,-163000000.0,1.279,-98.209,6411000000.0,3000000.0,6408000000.0,6411000000.0,890000000.0,215000000.0,0.0,0.0,0.0,-18000000.0,197000000.0,0.216,197000000.0,-18000000.0,-162000000.0,-1.47,-1.47,-1.47,-86000000.0,,-86000000.0,7386960503.0,-45.0,10.189,-60000000.0,-0.541,1.0,544000000.0,0.596,1824000000.0,144000000.0,11695000000.0,,0.0,122000000.0,2000000.0,120000000.0,8446000000.0,734000000.0,7712000000.0,1564960503.0,76000000.0,0.0,0.0,131000000.0,0.0,131000000.0,-132000000.0,0.0,72000000.0,5000000.0,-163000000.0,-163000000.0,-163000000.0,0.0,0.0,-0.179,561000000.0,-17000000.0,338000000.0,0.0,-18.197,-2.081,-2.104,5376000000.0,0.0,14.1,0.436,0.436,317000000.0,-11627000000.0,912000000.0,912000000.0,0.0,,,,,20000000.0,345000000.0,1.0,110990107.0,110958000.0,110958000.0,8.219,6536000000.0,0.0,1000000.0,0.0,58.905,205000000.0
29,LVLT,MRQ,2010-06-30,2010-06-30,2010-06-30,2020-09-16,-122000000.0,8296000000.0,,856000000.0,7440000000.0,,0.136,-104000000.0,442000000.0,442000000.0,374000000.0,-169000000.0,1.075,552.067,6264000000.0,41000000.0,6223000000.0,6264000000.0,865000000.0,223000000.0,0.0,0.0,0.0,-24000000.0,199000000.0,0.219,199000000.0,-24000000.0,-169000000.0,-1.5,-1.5,-1.5,15000000.0,,15000000.0,7590579158.0,-45.0,10.313,-19000000.0,-0.172,1.0,534000000.0,0.588,1844000000.0,145000000.0,11478000000.0,,0.0,121000000.0,1000000.0,120000000.0,8281000000.0,796000000.0,7485000000.0,1805579158.0,-197000000.0,0.0,0.0,-176000000.0,0.0,-176000000.0,-100000000.0,4000000.0,85000000.0,-6000000.0,-169000000.0,-169000000.0,-169000000.0,0.0,0.0,-0.186,562000000.0,-28000000.0,355000000.0,0.0,120.372,-2.379,-2.429,5376000000.0,0.0,16.35,0.503,0.504,312000000.0,-11464000000.0,908000000.0,908000000.0,0.0,,,,,14000000.0,338000000.0,1.0,110432976.0,110672800.0,110672800.0,8.204,6452000000.0,0.0,0.0,0.0,58.298,60000000.0
30,LVLT,MRQ,2010-03-31,2010-03-31,2010-03-31,2020-09-16,-60000000.0,8662000000.0,,1041000000.0,7621000000.0,,2.012,-82000000.0,639000000.0,639000000.0,383000000.0,-238000000.0,1.106,38.195,6424000000.0,213000000.0,6211000000.0,6424000000.0,880000000.0,225000000.0,0.0,0.0,0.0,-88000000.0,137000000.0,0.151,137000000.0,-88000000.0,-237000000.0,-2.1,-2.1,-2.1,221000000.0,,221000000.0,8290584362.0,-66.0,10.575,-90000000.0,-0.819,1.0,527000000.0,0.579,1870000000.0,149000000.0,11636000000.0,,0.0,126000000.0,2000000.0,124000000.0,8441000000.0,941000000.0,7500000000.0,2666584362.0,-197000000.0,0.0,0.0,-101000000.0,0.0,-101000000.0,-82000000.0,0.0,-8000000.0,-6000000.0,-238000000.0,-238000000.0,-238000000.0,0.0,0.0,-0.262,568000000.0,-41000000.0,345000000.0,0.0,12.066,-3.683,-3.779,5518000000.0,0.0,24.3,0.736,0.736,304000000.0,-11295000000.0,910000000.0,910000000.0,0.0,,,,,16000000.0,343000000.0,1.0,109735982.0,109832625.0,109832625.0,8.285,6792000000.0,0.0,1000000.0,0.0,61.84,100000000.0
31,LVLT,MRQ,2009-12-31,2009-12-31,2009-12-31,2020-09-16,-5000000.0,9062000000.0,,1259000000.0,7803000000.0,,4.488,-74000000.0,836000000.0,836000000.0,310000000.0,-182000000.0,0.829,17.456,6460000000.0,705000000.0,5755000000.0,6460000000.0,902000000.0,227000000.0,0.0,0.0,0.0,-35000000.0,192000000.0,0.224,192000000.0,-35000000.0,-185000000.0,-1.63,-1.63,-1.63,491000000.0,,491000000.0,8236981572.0,-374.0,9.318,103000000.0,0.942,1.0,547000000.0,0.638,1896000000.0,150000000.0,11271000000.0,,0.0,125000000.0,3000000.0,122000000.0,8571000000.0,1519000000.0,7052000000.0,2508981572.0,304000000.0,0.0,0.0,207000000.0,0.0,207000000.0,-77000000.0,0.0,177000000.0,-3000000.0,-182000000.0,-182000000.0,-182000000.0,-6000000.0,0.0,-0.212,581000000.0,-34000000.0,364000000.0,0.0,5.11,-4.06,-4.04,5687000000.0,0.0,22.95,0.679,0.676,323000000.0,-11057000000.0,857000000.0,857000000.0,0.0,,,,,24000000.0,353000000.0,1.0,109323816.0,109395897.0,109395897.0,7.834,7166000000.0,0.0,-3000000.0,0.0,65.505,-260000000.0
32,LVLT,MRQ,2009-09-30,2009-09-30,2009-09-30,2020-09-16,-10000000.0,8968000000.0,,988000000.0,7980000000.0,,6.145,-75000000.0,532000000.0,532000000.0,387000000.0,-170000000.0,1.095,12.365,6260000000.0,160000000.0,6100000000.0,6260000000.0,880000000.0,229000000.0,0.0,0.0,0.0,-21000000.0,208000000.0,0.227,208000000.0,-21000000.0,-168000000.0,-1.5,-1.5,-1.5,671000000.0,,671000000.0,7987933525.0,40.0,7.235,9000000.0,0.082,1.0,529000000.0,0.578,1920000000.0,147000000.0,11874000000.0,,0.0,127000000.0,3000000.0,124000000.0,8297000000.0,902000000.0,7395000000.0,2271933525.0,-98000000.0,0.0,0.0,-110000000.0,0.0,-110000000.0,-75000000.0,0.0,84000000.0,3000000.0,-170000000.0,-170000000.0,-170000000.0,0.0,0.0,-0.186,555000000.0,-26000000.0,351000000.0,0.0,3.386,-5.781,-6.043,5828000000.0,0.0,20.85,0.584,0.586,356000000.0,-10875000000.0,916000000.0,916000000.0,0.0,,,,,10000000.0,325000000.0,1.0,108965637.0,109187259.0,109187259.0,8.389,7048000000.0,0.0,2000000.0,0.0,64.55,86000000.0
33,LVLT,MRQ,2009-06-30,2009-06-30,2009-06-30,2020-09-16,-23000000.0,9235000000.0,,1117000000.0,8118000000.0,,7.576,-80000000.0,630000000.0,630000000.0,395000000.0,-134000000.0,1.188,10.235,6346000000.0,178000000.0,6168000000.0,6346000000.0,905000000.0,228000000.0,0.0,0.0,0.0,19000000.0,247000000.0,0.262,247000000.0,19000000.0,-133000000.0,-1.2,-1.2,-1.2,822000000.0,,822000000.0,8218455313.0,35.0,7.197,20000000.0,0.184,1.0,547000000.0,0.581,1944000000.0,152000000.0,12067000000.0,,0.0,127000000.0,2000000.0,125000000.0,8413000000.0,940000000.0,7473000000.0,2457455313.0,-42000000.0,0.0,0.0,-72000000.0,0.0,-72000000.0,-76000000.0,1000000.0,100000000.0,6000000.0,-134000000.0,-134000000.0,-134000000.0,0.0,0.0,-0.142,555000000.0,-8000000.0,336000000.0,0.0,2.99,-6.981,-7.19,5939000000.0,0.0,22.65,0.608,0.608,374000000.0,-10705000000.0,942000000.0,942000000.0,0.0,,,,,9000000.0,321000000.0,1.0,108496923.0,108496923.0,,8.682,7291000000.0,0.0,1000000.0,0.0,67.2,177000000.0
34,LVLT,MRQ,2009-03-31,2009-03-31,2009-03-31,2020-09-16,-101000000.0,9388000000.0,,1172000000.0,8216000000.0,,7.912,-78000000.0,672000000.0,672000000.0,407000000.0,-132000000.0,0.904,9.98,6433000000.0,500000000.0,5933000000.0,6433000000.0,868000000.0,222000000.0,0.0,0.0,0.0,15000000.0,237000000.0,0.242,237000000.0,15000000.0,-131000000.0,-1.2,-1.2,-1.2,855000000.0,,855000000.0,7303662487.0,23.0,5.943,-82000000.0,-0.759,1.0,573000000.0,0.585,1966000000.0,146000000.0,11886000000.0,,0.0,131000000.0,3000000.0,128000000.0,8533000000.0,1297000000.0,7236000000.0,1491662487.0,-96000000.0,0.0,0.0,-9000000.0,0.0,-9000000.0,-79000000.0,-1000000.0,-4000000.0,-4000000.0,-132000000.0,-132000000.0,-132000000.0,0.0,0.0,-0.135,561000000.0,12000000.0,357000000.0,0.0,1.745,-5.737,-5.75,6012000000.0,0.0,13.8,0.356,0.356,401000000.0,-10571000000.0,980000000.0,980000000.0,0.0,,,,,16000000.0,338000000.0,1.0,108091485.0,108067536.0,108067536.0,9.068,7422000000.0,0.0,1000000.0,0.0,68.679,-125000000.0
35,LVLT,MRQ,2008-12-31,2008-12-31,2008-12-31,2020-09-16,-51000000.0,9634000000.0,,1242000000.0,8392000000.0,,9.532,-107000000.0,768000000.0,768000000.0,430000000.0,43000000.0,1.181,8.436,6431000000.0,186000000.0,6245000000.0,6431000000.0,887000000.0,224000000.0,0.0,0.0,0.0,188000000.0,412000000.0,0.393,412000000.0,188000000.0,45000000.0,0.45,0.45,0.45,1021000000.0,,1021000000.0,7308794143.0,28.0,6.147,124000000.0,1.158,1.0,619000000.0,0.59,1991000000.0,143000000.0,12254000000.0,,0.0,130000000.0,3000000.0,127000000.0,8613000000.0,1052000000.0,7561000000.0,1127794143.0,186000000.0,3000000.0,0.0,62000000.0,0.0,62000000.0,-103000000.0,4000000.0,231000000.0,-4000000.0,43000000.0,43000000.0,43000000.0,0.0,0.0,0.041,537000000.0,82000000.0,365000000.0,0.0,1.105,-3.547,-3.5,6159000000.0,0.0,10.5,0.262,0.255,390000000.0,-10439000000.0,1049000000.0,1049000000.0,0.0,,,,,17000000.0,301000000.0,1.0,107408966.0,107107421.0,107107421.0,9.794,7643000000.0,0.0,2000000.0,0.0,71.358,190000000.0
36,LVLT,MRQ,2008-09-30,2008-09-30,2008-09-30,2020-09-16,87000000.0,9733000000.0,,1134000000.0,8599000000.0,,7.727,-122000000.0,582000000.0,582000000.0,444000000.0,-129000000.0,0.993,11.121,6763000000.0,328000000.0,6435000000.0,6763000000.0,910000000.0,233000000.0,0.0,0.0,0.0,13000000.0,246000000.0,0.23,246000000.0,13000000.0,-129000000.0,-1.2,-1.2,-1.2,803000000.0,,803000000.0,10382600846.0,109.0,10.11,-3000000.0,-0.029,1.0,626000000.0,0.585,2002000000.0,142000000.0,12770000000.0,,0.0,132000000.0,8000000.0,124000000.0,8930000000.0,1142000000.0,7788000000.0,4208600846.0,-79000000.0,-2000000.0,0.0,-70000000.0,0.0,-68000000.0,-126000000.0,0.0,119000000.0,-4000000.0,-129000000.0,-129000000.0,-129000000.0,0.0,0.0,-0.121,622000000.0,4000000.0,316000000.0,0.0,5.241,-8.695,-8.71,6354000000.0,0.0,40.5,0.967,0.967,430000000.0,-10387000000.0,1070000000.0,1070000000.0,0.0,,,,,18000000.0,387000000.0,1.0,103916070.0,103919796.0,103919796.0,10.296,7731000000.0,0.0,0.0,0.0,74.394,-8000000.0
37,LVLT,MRQ,2008-06-30,2008-06-30,2008-06-30,2020-09-16,153000000.0,9999000000.0,,1217000000.0,8782000000.0,,9.351,-106000000.0,661000000.0,661000000.0,460000000.0,-42000000.0,1.456,9.33,6835000000.0,6000000.0,6829000000.0,6835000000.0,932000000.0,234000000.0,0.0,0.0,0.0,100000000.0,334000000.0,0.306,334000000.0,100000000.0,-41000000.0,-0.45,-0.45,-0.45,968000000.0,,968000000.0,10883396841.0,259.0,10.993,4000000.0,0.039,1.0,630000000.0,0.578,2031000000.0,141000000.0,13306000000.0,,0.0,129000000.0,10000000.0,119000000.0,9031000000.0,836000000.0,8195000000.0,4578396841.0,128000000.0,123000000.0,0.0,-2000000.0,0.0,-2000000.0,19000000.0,0.0,110000000.0,1000000.0,-42000000.0,-42000000.0,-42000000.0,0.0,0.0,-0.039,633000000.0,-3000000.0,323000000.0,0.0,4.73,-8.655,-8.676,6507000000.0,0.0,44.25,1.054,1.055,427000000.0,-10267000000.0,1090000000.0,1090000000.0,0.0,,,,,20000000.0,395000000.0,1.0,103466595.0,103523709.0,103523709.0,10.529,7968000000.0,0.0,1000000.0,0.0,76.968,381000000.0
38,LVLT,MRQ,2008-03-31,2008-03-31,2008-03-31,2020-09-16,112000000.0,10019000000.0,,1074000000.0,8945000000.0,,9.125,-111000000.0,533000000.0,533000000.0,475000000.0,-190000000.0,1.292,9.681,6838000000.0,7000000.0,6831000000.0,6838000000.0,918000000.0,240000000.0,0.0,0.0,0.0,-43000000.0,197000000.0,0.18,197000000.0,-43000000.0,-187000000.0,-1.8,-1.8,-1.8,938000000.0,,938000000.0,9426456684.0,-77.0,11.235,-158000000.0,-1.537,1.0,617000000.0,0.565,2079000000.0,144000000.0,13414000000.0,,0.0,134000000.0,15000000.0,119000000.0,9081000000.0,831000000.0,8250000000.0,3276456684.0,-181000000.0,0.0,0.0,-26000000.0,0.0,-26000000.0,-111000000.0,0.0,-47000000.0,3000000.0,-190000000.0,-190000000.0,-190000000.0,0.0,0.0,-0.174,669000000.0,-52000000.0,346000000.0,0.0,3.493,-4.755,-4.818,6616000000.0,0.0,31.8,0.761,0.759,416000000.0,-10234000000.0,1092000000.0,1092000000.0,0.0,,,,,23000000.0,422000000.0,1.0,103033229.0,102796606.0,102796606.0,10.623,7940000000.0,0.0,3000000.0,0.0,77.24,243000000.0
39,LVLT,MRQ,2007-12-31,2007-12-31,2007-12-31,2020-09-16,104000000.0,10254000000.0,,1225000000.0,9029000000.0,,10.442,-152000000.0,714000000.0,714000000.0,459000000.0,-123000000.0,1.26,8.583,6864000000.0,32000000.0,6832000000.0,6864000000.0,938000000.0,225000000.0,0.0,0.0,0.0,25000000.0,250000000.0,0.227,250000000.0,25000000.0,-143000000.0,-1.2,-1.2,-1.2,1070000000.0,,1070000000.0,10894073961.0,-19.0,28.444,42000000.0,0.41,1.0,641000000.0,0.583,2101000000.0,168000000.0,13331000000.0,,0.0,136000000.0,19000000.0,117000000.0,9184000000.0,972000000.0,8212000000.0,4672073961.0,72000000.0,-8000000.0,0.0,-2000000.0,0.0,-2000000.0,-120000000.0,42000000.0,194000000.0,0.0,-123000000.0,-123000000.0,-123000000.0,0.0,0.0,-0.112,670000000.0,-29000000.0,396000000.0,0.0,4.366,-4.077,-4.0,6669000000.0,0.0,45.6,1.094,1.081,404000000.0,-10053000000.0,1100000000.0,1100000000.0,0.0,,,,,50000000.0,440000000.0,1.0,102457762.0,102468124.0,102468124.0,10.735,8153000000.0,0.0,-20000000.0,0.0,79.566,253000000.0
40,LVLT,MRQ,2007-09-30,2007-09-30,2007-09-30,2020-09-16,153000000.0,10314000000.0,,1268000000.0,9046000000.0,,11.518,-153000000.0,642000000.0,642000000.0,454000000.0,-174000000.0,1.356,7.756,6864000000.0,31000000.0,6833000000.0,6864000000.0,930000000.0,249000000.0,0.0,0.0,0.0,-40000000.0,209000000.0,0.197,209000000.0,-40000000.0,-178000000.0,-1.65,-1.65,-1.65,1178000000.0,,1178000000.0,13254613624.0,-20.0,50.207,-52000000.0,-0.508,1.0,607000000.0,0.572,2116000000.0,138000000.0,13485000000.0,,0.0,176000000.0,82000000.0,94000000.0,9136000000.0,935000000.0,8201000000.0,7134613624.0,-97000000.0,-46000000.0,2000000.0,-4000000.0,0.0,-2000000.0,-197000000.0,15000000.0,101000000.0,1000000.0,-174000000.0,-174000000.0,-174000000.0,0.0,0.0,-0.164,665000000.0,-58000000.0,395000000.0,0.0,6.057,-5.662,-5.284,6709000000.0,0.0,69.75,1.777,1.777,438000000.0,-9962000000.0,1061000000.0,1061000000.0,0.0,,,,,24000000.0,415000000.0,1.0,102288367.0,102273713.0,102273713.0,10.374,8198000000.0,0.0,-4000000.0,0.0,80.157,333000000.0
41,LVLT,MRQ,2007-06-30,2007-06-30,2007-06-30,2020-09-16,163000000.0,10509000000.0,,1423000000.0,9086000000.0,,13.081,-170000000.0,739000000.0,739000000.0,454000000.0,-202000000.0,1.448,6.878,6859000000.0,31000000.0,6828000000.0,6859000000.0,943000000.0,247000000.0,0.0,0.0,0.0,-64000000.0,183000000.0,0.174,183000000.0,-64000000.0,-202000000.0,-1.95,-1.95,-1.95,1334000000.0,,1334000000.0,14923355130.0,-25.0,57.842,-141000000.0,-1.383,1.0,598000000.0,0.568,2105000000.0,138000000.0,13541000000.0,,0.0,188000000.0,96000000.0,92000000.0,9175000000.0,983000000.0,8192000000.0,8950355130.0,-145000000.0,4000000.0,1000000.0,-14000000.0,0.0,-13000000.0,-161000000.0,8000000.0,29000000.0,0.0,-202000000.0,-202000000.0,-202000000.0,0.0,0.0,-0.192,677000000.0,-79000000.0,401000000.0,0.0,6.709,-7.312,-6.574,6729000000.0,0.0,87.75,2.338,2.337,455000000.0,-9788000000.0,1052000000.0,1052000000.0,0.0,,,,,24000000.0,428000000.0,1.0,101998349.0,101979365.0,101979365.0,10.316,8404000000.0,0.0,0.0,0.0,82.409,440000000.0
42,LVLT,MRQ,2007-03-31,2007-03-31,2007-03-31,2020-09-16,66000000.0,10635000000.0,,1504000000.0,9131000000.0,,14.436,-153000000.0,884000000.0,884000000.0,466000000.0,-647000000.0,1.442,6.521,6857000000.0,34000000.0,6823000000.0,6857000000.0,939000000.0,221000000.0,0.0,0.0,0.0,-480000000.0,-259000000.0,-0.245,-259000000.0,-480000000.0,-645000000.0,-6.6,-6.6,-6.6,1414000000.0,,1414000000.0,14962625215.0,-27.0,71.592,-246000000.0,-2.512,1.0,590000000.0,0.559,2217000000.0,165000000.0,13348000000.0,,0.0,136000000.0,44000000.0,92000000.0,9221000000.0,1043000000.0,8178000000.0,9281625215.0,-797000000.0,-626000000.0,23000000.0,-249000000.0,0.0,-226000000.0,-483000000.0,280000000.0,-93000000.0,5000000.0,-647000000.0,-647000000.0,-647000000.0,0.0,0.0,-0.613,665000000.0,-75000000.0,462000000.0,0.0,6.564,-7.589,-6.162,6675000000.0,0.0,91.5,2.57,2.481,450000000.0,-9586000000.0,1056000000.0,1056000000.0,0.0,,,,,24000000.0,440000000.0,1.0,101438527.0,97949097.0,97949097.0,10.781,8418000000.0,0.0,2000000.0,0.0,85.943,461000000.0
43,LVLT,MRQ,2006-12-31,2006-12-31,2006-12-31,2020-09-16,-4000000.0,9994000000.0,,2389000000.0,7605000000.0,,5.592,-139000000.0,1681000000.0,1681000000.0,324000000.0,-237000000.0,2.611,25.722,7362000000.0,5000000.0,7357000000.0,7362000000.0,895000000.0,197000000.0,0.0,0.0,0.0,-66000000.0,131000000.0,0.155,131000000.0,-66000000.0,-233000000.0,-3.0,-3.0,-3.0,374000000.0,,374000000.0,12440989892.0,-132.0,19.561,-27000000.0,-0.404,1.0,522000000.0,0.617,919000000.0,167000000.0,13841000000.0,,0.0,371000000.0,281000000.0,90000000.0,9620000000.0,915000000.0,8705000000.0,6589989892.0,950000000.0,-6000000.0,0.0,706000000.0,0.0,706000000.0,130000000.0,254000000.0,112000000.0,2000000.0,-237000000.0,-237000000.0,-237000000.0,0.0,0.0,-0.28,562000000.0,-40000000.0,391000000.0,0.0,17.62,-8.858,-7.568,6468000000.0,0.0,84.0,1.951,1.663,326000000.0,-8939000000.0,846000000.0,846000000.0,0.0,,,,,32000000.0,365000000.0,1.0,78452261.0,66887011.0,,12.648,9075000000.0,0.0,4000000.0,0.0,135.677,1474000000.0
44,LVLT,MRQ,2006-09-30,2006-09-30,2006-09-30,2020-09-16,-15000000.0,9343000000.0,,1741000000.0,7602000000.0,,7.187,-117000000.0,731000000.0,731000000.0,382000000.0,-138000000.0,1.939,15.625,6582000000.0,5000000.0,6577000000.0,6582000000.0,897000000.0,182000000.0,0.0,0.0,0.0,21000000.0,203000000.0,0.232,203000000.0,21000000.0,-140000000.0,-1.8,-1.8,-1.8,562000000.0,,562000000.0,11684169331.0,-209.0,18.314,-101000000.0,-1.292,1.0,493000000.0,0.563,976000000.0,161000000.0,13320000000.0,,0.0,645000000.0,554000000.0,91000000.0,8781000000.0,898000000.0,7883000000.0,6322169331.0,-927000000.0,-338000000.0,0.0,-463000000.0,0.0,-463000000.0,-464000000.0,0.0,16000000.0,2000000.0,-138000000.0,-138000000.0,-138000000.0,-25000000.0,0.0,-0.158,518000000.0,-25000000.0,406000000.0,0.0,11.249,-9.352,-6.823,6418000000.0,0.0,80.85,2.143,2.143,351000000.0,-8702000000.0,875000000.0,875000000.0,0.0,,,,,18000000.0,334000000.0,1.0,78196281.0,78196281.0,,11.19,8367000000.0,0.0,-2000000.0,0.0,107.0,843000000.0
45,LVLT,MRQ,2006-06-30,2006-06-30,2006-06-30,2020-09-16,-24000000.0,9751000000.0,,3252000000.0,6499000000.0,,-0.584,-73000000.0,1658000000.0,1658000000.0,399000000.0,-201000000.0,1.695,-296.485,7020000000.0,462000000.0,6558000000.0,7020000000.0,966000000.0,164000000.0,0.0,0.0,0.0,-30000000.0,134000000.0,0.16,134000000.0,-30000000.0,-200000000.0,-3.45,-3.45,-3.45,-33000000.0,,-33000000.0,9538176447.0,-67.0,18.237,63000000.0,1.116,1.0,436000000.0,0.522,728000000.0,170000000.0,12466000000.0,,0.0,632000000.0,542000000.0,90000000.0,9784000000.0,1919000000.0,7865000000.0,3760176447.0,1078000000.0,0.0,543000000.0,575000000.0,0.0,1118000000.0,-166000000.0,-81000000.0,136000000.0,4000000.0,-201000000.0,-201000000.0,-201000000.0,-23000000.0,0.0,-0.241,454000000.0,-18000000.0,834000000.0,0.0,-113.945,-5.068,-4.625,5537000000.0,0.0,66.6,1.529,1.529,868000000.0,-8564000000.0,835000000.0,835000000.0,0.0,,,,,20000000.0,283000000.0,1.0,56459106.0,56459106.0,,14.789,9023000000.0,0.0,1000000.0,0.0,159.815,1333000000.0
46,LVLT,MRQ,2006-03-31,2006-03-31,2006-03-31,2020-09-16,-42000000.0,8284000000.0,,1901000000.0,6383000000.0,,-9.992,-56000000.0,580000000.0,580000000.0,412000000.0,-168000000.0,1.6,-16.172,6358000000.0,1000000.0,6357000000.0,6358000000.0,967000000.0,187000000.0,0.0,0.0,0.0,-19000000.0,168000000.0,0.204,168000000.0,-19000000.0,-169000000.0,-3.0,-3.0,-3.0,-546000000.0,,-546000000.0,9816874922.0,-62.0,19.363,-119000000.0,-2.178,1.0,410000000.0,0.499,567000000.0,150000000.0,12307000000.0,,0.0,534000000.0,447000000.0,87000000.0,8830000000.0,1188000000.0,7642000000.0,4245874922.0,128000000.0,-80000000.0,0.0,328000000.0,0.0,328000000.0,-148000000.0,-12000000.0,-63000000.0,2000000.0,-168000000.0,-168000000.0,-168000000.0,2000000.0,0.0,-0.204,467000000.0,-57000000.0,622000000.0,0.0,-7.776,-5.824,-5.18,5588000000.0,0.0,77.7,1.686,1.686,717000000.0,-8363000000.0,822000000.0,822000000.0,0.0,,,,,14000000.0,276000000.0,1.0,54644465.0,54644465.0,,15.043,7717000000.0,0.0,-1000000.0,0.0,141.222,713000000.0
47,LVLT,MRQ,2005-12-31,2005-12-31,2005-12-31,2020-09-16,-51000000.0,8277000000.0,,1670000000.0,6607000000.0,,-10.181,-67000000.0,379000000.0,379000000.0,141000000.0,-169000000.0,1.174,-18.389,6023000000.0,0.0,6023000000.0,6023000000.0,936000000.0,161000000.0,0.0,0.0,0.0,-28000000.0,133000000.0,0.318,133000000.0,-28000000.0,-167000000.0,-3.6,-3.6,-3.6,-476000000.0,,-476000000.0,7542708571.0,-73.0,13.865,-160000000.0,-3.422,1.0,277000000.0,0.663,291000000.0,139000000.0,12207000000.0,,0.0,519000000.0,210000000.0,309000000.0,8753000000.0,1423000000.0,7330000000.0,2012708571.0,-38000000.0,-285000000.0,0.0,-1000000.0,0.0,-1000000.0,57000000.0,413000000.0,-93000000.0,2000000.0,-169000000.0,-169000000.0,-169000000.0,-57000000.0,0.0,-0.404,375000000.0,-98000000.0,367000000.0,0.0,-4.228,-3.155,-3.154,5632000000.0,0.0,43.05,1.171,1.171,392000000.0,-8192000000.0,418000000.0,418000000.0,0.0,,,,,19000000.0,215000000.0,1.0,46752812.0,46752812.0,,8.941,7986000000.0,0.0,2000000.0,0.0,170.813,247000000.0
48,LVLT,MRQ,2005-09-30,2005-09-30,2005-09-30,2020-09-16,-45000000.0,7580000000.0,,1500000000.0,6080000000.0,,-13.574,-83000000.0,490000000.0,490000000.0,127000000.0,-204000000.0,1.503,-12.994,6020000000.0,0.0,6020000000.0,6020000000.0,942000000.0,153000000.0,0.0,0.0,0.0,-65000000.0,88000000.0,0.229,88000000.0,-65000000.0,-203000000.0,-4.35,-4.35,-4.35,-632000000.0,,-632000000.0,7118315424.0,-222.0,11.884,-36000000.0,-0.773,1.0,257000000.0,0.669,401000000.0,138000000.0,11711000000.0,,0.0,920000000.0,441000000.0,479000000.0,8212000000.0,998000000.0,7214000000.0,1620315424.0,42000000.0,11000000.0,0.0,67000000.0,0.0,67000000.0,-52000000.0,21000000.0,47000000.0,-3000000.0,-204000000.0,-204000000.0,-204000000.0,-3000000.0,0.0,-0.531,346000000.0,-89000000.0,492000000.0,0.0,-2.564,-2.968,-2.975,5101000000.0,0.0,34.8,1.166,1.166,407000000.0,-8023000000.0,384000000.0,384000000.0,0.0,,,,,12000000.0,183000000.0,1.0,46560788.0,46560788.0,,8.247,7179000000.0,0.0,1000000.0,0.0,154.186,502000000.0
49,LVLT,MRQ,2005-06-30,2005-06-30,2005-06-30,2020-09-16,-44000000.0,7733000000.0,,1480000000.0,6253000000.0,,-9.591,-80000000.0,448000000.0,448000000.0,576000000.0,-188000000.0,1.423,-18.417,5946000000.0,1000000.0,5945000000.0,5946000000.0,913000000.0,164000000.0,0.0,0.0,0.0,-46000000.0,118000000.0,0.132,118000000.0,-46000000.0,-185000000.0,-4.05,-4.05,-4.05,-444000000.0,,-444000000.0,6195566654.0,-344.0,9.834,-91000000.0,-1.966,1.0,318000000.0,0.356,421000000.0,139000000.0,11770000000.0,,0.0,932000000.0,356000000.0,576000000.0,8177000000.0,1040000000.0,7137000000.0,1409566654.0,112000000.0,-10000000.0,0.0,772000000.0,0.0,772000000.0,-636000000.0,-548000000.0,-11000000.0,-11000000.0,-188000000.0,-188000000.0,-188000000.0,0.0,0.0,-0.21,383000000.0,-65000000.0,578000000.0,0.0,-3.175,-2.748,-2.743,5158000000.0,0.0,30.45,0.764,0.764,544000000.0,-7819000000.0,894000000.0,894000000.0,0.0,,,,,9000000.0,215000000.0,1.0,46291187.0,46291187.0,,19.313,7312000000.0,0.0,3000000.0,0.0,157.957,440000000.0
50,LVLT,MRQ,2005-03-31,2005-03-31,2005-03-31,2020-09-16,-6000000.0,7099000000.0,,1222000000.0,5877000000.0,,-5.161,-59000000.0,406000000.0,406000000.0,558000000.0,-77000000.0,1.155,-30.954,5192000000.0,119000000.0,5073000000.0,5192000000.0,915000000.0,169000000.0,0.0,0.0,0.0,37000000.0,206000000.0,0.207,206000000.0,37000000.0,-77000000.0,-1.65,-1.65,-1.65,-237000000.0,,-237000000.0,6071950732.0,72.0,8.15,-125000000.0,-2.722,1.0,435000000.0,0.438,438000000.0,114000000.0,10389000000.0,,0.0,332000000.0,332000000.0,0.0,7336000000.0,1058000000.0,6278000000.0,1418950732.0,-107000000.0,0.0,0.0,-25000000.0,0.0,-25000000.0,-10000000.0,50000000.0,-66000000.0,-5000000.0,-77000000.0,-77000000.0,-77000000.0,0.0,0.0,-0.078,408000000.0,27000000.0,481000000.0,0.0,-5.987,-3.657,-3.679,5277000000.0,0.0,30.9,0.759,0.759,437000000.0,-7631000000.0,993000000.0,993000000.0,0.0,,,,,11000000.0,224000000.0,1.0,45920736.0,45920736.0,,21.624,6661000000.0,0.0,0.0,0.0,145.054,164000000.0
51,LVLT,MRQ,2004-12-31,2004-12-31,2004-12-31,2020-09-16,19000000.0,7544000000.0,,1402000000.0,6142000000.0,,-3.436,-78000000.0,443000000.0,443000000.0,-1118000000.0,-77000000.0,1.077,-49.051,5210000000.0,143000000.0,5067000000.0,5210000000.0,1093000000.0,145000000.0,0.0,0.0,0.0,42000000.0,187000000.0,-0.212,187000000.0,42000000.0,-78000000.0,-1.65,-1.65,-1.65,-157000000.0,,-157000000.0,6917772784.0,247.0,9.897,-89000000.0,-1.948,1.0,237000000.0,-0.269,457000000.0,120000000.0,10552000000.0,,0.0,454000000.0,273000000.0,181000000.0,7701000000.0,1302000000.0,6399000000.0,2323772784.0,-24000000.0,9000000.0,0.0,35000000.0,0.0,35000000.0,-59000000.0,-11000000.0,-11000000.0,16000000.0,-77000000.0,-77000000.0,-77000000.0,-20000000.0,0.0,0.087,267000000.0,-30000000.0,600000000.0,0.0,-14.801,-5.074,-5.06,5375000000.0,0.0,50.85,1.308,1.308,541000000.0,-7554000000.0,-881000000.0,-881000000.0,0.0,,,,,14000000.0,110000000.0,1.0,45698580.0,45698580.0,,-19.278,7087000000.0,0.0,-1000000.0,0.0,155.081,100000000.0
52,LVLT,MRQ,2004-09-30,2004-09-30,2004-09-30,2020-09-16,-106000000.0,7395000000.0,,1232000000.0,6163000000.0,,-3.497,-79000000.0,582000000.0,582000000.0,487000000.0,-171000000.0,1.146,-47.509,5176000000.0,144000000.0,5032000000.0,5176000000.0,1142000000.0,170000000.0,0.0,0.0,0.0,-51000000.0,119000000.0,0.142,119000000.0,-51000000.0,-171000000.0,-3.75,-3.75,-3.75,-159000000.0,,-159000000.0,6254167828.0,-139.0,9.637,-95000000.0,-2.09,1.0,353000000.0,0.42,448000000.0,120000000.0,10466000000.0,,0.0,389000000.0,225000000.0,164000000.0,7554000000.0,1075000000.0,6479000000.0,1766167828.0,-80000000.0,-5000000.0,0.0,-1000000.0,0.0,-1000000.0,-65000000.0,40000000.0,-16000000.0,2000000.0,-171000000.0,-171000000.0,-171000000.0,0.0,0.0,-0.204,404000000.0,-51000000.0,431000000.0,0.0,-11.108,-3.518,-3.648,5402000000.0,0.0,38.85,0.495,0.495,375000000.0,-7477000000.0,840000000.0,840000000.0,0.0,,,,,10000000.0,234000000.0,1.0,45461205.0,45461205.0,,18.477,6947000000.0,0.0,0.0,0.0,152.812,157000000.0
53,LVLT,MRQ,2004-06-30,2004-06-30,2004-06-30,2020-09-16,-116000000.0,7688000000.0,,1418000000.0,6270000000.0,,-0.309,-57000000.0,661000000.0,661000000.0,591000000.0,-63000000.0,1.124,-550.143,5149000000.0,141000000.0,5008000000.0,5149000000.0,1127000000.0,177000000.0,0.0,0.0,0.0,56000000.0,233000000.0,0.254,233000000.0,56000000.0,-62000000.0,-1.35,-1.35,-1.35,-14000000.0,,-14000000.0,6491724993.0,-67.0,10.191,-102000000.0,-2.253,1.0,327000000.0,0.356,463000000.0,118000000.0,10451000000.0,,0.0,410000000.0,221000000.0,189000000.0,7702000000.0,1262000000.0,6440000000.0,2383724993.0,-614000000.0,-25000000.0,0.0,-75000000.0,0.0,-75000000.0,-496000000.0,-410000000.0,-45000000.0,2000000.0,-63000000.0,-63000000.0,-63000000.0,0.0,0.0,-0.069,420000000.0,-93000000.0,549000000.0,0.0,-170.266,-4.124,-4.179,5466000000.0,0.0,52.65,0.662,0.662,476000000.0,-7306000000.0,918000000.0,918000000.0,0.0,,,,,10000000.0,243000000.0,1.0,45274929.0,45274929.0,,20.276,7225000000.0,0.0,1000000.0,0.0,159.581,156000000.0
54,LVLT,MRQ,2004-03-31,2004-03-31,2004-03-31,2020-09-16,-119000000.0,7952000000.0,,1747000000.0,6205000000.0,,0.686,-39000000.0,1271000000.0,1271000000.0,543000000.0,-147000000.0,1.457,255.516,5379000000.0,103000000.0,5276000000.0,5379000000.0,1124000000.0,179000000.0,0.0,0.0,0.0,-19000000.0,160000000.0,0.178,160000000.0,-19000000.0,-146000000.0,-3.3,-3.3,-3.3,31000000.0,,31000000.0,6822568648.0,-14.0,21.797,-31000000.0,-0.686,1.0,356000000.0,0.396,445000000.0,127000000.0,10416000000.0,,0.0,0.0,0.0,0.0,7921000000.0,1199000000.0,6722000000.0,2711568648.0,32000000.0,0.0,0.0,-1000000.0,0.0,-1000000.0,27000000.0,41000000.0,8000000.0,-2000000.0,-147000000.0,-147000000.0,-147000000.0,0.0,0.0,-0.164,416000000.0,-60000000.0,510000000.0,0.0,87.47,-2.775,-2.353,5598000000.0,0.0,60.0,0.749,0.749,429000000.0,-7243000000.0,899000000.0,899000000.0,0.0,,,,,9000000.0,235000000.0,1.0,45192811.0,45192811.0,,19.893,7507000000.0,0.0,1000000.0,0.0,166.11,548000000.0
55,LVLT,MRQ,2003-12-31,2003-12-31,2003-12-31,2020-09-16,-90000000.0,8302000000.0,,1955000000.0,6347000000.0,,4.01,-28000000.0,1264000000.0,1264000000.0,562000000.0,-121000000.0,1.385,44.867,5375000000.0,125000000.0,5250000000.0,5375000000.0,1143000000.0,168000000.0,0.0,0.0,0.0,-31000000.0,137000000.0,0.151,137000000.0,-31000000.0,-159000000.0,-2.25,-2.25,-2.25,181000000.0,,181000000.0,8078932362.0,-42.0,13.052,18000000.0,0.399,1.0,347000000.0,0.382,459000000.0,128000000.0,10542000000.0,,0.0,42000000.0,42000000.0,0.0,8121000000.0,1412000000.0,6709000000.0,3858932362.0,-188000000.0,37000000.0,0.0,-256000000.0,0.0,-256000000.0,25000000.0,7000000.0,46000000.0,3000000.0,-121000000.0,-121000000.0,-121000000.0,13000000.0,0.0,-0.133,406000000.0,-59000000.0,651000000.0,0.0,21.32,-5.427,-4.524,5727000000.0,0.0,85.5,0.978,0.978,570000000.0,-7096000000.0,909000000.0,909000000.0,0.0,,,,,19000000.0,232000000.0,1.0,45133712.0,45133712.0,,20.14,7843000000.0,0.0,-38000000.0,0.0,173.773,543000000.0
56,LVLT,MRQ,2003-09-30,2003-09-30,2003-09-30,2020-09-16,-94000000.0,8774000000.0,,2286000000.0,6488000000.0,,4.03,-20000000.0,1870000000.0,1870000000.0,509000000.0,-247000000.0,1.263,48.852,6090000000.0,750000000.0,5340000000.0,6090000000.0,1051000000.0,210000000.0,0.0,0.0,0.0,-103000000.0,107000000.0,0.122,107000000.0,-103000000.0,-259000000.0,-5.7,-5.7,-5.7,176000000.0,,176000000.0,7851342657.0,-24.0,15.275,70000000.0,1.603,1.0,365000000.0,0.418,495000000.0,156000000.0,10689000000.0,,0.0,0.0,0.0,0.0,8598000000.0,1810000000.0,6788000000.0,3550342657.0,402000000.0,-1000000.0,0.0,346000000.0,0.0,346000000.0,-32000000.0,0.0,90000000.0,2000000.0,-247000000.0,-247000000.0,-247000000.0,-3000000.0,0.0,-0.283,474000000.0,-109000000.0,497000000.0,0.0,20.172,-3.932,-2.978,5785000000.0,0.0,81.3,0.896,0.896,355000000.0,-6975000000.0,874000000.0,874000000.0,0.0,,,,,15000000.0,250000000.0,1.0,43669651.0,43669651.0,,20.014,8279000000.0,0.0,-12000000.0,0.0,189.582,476000000.0
57,LVLT,MRQ,2003-06-30,2003-06-30,2003-06-30,2020-09-16,-120000000.0,8668000000.0,,1630000000.0,7038000000.0,,9.146,-45000000.0,1458000000.0,1458000000.0,567000000.0,-462000000.0,1.288,29.738,5759000000.0,125000000.0,5634000000.0,5759000000.0,1064000000.0,228000000.0,0.0,0.0,0.0,-319000000.0,-91000000.0,-0.097,-91000000.0,-319000000.0,-462000000.0,-14.249,-14.249,-14.249,282000000.0,,282000000.0,7879300964.0,-21.0,17.055,-29000000.0,-0.941,1.0,370000000.0,0.395,481000000.0,143000000.0,11222000000.0,,0.0,0.0,0.0,0.0,8386000000.0,1266000000.0,7120000000.0,3080300964.0,-29000000.0,-1000000.0,3000000.0,-13000000.0,0.0,-10000000.0,-51000000.0,0.0,16000000.0,1000000.0,-462000000.0,-462000000.0,-462000000.0,6000000.0,0.0,-0.493,512000000.0,-142000000.0,567000000.0,0.0,10.923,-3.225,-3.069,5941000000.0,0.0,99.9,0.744,0.744,507000000.0,-6728000000.0,937000000.0,937000000.0,0.0,,,,,25000000.0,275000000.0,1.0,30833843.0,30833843.0,,30.389,8187000000.0,0.0,0.0,0.0,265.52,364000000.0
58,LVLT,MRQ,2003-03-31,2003-03-31,2003-03-31,2020-09-16,-129000000.0,8763000000.0,,1560000000.0,7203000000.0,,-1.927,-3000000.0,1492000000.0,1492000000.0,568000000.0,119000000.0,1.319,-152.086,6291000000.0,124000000.0,6167000000.0,6291000000.0,1042000000.0,207000000.0,0.0,0.0,0.0,259000000.0,466000000.0,0.38,466000000.0,259000000.0,119000000.0,3.9,3.3,3.9,-58000000.0,,-58000000.0,6727642677.0,-84.0,9.37,-114000000.0,-3.788,1.0,659000000.0,0.537,505000000.0,140000000.0,11874000000.0,,0.0,0.0,0.0,0.0,8821000000.0,1183000000.0,7638000000.0,2329642677.0,-198000000.0,-98000000.0,0.0,-1000000.0,0.0,-1000000.0,-94000000.0,0.0,-111000000.0,2000000.0,119000000.0,119000000.0,119000000.0,-4000000.0,0.0,0.097,488000000.0,171000000.0,492000000.0,0.0,-40.166,-3.59,-3.205,6043000000.0,0.0,77.4,0.589,0.589,420000000.0,-6266000000.0,1227000000.0,1227000000.0,0.0,,,,,23000000.0,270000000.0,1.0,30098743.0,30098743.0,,40.766,8258000000.0,0.0,0.0,0.0,274.364,377000000.0
59,LVLT,MRQ,2002-12-31,2002-12-31,2002-12-31,2020-09-16,-132000000.0,8963000000.0,,1939000000.0,7024000000.0,,-8.516,91000000.0,1708000000.0,1708000000.0,630000000.0,-313000000.0,1.433,-38.346,6106000000.0,4000000.0,6102000000.0,6106000000.0,1463000000.0,201000000.0,0.0,0.0,0.0,-169000000.0,32000000.0,0.035,32000000.0,-169000000.0,-315000000.0,-11.249,-11.249,-11.249,-240000000.0,,-240000000.0,7505279796.0,-18.0,19.647,105000000.0,3.726,1.0,296000000.0,0.32,380000000.0,146000000.0,11628000000.0,,0.0,0.0,0.0,0.0,9203000000.0,1353000000.0,7850000000.0,2071279796.0,179000000.0,310000000.0,1000000.0,-61000000.0,0.0,-60000000.0,228000000.0,-173000000.0,14000000.0,-3000000.0,-313000000.0,-313000000.0,-313000000.0,-1000000.0,0.0,-0.338,545000000.0,-249000000.0,691000000.0,0.0,-8.63,-2.414,-2.322,6005000000.0,0.0,73.5,0.666,0.666,527000000.0,-6385000000.0,926000000.0,926000000.0,0.0,,,,,27000000.0,213000000.0,1.0,28180677.0,28180677.0,,32.859,8583000000.0,0.0,-2000000.0,0.0,304.57,586000000.0
60,LVLT,MRQ,2002-09-30,2002-09-30,2002-09-30,2020-09-16,-125000000.0,9094000000.0,,2068000000.0,7026000000.0,,-9.374,52000000.0,963000000.0,963000000.0,748000000.0,-299000000.0,1.708,-36.803,6397000000.0,12000000.0,6385000000.0,6397000000.0,1449000000.0,200000000.0,0.0,0.0,0.0,-145000000.0,55000000.0,0.052,55000000.0,-145000000.0,-299000000.0,-10.949,-10.949,-10.949,-254000000.0,,-254000000.0,6479073653.0,-2.0,-2.575,-171000000.0,-6.311,1.0,301000000.0,0.287,375000000.0,154000000.0,12942000000.0,,0.0,541000000.0,541000000.0,0.0,9348000000.0,1211000000.0,8137000000.0,1581073653.0,-88000000.0,-1000000.0,0.0,481000000.0,0.0,481000000.0,-345000000.0,-387000000.0,-223000000.0,-4000000.0,-299000000.0,-299000000.0,-299000000.0,-1000000.0,0.0,-0.285,431000000.0,-130000000.0,560000000.0,0.0,-6.225,-0.414,-0.386,6360000000.0,0.0,58.35,0.63,0.63,443000000.0,-6072000000.0,1049000000.0,1049000000.0,0.0,,,,,37000000.0,228000000.0,1.0,27096378.0,27096378.0,,38.714,8719000000.0,0.0,0.0,0.0,321.777,857000000.0
61,LVLT,MRQ,2002-06-30,2002-06-30,2002-06-30,2020-09-16,-117000000.0,9344000000.0,,2083000000.0,7261000000.0,,-2.957,31000000.0,1051000000.0,1051000000.0,484000000.0,-156000000.0,1.232,-120.795,5949000000.0,10000000.0,5939000000.0,5949000000.0,1589000000.0,190000000.0,0.0,0.0,0.0,-25000000.0,165000000.0,0.22,165000000.0,-25000000.0,-156000000.0,-5.85,-5.85,-5.85,-78000000.0,,-78000000.0,6068127760.0,-2.0,-2.409,-126000000.0,-4.777,1.0,266000000.0,0.355,377000000.0,131000000.0,12174000000.0,,0.0,146000000.0,146000000.0,0.0,9422000000.0,1691000000.0,7731000000.0,1167127760.0,-59000000.0,-84000000.0,0.0,-1000000.0,0.0,-1000000.0,88000000.0,150000000.0,-157000000.0,12000000.0,-156000000.0,-156000000.0,-156000000.0,0.0,0.0,-0.208,477000000.0,-211000000.0,975000000.0,0.0,-14.963,-0.295,-0.281,6592000000.0,0.0,44.25,0.636,0.636,696000000.0,-5773000000.0,750000000.0,750000000.0,0.0,,,,,53000000.0,240000000.0,1.0,26375769.0,26375769.0,,28.435,8967000000.0,0.0,0.0,0.0,339.971,392000000.0
62,LVLT,MRQ,2002-03-31,2002-03-31,2002-03-31,2020-09-16,-163000000.0,9051000000.0,,1683000000.0,7368000000.0,,-2.483,-47000000.0,1110000000.0,1110000000.0,146000000.0,-90000000.0,1.264,-140.246,6011000000.0,30000000.0,5981000000.0,6011000000.0,1480000000.0,210000000.0,0.0,0.0,0.0,-80000000.0,130000000.0,0.337,130000000.0,-80000000.0,-209000000.0,-3.45,-3.45,-3.45,-65000000.0,,-65000000.0,6316999354.0,-2.0,-2.164,-112000000.0,-4.278,1.0,240000000.0,0.622,252000000.0,129000000.0,12368000000.0,,0.0,136000000.0,136000000.0,0.0,9116000000.0,1332000000.0,7784000000.0,1397999354.0,-187000000.0,-153000000.0,0.0,-88000000.0,0.0,-88000000.0,18000000.0,200000000.0,-65000000.0,-5000000.0,-90000000.0,-90000000.0,-90000000.0,0.0,0.0,-0.233,463000000.0,-223000000.0,690000000.0,0.0,-21.508,-0.308,-0.294,6746000000.0,0.0,53.4,0.95,0.95,351000000.0,-5617000000.0,386000000.0,386000000.0,0.0,,,,,64000000.0,253000000.0,1.0,26179763.0,26179763.0,,14.744,8799000000.0,0.0,-119000000.0,0.0,336.099,351000000.0
63,LVLT,MRQ,2001-12-31,2001-12-31,2001-12-31,2020-09-16,-144000000.0,9316000000.0,,2034000000.0,7282000000.0,,-2.546,-80000000.0,1452000000.0,1452000000.0,122000000.0,-3275000000.0,1.461,-144.323,6216000000.0,7000000.0,6209000000.0,6216000000.0,1459000000.0,258000000.0,0.0,0.0,0.0,-3124000000.0,-2866000000.0,-8.791,-2866000000.0,-3124000000.0,-3275000000.0,-130.793,-130.793,-130.793,-65000000.0,,-65000000.0,8340766499.0,-2.0,-2.598,-170000000.0,-6.659,1.0,204000000.0,0.626,28000000.0,151000000.0,12660000000.0,,0.0,206000000.0,206000000.0,0.0,9381000000.0,1392000000.0,7989000000.0,1914766499.0,-143000000.0,0.0,0.0,-696000000.0,0.0,-696000000.0,737000000.0,830000000.0,-90000000.0,5000000.0,-3275000000.0,-3275000000.0,-3275000000.0,539000000.0,0.0,-10.046,3804000000.0,-3600000000.0,714000000.0,0.0,-29.458,-0.385,-0.375,6890000000.0,0.0,75.0,1.249,1.249,239000000.0,-5527000000.0,326000000.0,326000000.0,0.0,,,,,75000000.0,304000000.0,1.0,25530220.0,25530220.0,,12.769,9288000000.0,0.0,0.0,0.0,363.804,642000000.0
64,LVLT,MRQ,2001-09-30,2001-09-30,2001-09-30,2020-09-16,-108000000.0,14251000000.0,,3148000000.0,11103000000.0,,127.198,-335000000.0,1491000000.0,1491000000.0,146000000.0,-437000000.0,2.004,3.563,7917000000.0,7000000.0,7910000000.0,7917000000.0,1337000000.0,306000000.0,0.0,0.0,0.0,-254000000.0,52000000.0,0.14,52000000.0,-254000000.0,-437000000.0,-17.549,-17.549,-17.549,3123000000.0,,3123000000.0,7942118356.0,-5.0,-12.41,-532000000.0,-21.668,1.0,226000000.0,0.608,0.0,183000000.0,19106000000.0,,0.0,1229000000.0,1229000000.0,0.0,11128000000.0,1571000000.0,9557000000.0,1392118356.0,45000000.0,0.0,0.0,12000000.0,0.0,12000000.0,301000000.0,726000000.0,-197000000.0,11000000.0,-437000000.0,-437000000.0,-437000000.0,24000000.0,0.0,-1.175,622000000.0,-396000000.0,972000000.0,0.0,0.446,-0.617,-0.618,10604000000.0,0.0,56.7,0.849,0.849,326000000.0,-2252000000.0,372000000.0,372000000.0,0.0,,,,,80000000.0,316000000.0,1.0,24552352.0,24552352.0,,15.151,14251000000.0,0.0,0.0,0.0,580.433,1577000000.0
65,LVLT,MRQ,2001-06-30,2001-06-30,2001-06-30,2020-09-16,-140000000.0,14888000000.0,,3896000000.0,10992000000.0,,137.9,-750000000.0,1418000000.0,1418000000.0,208000000.0,-731000000.0,2.064,3.398,7968000000.0,9000000.0,7959000000.0,7968000000.0,1255000000.0,322000000.0,0.0,0.0,0.0,-557000000.0,-235000000.0,-0.607,-235000000.0,-557000000.0,-731000000.0,-29.849,-29.849,-29.849,3385000000.0,,3385000000.0,8485426878.0,-5.0,-10.273,-582000000.0,-23.71,1.0,179000000.0,0.463,0.0,174000000.0,19550000000.0,,0.0,2002000000.0,1891000000.0,111000000.0,11503000000.0,1888000000.0,9615000000.0,2021426878.0,-93000000.0,0.0,0.0,-1000000.0,0.0,-1000000.0,-233000000.0,550000000.0,168000000.0,-7000000.0,-731000000.0,-731000000.0,-731000000.0,25000000.0,0.0,-1.889,751000000.0,-572000000.0,1341000000.0,0.0,0.597,-0.932,-0.929,10480000000.0,0.0,82.35,1.257,1.257,484000000.0,-1815000000.0,387000000.0,387000000.0,0.0,,,,,83000000.0,328000000.0,1.0,24546774.0,24546774.0,,15.766,14888000000.0,25000000.0,0.0,0.0,606.516,2008000000.0
66,LVLT,MRQ,2001-03-31,2001-03-31,2001-03-31,2020-09-16,-110000000.0,15456000000.0,,4824000000.0,10632000000.0,,165.406,-1093000000.0,1505000000.0,1505000000.0,266000000.0,-535000000.0,2.387,2.811,7969000000.0,8000000.0,7961000000.0,7969000000.0,1072000000.0,236000000.0,0.0,0.0,0.0,-397000000.0,-161000000.0,-0.359,-161000000.0,-397000000.0,-535000000.0,-21.749,-21.749,-21.749,4056000000.0,,4056000000.0,12448734388.0,-9.0,-21.688,-833000000.0,-33.97,1.0,182000000.0,0.406,0.0,138000000.0,19899000000.0,,0.0,2567000000.0,2450000000.0,117000000.0,11400000000.0,2021000000.0,9379000000.0,6392734388.0,233000000.0,0.0,2000000.0,634000000.0,0.0,636000000.0,-609000000.0,458000000.0,260000000.0,-29000000.0,-535000000.0,-535000000.0,-535000000.0,17000000.0,0.0,-1.194,595000000.0,-413000000.0,1558000000.0,0.0,1.576,-3.719,-3.706,10179000000.0,0.0,260.7,4.394,4.394,721000000.0,-1084000000.0,448000000.0,448000000.0,0.0,,,,,76000000.0,359000000.0,1.0,24521421.0,24521421.0,,18.27,15456000000.0,25000000.0,0.0,0.0,630.306,2803000000.0
67,LVLT,MRQ,2000-12-31,2000-12-31,2000-12-31,2020-09-16,-73000000.0,14919000000.0,,5045000000.0,9874000000.0,,185.837,-1094000000.0,1255000000.0,1255000000.0,309000000.0,-552000000.0,2.625,2.28,7325000000.0,7000000.0,7318000000.0,7325000000.0,720000000.0,188000000.0,0.0,0.0,0.0,-484000000.0,-296000000.0,-0.685,-296000000.0,-484000000.0,-571000000.0,-22.649,-22.649,-22.649,4549000000.0,,4549000000.0,18043066704.0,-15.0,-28.061,-570000000.0,-23.286,1.0,123000000.0,0.285,0.0,87000000.0,19067000000.0,,0.0,2957000000.0,2957000000.0,0.0,10370000000.0,1922000000.0,8448000000.0,12047066704.0,90000000.0,-34000000.0,15000000.0,104000000.0,0.0,105000000.0,-167000000.0,1013000000.0,524000000.0,-14000000.0,-552000000.0,-552000000.0,-552000000.0,48000000.0,0.0,-1.278,515000000.0,-392000000.0,1370000000.0,0.0,2.648,-8.28,-8.182,9014000000.0,0.0,492.15,10.175,10.175,526000000.0,-549000000.0,432000000.0,432000000.0,0.0,,,,,78000000.0,327000000.0,1.0,24478445.0,24478445.0,,17.648,14919000000.0,0.0,-19000000.0,0.0,609.475,3123000000.0
68,LVLT,MRQ,2000-09-30,2000-09-30,2000-09-30,2020-09-16,-101000000.0,14468000000.0,,5621000000.0,8847000000.0,,203.962,-1345000000.0,1158000000.0,1158000000.0,199000000.0,-351000000.0,3.608,1.902,7154000000.0,14000000.0,7140000000.0,7154000000.0,511000000.0,163000000.0,0.0,0.0,0.0,-297000000.0,-134000000.0,-0.393,-134000000.0,-297000000.0,-361000000.0,-14.399,-14.399,-14.399,4985000000.0,,4985000000.0,33797197316.0,-35.0,-97.963,-1300000000.0,-53.19,1.0,142000000.0,0.416,0.0,64000000.0,18906000000.0,,0.0,4159000000.0,3934000000.0,225000000.0,9483000000.0,1558000000.0,7925000000.0,28273197316.0,-481000000.0,0.0,0.0,-15000000.0,0.0,-13000000.0,-490000000.0,854000000.0,45000000.0,-23000000.0,-351000000.0,-351000000.0,-351000000.0,0.0,0.0,-1.029,462000000.0,-320000000.0,1094000000.0,0.0,5.672,-25.844,-25.122,8175000000.0,0.0,1156.8,30.566,30.566,375000000.0,3000000.0,341000000.0,341000000.0,0.0,,,,,61000000.0,298000000.0,1.0,24440869.0,24440869.0,,13.952,14468000000.0,23000000.0,-10000000.0,0.0,591.959,4063000000.0
69,LVLT,MRQ,2000-06-30,2000-06-30,2000-06-30,2020-09-16,-55000000.0,14691000000.0,,6842000000.0,7849000000.0,,218.07,-1752000000.0,1652000000.0,1652000000.0,154000000.0,-281000000.0,3.727,1.763,7176000000.0,6000000.0,7170000000.0,7176000000.0,325000000.0,228000000.0,0.0,0.0,0.0,-211000000.0,17000000.0,0.073,17000000.0,-211000000.0,-292000000.0,-11.549,-11.549,-11.549,5317000000.0,,5317000000.0,36710383059.0,-43.0,-92.469,-1423000000.0,-58.362,1.0,80000000.0,0.342,0.0,81000000.0,18379000000.0,,0.0,5099000000.0,4813000000.0,286000000.0,9374000000.0,1836000000.0,7538000000.0,32184383059.0,-879000000.0,0.0,-6000000.0,118000000.0,0.0,124000000.0,-1321000000.0,427000000.0,329000000.0,-11000000.0,-281000000.0,-281000000.0,-281000000.0,0.0,0.0,-1.201,388000000.0,-308000000.0,1175000000.0,0.0,6.053,-36.162,-34.647,7042000000.0,0.0,1320.0,44.825,44.825,246000000.0,354000000.0,234000000.0,234000000.0,0.0,,,,,97000000.0,249000000.0,1.0,24382108.0,24382108.0,,9.597,14691000000.0,3000000.0,-11000000.0,63000000.0,602.532,5006000000.0
70,LVLT,MRQ,2000-03-31,2000-03-31,2000-03-31,2020-09-16,-27000000.0,14364000000.0,,8111000000.0,6253000000.0,,244.492,-1286000000.0,2527000000.0,2527000000.0,130000000.0,-271000000.0,5.827,1.578,7053000000.0,6000000.0,7047000000.0,7053000000.0,156000000.0,0.0,0.0,0.0,0.0,-230000000.0,-230000000.0,-1.299,-230000000.0,-230000000.0,-280000000.0,-11.549,-11.549,-11.549,5571000000.0,,5571000000.0,38920258410.0,-59.0,-89.267,-1148000000.0,-50.382,1.0,47000000.0,0.266,0.0,50000000.0,17498000000.0,,0.0,5490000000.0,5204000000.0,286000000.0,8793000000.0,1392000000.0,7401000000.0,36144258410.0,1313000000.0,0.0,2413000000.0,2967000000.0,0.0,5380000000.0,-4197000000.0,-2906000000.0,138000000.0,-8000000.0,-271000000.0,-271000000.0,-271000000.0,0.0,0.0,-1.531,324000000.0,-277000000.0,963000000.0,0.0,6.488,-55.351,-55.66,5453000000.0,0.0,1586.25,61.261,61.261,302000000.0,635000000.0,177000000.0,177000000.0,0.0,,,,,0.0,236000000.0,1.0,22785979.0,22785979.0,,7.768,14364000000.0,9000000.0,-9000000.0,68000000.0,630.388,6719000000.0
71,LVLT,MRQ,1999-12-31,1999-12-31,1999-12-31,2020-09-16,-5000000.0,8906000000.0,,3938000000.0,4968000000.0,,149.739,-1230000000.0,1214000000.0,1214000000.0,117000000.0,-191000000.0,3.613,1.616,3995000000.0,6000000.0,3989000000.0,3995000000.0,135000000.0,228000000.0,0.0,0.0,0.0,-226000000.0,2000000.0,0.012,2000000.0,-226000000.0,-268000000.0,-8.55,-8.55,-8.55,3405000000.0,,3405000000.0,30425700965.0,-57.0,-99.756,-1207000000.0,-53.079,1.0,56000000.0,0.324,0.0,42000000.0,10597000000.0,,0.0,2578000000.0,2278000000.0,300000000.0,5501000000.0,1090000000.0,4411000000.0,27928700965.0,-274000000.0,-3000000.0,4000000.0,-2000000.0,0.0,497000000.0,-748000000.0,486000000.0,23000000.0,3000000.0,-191000000.0,-191000000.0,-191000000.0,5000000.0,0.0,-1.104,276000000.0,-220000000.0,832000000.0,0.0,8.202,-57.348,-56.085,4287000000.0,0.0,1228.2,54.23,54.23,150000000.0,906000000.0,173000000.0,173000000.0,0.0,,,,,126000000.0,203000000.0,1.0,22739538.0,22739538.0,,7.608,8906000000.0,241000000.0,-77000000.0,0.0,391.653,2848000000.0
72,LVLT,MRQ,1999-09-30,1999-09-30,1999-09-30,2020-09-16,-4000000.0,8835000000.0,,5070000000.0,3765000000.0,,155.824,-939000000.0,1486000000.0,1486000000.0,100000000.0,-147000000.0,5.399,1.502,3983000000.0,6000000.0,3977000000.0,3983000000.0,84000000.0,0.0,0.0,0.0,0.0,-186000000.0,-186000000.0,-1.388,-186000000.0,-186000000.0,-220000000.0,-6.45,-6.45,-6.45,3531000000.0,,3531000000.0,19627729401.0,-66.0,-84.969,-688000000.0,-30.362,1.0,34000000.0,0.254,0.0,34000000.0,10393000000.0,,0.0,3623000000.0,3260000000.0,363000000.0,5304000000.0,939000000.0,4365000000.0,17749729401.0,691000000.0,0.0,7000000.0,1248000000.0,0.0,760000000.0,-318000000.0,621000000.0,251000000.0,-2000000.0,-147000000.0,-147000000.0,-147000000.0,0.0,0.0,-1.097,241000000.0,-207000000.0,653000000.0,0.0,5.027,-52.984,-50.215,3072000000.0,0.0,783.3,40.524,40.524,118000000.0,1097000000.0,134000000.0,134000000.0,0.0,,,,,0.0,178000000.0,1.0,22660193.0,22660193.0,,5.913,8835000000.0,163000000.0,-73000000.0,40000000.0,389.891,4131000000.0
73,LVLT,MRQ,1999-06-30,1999-06-30,1999-06-30,2020-09-16,-10000000.0,7350000000.0,,4454000000.0,2896000000.0,,159.596,-802000000.0,795000000.0,795000000.0,81000000.0,-44000000.0,6.79,1.037,2673000000.0,6000000.0,2667000000.0,2673000000.0,56000000.0,0.0,0.0,0.0,0.0,-22000000.0,-22000000.0,-0.208,-22000000.0,-22000000.0,-67000000.0,-1.95,-1.95,-1.95,3609000000.0,,3609000000.0,22169316873.0,-162.0,-312.244,-698000000.0,-30.867,1.0,25000000.0,0.236,0.0,45000000.0,8572000000.0,,0.0,3804000000.0,3417000000.0,387000000.0,3741000000.0,656000000.0,3085000000.0,20372316873.0,-67000000.0,0.0,5000000.0,0.0,0.0,5000000.0,-176000000.0,627000000.0,104000000.0,0.0,-44000000.0,-44000000.0,-44000000.0,0.0,0.0,-0.415,208000000.0,-183000000.0,478000000.0,0.0,5.645,-85.959,-78.007,2185000000.0,0.0,900.9,49.689,49.689,111000000.0,1244000000.0,106000000.0,106000000.0,0.0,,,,,0.0,157000000.0,1.0,22613294.0,22613294.0,,4.688,7350000000.0,89000000.0,-23000000.0,57000000.0,325.03,3798000000.0
74,LVLT,MRQ,1999-03-31,1999-03-31,1999-03-31,2020-09-16,2000000.0,7106000000.0,,5106000000.0,2000000000.0,,160.361,-402000000.0,862000000.0,862000000.0,62000000.0,-105000000.0,10.294,0.967,2659000000.0,6000000.0,2653000000.0,2659000000.0,0.0,0.0,0.0,0.0,0.0,-99000000.0,-99000000.0,-0.971,-99000000.0,-99000000.0,-152000000.0,-4.95,-4.95,-4.95,3612000000.0,,3612000000.0,26397724448.0,-230.0,-538.729,-347000000.0,-15.406,1.0,40000000.0,0.392,0.0,53000000.0,8407000000.0,,0.0,4331000000.0,4031000000.0,300000000.0,3494000000.0,496000000.0,2998000000.0,24599724448.0,20000000.0,0.0,1504000000.0,-3000000.0,0.0,1501000000.0,-1536000000.0,-1136000000.0,55000000.0,0.0,-105000000.0,-105000000.0,-105000000.0,0.0,0.0,-1.029,166000000.0,-126000000.0,338000000.0,0.0,6.811,-108.369,-97.089,1438000000.0,0.0,1092.15,60.442,60.442,65000000.0,1288000000.0,102000000.0,102000000.0,0.0,,,,,0.0,125000000.0,1.0,22524126.0,22524126.0,,4.528,7106000000.0,111000000.0,-47000000.0,78000000.0,315.484,4610000000.0
75,LVLT,MRQ,1998-12-31,1998-12-31,1998-12-31,2020-09-16,4000000.0,5522000000.0,,3877000000.0,1645000000.0,,105.734,-500000000.0,842000000.0,842000000.0,61000000.0,-39000000.0,10.478,1.551,2646000000.0,5000000.0,2641000000.0,2646000000.0,1000000.0,66000000.0,0.0,0.0,0.0,10000000.0,76000000.0,0.792,76000000.0,10000000.0,-36000000.0,-2.25,-2.25,-2.25,2165000000.0,,2165000000.0,14736791816.0,16.0,15.084,-458000000.0,-22.368,1.0,35000000.0,0.365,0.0,46000000.0,6956000000.0,,0.0,3195000000.0,2895000000.0,300000000.0,3357000000.0,370000000.0,2987000000.0,13243791816.0,189000000.0,62000000.0,3000000.0,484000000.0,0.0,487000000.0,-292000000.0,154000000.0,42000000.0,0.0,-39000000.0,-39000000.0,-39000000.0,0.0,0.0,-0.406,168000000.0,-133000000.0,276000000.0,0.0,6.117,16.472,16.211,1061000000.0,0.0,646.8,33.785,33.785,57000000.0,1393000000.0,96000000.0,96000000.0,0.0,,,,,39000000.0,133000000.0,1.0,20475869.0,20475869.0,,4.688,5522000000.0,54000000.0,3000000.0,86000000.0,269.683,3507000000.0
76,LVLT,MRQ,1998-09-30,1998-09-30,1998-09-30,2020-09-16,5000000.0,4938000000.0,,3772000000.0,1166000000.0,,106.495,-265000000.0,653000000.0,653000000.0,47000000.0,-49000000.0,13.617,1.269,2146000000.0,6000000.0,2140000000.0,2146000000.0,0.0,0.0,0.0,0.0,0.0,-26000000.0,-26000000.0,-0.245,-26000000.0,-26000000.0,-72000000.0,-2.4,-2.4,-2.4,2176000000.0,,2176000000.0,11130429218.0,11.0,10.827,-75000000.0,-3.671,1.0,59000000.0,0.557,0.0,46000000.0,6154000000.0,,0.0,3317000000.0,3004000000.0,313000000.0,2762000000.0,277000000.0,2485000000.0,9789429218.0,-148000000.0,0.0,0.0,-2000000.0,0.0,-2000000.0,-288000000.0,-23000000.0,190000000.0,0.0,-49000000.0,-49000000.0,-49000000.0,0.0,0.0,-0.462,111000000.0,-52000000.0,126000000.0,0.0,4.499,9.693,9.34,594000000.0,0.0,479.1,25.361,25.361,59000000.0,1432000000.0,106000000.0,106000000.0,0.0,,,,,0.0,96000000.0,1.0,20432956.0,20432956.0,,5.188,4938000000.0,0.0,-23000000.0,104000000.0,241.668,3495000000.0
77,LVLT,MRQ,1998-06-30,1998-06-30,1998-06-30,2020-09-16,8000000.0,4801000000.0,,3874000000.0,927000000.0,,104.802,-120000000.0,801000000.0,801000000.0,49000000.0,-34000000.0,22.137,1.199,2142000000.0,5000000.0,2137000000.0,2142000000.0,0.0,0.0,0.0,0.0,0.0,0.0,0.0,0.0,0.0,0.0,-36000000.0,-1.65,-1.65,-1.65,2183000000.0,,2183000000.0,10895555413.0,11.0,10.387,-199000000.0,-9.554,1.0,54000000.0,0.524,0.0,36000000.0,5967000000.0,,0.0,3325000000.0,2984000000.0,341000000.0,2618000000.0,175000000.0,2443000000.0,11560555413.0,-5000000.0,-1159000000.0,1000000.0,1934000000.0,0.0,1935000000.0,-1765000000.0,-1645000000.0,-79000000.0,0.0,-34000000.0,-34000000.0,-34000000.0,0.0,0.0,-0.33,95000000.0,-41000000.0,52000000.0,0.0,5.296,11.021,10.98,349000000.0,0.0,555.0,32.024,32.024,61000000.0,1481000000.0,103000000.0,103000000.0,0.0,,,,,0.0,55000000.0,1.0,20829830.0,20829830.0,,4.945,4801000000.0,0.0,-2000000.0,113000000.0,230.487,3699000000.0
78,LVLT,MRQ,1998-03-31,1998-03-31,1998-03-31,2020-09-16,13000000.0,2794000000.0,,2197000000.0,597000000.0,,99.381,2000000.0,806000000.0,806000000.0,42000000.0,926000000.0,7.227,0.364,141000000.0,4000000.0,137000000.0,141000000.0,0.0,0.0,0.0,,0.0,927000000.0,927000000.0,10.655,927000000.0,927000000.0,923000000.0,47.548,47.548,47.548,2049000000.0,,2049000000.0,,,,19000000.0,0.922,1.0,45000000.0,0.517,0.0,4000000.0,1825000000.0,,0.0,1655000000.0,1313000000.0,342000000.0,745000000.0,304000000.0,441000000.0,,719000000.0,1159000000.0,27000000.0,-2000000.0,0.0,147000000.0,-604000000.0,-606000000.0,17000000.0,0.0,926000000.0,926000000.0,926000000.0,-932000000.0,0.0,10.644,54000000.0,-9000000.0,54000000.0,0.0,,,,192000000.0,0.0,,,,54000000.0,1588000000.0,87000000.0,87000000.0,0.0,,,,,0.0,48000000.0,1.0,20617667.0,20617667.0,,4.22,2794000000.0,0.0,-3000000.0,278000000.0,135.515,1893000000.0
79,LVLT,MRQ,1997-12-31,1997-12-27,1997-12-27,2020-09-16,-5000000.0,2779000000.0,,1494000000.0,1285000000.0,,108.16,-6000000.0,87000000.0,87000000.0,46000000.0,167000000.0,16.787,0.246,141000000.0,3000000.0,138000000.0,141000000.0,0.0,20000000.0,0.0,,0.0,107000000.0,127000000.0,1.411,127000000.0,107000000.0,102000000.0,7.8,3.45,7.8,2230000000.0,,2230000000.0,,,,9000000.0,0.437,1.0,44000000.0,0.489,0.0,5000000.0,2744000000.0,,0.0,2378000000.0,1343000000.0,1035000000.0,549000000.0,89000000.0,460000000.0,,-186000000.0,-7000000.0,89000000.0,0.0,0.0,89000000.0,-296000000.0,-283000000.0,15000000.0,0.0,167000000.0,167000000.0,167000000.0,-118000000.0,0.0,1.856,50000000.0,-6000000.0,31000000.0,0.0,,,,184000000.0,0.0,,,,42000000.0,1799000000.0,90000000.0,90000000.0,0.0,,,,,21000000.0,45000000.0,1.0,20617667.0,20617667.0,,4.365,2779000000.0,0.0,-65000000.0,98000000.0,134.787,1405000000.0
80,LVLT,MRQ,1997-09-30,1997-09-30,1997-09-30,2020-09-16,,,,,,,,-7000000.0,,,37000000.0,-10000000.0,,,,,,,,0.0,,,0.0,-5000000.0,-5000000.0,-0.062,-5000000.0,-5000000.0,-8000000.0,-3.15,0.45,-3.15,,,,,,,53000000.0,,1.0,44000000.0,0.543,,3000000.0,,,,,,,,,,,70000000.0,-49000000.0,44000000.0,1000000.0,0.0,45000000.0,-18000000.0,22000000.0,60000000.0,0.0,-10000000.0,-10000000.0,-10000000.0,16000000.0,0.0,-0.123,31000000.0,13000000.0,,0.0,,,,,0.0,,,,,,81000000.0,81000000.0,0.0,,,,,0.0,26000000.0,1.0,,,,,,,2000000.0,,,
81,LVLT,MRQ,1997-06-30,1997-06-30,1997-06-30,2020-09-16,,,,,,,,-5000000.0,,,41000000.0,56000000.0,,,,,,,,0.0,,,0.0,65000000.0,65000000.0,0.802,65000000.0,65000000.0,61000000.0,0.45,0.9,0.45,,,,,,,-6000000.0,,1.0,40000000.0,0.494,,4000000.0,,,,,,,,,,,0.0,-4000000.0,5000000.0,14000000.0,0.0,19000000.0,-14000000.0,-12000000.0,-1000000.0,0.0,56000000.0,56000000.0,56000000.0,-44000000.0,0.0,0.691,24000000.0,16000000.0,,0.0,,,,,0.0,,,,,,81000000.0,81000000.0,0.0,,,,,0.0,19000000.0,1.0,,,,,,,5000000.0,,,
82,LVLT,MRQ,1997-03-31,1997-03-31,1997-03-31,2020-09-16,,,,,,,,-7000000.0,,,39000000.0,35000000.0,,,,,,,,0.0,,,0.0,43000000.0,43000000.0,0.537,43000000.0,43000000.0,40000000.0,0.3,0.9,0.3,,,,,,,101000000.0,,1.0,41000000.0,0.512,,3000000.0,,,,,,,,,,,56000000.0,-13000000.0,0.0,0.0,-12000000.0,60000000.0,-23000000.0,-14000000.0,108000000.0,0.0,35000000.0,35000000.0,35000000.0,-19000000.0,0.0,0.438,21000000.0,20000000.0,,0.0,,,,,0.0,,,,,,80000000.0,80000000.0,0.0,,,,,0.0,16000000.0,1.0,,,,,,,5000000.0,,,
83,LVLT,MRQ,1996-12-31,1996-12-27,1996-12-27,2020-09-16,16000000.0,3066000000.0,,1246000000.0,1820000000.0,,,,147000000.0,147000000.0,,,5.045,0.686,262000000.0,55000000.0,207000000.0,262000000.0,0.0,,0.0,,0.0,,,,,,,,,,1819000000.0,,1819000000.0,,,,,,1.0,,,353000000.0,,2581000000.0,,0.0,1748000000.0,997000000.0,751000000.0,1247000000.0,247000000.0,1000000000.0,,,,,,,,,,,,,,,,,,,,79000000.0,,,,,642000000.0,,,,,76000000.0,1566000000.0,,,,,,,,,,1.0,,,,,2713000000.0,0.0,,153000000.0,,999000000.0
0,LVLT,MRT,2017-09-30,2017-09-30,2017-09-30,2020-09-16,-281000000.0,25373000000.0,25154750000.0,3143000000.0,22230000000.0,0.326,31.777,-1321000000.0,2252000000.0,2252000000.0,2724000000.0,656000000.0,2.141,1.197,10593000000.0,7000000.0,10586000000.0,10593000000.0,1408000000.0,1303000000.0,0.0,0.0,0.0,1370000000.0,2673000000.0,0.326,2673000000.0,1370000000.0,838000000.0,1.81,1.8,1.81,11550000000.0,11215750000.0,11550000000.0,29161845596.0,21.0,10.91,1027000000.0,2.826,1.0,5476000000.0,0.668,8502000000.0,532000000.0,23744000000.0,24036250000.0,0.0,34000000.0,5000000.0,29000000.0,13823000000.0,1468000000.0,12355000000.0,19327845596.0,683000000.0,0.0,0.0,-350000000.0,0.0,-350000000.0,-1316000000.0,5000000.0,2348000000.0,1000000.0,656000000.0,656000000.0,656000000.0,0.0,0.0,0.08,4077000000.0,1399000000.0,704000000.0,0.0,1.673,29.463,29.442,10485000000.0,0.0,53.29,2.357,2.362,750000000.0,-8094000000.0,8200000000.0,8200000000.0,0.0,0.026,0.058,0.057,0.167,155000000.0,2774000000.0,1.0,362691792.0,363471000.0,365323000.0,22.56,16871000000.0,3162000000.0,182000000.0,0.0,46.416,1675000000.0
1,LVLT,MRT,2017-06-30,2017-06-30,2017-06-30,2020-09-16,-325000000.0,25287000000.0,24998000000.0,3036000000.0,22251000000.0,0.327,31.224,-1364000000.0,1056000000.0,1056000000.0,2721000000.0,642000000.0,1.788,1.235,10890000000.0,306000000.0,10584000000.0,10890000000.0,1320000000.0,1289000000.0,0.0,0.0,0.0,1359000000.0,2648000000.0,0.324,2648000000.0,1359000000.0,822000000.0,1.78,1.76,1.78,11315000000.0,11009250000.0,11315000000.0,30371270982.0,22.0,11.47,938000000.0,2.588,1.0,5453000000.0,0.667,8546000000.0,537000000.0,24877000000.0,24062500000.0,0.0,1161000000.0,1132000000.0,29000000.0,13972000000.0,1698000000.0,12274000000.0,21430270982.0,-235000000.0,0.0,0.0,-50000000.0,0.0,-50000000.0,-2486000000.0,-1122000000.0,2302000000.0,-1000000.0,642000000.0,642000000.0,642000000.0,0.0,0.0,0.079,4055000000.0,1398000000.0,693000000.0,0.0,1.894,33.38,33.315,10392000000.0,0.0,59.3,2.622,2.629,707000000.0,-8251000000.0,8174000000.0,8174000000.0,0.0,0.026,0.058,0.056,0.166,165000000.0,2766000000.0,1.0,361387369.0,362385000.0,365002000.0,22.556,16741000000.0,3235000000.0,180000000.0,0.0,46.197,1338000000.0
2,LVLT,MRT,2017-03-31,2017-03-31,2017-03-31,2020-09-16,-366000000.0,25071000000.0,24809750000.0,2807000000.0,22264000000.0,0.329,30.656,-1402000000.0,1947000000.0,1947000000.0,2722000000.0,644000000.0,1.619,1.263,10888000000.0,307000000.0,10581000000.0,10888000000.0,1319000000.0,1269000000.0,0.0,0.0,0.0,1334000000.0,2603000000.0,0.319,2603000000.0,1334000000.0,789000000.0,1.8,1.77,1.8,11081000000.0,10805500000.0,11081000000.0,29703013699.0,22.0,11.411,970000000.0,2.684,1.0,5447000000.0,0.667,8592000000.0,545000000.0,23686000000.0,23809000000.0,0.0,38000000.0,7000000.0,31000000.0,13990000000.0,1734000000.0,12256000000.0,20638013699.0,943000000.0,0.0,0.0,-864000000.0,0.0,-864000000.0,-562000000.0,840000000.0,2372000000.0,-3000000.0,644000000.0,644000000.0,644000000.0,0.0,0.0,0.079,4028000000.0,1419000000.0,750000000.0,0.0,1.862,32.047,31.789,10285000000.0,0.0,57.22,2.526,2.532,712000000.0,-8405000000.0,8169000000.0,8169000000.0,0.0,0.026,0.06,0.056,0.163,157000000.0,2759000000.0,1.0,360678324.0,361461000.0,364121000.0,22.6,16479000000.0,3305000000.0,145000000.0,0.0,45.59,1073000000.0
3,LVLT,MRT,2016-12-31,2016-12-31,2016-12-31,2020-09-16,-387000000.0,24888000000.0,24801750000.0,2653000000.0,22235000000.0,0.329,30.447,-1331000000.0,1819000000.0,1819000000.0,2725000000.0,677000000.0,1.804,1.28,10884000000.0,7000000.0,10877000000.0,10884000000.0,1267000000.0,1250000000.0,0.0,0.0,0.0,1388000000.0,2638000000.0,0.323,2638000000.0,1388000000.0,842000000.0,1.89,1.87,1.89,10917000000.0,10620750000.0,10917000000.0,29598402025.0,21.0,11.22,1012000000.0,2.822,1.0,5447000000.0,0.667,8644000000.0,546000000.0,23838000000.0,24057250000.0,0.0,38000000.0,7000000.0,31000000.0,13971000000.0,1471000000.0,12500000000.0,20285402025.0,965000000.0,0.0,0.0,-56000000.0,0.0,-56000000.0,-1319000000.0,12000000.0,2343000000.0,-3000000.0,677000000.0,677000000.0,677000000.0,0.0,0.0,0.083,4003000000.0,1444000000.0,706000000.0,0.0,1.858,29.964,29.82,10139000000.0,0.0,56.36,2.482,2.473,712000000.0,-8500000000.0,8172000000.0,8172000000.0,0.0,0.027,0.064,0.058,0.17,156000000.0,2753000000.0,1.0,359925515.0,358559000.0,361472000.0,22.791,16244000000.0,3370000000.0,165000000.0,0.0,45.304,1182000000.0
4,LVLT,MRT,2016-09-30,2016-09-30,2016-09-30,2020-09-16,-293000000.0,24746000000.0,24584000000.0,2457000000.0,22289000000.0,0.333,29.825,-1356000000.0,1569000000.0,1569000000.0,2753000000.0,3750000000.0,1.63,1.308,10882000000.0,7000000.0,10875000000.0,10882000000.0,1273000000.0,1224000000.0,0.0,0.0,0.0,1325000000.0,2549000000.0,0.311,2549000000.0,1325000000.0,759000000.0,10.6,10.45,10.6,10724000000.0,10423000000.0,10724000000.0,26261774602.0,20.0,10.303,986000000.0,2.742,1.0,5440000000.0,0.664,8703000000.0,566000000.0,23849000000.0,24035750000.0,0.0,39000000.0,8000000.0,31000000.0,14022000000.0,1507000000.0,12515000000.0,16674774602.0,878000000.0,0.0,0.0,-118000000.0,0.0,-118000000.0,-1343000000.0,13000000.0,2342000000.0,-3000000.0,3750000000.0,3750000000.0,3750000000.0,0.0,0.0,0.458,4012000000.0,1428000000.0,728000000.0,0.0,1.555,4.447,4.375,10167000000.0,0.0,46.38,2.035,2.035,749000000.0,-8750000000.0,8193000000.0,8193000000.0,0.0,0.153,0.36,0.055,0.162,170000000.0,2788000000.0,1.0,359525110.0,359561000.0,361907000.0,22.786,16043000000.0,3339000000.0,-2991000000.0,0.0,44.618,950000000.0
5,LVLT,MRT,2016-06-30,2016-06-30,2016-06-30,2020-09-16,-278000000.0,24534000000.0,23618250000.0,2278000000.0,22256000000.0,0.348,29.336,-1319000000.0,1291000000.0,1291000000.0,2784000000.0,3608000000.0,1.52,1.337,10878000000.0,7000000.0,10871000000.0,10878000000.0,1295000000.0,1201000000.0,0.0,0.0,0.0,1131000000.0,2332000000.0,0.284,2332000000.0,1131000000.0,559000000.0,10.2,10.06,10.2,10500000000.0,9437000000.0,10500000000.0,29076962138.0,26.0,12.469,953000000.0,2.663,1.0,5438000000.0,0.661,8759000000.0,572000000.0,23863000000.0,23273500000.0,0.0,39000000.0,8000000.0,31000000.0,14034000000.0,1499000000.0,12535000000.0,18429962138.0,742000000.0,-83000000.0,0.0,-121000000.0,0.0,-121000000.0,-1403000000.0,13000000.0,2272000000.0,-6000000.0,3608000000.0,3608000000.0,3608000000.0,0.0,0.0,0.439,4037000000.0,1401000000.0,762000000.0,0.0,1.755,5.108,5.048,10073000000.0,0.0,51.49,2.242,2.241,839000000.0,-8946000000.0,8222000000.0,8222000000.0,0.0,0.153,0.382,0.049,0.138,161000000.0,2836000000.0,1.0,357932844.0,357924000.0,361250000.0,22.971,15775000000.0,3343000000.0,-3049000000.0,0.0,44.074,779000000.0
6,LVLT,MRT,2016-03-31,2016-03-31,2016-03-31,2020-09-16,-256000000.0,25039000000.0,22705750000.0,2789000000.0,22250000000.0,0.362,28.987,-1269000000.0,1004000000.0,1004000000.0,2804000000.0,3439000000.0,1.275,1.421,11651000000.0,781000000.0,10870000000.0,11651000000.0,1295000000.0,1179000000.0,0.0,0.0,0.0,971000000.0,2150000000.0,0.261,2150000000.0,971000000.0,374000000.0,9.72,9.59,9.72,10342000000.0,8516250000.0,10342000000.0,29014019527.0,30.0,13.495,791000000.0,2.217,1.0,5423000000.0,0.659,8820000000.0,597000000.0,24679000000.0,22539250000.0,0.0,878000000.0,837000000.0,41000000.0,14697000000.0,2187000000.0,12510000000.0,18859019527.0,-110000000.0,-83000000.0,0.0,55000000.0,0.0,55000000.0,-2217000000.0,-851000000.0,2060000000.0,-8000000.0,3439000000.0,3439000000.0,3439000000.0,0.0,0.0,0.418,4046000000.0,1377000000.0,680000000.0,0.0,1.824,5.484,5.437,9974000000.0,0.0,52.85,2.292,2.292,807000000.0,-9095000000.0,8227000000.0,8227000000.0,0.0,0.151,0.404,0.043,0.118,157000000.0,2867000000.0,1.0,356840483.0,356785000.0,360745000.0,23.059,16219000000.0,3365000000.0,-3065000000.0,0.0,45.459,602000000.0
7,LVLT,MRT,2015-12-31,2015-12-31,2015-12-31,2020-09-16,-301000000.0,24017000000.0,21771750000.0,1730000000.0,22287000000.0,0.378,28.654,-1225000000.0,854000000.0,854000000.0,2833000000.0,3433000000.0,1.222,1.372,10881000000.0,15000000.0,10866000000.0,10881000000.0,1244000000.0,1166000000.0,0.0,0.0,0.0,925000000.0,2091000000.0,0.254,2091000000.0,925000000.0,283000000.0,9.71,9.58,9.71,10126000000.0,7610000000.0,10126000000.0,29688679556.0,32.0,14.198,630000000.0,1.783,1.0,5396000000.0,0.656,8876000000.0,642000000.0,23752000000.0,21544000000.0,0.0,50000000.0,8000000.0,42000000.0,13891000000.0,1416000000.0,12475000000.0,19366679556.0,274000000.0,-83000000.0,0.0,-219000000.0,0.0,-219000000.0,-1344000000.0,-22000000.0,1855000000.0,-18000000.0,3433000000.0,3433000000.0,3433000000.0,0.0,0.0,0.417,4065000000.0,1331000000.0,629000000.0,0.0,1.913,5.641,5.598,9878000000.0,0.0,54.36,2.353,2.334,757000000.0,-9219000000.0,8229000000.0,8229000000.0,0.0,0.158,0.451,0.043,0.112,141000000.0,2899000000.0,1.0,356267100.0,353385000.0,358593000.0,23.286,15141000000.0,3441000000.0,-3150000000.0,0.0,42.846,314000000.0
8,LVLT,MRT,2015-09-30,2015-09-30,2015-09-30,2020-09-16,-275000000.0,20883000000.0,21004250000.0,1663000000.0,19220000000.0,0.385,19.056,-1198000000.0,691000000.0,691000000.0,2820000000.0,176000000.0,1.131,2.08,11013000000.0,16000000.0,10997000000.0,11013000000.0,1215000000.0,1122000000.0,0.0,0.0,0.0,797000000.0,1919000000.0,0.237,1919000000.0,797000000.0,112000000.0,0.49,0.49,0.49,6780000000.0,6669250000.0,6780000000.0,26015348576.0,33.0,13.557,497000000.0,1.397,1.0,5270000000.0,0.651,8935000000.0,685000000.0,20800000000.0,20778750000.0,0.0,51000000.0,7000000.0,44000000.0,14103000000.0,1470000000.0,12633000000.0,15546348576.0,-38000000.0,-250000000.0,0.0,-228000000.0,0.0,-228000000.0,-1486000000.0,-24000000.0,1695000000.0,-19000000.0,176000000.0,176000000.0,176000000.0,0.0,0.0,0.022,4046000000.0,1224000000.0,630000000.0,0.0,2.293,88.332,89.163,9812000000.0,0.0,43.69,1.922,1.921,810000000.0,-12542000000.0,8090000000.0,8090000000.0,0.0,0.008,0.026,0.038,0.099,117000000.0,2924000000.0,1.0,355833110.0,355791000.0,358714000.0,22.738,11948000000.0,0.0,-64000000.0,0.0,33.582,193000000.0
9,LVLT,MRT,2015-06-30,2015-06-30,2015-06-30,2020-09-16,-203000000.0,20884000000.0,19279250000.0,1503000000.0,19381000000.0,0.397,19.231,-1072000000.0,549000000.0,549000000.0,2721000000.0,260000000.0,1.044,2.064,11018000000.0,17000000.0,11001000000.0,11018000000.0,1172000000.0,1013000000.0,0.0,0.0,0.0,887000000.0,1900000000.0,0.248,1900000000.0,887000000.0,188000000.0,0.85,0.84,0.85,6817000000.0,5386250000.0,6817000000.0,29055866956.0,33.0,15.293,369000000.0,1.041,1.0,4936000000.0,0.645,8987000000.0,699000000.0,20926000000.0,20087500000.0,0.0,51000000.0,8000000.0,43000000.0,14067000000.0,1440000000.0,12627000000.0,18669866956.0,-88000000.0,-167000000.0,0.0,-226000000.0,0.0,-226000000.0,-1277000000.0,-36000000.0,1441000000.0,-26000000.0,260000000.0,260000000.0,260000000.0,0.0,0.0,0.034,3777000000.0,1159000000.0,637000000.0,0.0,2.739,71.807,61.965,9900000000.0,0.0,52.67,2.438,2.438,756000000.0,-12543000000.0,7657000000.0,7657000000.0,0.0,0.013,0.048,0.044,0.116,105000000.0,2764000000.0,1.0,354468710.0,354471000.0,354471000.0,21.601,11897000000.0,0.0,-72000000.0,0.0,33.563,63000000.0
10,LVLT,MRT,2015-03-31,2015-03-31,2015-03-31,2020-09-16,-288000000.0,21303000000.0,17315250000.0,2052000000.0,19251000000.0,0.417,19.364,-998000000.0,1114000000.0,1114000000.0,2638000000.0,324000000.0,1.051,2.172,11500000000.0,510000000.0,10990000000.0,11500000000.0,1195000000.0,912000000.0,0.0,0.0,0.0,929000000.0,1841000000.0,0.255,1841000000.0,929000000.0,246000000.0,1.1,1.09,1.1,6717000000.0,4101750000.0,6717000000.0,29356576026.0,32.0,15.946,327000000.0,0.943,1.0,4583000000.0,0.635,9038000000.0,683000000.0,20698000000.0,18900500000.0,0.0,26000000.0,7000000.0,19000000.0,14586000000.0,1953000000.0,12633000000.0,18603576026.0,507000000.0,-167000000.0,0.0,411000000.0,0.0,411000000.0,-1176000000.0,-9000000.0,1325000000.0,-53000000.0,324000000.0,324000000.0,324000000.0,0.0,0.0,0.045,3518000000.0,1065000000.0,629000000.0,0.0,2.77,57.418,48.945,9744000000.0,0.0,53.84,2.576,2.586,743000000.0,-12530000000.0,7221000000.0,7221000000.0,0.0,0.019,0.079,0.049,0.129,94000000.0,2606000000.0,1.0,345534473.0,346874000.0,350832000.0,20.817,12265000000.0,0.0,-78000000.0,0.0,35.359,99000000.0
11,LVLT,MRT,2014-12-31,2014-12-31,2014-12-31,2020-09-16,-147000000.0,20947000000.0,15211750000.0,1481000000.0,19466000000.0,0.446,25.009,-907000000.0,580000000.0,580000000.0,2529000000.0,314000000.0,0.777,2.292,11333000000.0,349000000.0,10984000000.0,11333000000.0,1208000000.0,808000000.0,0.0,0.0,0.0,892000000.0,1700000000.0,0.251,1700000000.0,892000000.0,238000000.0,1.23,1.21,1.23,6363000000.0,2822000000.0,6363000000.0,25218765488.0,28.0,14.835,254000000.0,0.998,1.0,4248000000.0,0.627,9103000000.0,654000000.0,20691000000.0,17757000000.0,0.0,27000000.0,7000000.0,20000000.0,14584000000.0,1906000000.0,12678000000.0,16589765488.0,-51000000.0,-167000000.0,0.0,-82000000.0,0.0,-82000000.0,-1086000000.0,-10000000.0,1161000000.0,-44000000.0,314000000.0,314000000.0,314000000.0,0.0,0.0,0.046,3235000000.0,1013000000.0,664000000.0,0.0,2.607,52.834,40.146,9860000000.0,0.0,49.38,2.448,1.854,737000000.0,-12652000000.0,6777000000.0,6777000000.0,0.0,0.021,0.111,0.05,0.132,73000000.0,2427000000.0,1.0,335961229.0,254428000.0,258483000.0,26.636,11844000000.0,300000000.0,-76000000.0,0.0,46.551,-425000000.0
12,LVLT,MRT,2014-09-30,2014-09-30,2014-09-30,2020-09-16,-82000000.0,13983000000.0,13193500000.0,2600000000.0,11383000000.0,0.49,6.917,-810000000.0,729000000.0,729000000.0,2452000000.0,262000000.0,1.403,7.485,9358000000.0,502000000.0,8856000000.0,9358000000.0,1121000000.0,762000000.0,0.0,0.0,0.0,895000000.0,1657000000.0,0.256,1657000000.0,895000000.0,288000000.0,1.12,1.1,1.12,1648000000.0,1584000000.0,1648000000.0,18618165093.0,21.0,11.236,341000000.0,1.431,1.0,4013000000.0,0.621,2724000000.0,607000000.0,18035000000.0,16678500000.0,0.0,1041000000.0,1020000000.0,21000000.0,12335000000.0,1853000000.0,10482000000.0,10897165093.0,222000000.0,0.0,0.0,-83000000.0,0.0,-83000000.0,-806000000.0,-23000000.0,1151000000.0,-40000000.0,262000000.0,262000000.0,262000000.0,0.0,0.0,0.041,3012000000.0,1001000000.0,607000000.0,0.0,6.612,41.592,40.83,8268000000.0,0.0,45.73,1.686,1.685,678000000.0,-12718000000.0,6465000000.0,6465000000.0,0.0,0.02,0.165,0.054,0.138,84000000.0,2250000000.0,1.0,238293573.0,238265000.0,242464000.0,27.134,11259000000.0,0.0,26000000.0,0.0,47.254,747000000.0
13,LVLT,MRT,2014-06-30,2014-06-30,2014-06-30,2020-09-16,55000000.0,13028000000.0,12910750000.0,1539000000.0,11489000000.0,0.496,7.073,-787000000.0,637000000.0,637000000.0,2453000000.0,156000000.0,0.844,6.759,8358000000.0,503000000.0,7855000000.0,8358000000.0,1143000000.0,778000000.0,0.0,0.0,0.0,801000000.0,1579000000.0,0.247,1579000000.0,801000000.0,188000000.0,0.67,0.66,0.67,1679000000.0,1458750000.0,1679000000.0,18174670233.0,23.0,11.51,147000000.0,0.619,1.0,3952000000.0,0.617,2747000000.0,613000000.0,16178000000.0,16340500000.0,0.0,29000000.0,6000000.0,23000000.0,11349000000.0,1824000000.0,9525000000.0,10422670233.0,41000000.0,0.0,0.0,-101000000.0,0.0,-101000000.0,-764000000.0,2000000.0,934000000.0,-28000000.0,156000000.0,156000000.0,156000000.0,0.0,0.0,0.024,3061000000.0,891000000.0,613000000.0,0.0,6.208,66.812,65.537,8355000000.0,0.0,43.91,1.627,1.627,722000000.0,-12803000000.0,6405000000.0,6405000000.0,0.0,0.012,0.107,0.049,0.125,92000000.0,2283000000.0,1.0,237364387.0,237376000.0,241406000.0,26.983,10281000000.0,0.0,32000000.0,0.0,43.311,-285000000.0
14,LVLT,MRT,2014-03-31,2014-03-31,2014-03-31,2020-09-16,42000000.0,12889000000.0,12870000000.0,1472000000.0,11417000000.0,0.493,6.782,-753000000.0,607000000.0,607000000.0,2456000000.0,81000000.0,0.838,7.066,8359000000.0,503000000.0,7856000000.0,8359000000.0,1163000000.0,790000000.0,0.0,0.0,0.0,743000000.0,1533000000.0,0.242,1533000000.0,743000000.0,112000000.0,0.35,0.34,0.35,1598000000.0,1316000000.0,1598000000.0,16938156923.0,23.0,11.049,94000000.0,0.399,1.0,3889000000.0,0.613,2761000000.0,631000000.0,16124000000.0,16422250000.0,0.0,29000000.0,7000000.0,22000000.0,11291000000.0,1756000000.0,9535000000.0,9207156923.0,-3000000.0,0.0,0.0,-111000000.0,0.0,-111000000.0,-741000000.0,0.0,847000000.0,2000000.0,81000000.0,81000000.0,81000000.0,0.0,0.0,0.013,3114000000.0,775000000.0,561000000.0,0.0,5.762,113.669,111.829,8260000000.0,0.0,39.14,1.451,1.454,699000000.0,-12854000000.0,6345000000.0,6345000000.0,0.0,0.006,0.062,0.045,0.117,124000000.0,2324000000.0,1.0,235236508.0,235635000.0,239294000.0,26.927,10128000000.0,0.0,31000000.0,0.0,42.982,-284000000.0
15,LVLT,MRT,2013-12-31,2013-12-31,2013-12-31,2020-09-16,36000000.0,12874000000.0,12868250000.0,1454000000.0,11420000000.0,0.491,6.345,-760000000.0,631000000.0,631000000.0,2471000000.0,-109000000.0,1.006,8.124,8362000000.0,31000000.0,8331000000.0,8362000000.0,1159000000.0,800000000.0,0.0,0.0,0.0,578000000.0,1378000000.0,0.218,1378000000.0,578000000.0,-71000000.0,-0.49,-0.49,-0.49,1411000000.0,1193500000.0,1411000000.0,15467996890.0,27.0,11.225,-47000000.0,-0.211,1.0,3842000000.0,0.609,2782000000.0,649000000.0,16377000000.0,16522250000.0,0.0,30000000.0,7000000.0,23000000.0,11463000000.0,1446000000.0,10017000000.0,7416996890.0,-348000000.0,0.0,0.0,-294000000.0,0.0,-294000000.0,-745000000.0,0.0,713000000.0,-22000000.0,-109000000.0,-109000000.0,-109000000.0,0.0,0.0,-0.017,3176000000.0,666000000.0,625000000.0,0.0,5.257,-68.046,-67.694,8240000000.0,0.0,33.17,1.175,1.168,673000000.0,-12966000000.0,6313000000.0,6313000000.0,0.0,-0.008,-0.091,0.035,0.092,151000000.0,2376000000.0,1.0,223605574.0,222368000.0,222368000.0,28.39,10092000000.0,0.0,38000000.0,0.0,45.384,8000000.0
16,LVLT,MRT,2013-09-30,2013-09-30,2013-09-30,2020-09-16,5000000.0,12852000000.0,12976500000.0,1439000000.0,11413000000.0,0.487,5.151,-758000000.0,507000000.0,507000000.0,2508000000.0,-179000000.0,1.006,10.205,8558000000.0,21000000.0,8537000000.0,8558000000.0,1115000000.0,782000000.0,0.0,0.0,0.0,549000000.0,1331000000.0,0.21,1331000000.0,549000000.0,-127000000.0,-0.81,-0.81,-0.81,1147000000.0,1133500000.0,1147000000.0,13882609211.0,25.0,10.43,-31000000.0,-0.139,1.0,3817000000.0,0.603,2790000000.0,676000000.0,16683000000.0,16534250000.0,0.0,30000000.0,7000000.0,23000000.0,11705000000.0,1430000000.0,10275000000.0,5942609211.0,-286000000.0,0.0,0.0,-247000000.0,0.0,-247000000.0,-743000000.0,13000000.0,727000000.0,-23000000.0,-179000000.0,-179000000.0,-179000000.0,0.0,0.0,-0.028,3182000000.0,635000000.0,633000000.0,0.0,5.181,-33.199,-32.951,8230000000.0,0.0,26.69,0.94,0.94,738000000.0,-12980000000.0,6325000000.0,6325000000.0,0.0,-0.014,-0.158,0.033,0.087,148000000.0,2400000000.0,1.0,222653024.0,222679000.0,222679000.0,28.404,10062000000.0,0.0,52000000.0,0.0,45.186,9000000.0
17,LVLT,MRT,2013-06-30,2013-06-30,2013-06-30,2020-09-16,-37000000.0,12865000000.0,13067500000.0,1503000000.0,11362000000.0,0.486,5.0,-807000000.0,596000000.0,596000000.0,2542000000.0,-324000000.0,1.0,10.611,8536000000.0,30000000.0,8506000000.0,8536000000.0,1132000000.0,764000000.0,0.0,0.0,0.0,426000000.0,1190000000.0,0.188,1190000000.0,426000000.0,-273000000.0,-1.48,-1.48,-1.48,1108000000.0,1147750000.0,1108000000.0,12603845626.0,30.0,10.591,-114000000.0,-0.514,1.0,3804000000.0,0.599,2797000000.0,699000000.0,16505000000.0,16522750000.0,0.0,34000000.0,7000000.0,27000000.0,11757000000.0,1503000000.0,10254000000.0,4667845626.0,-137000000.0,0.0,4000000.0,-14000000.0,0.0,-10000000.0,-799000000.0,0.0,693000000.0,-21000000.0,-324000000.0,-324000000.0,-324000000.0,0.0,0.0,-0.051,3183000000.0,621000000.0,688000000.0,0.0,4.213,-14.407,-14.243,8171000000.0,0.0,21.08,0.736,0.736,721000000.0,-12959000000.0,6346000000.0,6346000000.0,0.0,-0.025,-0.282,0.026,0.067,167000000.0,2419000000.0,1.0,221434802.0,221609000.0,221609000.0,28.636,10068000000.0,0.0,51000000.0,0.0,45.431,0.0
18,LVLT,MRT,2013-03-31,2013-03-31,2013-03-31,2020-09-16,-26000000.0,12882000000.0,13088000000.0,1515000000.0,11367000000.0,0.486,5.053,-779000000.0,610000000.0,610000000.0,2574000000.0,-362000000.0,1.018,10.626,8546000000.0,38000000.0,8508000000.0,8546000000.0,1129000000.0,756000000.0,0.0,0.0,0.0,399000000.0,1155000000.0,0.181,1155000000.0,399000000.0,-314000000.0,-1.66,-1.66,-1.66,1108000000.0,1174250000.0,1108000000.0,12193511645.0,31.0,10.557,-119000000.0,-0.543,1.0,3793000000.0,0.596,2806000000.0,713000000.0,16524000000.0,16438250000.0,0.0,40000000.0,7000000.0,33000000.0,11774000000.0,1488000000.0,10286000000.0,4440511645.0,-138000000.0,0.0,4000000.0,-17000000.0,0.0,-13000000.0,-759000000.0,0.0,660000000.0,-26000000.0,-362000000.0,-362000000.0,-362000000.0,0.0,0.0,-0.057,3179000000.0,614000000.0,730000000.0,0.0,4.008,-12.267,-12.223,8144000000.0,0.0,20.29,0.697,0.699,731000000.0,-12935000000.0,6367000000.0,6367000000.0,0.0,-0.028,-0.308,0.024,0.063,148000000.0,2423000000.0,1.0,218852225.0,219268000.0,219268000.0,29.038,10076000000.0,0.0,48000000.0,0.0,45.953,27000000.0
19,LVLT,MRT,2012-12-31,2012-12-31,2012-12-31,2020-09-16,26000000.0,13307000000.0,13136000000.0,1842000000.0,11465000000.0,0.485,5.438,-743000000.0,979000000.0,979000000.0,2602000000.0,-422000000.0,1.022,10.364,8732000000.0,216000000.0,8516000000.0,8732000000.0,1138000000.0,749000000.0,0.0,0.0,0.0,359000000.0,1108000000.0,0.174,1108000000.0,359000000.0,-374000000.0,-1.96,-1.96,-1.96,1171000000.0,1224500000.0,1171000000.0,12951727052.0,36.0,11.689,-165000000.0,-0.766,1.0,3774000000.0,0.592,2833000000.0,733000000.0,16425000000.0,16379000000.0,0.0,43000000.0,8000000.0,35000000.0,12136000000.0,1802000000.0,10334000000.0,5035727052.0,61000000.0,0.0,5000000.0,202000000.0,0.0,207000000.0,-725000000.0,0.0,578000000.0,1000000.0,-422000000.0,-422000000.0,-422000000.0,0.0,0.0,-0.066,3199000000.0,575000000.0,779000000.0,0.0,4.3,-11.933,-11.791,8199000000.0,0.0,23.11,0.79,0.781,714000000.0,-12857000000.0,6376000000.0,6376000000.0,0.0,-0.032,-0.345,0.022,0.056,135000000.0,2450000000.0,1.0,217902512.0,215356000.0,215356000.0,29.607,10474000000.0,0.0,48000000.0,0.0,48.636,40000000.0
20,LVLT,MRT,2012-09-30,2012-09-30,2012-09-30,2020-09-16,28000000.0,13216000000.0,13106250000.0,1735000000.0,11481000000.0,0.484,5.541,-692000000.0,793000000.0,793000000.0,2607000000.0,-529000000.0,1.056,9.977,8709000000.0,213000000.0,8496000000.0,8709000000.0,1101000000.0,756000000.0,0.0,0.0,0.0,290000000.0,1046000000.0,0.165,1046000000.0,290000000.0,-489000000.0,-2.04,-2.04,-2.04,1204000000.0,1230000000.0,1204000000.0,12666149030.0,44.0,12.109,-329000000.0,-1.514,1.0,3734000000.0,0.589,2852000000.0,779000000.0,16637000000.0,16313500000.0,0.0,47000000.0,8000000.0,39000000.0,12012000000.0,1643000000.0,10369000000.0,4987149030.0,332000000.0,146000000.0,5000000.0,436000000.0,0.0,441000000.0,-472000000.0,0.0,363000000.0,0.0,-529000000.0,-529000000.0,-529000000.0,-72000000.0,0.0,-0.083,3302000000.0,432000000.0,719000000.0,0.0,4.142,-9.428,-11.26,8191000000.0,0.0,22.97,0.786,0.787,748000000.0,-12801000000.0,6341000000.0,6341000000.0,0.0,-0.04,-0.43,0.018,0.046,135000000.0,2546000000.0,1.0,217115761.0,217301000.0,217301000.0,29.181,10364000000.0,0.0,40000000.0,0.0,47.694,92000000.0
21,LVLT,MRT,2012-06-30,2012-06-30,2012-06-30,2020-09-16,-94000000.0,12947000000.0,12115750000.0,1597000000.0,11350000000.0,0.469,5.61,-574000000.0,733000000.0,733000000.0,2307000000.0,-570000000.0,0.966,9.665,8412000000.0,222000000.0,8190000000.0,8412000000.0,1118000000.0,774000000.0,0.0,0.0,0.0,232000000.0,1006000000.0,0.177,1006000000.0,232000000.0,-537000000.0,-3.03,-3.03,-3.03,1214000000.0,798250000.0,1214000000.0,12470985008.0,54.0,12.397,-213000000.0,-0.984,1.0,3371000000.0,0.594,2805000000.0,769000000.0,16167000000.0,15566000000.0,0.0,57000000.0,8000000.0,49000000.0,11733000000.0,1654000000.0,10079000000.0,4792985008.0,149000000.0,146000000.0,1000000.0,174000000.0,0.0,175000000.0,-382000000.0,0.0,361000000.0,-5000000.0,-570000000.0,-570000000.0,-570000000.0,-73000000.0,0.0,-0.1,3070000000.0,301000000.0,698000000.0,0.0,3.948,-8.409,-7.31,8076000000.0,0.0,22.15,0.844,0.844,689000000.0,-12635000000.0,5678000000.0,5678000000.0,0.0,-0.047,-0.714,0.015,0.041,112000000.0,2296000000.0,1.0,216387585.0,216399000.0,216399000.0,26.239,10142000000.0,0.0,33000000.0,0.0,46.867,-57000000.0
22,LVLT,MRT,2012-03-31,2012-03-31,2012-03-31,2020-09-16,-38000000.0,13074000000.0,11094500000.0,1603000000.0,11471000000.0,0.451,6.24,-514000000.0,748000000.0,748000000.0,2006000000.0,-689000000.0,0.98,8.988,8426000000.0,227000000.0,8199000000.0,8426000000.0,1143000000.0,789000000.0,0.0,0.0,0.0,87000000.0,876000000.0,0.175,876000000.0,87000000.0,-661000000.0,-4.33,-4.33,-4.33,1309000000.0,386750000.0,1309000000.0,12890480990.0,148.0,14.715,-205000000.0,-0.977,1.0,2999000000.0,0.599,2830000000.0,748000000.0,16287000000.0,14543750000.0,0.0,60000000.0,8000000.0,52000000.0,11765000000.0,1635000000.0,10130000000.0,5358480990.0,-331000000.0,146000000.0,1000000.0,-280000000.0,0.0,-279000000.0,-361000000.0,0.0,309000000.0,0.0,-689000000.0,-689000000.0,-689000000.0,-72000000.0,0.0,-0.138,2828000000.0,171000000.0,724000000.0,0.0,4.094,-7.777,-5.942,8164000000.0,0.0,25.73,1.071,1.078,683000000.0,-12573000000.0,5005000000.0,5005000000.0,0.0,-0.062,-1.782,0.006,0.017,100000000.0,2039000000.0,1.0,208258103.0,209759000.0,209759000.0,23.861,10244000000.0,0.0,28000000.0,0.0,48.837,-32000000.0
23,LVLT,MRT,2011-12-31,2011-12-31,2011-12-31,2020-09-16,-80000000.0,13188000000.0,10026500000.0,1707000000.0,11481000000.0,0.432,8.697,-494000000.0,918000000.0,918000000.0,1706000000.0,-756000000.0,1.03,10.054,8450000000.0,65000000.0,8385000000.0,8450000000.0,1149000000.0,805000000.0,0.0,0.0,0.0,1000000.0,806000000.0,0.186,806000000.0,1000000.0,-715000000.0,-5.51,-5.51,-5.51,1193000000.0,-6750000.0,1193000000.0,10751957512.0,10752.0,13.34,-110000000.0,-0.802,1.0,2627000000.0,0.606,2899000000.0,716000000.0,16163000000.0,13430500000.0,0.0,61000000.0,10000000.0,51000000.0,11995000000.0,1658000000.0,10337000000.0,3527957512.0,302000000.0,146000000.0,0.0,261000000.0,0.0,261000000.0,-343000000.0,0.0,384000000.0,0.0,-756000000.0,-756000000.0,-756000000.0,-71000000.0,0.0,-0.174,2575000000.0,52000000.0,747000000.0,0.0,2.957,-4.667,-3.083,8136000000.0,0.0,16.99,0.814,0.538,648000000.0,-12435000000.0,4333000000.0,4333000000.0,0.0,-0.075,112.0,0.0,0.0,101000000.0,1770000000.0,1.0,207649059.0,137176000.0,137176000.0,31.587,10289000000.0,0.0,41000000.0,0.0,75.006,49000000.0
24,LVLT,MRT,2011-09-30,2011-09-30,2011-09-30,2020-09-16,-65000000.0,9254000000.0,8818250000.0,2161000000.0,7093000000.0,0.41,-4.43,-455000000.0,461000000.0,461000000.0,1355000000.0,-645000000.0,1.959,-18.694,7685000000.0,265000000.0,7420000000.0,7685000000.0,882000000.0,819000000.0,0.0,0.0,0.0,-59000000.0,760000000.0,0.21,760000000.0,-59000000.0,-702000000.0,-5.63,-5.63,-5.63,-523000000.0,-344250000.0,-523000000.0,9295710898.0,-158.0,12.231,-66000000.0,-0.559,1.0,2260000000.0,0.625,1728000000.0,643000000.0,13647000000.0,12248000000.0,0.0,1380000000.0,1259000000.0,121000000.0,9777000000.0,1103000000.0,8674000000.0,2655710898.0,-57000000.0,0.0,0.0,78000000.0,0.0,78000000.0,-524000000.0,-4000000.0,389000000.0,0.0,-645000000.0,-645000000.0,-645000000.0,2000000.0,0.0,-0.178,2255000000.0,5000000.0,342000000.0,0.0,-5.078,-4.117,-3.97,5117000000.0,0.0,22.35,0.735,0.73,337000000.0,-12272000000.0,3615000000.0,3615000000.0,0.0,-0.073,1.874,-0.005,-0.016,85000000.0,1436000000.0,1.0,118823754.0,118067000.0,118067000.0,30.618,7526000000.0,0.0,-57000000.0,0.0,63.743,1058000000.0
25,LVLT,MRT,2011-06-30,2011-06-30,2011-06-30,2020-09-16,-41000000.0,8862000000.0,8594750000.0,1622000000.0,7240000000.0,0.419,-3.803,-478000000.0,584000000.0,584000000.0,1381000000.0,-601000000.0,0.97,-21.514,7224000000.0,875000000.0,6349000000.0,7224000000.0,889000000.0,831000000.0,0.0,0.0,0.0,-54000000.0,777000000.0,0.216,777000000.0,-54000000.0,-663000000.0,-5.35,-5.35,-5.35,-432000000.0,-235000000.0,-432000000.0,10146415326.0,-188.0,13.058,-85000000.0,-0.748,1.0,2219000000.0,0.616,1752000000.0,609000000.0,12078000000.0,11760000000.0,0.0,752000000.0,632000000.0,120000000.0,9294000000.0,1672000000.0,7622000000.0,4158415326.0,142000000.0,0.0,0.0,259000000.0,0.0,259000000.0,-517000000.0,-4000000.0,393000000.0,7000000.0,-601000000.0,-601000000.0,-601000000.0,3000000.0,0.0,-0.167,2238000000.0,-19000000.0,336000000.0,0.0,-9.626,-6.919,-6.841,5228000000.0,0.0,36.6,1.155,1.155,294000000.0,-12065000000.0,3600000000.0,3600000000.0,0.0,-0.07,2.557,-0.005,-0.015,79000000.0,1406000000.0,1.0,113617905.0,113589000.0,113589000.0,31.693,7110000000.0,0.0,-62000000.0,0.0,62.594,-50000000.0
26,LVLT,MRT,2011-03-31,2011-03-31,2011-03-31,2020-09-16,-47000000.0,8802000000.0,8453250000.0,1486000000.0,7316000000.0,0.425,-2.364,-462000000.0,1079000000.0,1079000000.0,1408000000.0,-589000000.0,1.259,-34.215,7067000000.0,449000000.0,6618000000.0,7067000000.0,888000000.0,848000000.0,0.0,0.0,0.0,-60000000.0,788000000.0,0.219,788000000.0,-60000000.0,-654000000.0,-5.26,-5.26,-5.26,-265000000.0,-123250000.0,-265000000.0,8292432740.0,-138.0,10.523,-115000000.0,-1.026,1.0,2187000000.0,0.608,1776000000.0,594000000.0,11834000000.0,11610000000.0,0.0,123000000.0,3000000.0,120000000.0,9067000000.0,1180000000.0,7887000000.0,2460432740.0,440000000.0,0.0,0.0,553000000.0,0.0,553000000.0,-461000000.0,0.0,347000000.0,1000000.0,-589000000.0,-589000000.0,-589000000.0,2000000.0,0.0,-0.164,2237000000.0,-50000000.0,328000000.0,0.0,-9.285,-4.177,-4.192,5276000000.0,0.0,22.05,0.684,0.687,295000000.0,-11884000000.0,3595000000.0,3595000000.0,0.0,-0.07,4.779,-0.005,-0.017,76000000.0,1387000000.0,1.0,111584251.0,112079000.0,112079000.0,32.076,7026000000.0,0.0,-65000000.0,0.0,62.688,306000000.0
27,LVLT,MRT,2010-12-31,2010-12-31,2010-12-31,2020-09-16,-98000000.0,8355000000.0,8418250000.0,972000000.0,7383000000.0,0.427,-1.419,-431000000.0,616000000.0,616000000.0,1434000000.0,-622000000.0,1.017,-54.217,6448000000.0,180000000.0,6268000000.0,6448000000.0,887000000.0,870000000.0,0.0,0.0,0.0,-127000000.0,743000000.0,0.207,743000000.0,-127000000.0,-713000000.0,-5.62,-5.62,-5.62,-157000000.0,-1750000.0,-157000000.0,7528908538.0,-59.0,10.133,-92000000.0,-0.831,1.0,2157000000.0,0.601,1798000000.0,586000000.0,11433000000.0,11560500000.0,0.0,51000000.0,2000000.0,49000000.0,8512000000.0,956000000.0,7556000000.0,1635908538.0,-220000000.0,0.0,0.0,-122000000.0,0.0,-122000000.0,-429000000.0,0.0,339000000.0,-8000000.0,-622000000.0,-622000000.0,-622000000.0,1000000.0,0.0,-0.173,2245000000.0,-88000000.0,326000000.0,0.0,-10.42,-2.63,-2.616,5285000000.0,0.0,14.7,0.456,0.453,259000000.0,-11679000000.0,3591000000.0,3591000000.0,0.0,-0.074,355.429,-0.011,-0.035,67000000.0,1373000000.0,1.0,111286295.0,110680000.0,110680000.0,32.445,6557000000.0,0.0,-91000000.0,0.0,59.243,16000000.0
28,LVLT,MRT,2010-09-30,2010-09-30,2010-09-30,2020-09-16,-72000000.0,8360000000.0,8595000000.0,939000000.0,7421000000.0,0.417,-0.775,-392000000.0,518000000.0,518000000.0,1435000000.0,-752000000.0,1.279,-98.209,6411000000.0,3000000.0,6408000000.0,6411000000.0,890000000.0,890000000.0,0.0,0.0,0.0,-165000000.0,725000000.0,0.202,725000000.0,-165000000.0,-753000000.0,-6.7,-6.7,-6.7,-86000000.0,160250000.0,-86000000.0,7386960503.0,-45.0,10.189,-66000000.0,-0.595,1.0,2152000000.0,0.6,1824000000.0,588000000.0,11695000000.0,11520000000.0,0.0,122000000.0,2000000.0,120000000.0,8446000000.0,734000000.0,7712000000.0,1564960503.0,-14000000.0,0.0,0.0,61000000.0,0.0,61000000.0,-391000000.0,4000000.0,326000000.0,-10000000.0,-752000000.0,-752000000.0,-752000000.0,-6000000.0,0.0,-0.21,2272000000.0,-120000000.0,338000000.0,0.0,-18.197,-2.081,-2.104,5376000000.0,0.0,14.1,0.436,0.436,317000000.0,-11627000000.0,3587000000.0,3587000000.0,0.0,-0.087,-4.693,-0.014,-0.046,74000000.0,1379000000.0,1.0,110990107.0,110958000.0,110958000.0,32.328,6536000000.0,0.0,-1000000.0,0.0,58.905,205000000.0
29,LVLT,MRT,2010-06-30,2010-06-30,2010-06-30,2020-09-16,-122000000.0,8296000000.0,8747000000.0,856000000.0,7440000000.0,0.411,0.136,-335000000.0,442000000.0,442000000.0,1454000000.0,-759000000.0,1.075,552.067,6264000000.0,41000000.0,6223000000.0,6264000000.0,865000000.0,904000000.0,0.0,0.0,0.0,-168000000.0,736000000.0,0.205,736000000.0,-168000000.0,-759000000.0,-6.73,-6.73,-6.73,15000000.0,349500000.0,15000000.0,7590579158.0,-45.0,10.313,3000000.0,0.027,1.0,2137000000.0,0.595,1844000000.0,591000000.0,11478000000.0,11564750000.0,0.0,121000000.0,1000000.0,120000000.0,8281000000.0,796000000.0,7485000000.0,1805579158.0,-188000000.0,0.0,0.0,-180000000.0,0.0,-180000000.0,-334000000.0,4000000.0,338000000.0,-12000000.0,-759000000.0,-759000000.0,-759000000.0,-6000000.0,0.0,-0.211,2266000000.0,-129000000.0,355000000.0,0.0,120.372,-2.379,-2.429,5376000000.0,0.0,16.35,0.503,0.504,312000000.0,-11464000000.0,3591000000.0,3591000000.0,0.0,-0.087,-2.172,-0.015,-0.047,64000000.0,1359000000.0,1.0,110432976.0,110672800.0,110672800.0,32.447,6452000000.0,0.0,0.0,0.0,58.298,60000000.0
30,LVLT,MRT,2010-03-31,2010-03-31,2010-03-31,2020-09-16,-60000000.0,8662000000.0,8981750000.0,1041000000.0,7621000000.0,0.404,2.012,-311000000.0,639000000.0,639000000.0,1475000000.0,-724000000.0,1.106,38.195,6424000000.0,213000000.0,6211000000.0,6424000000.0,880000000.0,909000000.0,0.0,0.0,0.0,-125000000.0,784000000.0,0.216,784000000.0,-125000000.0,-723000000.0,-6.43,-6.43,-6.43,221000000.0,551250000.0,221000000.0,8290584362.0,-66.0,10.575,42000000.0,0.382,1.0,2150000000.0,0.593,1870000000.0,598000000.0,11636000000.0,11712000000.0,0.0,126000000.0,2000000.0,124000000.0,8441000000.0,941000000.0,7500000000.0,2666584362.0,-33000000.0,0.0,0.0,-76000000.0,0.0,-76000000.0,-310000000.0,1000000.0,353000000.0,0.0,-724000000.0,-724000000.0,-724000000.0,-6000000.0,0.0,-0.2,2259000000.0,-109000000.0,345000000.0,0.0,12.066,-3.683,-3.779,5518000000.0,0.0,24.3,0.736,0.736,304000000.0,-11295000000.0,3625000000.0,3625000000.0,0.0,-0.081,-1.313,-0.011,-0.034,59000000.0,1342000000.0,1.0,109735982.0,109832625.0,,33.005,6792000000.0,0.0,1000000.0,0.0,61.84,100000000.0
31,LVLT,MRT,2009-12-31,2009-12-31,2009-12-31,2020-09-16,-5000000.0,9062000000.0,9163250000.0,1259000000.0,7803000000.0,0.403,4.51,-307000000.0,836000000.0,836000000.0,1499000000.0,-618000000.0,0.829,17.456,6460000000.0,705000000.0,5755000000.0,6460000000.0,902000000.0,906000000.0,0.0,0.0,0.0,-22000000.0,884000000.0,0.239,884000000.0,-22000000.0,-617000000.0,-5.68,-5.68,-5.68,491000000.0,709750000.0,491000000.0,8236981572.0,-374.0,9.318,50000000.0,0.459,1.0,2196000000.0,0.594,1896000000.0,595000000.0,11271000000.0,11774500000.0,0.0,125000000.0,3000000.0,122000000.0,8571000000.0,1519000000.0,7052000000.0,2508981572.0,68000000.0,0.0,0.0,16000000.0,0.0,16000000.0,-307000000.0,0.0,357000000.0,2000000.0,-618000000.0,-618000000.0,-618000000.0,-6000000.0,0.0,-0.167,2252000000.0,-56000000.0,364000000.0,0.0,5.11,-4.06,-4.04,5687000000.0,0.0,22.95,0.679,0.676,323000000.0,-11057000000.0,3695000000.0,3695000000.0,0.0,-0.067,-0.871,-0.002,-0.006,59000000.0,1337000000.0,1.0,109323816.0,108870000.0,108870000.0,33.94,7166000000.0,0.0,1000000.0,0.0,65.822,-260000000.0
32,LVLT,MRT,2009-09-30,2009-09-30,2009-09-30,2020-09-16,-10000000.0,8968000000.0,9306250000.0,988000000.0,7980000000.0,0.418,6.145,-340000000.0,532000000.0,532000000.0,1619000000.0,-393000000.0,1.095,12.365,6260000000.0,160000000.0,6100000000.0,6260000000.0,880000000.0,903000000.0,0.0,0.0,0.0,201000000.0,1104000000.0,0.284,1104000000.0,201000000.0,-387000000.0,-3.45,-3.45,-3.45,671000000.0,842250000.0,671000000.0,7987933525.0,40.0,7.235,71000000.0,0.65,1.0,2268000000.0,0.583,1920000000.0,588000000.0,11874000000.0,12020250000.0,0.0,127000000.0,3000000.0,124000000.0,8297000000.0,902000000.0,7395000000.0,2271933525.0,-50000000.0,3000000.0,0.0,-129000000.0,0.0,-129000000.0,-333000000.0,4000000.0,411000000.0,1000000.0,-393000000.0,-393000000.0,-393000000.0,0.0,0.0,-0.101,2208000000.0,60000000.0,351000000.0,0.0,3.386,-5.781,-6.043,5828000000.0,0.0,20.85,0.584,0.586,356000000.0,-10875000000.0,3887000000.0,3887000000.0,0.0,-0.042,-0.467,0.017,0.052,52000000.0,1285000000.0,1.0,108965637.0,109187259.0,,35.599,7048000000.0,0.0,6000000.0,0.0,64.55,86000000.0
33,LVLT,MRT,2009-06-30,2009-06-30,2009-06-30,2020-09-16,-23000000.0,9235000000.0,9497500000.0,1117000000.0,8118000000.0,0.425,7.576,-387000000.0,630000000.0,630000000.0,1676000000.0,-352000000.0,1.188,10.235,6346000000.0,178000000.0,6168000000.0,6346000000.0,905000000.0,907000000.0,0.0,0.0,0.0,235000000.0,1142000000.0,0.283,1142000000.0,235000000.0,-348000000.0,-3.15,-3.15,-3.15,822000000.0,875250000.0,822000000.0,8218455313.0,35.0,7.197,59000000.0,0.544,1.0,2365000000.0,0.585,1944000000.0,583000000.0,12067000000.0,12244250000.0,0.0,127000000.0,2000000.0,125000000.0,8413000000.0,940000000.0,7473000000.0,2457455313.0,-31000000.0,1000000.0,0.0,-89000000.0,0.0,-87000000.0,-384000000.0,4000000.0,446000000.0,-6000000.0,-352000000.0,-352000000.0,-352000000.0,0.0,0.0,-0.087,2275000000.0,90000000.0,336000000.0,0.0,2.99,-6.981,-7.19,5939000000.0,0.0,22.65,0.608,0.608,374000000.0,-10705000000.0,4041000000.0,4041000000.0,0.0,-0.037,-0.402,0.019,0.058,60000000.0,1347000000.0,1.0,108496923.0,108496923.0,,37.245,7291000000.0,0.0,4000000.0,0.0,67.2,177000000.0
34,LVLT,MRT,2009-03-31,2009-03-31,2009-03-31,2020-09-16,-101000000.0,9388000000.0,9688500000.0,1172000000.0,8216000000.0,0.432,7.912,-413000000.0,672000000.0,672000000.0,1741000000.0,-260000000.0,0.904,9.98,6433000000.0,500000000.0,5933000000.0,6433000000.0,868000000.0,913000000.0,0.0,0.0,0.0,316000000.0,1229000000.0,0.293,1229000000.0,316000000.0,-256000000.0,-2.4,-2.4,-2.4,855000000.0,911750000.0,855000000.0,7303662487.0,23.0,5.943,43000000.0,0.398,1.0,2448000000.0,0.584,1966000000.0,572000000.0,11886000000.0,12554000000.0,0.0,131000000.0,3000000.0,128000000.0,8533000000.0,1297000000.0,7236000000.0,1491662487.0,139000000.0,124000000.0,0.0,-19000000.0,0.0,-17000000.0,-289000000.0,3000000.0,456000000.0,-11000000.0,-260000000.0,-260000000.0,-260000000.0,0.0,0.0,-0.062,2353000000.0,95000000.0,357000000.0,0.0,1.745,-5.737,-5.75,6012000000.0,0.0,13.8,0.356,0.356,401000000.0,-10571000000.0,4189000000.0,4189000000.0,0.0,-0.027,-0.285,0.025,0.075,71000000.0,1421000000.0,1.0,108091485.0,108067536.0,108067536.0,38.763,7422000000.0,0.0,4000000.0,0.0,68.679,-125000000.0
35,LVLT,MRT,2008-12-31,2008-12-31,2008-12-31,2020-09-16,-51000000.0,9634000000.0,9846250000.0,1242000000.0,8392000000.0,0.437,9.785,-446000000.0,768000000.0,768000000.0,1809000000.0,-318000000.0,1.181,8.436,6431000000.0,186000000.0,6245000000.0,6431000000.0,887000000.0,931000000.0,0.0,0.0,0.0,258000000.0,1189000000.0,0.276,1189000000.0,258000000.0,-312000000.0,-3.0,-3.0,-3.0,1021000000.0,932500000.0,1021000000.0,7308794143.0,28.0,6.147,-33000000.0,-0.316,1.0,2492000000.0,0.579,1991000000.0,570000000.0,12254000000.0,12936000000.0,0.0,130000000.0,3000000.0,127000000.0,8613000000.0,1052000000.0,7561000000.0,1127794143.0,54000000.0,124000000.0,0.0,-36000000.0,0.0,-34000000.0,-321000000.0,4000000.0,413000000.0,-4000000.0,-318000000.0,-318000000.0,-318000000.0,0.0,0.0,-0.074,2461000000.0,31000000.0,365000000.0,0.0,1.105,-3.547,-3.5,6159000000.0,0.0,10.5,0.262,0.255,390000000.0,-10439000000.0,4301000000.0,4301000000.0,0.0,-0.032,-0.341,0.02,0.06,78000000.0,1505000000.0,1.0,107408966.0,104338283.0,104338283.0,41.222,7643000000.0,0.0,6000000.0,0.0,73.252,190000000.0
36,LVLT,MRT,2008-09-30,2008-09-30,2008-09-30,2020-09-16,87000000.0,9733000000.0,10001250000.0,1134000000.0,8599000000.0,0.435,7.727,-491000000.0,582000000.0,582000000.0,1838000000.0,-484000000.0,0.993,11.121,6763000000.0,328000000.0,6435000000.0,6763000000.0,910000000.0,932000000.0,0.0,0.0,0.0,95000000.0,1027000000.0,0.236,1027000000.0,95000000.0,-500000000.0,-4.65,-4.65,-4.65,803000000.0,944750000.0,803000000.0,10382600846.0,109.0,10.11,-115000000.0,-1.107,1.0,2514000000.0,0.578,2002000000.0,595000000.0,12770000000.0,13205250000.0,0.0,132000000.0,8000000.0,124000000.0,8930000000.0,1142000000.0,7788000000.0,4208600846.0,-60000000.0,113000000.0,0.0,-100000000.0,0.0,-98000000.0,-338000000.0,42000000.0,376000000.0,0.0,-484000000.0,-484000000.0,-484000000.0,0.0,0.0,-0.111,2594000000.0,-80000000.0,316000000.0,0.0,5.241,-8.695,-8.71,6354000000.0,0.0,40.5,0.967,0.967,430000000.0,-10387000000.0,4352000000.0,4352000000.0,0.0,-0.048,-0.512,0.007,0.022,111000000.0,1644000000.0,1.0,103916070.0,103919796.0,103919796.0,41.878,7731000000.0,0.0,-16000000.0,0.0,74.394,-8000000.0
37,LVLT,MRT,2008-06-30,2008-06-30,2008-06-30,2020-09-16,153000000.0,9999000000.0,10146500000.0,1217000000.0,8782000000.0,0.428,9.351,-522000000.0,661000000.0,661000000.0,1848000000.0,-529000000.0,1.456,9.33,6835000000.0,6000000.0,6829000000.0,6835000000.0,932000000.0,948000000.0,0.0,0.0,0.0,42000000.0,990000000.0,0.228,990000000.0,42000000.0,-549000000.0,-5.1,-5.1,-5.1,968000000.0,1038500000.0,968000000.0,10883396841.0,259.0,10.993,-164000000.0,-1.584,1.0,2495000000.0,0.574,2031000000.0,591000000.0,13306000000.0,13384000000.0,0.0,129000000.0,10000000.0,119000000.0,9031000000.0,836000000.0,8195000000.0,4578396841.0,-78000000.0,69000000.0,2000000.0,-34000000.0,0.0,-32000000.0,-409000000.0,57000000.0,358000000.0,5000000.0,-529000000.0,-529000000.0,-529000000.0,0.0,0.0,-0.122,2637000000.0,-142000000.0,323000000.0,0.0,4.73,-8.655,-8.676,6507000000.0,0.0,44.25,1.054,1.055,427000000.0,-10267000000.0,4343000000.0,4343000000.0,0.0,-0.052,-0.509,0.003,0.01,117000000.0,1672000000.0,1.0,103466595.0,103523709.0,103523709.0,41.952,7968000000.0,0.0,-20000000.0,0.0,76.968,381000000.0
38,LVLT,MRT,2008-03-31,2008-03-31,2008-03-31,2020-09-16,112000000.0,10019000000.0,10274000000.0,1074000000.0,8945000000.0,0.419,9.125,-586000000.0,533000000.0,533000000.0,1842000000.0,-689000000.0,1.292,9.681,6838000000.0,7000000.0,6831000000.0,6838000000.0,918000000.0,961000000.0,0.0,0.0,0.0,-122000000.0,839000000.0,0.195,839000000.0,-122000000.0,-710000000.0,-6.6,-6.6,-6.6,938000000.0,1130000000.0,938000000.0,9426456684.0,-77.0,11.235,-309000000.0,-3.006,1.0,2463000000.0,0.572,2079000000.0,588000000.0,13414000000.0,13442750000.0,0.0,134000000.0,15000000.0,119000000.0,9081000000.0,831000000.0,8250000000.0,3276456684.0,-351000000.0,-50000000.0,3000000.0,-46000000.0,0.0,-43000000.0,-589000000.0,65000000.0,277000000.0,4000000.0,-689000000.0,-689000000.0,-689000000.0,0.0,0.0,-0.16,2681000000.0,-218000000.0,346000000.0,0.0,3.493,-4.755,-4.818,6616000000.0,0.0,31.8,0.761,0.759,416000000.0,-10234000000.0,4305000000.0,4305000000.0,0.0,-0.067,-0.61,-0.009,-0.028,121000000.0,1705000000.0,1.0,103033229.0,102796606.0,102796606.0,41.879,7940000000.0,0.0,-21000000.0,0.0,77.24,243000000.0
39,LVLT,MRT,2007-12-31,2007-12-31,2007-12-31,2020-09-16,104000000.0,10254000000.0,10428000000.0,1225000000.0,9029000000.0,0.409,10.575,-628000000.0,714000000.0,714000000.0,1833000000.0,-1146000000.0,1.26,8.583,6864000000.0,32000000.0,6832000000.0,6864000000.0,938000000.0,942000000.0,0.0,0.0,0.0,-559000000.0,383000000.0,0.09,383000000.0,-559000000.0,-1168000000.0,-11.399,-11.399,-11.399,1070000000.0,1249000000.0,1070000000.0,10894073961.0,-19.0,28.444,-397000000.0,-3.924,1.0,2436000000.0,0.571,2101000000.0,609000000.0,13331000000.0,13426250000.0,0.0,136000000.0,19000000.0,117000000.0,9184000000.0,972000000.0,8212000000.0,4672073961.0,-967000000.0,-676000000.0,26000000.0,-269000000.0,0.0,-243000000.0,-961000000.0,345000000.0,231000000.0,6000000.0,-1146000000.0,-1146000000.0,-1146000000.0,0.0,0.0,-0.268,2677000000.0,-241000000.0,396000000.0,0.0,4.366,-4.077,-4.0,6669000000.0,0.0,45.6,1.094,1.081,404000000.0,-10053000000.0,4269000000.0,4269000000.0,0.0,-0.11,-0.918,-0.042,-0.131,122000000.0,1723000000.0,1.0,102457762.0,101179459.0,101179459.0,42.192,8153000000.0,0.0,-22000000.0,0.0,80.58,253000000.0
40,LVLT,MRT,2007-09-30,2007-09-30,2007-09-30,2020-09-16,153000000.0,10314000000.0,10363000000.0,1268000000.0,9046000000.0,0.387,11.518,-615000000.0,642000000.0,642000000.0,1698000000.0,-1260000000.0,1.356,7.756,6864000000.0,31000000.0,6833000000.0,6864000000.0,930000000.0,914000000.0,0.0,0.0,0.0,-650000000.0,264000000.0,0.066,264000000.0,-650000000.0,-1258000000.0,-13.199,-13.199,-13.199,1178000000.0,1075000000.0,1178000000.0,13254613624.0,-20.0,50.207,-466000000.0,-4.556,1.0,2317000000.0,0.577,2116000000.0,608000000.0,13485000000.0,13553750000.0,0.0,176000000.0,82000000.0,94000000.0,9136000000.0,935000000.0,8201000000.0,7134613624.0,-89000000.0,-674000000.0,26000000.0,439000000.0,0.0,465000000.0,-711000000.0,557000000.0,149000000.0,8000000.0,-1260000000.0,-1260000000.0,-1260000000.0,0.0,0.0,-0.314,2569000000.0,-252000000.0,395000000.0,0.0,6.057,-5.662,-5.284,6709000000.0,0.0,69.75,1.777,1.777,438000000.0,-9962000000.0,4015000000.0,4015000000.0,0.0,-0.122,-1.172,-0.048,-0.162,104000000.0,1648000000.0,1.0,102288367.0,102273713.0,,39.257,8198000000.0,0.0,2000000.0,0.0,80.157,333000000.0
41,LVLT,MRT,2007-06-30,2007-06-30,2007-06-30,2020-09-16,163000000.0,10509000000.0,10120250000.0,1423000000.0,9086000000.0,0.378,13.081,-579000000.0,739000000.0,739000000.0,1626000000.0,-1224000000.0,1.448,6.878,6859000000.0,31000000.0,6828000000.0,6859000000.0,943000000.0,847000000.0,0.0,0.0,0.0,-589000000.0,258000000.0,0.067,258000000.0,-589000000.0,-1220000000.0,-13.349,-13.349,-13.349,1334000000.0,921000000.0,1334000000.0,14923355130.0,-25.0,57.842,-515000000.0,-5.05,1.0,2203000000.0,0.575,2105000000.0,631000000.0,13541000000.0,13512500000.0,0.0,188000000.0,96000000.0,92000000.0,9175000000.0,983000000.0,8192000000.0,8950355130.0,-919000000.0,-966000000.0,24000000.0,-20000000.0,0.0,4000000.0,-978000000.0,542000000.0,64000000.0,9000000.0,-1224000000.0,-1224000000.0,-1224000000.0,-25000000.0,0.0,-0.32,2422000000.0,-219000000.0,401000000.0,0.0,6.709,-7.312,-6.574,6729000000.0,0.0,87.75,2.338,2.337,455000000.0,-9788000000.0,3829000000.0,3829000000.0,0.0,-0.121,-1.329,-0.044,-0.154,98000000.0,1567000000.0,1.0,101998349.0,101979365.0,,37.547,8404000000.0,0.0,4000000.0,0.0,82.409,440000000.0
42,LVLT,MRT,2007-03-31,2007-03-31,2007-03-31,2020-09-16,66000000.0,10635000000.0,9930750000.0,1504000000.0,9131000000.0,0.364,14.436,-482000000.0,884000000.0,884000000.0,1571000000.0,-1223000000.0,1.442,6.521,6857000000.0,34000000.0,6823000000.0,6857000000.0,939000000.0,764000000.0,0.0,0.0,0.0,-555000000.0,209000000.0,0.058,209000000.0,-555000000.0,-1218000000.0,-14.849,-14.849,-14.849,1414000000.0,579250000.0,1414000000.0,14962625215.0,-27.0,71.592,-311000000.0,-3.175,1.0,2041000000.0,0.565,2217000000.0,663000000.0,13348000000.0,13243750000.0,0.0,136000000.0,44000000.0,92000000.0,9221000000.0,1043000000.0,8178000000.0,9281625215.0,304000000.0,-970000000.0,566000000.0,569000000.0,0.0,1135000000.0,-983000000.0,453000000.0,171000000.0,13000000.0,-1223000000.0,-1223000000.0,-1223000000.0,-48000000.0,0.0,-0.339,2199000000.0,-158000000.0,462000000.0,0.0,6.564,-7.589,-6.162,6675000000.0,0.0,91.5,2.57,2.481,450000000.0,-9586000000.0,3612000000.0,3612000000.0,0.0,-0.123,-2.111,-0.042,-0.154,94000000.0,1422000000.0,1.0,101438527.0,97949097.0,,36.876,8418000000.0,0.0,5000000.0,0.0,85.943,461000000.0
43,LVLT,MRT,2006-12-31,2006-12-31,2006-12-31,2020-09-16,-4000000.0,9994000000.0,9343000000.0,2389000000.0,7605000000.0,0.362,5.592,-385000000.0,1681000000.0,1681000000.0,1517000000.0,-744000000.0,2.611,25.722,7362000000.0,5000000.0,7357000000.0,7362000000.0,895000000.0,730000000.0,0.0,0.0,0.0,-94000000.0,636000000.0,0.188,636000000.0,-94000000.0,-742000000.0,-11.099,-11.099,-11.099,374000000.0,89250000.0,374000000.0,12440989892.0,-132.0,19.561,-184000000.0,-2.751,1.0,1861000000.0,0.551,919000000.0,648000000.0,13841000000.0,12983500000.0,0.0,371000000.0,281000000.0,90000000.0,9620000000.0,915000000.0,8705000000.0,6589989892.0,1229000000.0,-424000000.0,543000000.0,1146000000.0,0.0,1689000000.0,-648000000.0,161000000.0,201000000.0,10000000.0,-744000000.0,-744000000.0,-744000000.0,-46000000.0,0.0,-0.22,2001000000.0,-140000000.0,391000000.0,0.0,17.62,-8.858,-7.568,6468000000.0,0.0,84.0,1.951,1.663,326000000.0,-8939000000.0,3378000000.0,3378000000.0,0.0,-0.08,-8.336,-0.007,-0.028,84000000.0,1258000000.0,1.0,78452261.0,66887011.0,66887011.0,50.503,9075000000.0,0.0,2000000.0,0.0,135.677,1474000000.0
44,LVLT,MRT,2006-09-30,2006-09-30,2006-09-30,2020-09-16,-15000000.0,9343000000.0,8913750000.0,1741000000.0,7602000000.0,0.331,7.187,-313000000.0,731000000.0,731000000.0,1334000000.0,-676000000.0,1.939,15.625,6582000000.0,5000000.0,6577000000.0,6582000000.0,897000000.0,694000000.0,0.0,0.0,0.0,-56000000.0,638000000.0,0.216,638000000.0,-56000000.0,-676000000.0,-11.849,-11.849,-11.849,562000000.0,-123250000.0,562000000.0,11684169331.0,-209.0,18.314,-317000000.0,-4.054,1.0,1616000000.0,0.548,976000000.0,620000000.0,13320000000.0,12575000000.0,0.0,645000000.0,554000000.0,91000000.0,8781000000.0,898000000.0,7883000000.0,6322169331.0,241000000.0,-703000000.0,543000000.0,439000000.0,0.0,982000000.0,-721000000.0,320000000.0,-4000000.0,10000000.0,-676000000.0,-676000000.0,-676000000.0,-103000000.0,0.0,-0.229,1814000000.0,-198000000.0,406000000.0,0.0,11.249,-9.352,-6.823,6418000000.0,0.0,80.85,2.143,2.143,351000000.0,-8702000000.0,2950000000.0,2950000000.0,0.0,-0.076,5.485,-0.004,-0.019,71000000.0,1108000000.0,1.0,78196281.0,78196281.0,,37.726,8367000000.0,0.0,0.0,0.0,107.0,843000000.0
45,LVLT,MRT,2006-06-30,2006-06-30,2006-06-30,2020-09-16,-24000000.0,9751000000.0,8473000000.0,3252000000.0,6499000000.0,0.29,-0.584,-279000000.0,1658000000.0,1658000000.0,1079000000.0,-742000000.0,1.695,-296.485,7020000000.0,462000000.0,6558000000.0,7020000000.0,966000000.0,665000000.0,0.0,0.0,0.0,-142000000.0,523000000.0,0.213,523000000.0,-142000000.0,-739000000.0,-14.399,-14.399,-14.399,-33000000.0,-421750000.0,-33000000.0,9538176447.0,-67.0,18.237,-252000000.0,-4.463,1.0,1380000000.0,0.561,728000000.0,597000000.0,12466000000.0,12172750000.0,0.0,632000000.0,542000000.0,90000000.0,9784000000.0,1919000000.0,7865000000.0,3760176447.0,1210000000.0,-354000000.0,543000000.0,969000000.0,0.0,1512000000.0,-309000000.0,341000000.0,27000000.0,5000000.0,-742000000.0,-742000000.0,-742000000.0,-81000000.0,0.0,-0.302,1642000000.0,-262000000.0,834000000.0,0.0,-113.945,-5.068,-4.625,5537000000.0,0.0,66.6,1.529,1.529,868000000.0,-8564000000.0,2459000000.0,2459000000.0,0.0,-0.088,1.759,-0.012,-0.058,65000000.0,957000000.0,1.0,56459106.0,56459106.0,,43.554,9023000000.0,0.0,3000000.0,0.0,159.815,1333000000.0
46,LVLT,MRT,2006-03-31,2006-03-31,2006-03-31,2020-09-16,-42000000.0,8284000000.0,7968500000.0,1901000000.0,6383000000.0,0.316,-9.992,-286000000.0,580000000.0,580000000.0,1256000000.0,-729000000.0,1.6,-16.172,6358000000.0,1000000.0,6357000000.0,6358000000.0,967000000.0,665000000.0,0.0,0.0,0.0,-158000000.0,507000000.0,0.201,507000000.0,-158000000.0,-724000000.0,-14.999,-14.999,-14.999,-546000000.0,-524500000.0,-546000000.0,9816874922.0,-62.0,19.363,-406000000.0,-7.43,1.0,1262000000.0,0.501,567000000.0,566000000.0,12307000000.0,11998750000.0,0.0,534000000.0,447000000.0,87000000.0,8830000000.0,1188000000.0,7642000000.0,4245874922.0,244000000.0,-364000000.0,0.0,1166000000.0,0.0,1166000000.0,-779000000.0,-126000000.0,-120000000.0,-10000000.0,-729000000.0,-729000000.0,-729000000.0,-58000000.0,0.0,-0.29,1571000000.0,-309000000.0,622000000.0,0.0,-7.776,-5.824,-5.18,5588000000.0,0.0,77.7,1.686,1.686,717000000.0,-8363000000.0,2518000000.0,2518000000.0,0.0,-0.091,1.39,-0.013,-0.063,54000000.0,889000000.0,1.0,54644465.0,54644465.0,,46.08,7717000000.0,0.0,5000000.0,0.0,141.222,713000000.0
47,LVLT,MRT,2005-12-31,2005-12-31,2005-12-31,2020-09-16,-51000000.0,8277000000.0,7672250000.0,1670000000.0,6607000000.0,0.224,-10.181,-289000000.0,379000000.0,379000000.0,516000000.0,-638000000.0,1.174,-18.389,6023000000.0,0.0,6023000000.0,6023000000.0,936000000.0,647000000.0,0.0,0.0,0.0,-103000000.0,544000000.0,0.316,544000000.0,-103000000.0,-633000000.0,-13.649,-13.649,-13.649,-476000000.0,-447250000.0,-476000000.0,7542708571.0,-73.0,13.865,-412000000.0,-8.812,1.0,1203000000.0,0.7,291000000.0,530000000.0,12207000000.0,11519250000.0,0.0,519000000.0,210000000.0,309000000.0,8753000000.0,1423000000.0,7330000000.0,2012708571.0,9000000.0,-284000000.0,0.0,813000000.0,0.0,813000000.0,-641000000.0,-64000000.0,-123000000.0,-17000000.0,-638000000.0,-638000000.0,-638000000.0,-69000000.0,0.0,-0.371,1439000000.0,-236000000.0,367000000.0,0.0,-4.228,-3.155,-3.154,5632000000.0,0.0,43.05,1.171,1.171,392000000.0,-8192000000.0,1719000000.0,1719000000.0,0.0,-0.083,1.426,-0.009,-0.06,51000000.0,769000000.0,1.0,46752812.0,46752812.0,,36.768,7986000000.0,0.0,5000000.0,0.0,170.813,247000000.0
48,LVLT,MRT,2005-09-30,2005-09-30,2005-09-30,2020-09-16,-45000000.0,7580000000.0,7489000000.0,1500000000.0,6080000000.0,0.186,-13.574,-300000000.0,490000000.0,490000000.0,143000000.0,-546000000.0,1.503,-12.994,6020000000.0,0.0,6020000000.0,6020000000.0,942000000.0,631000000.0,0.0,0.0,0.0,-32000000.0,599000000.0,0.431,599000000.0,-32000000.0,-543000000.0,-11.699,-11.699,-11.699,-632000000.0,-367500000.0,-632000000.0,7118315424.0,-222.0,11.884,-341000000.0,-7.324,1.0,1247000000.0,0.897,401000000.0,511000000.0,11711000000.0,11105500000.0,0.0,920000000.0,441000000.0,479000000.0,8212000000.0,998000000.0,7214000000.0,1620315424.0,23000000.0,10000000.0,0.0,849000000.0,0.0,849000000.0,-757000000.0,-488000000.0,-41000000.0,-3000000.0,-546000000.0,-546000000.0,-546000000.0,-23000000.0,0.0,-0.393,1404000000.0,-157000000.0,492000000.0,0.0,-2.564,-2.968,-2.975,5101000000.0,0.0,34.8,1.166,1.166,407000000.0,-8023000000.0,1390000000.0,1390000000.0,0.0,-0.073,1.486,-0.003,-0.023,46000000.0,732000000.0,1.0,46560788.0,46560788.0,,29.853,7179000000.0,0.0,3000000.0,0.0,154.186,502000000.0
49,LVLT,MRT,2005-06-30,2005-06-30,2005-06-30,2020-09-16,-44000000.0,7733000000.0,7442750000.0,1480000000.0,6253000000.0,0.248,-9.591,-296000000.0,448000000.0,448000000.0,503000000.0,-513000000.0,1.423,-18.417,5946000000.0,1000000.0,5945000000.0,5946000000.0,913000000.0,648000000.0,0.0,0.0,0.0,-18000000.0,630000000.0,0.341,630000000.0,-18000000.0,-511000000.0,-11.099,-11.099,-11.099,-444000000.0,-249250000.0,-444000000.0,6195566654.0,-344.0,9.834,-400000000.0,-8.641,1.0,1343000000.0,0.728,421000000.0,493000000.0,11770000000.0,10794250000.0,0.0,932000000.0,356000000.0,576000000.0,8177000000.0,1040000000.0,7137000000.0,1409566654.0,-99000000.0,-6000000.0,0.0,781000000.0,0.0,781000000.0,-770000000.0,-469000000.0,-104000000.0,2000000.0,-513000000.0,-513000000.0,-513000000.0,-20000000.0,0.0,-0.278,1462000000.0,-119000000.0,578000000.0,0.0,-3.175,-2.748,-2.743,5158000000.0,0.0,30.45,0.764,0.764,544000000.0,-7819000000.0,1846000000.0,1846000000.0,0.0,-0.069,2.058,-0.002,-0.01,44000000.0,783000000.0,1.0,46291187.0,46291187.0,,39.878,7312000000.0,0.0,2000000.0,0.0,157.957,440000000.0
50,LVLT,MRT,2005-03-31,2005-03-31,2005-03-31,2020-09-16,-6000000.0,7099000000.0,7431500000.0,1222000000.0,5877000000.0,0.252,-5.161,-273000000.0,406000000.0,406000000.0,518000000.0,-388000000.0,1.155,-30.954,5192000000.0,119000000.0,5073000000.0,5192000000.0,915000000.0,661000000.0,0.0,0.0,0.0,84000000.0,745000000.0,0.398,745000000.0,84000000.0,-388000000.0,-8.4,-8.4,-8.4,-237000000.0,-141750000.0,-237000000.0,6071950732.0,72.0,8.15,-411000000.0,-8.95,1.0,1352000000.0,0.723,438000000.0,472000000.0,10389000000.0,10464500000.0,0.0,332000000.0,332000000.0,0.0,7336000000.0,1058000000.0,6278000000.0,1418950732.0,-825000000.0,-21000000.0,0.0,-66000000.0,0.0,-66000000.0,-630000000.0,-331000000.0,-138000000.0,15000000.0,-388000000.0,-388000000.0,-388000000.0,-20000000.0,0.0,-0.207,1499000000.0,-147000000.0,481000000.0,0.0,-5.987,-3.657,-3.679,5277000000.0,0.0,30.9,0.759,0.759,437000000.0,-7631000000.0,1870000000.0,1870000000.0,0.0,-0.052,2.737,0.008,0.045,45000000.0,811000000.0,1.0,45920736.0,45920736.0,,40.722,6661000000.0,0.0,0.0,0.0,145.054,164000000.0
51,LVLT,MRT,2004-12-31,2004-12-31,2004-12-31,2020-09-16,19000000.0,7544000000.0,7644750000.0,1402000000.0,6142000000.0,0.232,-3.436,-253000000.0,443000000.0,443000000.0,503000000.0,-458000000.0,1.077,-49.051,5210000000.0,143000000.0,5067000000.0,5210000000.0,1093000000.0,671000000.0,0.0,0.0,0.0,28000000.0,699000000.0,0.394,699000000.0,28000000.0,-457000000.0,-10.049,-10.049,-10.049,-157000000.0,-74750000.0,-157000000.0,6917772784.0,247.0,9.897,-317000000.0,-6.937,1.0,1273000000.0,0.717,457000000.0,485000000.0,10552000000.0,10471250000.0,0.0,454000000.0,273000000.0,181000000.0,7701000000.0,1302000000.0,6399000000.0,2323772784.0,-686000000.0,-21000000.0,0.0,-42000000.0,0.0,-42000000.0,-593000000.0,-340000000.0,-64000000.0,18000000.0,-458000000.0,-458000000.0,-458000000.0,-20000000.0,0.0,-0.258,1507000000.0,-234000000.0,600000000.0,0.0,-14.801,-5.074,-5.06,5375000000.0,0.0,50.85,1.308,1.308,541000000.0,-7554000000.0,1776000000.0,1776000000.0,0.0,-0.06,6.127,0.003,0.016,43000000.0,822000000.0,1.0,45698580.0,45698580.0,,38.863,7087000000.0,0.0,1000000.0,0.0,155.081,100000000.0
52,LVLT,MRT,2004-09-30,2004-09-30,2004-09-30,2020-09-16,-106000000.0,7395000000.0,7834250000.0,1232000000.0,6163000000.0,0.455,-3.497,-203000000.0,582000000.0,582000000.0,2183000000.0,-502000000.0,1.146,-47.509,5176000000.0,144000000.0,5032000000.0,5176000000.0,1142000000.0,694000000.0,0.0,0.0,0.0,-45000000.0,649000000.0,0.182,649000000.0,-45000000.0,-538000000.0,-10.649,-10.649,-10.649,-159000000.0,9750000.0,-159000000.0,6254167828.0,-139.0,9.637,-210000000.0,-4.619,1.0,1383000000.0,0.388,448000000.0,493000000.0,10466000000.0,10468750000.0,0.0,389000000.0,225000000.0,164000000.0,7554000000.0,1075000000.0,6479000000.0,1766167828.0,-850000000.0,7000000.0,0.0,-333000000.0,0.0,-333000000.0,-509000000.0,-322000000.0,-7000000.0,5000000.0,-502000000.0,-502000000.0,-502000000.0,13000000.0,0.0,-0.141,1646000000.0,-263000000.0,431000000.0,0.0,-11.108,-3.518,-3.648,5402000000.0,0.0,38.85,0.495,0.495,375000000.0,-7477000000.0,3566000000.0,3566000000.0,0.0,-0.064,-51.487,-0.004,-0.013,48000000.0,944000000.0,1.0,45461205.0,45461205.0,,78.441,6947000000.0,0.0,-36000000.0,0.0,152.812,157000000.0
53,LVLT,MRT,2004-06-30,2004-06-30,2004-06-30,2020-09-16,-116000000.0,7688000000.0,8179000000.0,1418000000.0,6270000000.0,0.44,-0.309,-144000000.0,661000000.0,661000000.0,2205000000.0,-578000000.0,1.124,-550.143,5149000000.0,141000000.0,5008000000.0,5149000000.0,1127000000.0,734000000.0,0.0,0.0,0.0,-97000000.0,637000000.0,0.177,637000000.0,-97000000.0,-626000000.0,-12.599,-12.599,-12.599,-14000000.0,93500000.0,-14000000.0,6491724993.0,-67.0,10.191,-45000000.0,-0.994,1.0,1395000000.0,0.388,463000000.0,529000000.0,10451000000.0,10524500000.0,0.0,410000000.0,221000000.0,189000000.0,7702000000.0,1262000000.0,6440000000.0,2383724993.0,-368000000.0,11000000.0,0.0,14000000.0,0.0,14000000.0,-476000000.0,-362000000.0,99000000.0,5000000.0,-578000000.0,-578000000.0,-578000000.0,10000000.0,0.0,-0.161,1716000000.0,-321000000.0,549000000.0,0.0,-170.266,-4.124,-4.179,5466000000.0,0.0,52.65,0.662,0.662,476000000.0,-7306000000.0,3600000000.0,3600000000.0,0.0,-0.071,-6.182,-0.009,-0.027,53000000.0,960000000.0,1.0,45274929.0,45274929.0,,79.514,7225000000.0,0.0,-48000000.0,0.0,159.581,156000000.0
54,LVLT,MRT,2004-03-31,2004-03-31,2004-03-31,2020-09-16,-119000000.0,7952000000.0,8424000000.0,1747000000.0,6205000000.0,0.43,0.686,-132000000.0,1271000000.0,1271000000.0,2181000000.0,-977000000.0,1.457,255.516,5379000000.0,103000000.0,5276000000.0,5379000000.0,1124000000.0,785000000.0,0.0,0.0,0.0,-472000000.0,313000000.0,0.086,313000000.0,-472000000.0,-1026000000.0,-25.499,-25.499,-25.499,31000000.0,167500000.0,31000000.0,6822568648.0,-14.0,21.797,28000000.0,0.62,1.0,1438000000.0,0.397,445000000.0,554000000.0,10416000000.0,10717250000.0,0.0,0.0,0.0,0.0,7921000000.0,1199000000.0,6722000000.0,2711568648.0,217000000.0,35000000.0,3000000.0,76000000.0,0.0,79000000.0,-31000000.0,48000000.0,160000000.0,4000000.0,-977000000.0,-977000000.0,-977000000.0,16000000.0,0.0,-0.27,1808000000.0,-370000000.0,510000000.0,0.0,87.47,-2.775,-2.353,5598000000.0,0.0,60.0,0.749,0.749,429000000.0,-7243000000.0,3619000000.0,3619000000.0,0.0,-0.116,-5.833,-0.044,-0.13,68000000.0,992000000.0,1.0,45192811.0,45192811.0,,80.079,7507000000.0,0.0,-49000000.0,0.0,166.11,548000000.0
55,LVLT,MRT,2003-12-31,2003-12-31,2003-12-31,2020-09-16,-90000000.0,8302000000.0,8626750000.0,1955000000.0,6347000000.0,0.458,4.01,-96000000.0,1264000000.0,1264000000.0,2206000000.0,-711000000.0,1.385,44.867,5375000000.0,125000000.0,5250000000.0,5375000000.0,1143000000.0,813000000.0,0.0,0.0,0.0,-194000000.0,619000000.0,0.157,619000000.0,-194000000.0,-761000000.0,-18.899,-18.899,-18.899,181000000.0,145250000.0,181000000.0,8078932362.0,-42.0,13.052,-55000000.0,-1.219,1.0,1741000000.0,0.441,459000000.0,567000000.0,10542000000.0,11081750000.0,0.0,42000000.0,42000000.0,0.0,8121000000.0,1412000000.0,6709000000.0,3858932362.0,-13000000.0,-63000000.0,3000000.0,76000000.0,0.0,79000000.0,-152000000.0,7000000.0,41000000.0,8000000.0,-711000000.0,-711000000.0,-711000000.0,12000000.0,0.0,-0.18,1880000000.0,-139000000.0,651000000.0,0.0,21.32,-5.427,-4.524,5727000000.0,0.0,85.5,0.978,0.978,570000000.0,-7096000000.0,3947000000.0,3947000000.0,0.0,-0.082,-4.895,-0.018,-0.049,82000000.0,1027000000.0,1.0,45133712.0,45133712.0,,87.451,7843000000.0,0.0,-50000000.0,0.0,173.773,543000000.0
56,LVLT,MRT,2003-09-30,2003-09-30,2003-09-30,2020-09-16,-94000000.0,8774000000.0,8792000000.0,2286000000.0,6488000000.0,0.451,4.03,23000000.0,1870000000.0,1870000000.0,2274000000.0,-903000000.0,1.263,48.852,6090000000.0,750000000.0,5340000000.0,6090000000.0,1051000000.0,846000000.0,0.0,0.0,0.0,-332000000.0,514000000.0,0.13,514000000.0,-332000000.0,-917000000.0,-27.299,-27.899,-27.299,176000000.0,40000000.0,176000000.0,7851342657.0,-24.0,15.275,32000000.0,0.733,1.0,1690000000.0,0.426,495000000.0,585000000.0,10689000000.0,11353250000.0,0.0,0.0,0.0,0.0,8598000000.0,1810000000.0,6788000000.0,3550342657.0,354000000.0,210000000.0,4000000.0,271000000.0,0.0,275000000.0,51000000.0,-173000000.0,9000000.0,2000000.0,-903000000.0,-903000000.0,-903000000.0,-2000000.0,0.0,-0.228,2019000000.0,-329000000.0,497000000.0,0.0,20.172,-3.932,-2.978,5785000000.0,0.0,81.3,0.896,0.896,355000000.0,-6975000000.0,3964000000.0,3964000000.0,0.0,-0.103,-22.575,-0.029,-0.084,90000000.0,1008000000.0,1.0,43669651.0,43669651.0,,90.772,8279000000.0,0.0,-14000000.0,0.0,189.582,476000000.0
57,LVLT,MRT,2003-06-30,2003-06-30,2003-06-30,2020-09-16,-120000000.0,8668000000.0,8872000000.0,1630000000.0,7038000000.0,0.467,9.146,95000000.0,1458000000.0,1458000000.0,2513000000.0,-955000000.0,1.288,29.738,5759000000.0,125000000.0,5634000000.0,5759000000.0,1064000000.0,836000000.0,0.0,0.0,0.0,-374000000.0,462000000.0,0.112,462000000.0,-374000000.0,-957000000.0,-32.548,-33.148,-32.548,282000000.0,-67500000.0,282000000.0,7879300964.0,-21.0,17.055,-209000000.0,-6.778,1.0,1626000000.0,0.393,481000000.0,583000000.0,11222000000.0,11916500000.0,0.0,0.0,0.0,0.0,8386000000.0,1266000000.0,7120000000.0,3080300964.0,-136000000.0,210000000.0,4000000.0,406000000.0,0.0,410000000.0,-262000000.0,-560000000.0,-304000000.0,-4000000.0,-955000000.0,-955000000.0,-955000000.0,0.0,0.0,-0.231,1976000000.0,-350000000.0,567000000.0,0.0,10.923,-3.225,-3.069,5941000000.0,0.0,99.9,0.744,0.744,507000000.0,-6728000000.0,4139000000.0,4139000000.0,0.0,-0.108,14.148,-0.031,-0.09,112000000.0,986000000.0,1.0,30833843.0,30833843.0,,134.236,8187000000.0,0.0,-2000000.0,0.0,265.52,364000000.0
58,LVLT,MRT,2003-03-31,2003-03-31,2003-03-31,2020-09-16,-129000000.0,8763000000.0,9041000000.0,1560000000.0,7203000000.0,0.437,-1.927,171000000.0,1492000000.0,1492000000.0,2430000000.0,-649000000.0,1.319,-152.086,6291000000.0,124000000.0,6167000000.0,6291000000.0,1042000000.0,798000000.0,0.0,0.0,0.0,-80000000.0,718000000.0,0.182,718000000.0,-80000000.0,-651000000.0,-24.149,-24.749,-24.149,-58000000.0,-157500000.0,-58000000.0,6727642677.0,-84.0,9.37,-306000000.0,-10.167,1.0,1522000000.0,0.385,505000000.0,571000000.0,11874000000.0,12154500000.0,0.0,0.0,0.0,0.0,8821000000.0,1183000000.0,7638000000.0,2329642677.0,-166000000.0,127000000.0,1000000.0,418000000.0,0.0,419000000.0,-123000000.0,-410000000.0,-477000000.0,7000000.0,-649000000.0,-649000000.0,-649000000.0,-6000000.0,0.0,-0.164,1941000000.0,-419000000.0,492000000.0,0.0,-40.166,-3.59,-3.205,6043000000.0,0.0,77.4,0.589,0.589,420000000.0,-6266000000.0,3952000000.0,3952000000.0,0.0,-0.072,4.121,-0.007,-0.02,140000000.0,951000000.0,1.0,30098743.0,30098743.0,,131.301,8258000000.0,0.0,-2000000.0,0.0,274.364,377000000.0
59,LVLT,MRT,2002-12-31,2002-12-31,2002-12-31,2020-09-16,-132000000.0,8963000000.0,9113000000.0,1939000000.0,7024000000.0,0.341,-8.516,127000000.0,1708000000.0,1708000000.0,2008000000.0,-858000000.0,1.433,-38.346,6106000000.0,4000000.0,6102000000.0,6106000000.0,1463000000.0,801000000.0,0.0,0.0,0.0,-419000000.0,382000000.0,0.123,382000000.0,-419000000.0,-979000000.0,-31.648,-31.648,-31.648,-240000000.0,-159250000.0,-240000000.0,7505279796.0,-18.0,19.647,-304000000.0,-10.788,1.0,1103000000.0,0.355,380000000.0,560000000.0,11628000000.0,12278000000.0,0.0,0.0,0.0,0.0,9203000000.0,1353000000.0,7850000000.0,2071279796.0,-155000000.0,72000000.0,1000000.0,331000000.0,0.0,332000000.0,-11000000.0,-210000000.0,-431000000.0,0.0,-858000000.0,-858000000.0,-858000000.0,-2000000.0,0.0,-0.276,1916000000.0,-813000000.0,691000000.0,0.0,-8.63,-2.414,-2.322,6005000000.0,0.0,73.5,0.666,0.666,527000000.0,-6385000000.0,3111000000.0,3111000000.0,0.0,-0.094,5.388,-0.034,-0.135,181000000.0,934000000.0,1.0,28180677.0,28180677.0,,110.395,8583000000.0,0.0,-121000000.0,0.0,304.57,586000000.0
60,LVLT,MRT,2002-09-30,2002-09-30,2002-09-30,2020-09-16,-125000000.0,9094000000.0,9201250000.0,2068000000.0,7026000000.0,0.273,-9.374,-44000000.0,963000000.0,963000000.0,1500000000.0,-3820000000.0,1.708,-36.803,6397000000.0,12000000.0,6385000000.0,6397000000.0,1449000000.0,858000000.0,0.0,0.0,0.0,-3374000000.0,-2516000000.0,-1.002,-2516000000.0,-3374000000.0,-3939000000.0,-151.042,-151.042,-151.042,-254000000.0,-115500000.0,-254000000.0,6479073653.0,-2.0,-2.575,-579000000.0,-21.368,1.0,1011000000.0,0.403,375000000.0,565000000.0,12942000000.0,12536000000.0,0.0,541000000.0,541000000.0,0.0,9348000000.0,1211000000.0,8137000000.0,1581073653.0,-477000000.0,-238000000.0,0.0,-304000000.0,0.0,-304000000.0,498000000.0,793000000.0,-535000000.0,8000000.0,-3820000000.0,-3820000000.0,-3820000000.0,538000000.0,0.0,-1.521,5175000000.0,-4164000000.0,560000000.0,0.0,-6.225,-0.414,-0.386,6360000000.0,0.0,58.35,0.63,0.63,443000000.0,-6072000000.0,2511000000.0,2511000000.0,0.0,-0.415,33.074,-0.269,-1.344,229000000.0,1025000000.0,1.0,27096378.0,27096378.0,,92.669,8719000000.0,0.0,-119000000.0,0.0,321.777,857000000.0
61,LVLT,MRT,2002-06-30,2002-06-30,2002-06-30,2020-09-16,-117000000.0,9344000000.0,10490500000.0,2083000000.0,7261000000.0,0.175,-2.957,-431000000.0,1051000000.0,1051000000.0,898000000.0,-3958000000.0,1.232,-120.795,5949000000.0,10000000.0,5939000000.0,5949000000.0,1589000000.0,964000000.0,0.0,0.0,0.0,-3483000000.0,-2519000000.0,-1.374,-2519000000.0,-3483000000.0,-4077000000.0,-157.642,-157.642,-157.642,-78000000.0,728750000.0,-78000000.0,6068127760.0,-2.0,-2.409,-940000000.0,-35.639,1.0,936000000.0,0.51,377000000.0,594000000.0,12174000000.0,14077000000.0,0.0,146000000.0,146000000.0,0.0,9422000000.0,1691000000.0,7731000000.0,1167127760.0,-344000000.0,-237000000.0,0.0,-773000000.0,0.0,-773000000.0,1144000000.0,1906000000.0,-509000000.0,23000000.0,-3958000000.0,-3958000000.0,-3958000000.0,563000000.0,0.0,-2.158,5366000000.0,-4430000000.0,975000000.0,0.0,-14.963,-0.295,-0.281,6592000000.0,0.0,44.25,0.636,0.636,696000000.0,-5773000000.0,1834000000.0,1834000000.0,0.0,-0.377,-5.431,-0.247,-1.899,272000000.0,1113000000.0,1.0,26375769.0,26375769.0,,69.534,8967000000.0,0.0,-119000000.0,0.0,339.971,392000000.0
62,LVLT,MRT,2002-03-31,2002-03-31,2002-03-31,2020-09-16,-163000000.0,9051000000.0,11876500000.0,1683000000.0,7368000000.0,0.124,-2.483,-1212000000.0,1110000000.0,1110000000.0,622000000.0,-4533000000.0,1.264,-140.246,6011000000.0,30000000.0,5981000000.0,6011000000.0,1480000000.0,1096000000.0,0.0,0.0,0.0,-4015000000.0,-2919000000.0,-1.984,-2919000000.0,-4015000000.0,-4652000000.0,-181.641,-181.641,-181.641,-65000000.0,1594500000.0,-65000000.0,6316999354.0,-2.0,-2.164,-1396000000.0,-53.324,1.0,849000000.0,0.577,252000000.0,637000000.0,12368000000.0,15921000000.0,0.0,136000000.0,136000000.0,0.0,9116000000.0,1332000000.0,7784000000.0,1397999354.0,-378000000.0,-153000000.0,0.0,-773000000.0,0.0,-773000000.0,823000000.0,2306000000.0,-184000000.0,4000000.0,-4533000000.0,-4533000000.0,-4533000000.0,588000000.0,0.0,-3.082,5640000000.0,-4791000000.0,690000000.0,0.0,-21.508,-0.308,-0.294,6746000000.0,0.0,53.4,0.95,0.95,351000000.0,-5617000000.0,1471000000.0,1471000000.0,0.0,-0.382,-2.843,-0.252,-2.729,302000000.0,1201000000.0,1.0,26179763.0,26179763.0,,56.188,8799000000.0,0.0,-119000000.0,0.0,336.099,351000000.0
63,LVLT,MRT,2001-12-31,2001-12-31,2001-12-31,2020-09-16,-144000000.0,9316000000.0,13477750000.0,2034000000.0,7282000000.0,0.114,-2.546,-2258000000.0,1452000000.0,1452000000.0,742000000.0,-4978000000.0,1.461,-144.323,6216000000.0,7000000.0,6209000000.0,6216000000.0,1459000000.0,1122000000.0,0.0,0.0,0.0,-4332000000.0,-3210000000.0,-2.094,-3210000000.0,-4332000000.0,-4978000000.0,-199.79,-199.79,-199.79,-65000000.0,2624750000.0,-65000000.0,8340766499.0,-2.0,-2.598,-2117000000.0,-82.921,1.0,791000000.0,0.516,28000000.0,646000000.0,12660000000.0,17803750000.0,0.0,206000000.0,206000000.0,0.0,9381000000.0,1392000000.0,7989000000.0,1914766499.0,42000000.0,0.0,2000000.0,-51000000.0,0.0,-49000000.0,196000000.0,2564000000.0,141000000.0,-20000000.0,-4978000000.0,-4978000000.0,-4978000000.0,605000000.0,0.0,-3.247,5772000000.0,-4981000000.0,714000000.0,0.0,-29.458,-0.385,-0.375,6890000000.0,0.0,75.0,1.249,1.249,239000000.0,-5527000000.0,1533000000.0,1533000000.0,0.0,-0.369,-1.897,-0.243,-2.826,314000000.0,1297000000.0,1.0,25530220.0,25530220.0,,60.046,9288000000.0,0.0,0.0,0.0,363.804,642000000.0
64,LVLT,MRT,2001-09-30,2001-09-30,2001-09-30,2020-09-16,-108000000.0,14251000000.0,14878500000.0,3148000000.0,11103000000.0,0.11,127.198,-3272000000.0,1491000000.0,1491000000.0,929000000.0,-2255000000.0,2.004,3.563,7917000000.0,7000000.0,7910000000.0,7917000000.0,1337000000.0,1052000000.0,0.0,0.0,0.0,-1692000000.0,-640000000.0,-0.39,-640000000.0,-1692000000.0,-2274000000.0,-91.795,-91.795,-91.795,3123000000.0,3778250000.0,3123000000.0,7942118356.0,-5.0,-12.41,-2517000000.0,-102.516,1.0,710000000.0,0.433,0.0,582000000.0,19106000000.0,19405500000.0,0.0,1229000000.0,1229000000.0,0.0,11128000000.0,1571000000.0,9557000000.0,1392118356.0,275000000.0,-34000000.0,17000000.0,749000000.0,0.0,752000000.0,-708000000.0,2747000000.0,755000000.0,-39000000.0,-2255000000.0,-2255000000.0,-2255000000.0,114000000.0,0.0,-1.376,2483000000.0,-1773000000.0,972000000.0,0.0,0.446,-0.617,-0.618,10604000000.0,0.0,56.7,0.849,0.849,326000000.0,-2252000000.0,1639000000.0,1639000000.0,0.0,-0.152,-0.597,-0.087,-1.032,317000000.0,1330000000.0,1.0,24552352.0,24552352.0,,66.755,14251000000.0,0.0,-19000000.0,0.0,580.433,1577000000.0
65,LVLT,MRT,2001-06-30,2001-06-30,2001-06-30,2020-09-16,-140000000.0,14888000000.0,14932750000.0,3896000000.0,10992000000.0,0.108,137.9,-4282000000.0,1418000000.0,1418000000.0,982000000.0,-2169000000.0,2.064,3.398,7968000000.0,9000000.0,7959000000.0,7968000000.0,1255000000.0,909000000.0,0.0,0.0,0.0,-1735000000.0,-826000000.0,-0.514,-826000000.0,-1735000000.0,-2198000000.0,-88.646,-88.646,-88.646,3385000000.0,4243750000.0,3385000000.0,8485426878.0,-5.0,-10.273,-3285000000.0,-133.826,1.0,626000000.0,0.389,0.0,463000000.0,19550000000.0,19355500000.0,0.0,2002000000.0,1891000000.0,111000000.0,11503000000.0,1888000000.0,9615000000.0,2021426878.0,-251000000.0,-34000000.0,17000000.0,722000000.0,0.0,727000000.0,-1499000000.0,2875000000.0,997000000.0,-73000000.0,-2169000000.0,-2169000000.0,-2169000000.0,90000000.0,0.0,-1.349,2323000000.0,-1697000000.0,1341000000.0,0.0,0.597,-0.932,-0.929,10480000000.0,0.0,82.35,1.257,1.257,484000000.0,-1815000000.0,1608000000.0,1608000000.0,0.0,-0.145,-0.511,-0.09,-1.079,298000000.0,1312000000.0,1.0,24546774.0,24546774.0,,65.508,14888000000.0,25000000.0,-29000000.0,0.0,606.516,2008000000.0
66,LVLT,MRT,2001-03-31,2001-03-31,2001-03-31,2020-09-16,-110000000.0,15456000000.0,14883500000.0,4824000000.0,10632000000.0,0.098,165.406,-5284000000.0,1505000000.0,1505000000.0,928000000.0,-1719000000.0,2.387,2.811,7969000000.0,8000000.0,7961000000.0,7969000000.0,1072000000.0,815000000.0,0.0,0.0,0.0,-1389000000.0,-574000000.0,-0.395,-574000000.0,-1389000000.0,-1759000000.0,-70.346,-70.346,-70.346,4056000000.0,4726750000.0,4056000000.0,12448734388.0,-9.0,-21.688,-4126000000.0,-168.261,1.0,527000000.0,0.362,0.0,370000000.0,19899000000.0,19062750000.0,0.0,2567000000.0,2450000000.0,117000000.0,11400000000.0,2021000000.0,9379000000.0,6392734388.0,-1037000000.0,-34000000.0,11000000.0,841000000.0,0.0,852000000.0,-2587000000.0,2752000000.0,1158000000.0,-77000000.0,-1719000000.0,-1719000000.0,-1719000000.0,65000000.0,0.0,-1.181,1960000000.0,-1433000000.0,1558000000.0,0.0,1.576,-3.719,-3.706,10179000000.0,0.0,260.7,4.394,4.394,721000000.0,-1084000000.0,1455000000.0,1455000000.0,0.0,-0.115,-0.364,-0.073,-0.955,312000000.0,1233000000.0,1.0,24521421.0,24521421.0,,59.336,15456000000.0,25000000.0,-40000000.0,0.0,630.306,2803000000.0
67,LVLT,MRT,2000-12-31,2000-12-31,2000-12-31,2020-09-16,-73000000.0,14919000000.0,14610500000.0,5045000000.0,9874000000.0,0.081,185.837,-5477000000.0,1255000000.0,1255000000.0,792000000.0,-1455000000.0,2.625,2.28,7325000000.0,7000000.0,7318000000.0,7325000000.0,720000000.0,579000000.0,0.0,0.0,0.0,-1222000000.0,-643000000.0,-0.543,-643000000.0,-1222000000.0,-1504000000.0,-60.147,-60.147,-60.147,4549000000.0,5105500000.0,4549000000.0,18043066704.0,-15.0,-28.061,-4441000000.0,-181.425,1.0,392000000.0,0.331,0.0,282000000.0,19067000000.0,18462500000.0,0.0,2957000000.0,2957000000.0,0.0,10370000000.0,1922000000.0,8448000000.0,12047066704.0,43000000.0,-34000000.0,2422000000.0,3174000000.0,0.0,5596000000.0,-6175000000.0,-612000000.0,1036000000.0,-56000000.0,-1455000000.0,-1455000000.0,-1455000000.0,48000000.0,0.0,-1.229,1689000000.0,-1297000000.0,1370000000.0,0.0,2.648,-8.28,-8.182,9014000000.0,0.0,492.15,10.175,10.175,526000000.0,-549000000.0,1184000000.0,1184000000.0,0.0,-0.1,-0.285,-0.066,-1.032,236000000.0,1110000000.0,1.0,24478445.0,24478445.0,,48.369,14919000000.0,0.0,-49000000.0,0.0,609.475,3123000000.0
68,LVLT,MRT,2000-09-30,2000-09-30,2000-09-30,2020-09-16,-101000000.0,14468000000.0,13107250000.0,5621000000.0,8847000000.0,0.071,203.962,-5613000000.0,1158000000.0,1158000000.0,600000000.0,-1094000000.0,3.608,1.902,7154000000.0,14000000.0,7140000000.0,7154000000.0,511000000.0,619000000.0,0.0,0.0,0.0,-964000000.0,-345000000.0,-0.373,-345000000.0,-964000000.0,-1201000000.0,-46.048,-46.048,-46.048,4985000000.0,4819500000.0,4985000000.0,33797197316.0,-35.0,-97.963,-5078000000.0,-207.767,1.0,325000000.0,0.351,0.0,237000000.0,18906000000.0,16345000000.0,0.0,4159000000.0,3934000000.0,225000000.0,9483000000.0,1558000000.0,7925000000.0,28273197316.0,-321000000.0,-3000000.0,2411000000.0,3068000000.0,0.0,5988000000.0,-6756000000.0,-1139000000.0,535000000.0,-39000000.0,-1094000000.0,-1094000000.0,-1094000000.0,5000000.0,0.0,-1.183,1450000000.0,-1125000000.0,1094000000.0,0.0,5.672,-25.844,-25.122,8175000000.0,0.0,1156.8,30.566,30.566,375000000.0,3000000.0,925000000.0,925000000.0,0.0,-0.083,-0.227,-0.059,-1.042,284000000.0,986000000.0,1.0,24440869.0,24440869.0,,37.846,14468000000.0,23000000.0,-107000000.0,0.0,591.959,4063000000.0
69,LVLT,MRT,2000-06-30,2000-06-30,2000-06-30,2020-09-16,-55000000.0,14691000000.0,11699000000.0,6842000000.0,7849000000.0,0.061,218.07,-5207000000.0,1652000000.0,1652000000.0,501000000.0,-890000000.0,3.727,1.763,7176000000.0,6000000.0,7170000000.0,7176000000.0,325000000.0,456000000.0,0.0,0.0,0.0,-853000000.0,-397000000.0,-0.553,-397000000.0,-853000000.0,-1060000000.0,-38.098,-38.098,-38.098,5317000000.0,4456000000.0,5317000000.0,36710383059.0,-43.0,-92.469,-4466000000.0,-183.167,1.0,217000000.0,0.302,0.0,207000000.0,18379000000.0,14216750000.0,0.0,5099000000.0,4813000000.0,286000000.0,9374000000.0,1836000000.0,7538000000.0,32184383059.0,851000000.0,-3000000.0,2418000000.0,4331000000.0,0.0,6761000000.0,-6584000000.0,-1372000000.0,741000000.0,-18000000.0,-890000000.0,-890000000.0,-890000000.0,5000000.0,0.0,-1.24,1229000000.0,-1012000000.0,1175000000.0,0.0,6.053,-36.162,-34.647,7042000000.0,0.0,1320.0,44.825,44.825,246000000.0,354000000.0,718000000.0,718000000.0,0.0,-0.076,-0.2,-0.06,-1.188,223000000.0,866000000.0,1.0,24382108.0,24382108.0,,29.448,14691000000.0,3000000.0,-170000000.0,63000000.0,602.532,5006000000.0
70,LVLT,MRT,2000-03-31,2000-03-31,2000-03-31,2020-09-16,-27000000.0,14364000000.0,9863750000.0,8111000000.0,6253000000.0,0.06,244.492,-4257000000.0,2527000000.0,2527000000.0,428000000.0,-653000000.0,5.827,1.578,7053000000.0,6000000.0,7047000000.0,7053000000.0,156000000.0,228000000.0,0.0,0.0,0.0,-664000000.0,-436000000.0,-0.739,-436000000.0,-664000000.0,-835000000.0,-28.499,-28.499,-28.499,5571000000.0,4029000000.0,5571000000.0,38920258410.0,-59.0,-89.267,-3741000000.0,-164.18,1.0,162000000.0,0.275,0.0,171000000.0,17498000000.0,11765000000.0,0.0,5490000000.0,5204000000.0,286000000.0,8793000000.0,1392000000.0,7401000000.0,36144258410.0,1663000000.0,-3000000.0,2429000000.0,4213000000.0,0.0,6642000000.0,-5439000000.0,-1172000000.0,516000000.0,-7000000.0,-653000000.0,-653000000.0,-653000000.0,5000000.0,0.0,-1.107,1049000000.0,-887000000.0,963000000.0,0.0,6.488,-55.351,-55.66,5453000000.0,0.0,1586.25,61.261,61.261,302000000.0,635000000.0,590000000.0,590000000.0,0.0,-0.066,-0.162,-0.056,-1.125,126000000.0,774000000.0,1.0,22785979.0,22785979.0,,25.893,14364000000.0,9000000.0,-182000000.0,68000000.0,630.388,6719000000.0
71,LVLT,MRT,1999-12-31,1999-12-31,1999-12-31,2020-09-16,-5000000.0,8906000000.0,8049250000.0,3938000000.0,4968000000.0,0.064,149.739,-3373000000.0,1214000000.0,1214000000.0,360000000.0,-487000000.0,3.613,1.616,3995000000.0,6000000.0,3989000000.0,3995000000.0,135000000.0,228000000.0,0.0,0.0,0.0,-533000000.0,-305000000.0,-0.592,-305000000.0,-533000000.0,-707000000.0,-21.899,-21.899,-21.899,3405000000.0,3539250000.0,3405000000.0,30425700965.0,-57.0,-99.756,-2940000000.0,-129.29,1.0,155000000.0,0.301,0.0,174000000.0,10597000000.0,9492250000.0,0.0,2578000000.0,2278000000.0,300000000.0,5501000000.0,1090000000.0,4411000000.0,27928700965.0,370000000.0,-3000000.0,1520000000.0,1243000000.0,0.0,2763000000.0,-2778000000.0,598000000.0,433000000.0,1000000.0,-487000000.0,-487000000.0,-487000000.0,5000000.0,0.0,-0.946,891000000.0,-736000000.0,832000000.0,0.0,8.202,-57.348,-56.085,4287000000.0,0.0,1228.2,54.23,54.23,150000000.0,906000000.0,515000000.0,515000000.0,0.0,-0.061,-0.138,-0.056,-1.035,126000000.0,663000000.0,1.0,22739538.0,22739538.0,,22.648,8906000000.0,241000000.0,-220000000.0,0.0,391.653,2848000000.0
72,LVLT,MRT,1999-09-30,1999-09-30,1999-09-30,2020-09-16,-4000000.0,8835000000.0,7203250000.0,5070000000.0,3765000000.0,0.061,155.824,-2643000000.0,1486000000.0,1486000000.0,304000000.0,-335000000.0,5.399,1.502,3983000000.0,6000000.0,3977000000.0,3983000000.0,84000000.0,66000000.0,0.0,0.0,0.0,-297000000.0,-231000000.0,-0.527,-231000000.0,-297000000.0,-475000000.0,-15.599,-15.599,-15.599,3531000000.0,3229250000.0,3531000000.0,19627729401.0,-66.0,-84.969,-2191000000.0,-96.689,1.0,134000000.0,0.306,0.0,178000000.0,10393000000.0,8582000000.0,0.0,3623000000.0,3260000000.0,363000000.0,5304000000.0,939000000.0,4365000000.0,17749729401.0,833000000.0,62000000.0,1519000000.0,1729000000.0,0.0,2753000000.0,-2322000000.0,266000000.0,452000000.0,-2000000.0,-335000000.0,-335000000.0,-335000000.0,0.0,0.0,-0.765,783000000.0,-649000000.0,653000000.0,0.0,5.027,-52.984,-50.215,3072000000.0,0.0,783.3,40.524,40.524,118000000.0,1097000000.0,438000000.0,438000000.0,0.0,-0.047,-0.104,-0.035,-0.678,39000000.0,593000000.0,1.0,22660193.0,22660193.0,,19.329,8835000000.0,163000000.0,-140000000.0,40000000.0,389.891,4131000000.0
73,LVLT,MRT,1999-06-30,1999-06-30,1999-06-30,2020-09-16,-10000000.0,7350000000.0,6229000000.0,4454000000.0,2896000000.0,0.066,159.596,-1969000000.0,795000000.0,795000000.0,251000000.0,-237000000.0,6.79,1.037,2673000000.0,6000000.0,2667000000.0,2673000000.0,56000000.0,66000000.0,0.0,0.0,0.0,-137000000.0,-71000000.0,-0.173,-71000000.0,-137000000.0,-327000000.0,-11.549,-11.549,-11.549,3609000000.0,2890500000.0,3609000000.0,22169316873.0,-162.0,-312.244,-1578000000.0,-69.782,1.0,159000000.0,0.388,0.0,190000000.0,8572000000.0,7522250000.0,0.0,3804000000.0,3417000000.0,387000000.0,3741000000.0,656000000.0,3085000000.0,20372316873.0,-6000000.0,62000000.0,1512000000.0,479000000.0,0.0,1991000000.0,-2292000000.0,-378000000.0,391000000.0,0.0,-237000000.0,-237000000.0,-237000000.0,0.0,0.0,-0.578,653000000.0,-494000000.0,478000000.0,0.0,5.645,-85.959,-78.007,2185000000.0,0.0,900.9,49.689,49.689,111000000.0,1244000000.0,410000000.0,410000000.0,0.0,-0.038,-0.082,-0.018,-0.334,39000000.0,511000000.0,1.0,22613294.0,22613294.0,,18.131,7350000000.0,89000000.0,-90000000.0,57000000.0,325.03,3798000000.0
74,LVLT,MRT,1999-03-31,1999-03-31,1999-03-31,2020-09-16,2000000.0,7106000000.0,5591750000.0,5106000000.0,2000000000.0,0.073,160.361,-1287000000.0,862000000.0,862000000.0,219000000.0,-227000000.0,10.294,0.967,2659000000.0,6000000.0,2653000000.0,2659000000.0,0.0,66000000.0,0.0,0.0,0.0,-115000000.0,-49000000.0,-0.12,-49000000.0,-115000000.0,-296000000.0,-11.249,-11.249,-11.249,3612000000.0,2534000000.0,3612000000.0,26397724448.0,-230.0,-538.729,-1079000000.0,-47.904,1.0,188000000.0,0.462,0.0,181000000.0,8407000000.0,6871000000.0,0.0,4331000000.0,4031000000.0,300000000.0,3494000000.0,496000000.0,2998000000.0,24599724448.0,56000000.0,-1097000000.0,1508000000.0,2413000000.0,0.0,3921000000.0,-3881000000.0,-2650000000.0,208000000.0,0.0,-227000000.0,-227000000.0,-227000000.0,0.0,0.0,-0.558,540000000.0,-352000000.0,338000000.0,0.0,6.811,-108.369,-97.089,1438000000.0,0.0,1092.15,60.442,60.442,65000000.0,1288000000.0,407000000.0,407000000.0,0.0,-0.041,-0.09,-0.017,-0.283,39000000.0,409000000.0,1.0,22524126.0,22524126.0,,18.07,7106000000.0,111000000.0,-69000000.0,78000000.0,315.484,4610000000.0
75,LVLT,MRT,1998-12-31,1998-12-31,1998-12-31,2020-09-16,4000000.0,5522000000.0,4513750000.0,3877000000.0,1645000000.0,0.087,105.734,-883000000.0,842000000.0,842000000.0,199000000.0,804000000.0,10.478,1.551,2646000000.0,5000000.0,2641000000.0,2646000000.0,1000000.0,66000000.0,0.0,0.0,0.0,911000000.0,977000000.0,2.492,977000000.0,911000000.0,779000000.0,39.898,39.898,39.898,2165000000.0,2143250000.0,2165000000.0,14736791816.0,16.0,15.084,-713000000.0,-34.821,1.0,193000000.0,0.492,0.0,132000000.0,6956000000.0,5225500000.0,0.0,3195000000.0,2895000000.0,300000000.0,3357000000.0,370000000.0,2987000000.0,13243791816.0,755000000.0,62000000.0,31000000.0,2414000000.0,0.0,2567000000.0,-2949000000.0,-2120000000.0,170000000.0,0.0,804000000.0,804000000.0,804000000.0,-932000000.0,0.0,2.051,428000000.0,-235000000.0,276000000.0,0.0,6.117,16.472,16.211,1061000000.0,0.0,646.8,33.785,33.785,57000000.0,1393000000.0,392000000.0,392000000.0,0.0,0.178,0.375,0.174,2.324,39000000.0,332000000.0,1.0,20475869.0,20475869.0,,19.144,5522000000.0,54000000.0,-25000000.0,86000000.0,269.683,3507000000.0
76,LVLT,MRT,1998-09-30,1998-09-30,1998-09-30,2020-09-16,5000000.0,4938000000.0,3828000000.0,3772000000.0,1166000000.0,0.101,106.495,-389000000.0,653000000.0,653000000.0,184000000.0,1010000000.0,13.617,1.269,2146000000.0,6000000.0,2140000000.0,2146000000.0,0.0,20000000.0,0.0,0.0,0.0,1008000000.0,1028000000.0,2.663,1028000000.0,1008000000.0,917000000.0,51.297,46.948,51.297,2176000000.0,2159500000.0,2176000000.0,11130429218.0,11.0,10.827,-246000000.0,-12.039,1.0,202000000.0,0.523,0.0,91000000.0,6154000000.0,4172500000.0,0.0,3317000000.0,3004000000.0,313000000.0,2762000000.0,277000000.0,2485000000.0,9789429218.0,380000000.0,-7000000.0,117000000.0,1930000000.0,0.0,2169000000.0,-2953000000.0,-2557000000.0,143000000.0,0.0,1010000000.0,1010000000.0,1010000000.0,-1050000000.0,0.0,2.617,310000000.0,-108000000.0,126000000.0,0.0,4.499,9.693,9.34,594000000.0,0.0,479.1,25.361,25.361,59000000.0,1432000000.0,386000000.0,386000000.0,0.0,0.264,0.468,0.242,2.611,21000000.0,244000000.0,1.0,20432956.0,20432956.0,,18.891,4938000000.0,0.0,-93000000.0,104000000.0,241.668,3495000000.0
77,LVLT,MRT,1998-06-30,1998-06-30,1998-06-30,2020-09-16,8000000.0,4801000000.0,,3874000000.0,927000000.0,,104.802,-131000000.0,801000000.0,801000000.0,174000000.0,1049000000.0,22.137,1.199,2142000000.0,5000000.0,2137000000.0,2142000000.0,0.0,20000000.0,0.0,0.0,0.0,1029000000.0,1049000000.0,2.906,1049000000.0,1029000000.0,981000000.0,50.547,49.798,50.547,2183000000.0,,2183000000.0,10895555413.0,11.0,10.387,-118000000.0,-5.665,1.0,187000000.0,0.518,0.0,48000000.0,5967000000.0,,0.0,3325000000.0,2984000000.0,341000000.0,2618000000.0,175000000.0,2443000000.0,11560555413.0,598000000.0,-56000000.0,161000000.0,1933000000.0,0.0,2216000000.0,-2683000000.0,-2512000000.0,13000000.0,0.0,1049000000.0,1049000000.0,1049000000.0,-1034000000.0,0.0,2.906,230000000.0,-43000000.0,52000000.0,0.0,5.296,11.021,10.98,349000000.0,0.0,555.0,32.024,32.024,61000000.0,1481000000.0,361000000.0,361000000.0,0.0,,,,2.85,21000000.0,174000000.0,1.0,20829830.0,20829830.0,,17.331,4801000000.0,0.0,-68000000.0,113000000.0,230.487,3699000000.0
78,LVLT,MRT,1998-03-31,1998-03-31,1998-03-31,2020-09-16,13000000.0,2794000000.0,,2197000000.0,597000000.0,,99.381,-16000000.0,806000000.0,806000000.0,166000000.0,1139000000.0,7.227,0.364,141000000.0,4000000.0,137000000.0,141000000.0,0.0,20000000.0,0.0,,0.0,1094000000.0,1114000000.0,3.286,1114000000.0,1094000000.0,1078000000.0,52.647,52.347,52.647,2049000000.0,,2049000000.0,,,,75000000.0,3.638,1.0,173000000.0,0.51,0.0,16000000.0,1825000000.0,,0.0,1655000000.0,1313000000.0,342000000.0,745000000.0,304000000.0,441000000.0,,603000000.0,1099000000.0,165000000.0,13000000.0,0.0,300000000.0,-932000000.0,-879000000.0,91000000.0,0.0,1139000000.0,1139000000.0,1139000000.0,-1078000000.0,0.0,3.36,159000000.0,14000000.0,54000000.0,0.0,,,,192000000.0,0.0,,,,54000000.0,1588000000.0,339000000.0,339000000.0,0.0,,,,3.227,21000000.0,138000000.0,1.0,20617667.0,20617667.0,,16.442,2794000000.0,0.0,-61000000.0,278000000.0,135.515,1893000000.0
79,LVLT,MRT,1997-12-31,1997-12-27,1997-12-27,2020-09-16,-5000000.0,2779000000.0,2922500000.0,1494000000.0,1285000000.0,0.114,108.16,-25000000.0,87000000.0,87000000.0,163000000.0,248000000.0,16.787,0.246,141000000.0,3000000.0,138000000.0,141000000.0,0.0,20000000.0,0.0,,0.0,215000000.0,235000000.0,0.708,235000000.0,215000000.0,200000000.0,5.55,5.55,5.55,2230000000.0,2024500000.0,2230000000.0,,,,157000000.0,7.615,1.0,169000000.0,0.509,0.0,15000000.0,2744000000.0,2662500000.0,0.0,2378000000.0,1343000000.0,1035000000.0,549000000.0,89000000.0,460000000.0,,-60000000.0,-73000000.0,138000000.0,15000000.0,-12000000.0,213000000.0,-351000000.0,-287000000.0,182000000.0,0.0,248000000.0,248000000.0,248000000.0,-165000000.0,0.0,0.747,126000000.0,43000000.0,31000000.0,0.0,,,,184000000.0,0.0,,,,42000000.0,1799000000.0,332000000.0,332000000.0,0.0,0.085,0.122,0.081,0.648,21000000.0,106000000.0,1.0,20617667.0,20617667.0,,16.103,2779000000.0,0.0,-48000000.0,98000000.0,134.787,1405000000.0
80,LVLT,MRT,1997-09-30,1997-09-30,1997-09-30,2020-09-16,,,,,,,,,,,,,,,,,,,,,,,0.0,,,,,,,,,,,,,,,,,,1.0,,,,,,,,,,,,,,,,,,,,,,,,,,,,,,,,,,,,,,,,,,,,,,,,,,,,,,1.0,,,,,,,,,,
81,LVLT,MRT,1997-06-30,1997-06-30,1997-06-30,2020-09-16,,,,,,,,,,,,,,,,,,,,,,,0.0,,,,,,,,,,,,,,,,,,1.0,,,,,,,,,,,,,,,,,,,,,,,,,,,,,,,,,,,,,,,,,,,,,,,,,,,,,,1.0,,,,,,,,,,
82,LVLT,MRT,1997-03-31,1997-03-31,1997-03-31,2020-09-16,,,,,,,,,,,,,,,,,,,,,,,0.0,,,,,,,,,,,,,,,,,,1.0,,,,,,,,,,,,,,,,,,,,,,,,,,,,,,,,,,,,,,,,,,,,,,,,,,,,,,1.0,,,,,,,,,,
83,LVLT,MRT,1996-12-31,1996-12-27,1996-12-27,2020-09-16,16000000.0,3066000000.0,,1246000000.0,1820000000.0,,,-103000000.0,147000000.0,147000000.0,268000000.0,221000000.0,5.045,0.686,262000000.0,55000000.0,207000000.0,262000000.0,0.0,124000000.0,0.0,,0.0,257000000.0,381000000.0,0.584,381000000.0,257000000.0,224000000.0,7.2,7.2,7.2,1819000000.0,,1819000000.0,,,,86000000.0,,1.0,384000000.0,0.589,353000000.0,33000000.0,2581000000.0,,0.0,1748000000.0,997000000.0,751000000.0,1247000000.0,247000000.0,1000000000.0,,-216000000.0,-341000000.0,-11000000.0,-22000000.0,-11000000.0,-23000000.0,-105000000.0,65000000.0,189000000.0,0.0,221000000.0,221000000.0,221000000.0,-117000000.0,0.0,0.339,297000000.0,87000000.0,79000000.0,0.0,,,,642000000.0,0.0,,,,76000000.0,1566000000.0,652000000.0,652000000.0,0.0,,,,0.394,0.0,173000000.0,1.0,,,,,2713000000.0,0.0,3000000.0,153000000.0,,999000000.0
84,LVLT,MRT,1995-12-31,1995-12-27,1995-12-27,2020-09-16,,,,,,,,-104000000.0,,,,,,,,,,,,96000000.0,,,0.0,,,,,,,,,,,,,,,,169000000.0,,1.0,,,,,,,,,,,,,,,42000000.0,-237000000.0,-1000000.0,0.0,0.0,154000000.0,-301000000.0,-57000000.0,273000000.0,2000000.0,,,,,,,,,,,,,,,,,,,,,,,,,,,,0.0,,1.0,,,,,,,,,,
