None,ticker,dimension,calendardate,datekey,reportperiod,lastupdated,accoci,assets,assetsavg,assetsc,assetsnc,assetturnover,bvps,capex,cashneq,cashnequsd,cor,consolinc,currentratio,de,debt,debtc,debtnc,debtusd,deferredrev,depamor,deposits,divyield,dps,ebit,ebitda,ebitdamargin,ebitdausd,ebitusd,ebt,eps,epsdil,epsusd,equity,equityavg,equityusd,ev,evebit,evebitda,fcf,fcfps,fxusd,gp,grossmargin,intangibles,intexp,invcap,invcapavg,inventory,investments,investmentsc,investmentsnc,liabilities,liabilitiesc,liabilitiesnc,marketcap,ncf,ncfbus,ncfcommon,ncfdebt,ncfdiv,ncff,ncfi,ncfinv,ncfo,ncfx,netinc,netinccmn,netinccmnusd,netincdis,netincnci,netmargin,opex,opinc,payables,payoutratio,pb,pe,pe1,ppnenet,prefdivis,price,ps,ps1,receivables,retearn,revenue,revenueusd,rnd,roa,roe,roic,ros,sbcomp,sgna,sharefactor,sharesbas,shareswa,shareswadil,sps,tangibles,taxassets,taxexp,taxliabilities,tbvps,workingcapital
0,TE,MRY,2015-12-31,2015-12-31,2015-12-31,2019-04-23,-12200000.0,8933500000.0,8841575000.0,570300000.0,8363200000.0,0.31,10.978,-739700000.0,23800000.0,23800000.0,1832400000.0,173500000.0,0.476,2.491,4069500000.0,580300000.0,3489200000.0,4069500000.0,0.0,350200000.0,182100000.0,0.034,0.9,515200000.0,865400000.0,0.315,865400000.0,515200000.0,328800000.0,0.74,0.74,0.74,2559000000.0,2565300000.0,2559000000.0,10192499754.0,20.0,11.778,-130100000.0,-0.558,1.0,911100000.0,0.332,408400000.0,186400000.0,11372100000.0,11165175000.0,190200000.0,0.0,0.0,0.0,6374500000.0,1198700000.0,5175800000.0,6268899754.0,-1600000.0,0.0,7300000.0,333200000.0,-211700000.0,128800000.0,-740000000.0,-300000.0,609600000.0,0.0,173500000.0,173500000.0,173500000.0,67700000.0,0.0,0.063,349000000.0,562100000.0,255400000.0,1.216,2.45,36.132,36.014,7481800000.0,0.0,26.65,2.285,2.264,280700000.0,441400000.0,2743500000.0,2743500000.0,0.0,0.02,0.068,0.046,0.188,13100000.0,0.0,1.0,235230760.0,233100000,234500000.0,11.77,8525100000.0,0.0,155300000.0,594400000.0,36.573,-628400000.0
1,TE,MRY,2014-12-31,2014-12-31,2014-12-31,2019-04-23,-15700000.0,8726200000.0,8107825000.0,755600000.0,7970600000.0,0.317,11.541,-703800000.0,25400000.0,25400000.0,1745700000.0,130400000.0,0.688,2.389,3767500000.0,413500000.0,3354000000.0,3767500000.0,0.0,341900000.0,176200000.0,0.043,0.88,440400000.0,782300000.0,0.305,782300000.0,440400000.0,269300000.0,0.58,0.58,0.58,2574700000.0,2464375000.0,2574700000.0,8437445227.0,19.0,10.785,-39000000.0,-0.175,1.0,820700000.0,0.32,408300000.0,171100000.0,10962100000.0,10264100000.0,171800000.0,0.0,0.0,0.0,6151500000.0,1097900000.0,5053600000.0,4808845227.0,-159800000.0,-751300000.0,302300000.0,535300000.0,-199200000.0,638400000.0,-1463000000.0,-7900000.0,664800000.0,0.0,130400000.0,130400000.0,130400000.0,76000000.0,0.0,0.051,315300000.0,505400000.0,288600000.0,1.517,1.868,36.878,35.328,7088200000.0,0.0,20.49,1.874,1.781,299800000.0,479600000.0,2566400000.0,2566400000.0,0.0,0.016,0.053,0.043,0.172,12700000.0,0.0,1.0,234692300.0,223100000,223700000.0,11.503,8317900000.0,72800000.0,138900000.0,558100000.0,37.283,-342300000.0
2,TE,MRY,2013-12-31,2013-12-31,2013-12-31,2019-04-23,-13200000.0,7448000000.0,7387550000.0,857700000.0,6590300000.0,0.319,10.854,-526100000.0,185200000.0,185200000.0,1608700000.0,197700000.0,1.121,2.191,3005100000.0,167300000.0,2837800000.0,3005100000.0,0.0,329500000.0,164500000.0,0.051,0.88,471700000.0,801200000.0,0.34,801200000.0,471700000.0,310300000.0,0.92,0.92,0.92,2333700000.0,2312900000.0,2333700000.0,6514579601.0,14.0,8.131,132500000.0,0.616,1.0,746400000.0,0.317,0.0,161400000.0,9502500000.0,9478000000.0,204600000.0,10000000.0,9700000.0,300000.0,5114300000.0,765400000.0,4348900000.0,3746279601.0,-15300000.0,4300000.0,6700000.0,32400000.0,-191200000.0,-152100000.0,-521800000.0,0.0,658600000.0,0.0,197700000.0,197700000.0,197700000.0,-9000000.0,0.0,0.084,291800000.0,454600000.0,261700000.0,0.957,1.605,18.949,18.739,6170100000.0,0.0,17.24,1.591,1.574,287200000.0,548300000.0,2355100000.0,2355100000.0,0.0,0.027,0.085,0.05,0.2,13500000.0,0.0,1.0,217301601.0,215000000,215500000.0,10.954,7448000000.0,100300000.0,112600000.0,488000000.0,34.642,92300000.0
3,TE,MRY,2012-12-31,2012-12-31,2012-12-31,2019-04-23,-31000000.0,7334900000.0,7413375000.0,856800000.0,6478100000.0,0.322,10.694,-505100000.0,200500000.0,200500000.0,1611800000.0,212700000.0,1.425,2.2,2972700000.0,0.0,2972700000.0,2972700000.0,0.0,337700000.0,162900000.0,0.053,0.88,509900000.0,847600000.0,0.355,847600000.0,509900000.0,333500000.0,0.99,0.99,0.99,2291800000.0,2289100000.0,2291800000.0,6514550002.0,13.0,7.686,251600000.0,1.174,1.0,775900000.0,0.325,0.0,176400000.0,9506000000.0,9441100000.0,205700000.0,200000.0,0.0,200000.0,5043100000.0,601100000.0,4442000000.0,3629950002.0,156500000.0,194400000.0,3900000.0,-112300000.0,-190400000.0,-301000000.0,-299200000.0,0.0,756700000.0,0.0,212700000.0,212700000.0,212700000.0,-15700000.0,0.0,0.089,289600000.0,486300000.0,232800000.0,0.889,1.584,17.066,16.929,5968500000.0,0.0,16.76,1.52,1.504,282700000.0,541700000.0,2387700000.0,2387700000.0,0.0,0.029,0.093,0.054,0.214,12000000.0,0.0,1.0,216584129.0,214300000,215000000.0,11.142,7334900000.0,63700000.0,120800000.0,319700000.0,34.227,255700000.0
4,TE,MRY,2011-12-31,2011-12-31,2011-12-31,2019-04-23,-22000000.0,7322200000.0,7204975000.0,797900000.0,6524300000.0,0.446,10.611,-454100000.0,52700000.0,52700000.0,2309500000.0,272600000.0,0.782,2.23,3073400000.0,386100000.0,2687300000.0,3073400000.0,0.0,324600000.0,159500000.0,0.044,0.85,612700000.0,937300000.0,0.292,937300000.0,612700000.0,415300000.0,1.27,1.27,1.27,2266600000.0,2232050000.0,2266600000.0,6984784020.0,11.0,7.452,300000000.0,1.404,1.0,900400000.0,0.281,55400000.0,197400000.0,9267800000.0,9261150000.0,224100000.0,900000.0,900000.0,0.0,5055000000.0,1019700000.0,4035300000.0,4074484020.0,-23500000.0,3500000.0,7000000.0,-165600000.0,-183200000.0,-342400000.0,-435200000.0,0.0,754100000.0,0.0,272600000.0,272600000.0,272600000.0,-21800000.0,0.0,0.085,317200000.0,583200000.0,252300000.0,0.669,1.798,14.947,15.071,5967800000.0,0.0,19.14,1.269,1.274,327700000.0,519400000.0,3209900000.0,3209900000.0,0.0,0.038,0.122,0.066,0.191,9100000.0,0.0,1.0,212877953.0,213600000,215100000.0,15.028,7266800000.0,73300000.0,142700000.0,181500000.0,34.021,-221800000.0
5,TE,MRY,2010-12-31,2010-12-31,2010-12-31,2019-04-23,-17200000.0,7278300000.0,7421650000.0,898600000.0,6379700000.0,0.453,10.206,-489700000.0,67500000.0,67500000.0,1978900000.0,239000000.0,1.194,2.354,3238400000.0,90300000.0,3148100000.0,3238400000.0,0.0,312900000.0,156500000.0,0.046,0.815,564100000.0,877000000.0,0.261,877000000.0,564100000.0,348600000.0,1.12,1.11,1.12,2169700000.0,2140375000.0,2169700000.0,7054627563.0,13.0,8.044,174700000.0,0.822,1.0,1384600000.0,0.412,55400000.0,215500000.0,9641500000.0,9843425000.0,247600000.0,17700000.0,17500000.0,200000.0,5107700000.0,752300000.0,4355400000.0,3789227563.0,21500000.0,205500000.0,7800000.0,-179000000.0,-174700000.0,-346600000.0,-296300000.0,0.0,664400000.0,0.0,239000000.0,239000000.0,239000000.0,-27400000.0,0.0,0.071,305600000.0,1079000000.0,281500000.0,0.728,1.746,15.855,15.893,5841000000.0,0.0,17.8,1.127,1.125,333400000.0,430000000.0,3363500000.0,3363500000.0,0.0,0.032,0.112,0.057,0.168,7400000.0,0.0,1.0,212877953.0,212600000,214800000.0,15.821,7222900000.0,141400000.0,109600000.0,112000000.0,33.974,146300000.0
6,TE,MRY,2009-12-31,2009-12-31,2009-12-31,2019-04-23,-25000000.0,7219500000.0,7233300000.0,651600000.0,6567900000.0,0.458,9.846,-639800000.0,46000000.0,46000000.0,2218000000.0,213900000.0,0.845,2.462,3364500000.0,162900000.0,3201600000.0,3364500000.0,0.0,287900000.0,151200000.0,0.049,0.8,539500000.0,827400000.0,0.25,827400000.0,539500000.0,312500000.0,1.0,1.0,1.0,2085400000.0,2049025000.0,2085400000.0,6776980398.0,13.0,8.191,84900000.0,0.401,1.0,1092500000.0,0.33,59400000.0,227000000.0,9707300000.0,9664575000.0,190000000.0,281100000.0,1600000.0,279500000.0,5134100000.0,771300000.0,4362800000.0,3452880398.0,33800000.0,31400000.0,5100000.0,57100000.0,-170800000.0,-108600000.0,-582300000.0,16300000.0,724700000.0,0.0,213900000.0,213900000.0,213900000.0,0.0,0.0,0.065,313600000.0,778900000.0,251400000.0,0.8,1.656,16.142,16.22,5544100000.0,0.0,16.22,1.043,1.038,277400000.0,365700000.0,3310500000.0,3310500000.0,0.0,0.03,0.104,0.056,0.163,10300000.0,0.0,1.0,212877953.0,211800000,213100000.0,15.63,7160100000.0,224400000.0,98600000.0,31300000.0,33.806,-119700000.0
7,TE,MRY,2008-12-31,2008-12-31,2008-12-31,2019-04-23,-46000000.0,7147400000.0,6979625000.0,765400000.0,6382000000.0,0.484,9.533,-589500000.0,12200000.0,12200000.0,2445600000.0,162400000.0,0.976,2.56,3306500000.0,99900000.0,3206600000.0,3306500000.0,0.0,266100000.0,144600000.0,0.064,0.795,485700000.0,751800000.0,0.223,751800000.0,485700000.0,256800000.0,0.77,0.77,0.77,2007700000.0,2017525000.0,2007700000.0,5754370124.0,12.0,7.654,-201700000.0,-0.958,1.0,929700000.0,0.275,59400000.0,228900000.0,9598000000.0,9283900000.0,163000000.0,307800000.0,2400000.0,305400000.0,5139700000.0,784300000.0,4355400000.0,2627870124.0,-150400000.0,13800000.0,21800000.0,102000000.0,-168600000.0,-44800000.0,-493400000.0,76100000.0,387800000.0,0.0,162400000.0,162400000.0,162400000.0,0.0,0.0,0.048,267000000.0,662700000.0,304400000.0,1.032,1.309,16.181,16.039,5221300000.0,0.0,12.35,0.779,0.771,285900000.0,322600000.0,3375300000.0,3375300000.0,0.0,0.023,0.08,0.052,0.144,9700000.0,0.0,1.0,212783006.0,210600000,211400000.0,16.027,7088000000.0,337300000.0,94400000.0,32400000.0,33.656,-18900000.0
8,TE,MRY,2007-12-31,2007-12-31,2007-12-31,2019-04-23,-17200000.0,6765200000.0,7122000000.0,782400000.0,5982800000.0,0.497,9.646,-494400000.0,162600000.0,162600000.0,2576700000.0,331000000.0,1.267,2.354,3190500000.0,32100000.0,3158400000.0,3190500000.0,0.0,263700000.0,138100000.0,0.045,0.775,885200000.0,1148900000.0,0.325,1148900000.0,885200000.0,627400000.0,1.97,1.96,1.97,2017000000.0,1868025000.0,2017000000.0,6968581575.0,8.0,6.065,59600000.0,0.285,1.0,959400000.0,0.271,59400000.0,257800000.0,9116100000.0,9465325000.0,154000000.0,300600000.0,300000.0,300300000.0,4748200000.0,617600000.0,4130600000.0,3607581575.0,-279000000.0,432700000.0,14000000.0,-716400000.0,-163000000.0,-805300000.0,-27700000.0,-400000.0,554000000.0,0.0,413200000.0,413200000.0,413200000.0,0.0,-82200000.0,0.117,42400000.0,917000000.0,302100000.0,0.393,1.789,8.731,8.736,4888200000.0,0.0,17.21,1.02,1.018,374400000.0,334100000.0,3536100000.0,3536100000.0,0.0,0.058,0.221,0.094,0.25,11600000.0,0.0,1.0,209621242.0,209100000,209900000.0,16.911,6705800000.0,425600000.0,214200000.0,45400000.0,32.07,164800000.0
9,TE,MRY,2006-12-31,2006-12-31,2006-12-31,2019-04-23,-30500000.0,7361800000.0,7276600000.0,1285700000.0,6076100000.0,0.474,8.316,-455700000.0,478900000.0,478900000.0,2474400000.0,246300000.0,0.952,3.258,3900000000.0,687400000.0,3212600000.0,3900000000.0,0.0,282200000.0,129500000.0,0.044,0.76,643300000.0,925500000.0,0.268,925500000.0,643300000.0,365000000.0,1.19,1.18,1.19,1729000000.0,1670700000.0,1729000000.0,6958318881.0,11.0,7.518,111200000.0,0.535,1.0,973700000.0,0.282,59400000.0,278300000.0,9373100000.0,9561175000.0,159600000.0,308100000.0,7100000.0,301000000.0,5632800000.0,1350400000.0,4282400000.0,3599318881.0,95900000.0,100400000.0,12500000.0,-38800000.0,-158700000.0,-119300000.0,-351700000.0,-6700000.0,566900000.0,0.0,246300000.0,246300000.0,246300000.0,-1900000.0,0.0,0.071,261500000.0,712200000.0,326500000.0,0.639,2.082,14.614,14.479,4766900000.0,0.0,17.23,1.044,1.039,338300000.0,83700000.0,3448100000.0,3448100000.0,0.0,0.034,0.147,0.067,0.187,11500000.0,0.0,1.0,208898368.0,207900000,208700000.0,16.585,7302400000.0,649000000.0,118700000.0,40000000.0,35.125,-64700000.0
10,TE,MRY,2005-12-31,2005-12-31,2005-12-31,2019-04-23,-51100000.0,7170100000.0,7723550000.0,1249200000.0,5920900000.0,0.39,7.715,-295300000.0,383300000.0,383300000.0,2097700000.0,274500000.0,1.349,3.505,3931400000.0,222200000.0,3709200000.0,3931400000.0,0.0,282200000.0,115200000.0,0.044,0.76,665100000.0,947300000.0,0.315,947300000.0,665100000.0,376400000.0,1.33,1.31,1.33,1591700000.0,1538825000.0,1591700000.0,7000030188.0,11.0,7.389,-118200000.0,-0.573,1.0,912400000.0,0.303,59400000.0,288700000.0,9732900000.0,10118150000.0,153800000.0,374000000.0,64000000.0,310000000.0,5578400000.0,925900000.0,4652500000.0,3575530188.0,249000000.0,278300000.0,16200000.0,-82200000.0,-157700000.0,37600000.0,34300000.0,900000.0,177100000.0,0.0,274500000.0,274500000.0,274500000.0,-63500000.0,0.0,0.091,285400000.0,627000000.0,354700000.0,0.571,2.246,13.026,12.917,4566900000.0,0.0,17.18,1.188,1.177,323300000.0,-83100000.0,3010100000.0,3010100000.0,0.0,0.036,0.178,0.066,0.221,5500000.0,0.0,1.0,208121664.0,206300000,208200000.0,14.591,7110700000.0,759900000.0,101900000.0,52200000.0,34.468,323300000.0
11,TE,MRY,2004-12-31,2004-12-31,2004-12-31,2019-04-23,-43800000.0,8972400000.0,9856000000.0,784700000.0,8187700000.0,0.268,6.666,-273200000.0,153800000.0,153800000.0,1853400000.0,-552000000.0,0.35,5.988,4008600000.0,128600000.0,3880000000.0,4008600000.0,0.0,289600000.0,105800000.0,0.05,0.76,-474200000.0,-184600000.0,-0.07,-184600000.0,-474200000.0,-797100000.0,-2.87,-2.87,-2.87,1283900000.0,1561325000.0,1283900000.0,6945371739.0,-15.0,-37.624,-133600000.0,-0.694,1.0,786000000.0,0.298,59400000.0,322900000.0,10522900000.0,11586400000.0,120800000.0,274800000.0,3800000.0,271000000.0,7688500000.0,2244900000.0,5443600000.0,3064971739.0,-11500000.0,326800000.0,10200000.0,-147500000.0,-145200000.0,-241500000.0,90400000.0,24700000.0,139600000.0,0.0,-552000000.0,-552000000.0,-552000000.0,196500000.0,0.0,-0.209,908100000.0,-122100000.0,257800000.0,-0.265,2.387,-5.552,-5.348,4657900000.0,0.0,15.35,1.161,1.12,286800000.0,-357600000.0,2639400000.0,2639400000.0,0.0,-0.056,-0.354,-0.041,-0.18,13600000.0,0.0,1.0,199672426.0,192600000,192600000.0,13.704,8913000000.0,875000000.0,-245100000.0,56300000.0,46.277,-1460200000.0
12,TE,MRY,2003-12-31,2003-12-31,2003-12-31,2019-04-23,-55800000.0,10462300000.0,10337450000.0,869800000.0,9592500000.0,0.248,9.326,-590600000.0,159600000.0,159600000.0,1665700000.0,-909400000.0,0.387,5.236,4461700000.0,69100000.0,4392600000.0,4461700000.0,0.0,382000000.0,101400000.0,0.064,0.925,-660800000.0,-278800000.0,-0.109,-278800000.0,-660800000.0,-977300000.0,-5.05,-5.04,-5.05,1677700000.0,2276575000.0,1677700000.0,8446770219.0,-13.0,-30.297,-279300000.0,-1.553,1.0,897200000.0,0.35,71200000.0,316500000.0,12446000000.0,13290325000.0,170700000.0,381100000.0,21100000.0,360000000.0,8784600000.0,2247200000.0,6537400000.0,2706470219.0,-302900000.0,296500000.0,136600000.0,-194400000.0,-165200000.0,-238300000.0,-375900000.0,-32400000.0,311300000.0,0.0,-909400000.0,-909400000.0,-909400000.0,1005800000.0,0.0,-0.355,477600000.0,419600000.0,313800000.0,-0.183,1.613,-2.976,-2.853,5679000000.0,0.0,14.41,1.056,1.011,280400000.0,339500000.0,2562900000.0,2562900000.0,0.0,-0.088,-0.399,-0.05,-0.258,18300000.0,0.0,1.0,187818891.0,179900000,180200000.0,14.246,10391100000.0,1051500000.0,-67900000.0,670700000.0,57.76,-1377400000.0
13,TE,MRY,2002-12-31,2002-12-31,2002-12-31,2019-04-23,-41200000.0,9078400000.0,8030450000.0,1323200000.0,7755200000.0,0.313,17.048,-1065200000.0,412700000.0,412700000.0,1574100000.0,330100000.0,1.193,2.476,3811900000.0,487600000.0,3324300000.0,3811900000.0,0.0,303200000.0,94600000.0,0.091,1.41,442500000.0,745700000.0,0.297,745700000.0,442500000.0,273200000.0,2.15,2.15,2.15,2611700000.0,2805650000.0,2611700000.0,6053257311.0,14.0,8.118,-409500000.0,-2.673,1.0,936400000.0,0.373,193700000.0,169300000.0,11174700000.0,9642750000.0,209800000.0,1007000000.0,12500000.0,994500000.0,6466700000.0,1109200000.0,5357500000.0,2717257311.0,302600000.0,93400000.0,572600000.0,530300000.0,-215800000.0,1307400000.0,-1660500000.0,-715600000.0,655700000.0,0.0,330100000.0,330100000.0,330100000.0,-61600000.0,0.0,0.131,313900000.0,622500000.0,377400000.0,0.656,1.04,8.232,7.195,5904600000.0,0.0,15.47,1.082,0.944,657800000.0,1413700000.0,2510500000.0,2510500000.0,0.0,0.041,0.118,0.046,0.176,13900000.0,0.0,1.0,175646885.0,153200000,153300000.0,16.387,8884700000.0,340200000.0,-56900000.0,618400000.0,57.994,214000000.0
14,TE,MRY,2001-12-31,2001-12-31,2001-12-31,2019-04-23,-22400000.0,6763400000.0,6211450000.0,776300000.0,5987100000.0,0.4,14.659,-965900000.0,110100000.0,110100000.0,1550800000.0,303700000.0,0.404,2.43,3270200000.0,1427700000.0,1842500000.0,3270200000.0,0.0,284600000.0,86300000.0,0.052,1.37,472100000.0,756700000.0,0.305,756700000.0,472100000.0,293600000.0,2.26,2.24,2.26,1971600000.0,1859375000.0,1971600000.0,6623421887.0,14.0,8.753,-463200000.0,-3.444,1.0,932500000.0,0.376,165800000.0,178500000.0,7835500000.0,7471450000.0,170500000.0,383300000.0,0.0,383300000.0,4791800000.0,1922200000.0,2869600000.0,3661721887.0,10300000.0,-245000000.0,348400000.0,449400000.0,-184200000.0,613600000.0,-1106000000.0,95700000.0,502700000.0,0.0,303700000.0,303700000.0,303700000.0,-38200000.0,0.0,0.122,284600000.0,647900000.0,267400000.0,0.606,1.857,12.057,11.611,4838200000.0,0.0,26.24,1.475,1.421,451300000.0,1298000000.0,2483300000.0,2483300000.0,0.0,0.049,0.163,0.063,0.19,9700000.0,0.0,1.0,139547328.0,134500000,135400000.0,18.463,6597600000.0,242000000.0,-10100000.0,602700000.0,49.053,-1145900000.0
15,TE,MRY,2000-12-31,2000-12-31,2000-12-31,2019-04-23,0.0,5734300000.0,5152075000.0,849900000.0,4884400000.0,0.431,11.969,-688400000.0,99600000.0,99600000.0,1317500000.0,250900000.0,0.447,2.805,2820800000.0,1446200000.0,1374600000.0,2820800000.0,0.0,258000000.0,82400000.0,0.041,1.33,447100000.0,705100000.0,0.317,705100000.0,447100000.0,280200000.0,1.99,1.97,1.99,1506900000.0,1454625000.0,1506900000.0,6575853822.0,15.0,9.326,-302100000.0,-2.4,1.0,905600000.0,0.407,93100000.0,166900000.0,6462600000.0,5946825000.0,144500000.0,378800000.0,0.0,378800000.0,4227400000.0,1899800000.0,2327600000.0,4077853822.0,2100000.0,-30300000.0,-11600000.0,644600000.0,-167400000.0,665600000.0,-1049800000.0,-333400000.0,386300000.0,0.0,250900000.0,250900000.0,250900000.0,-23400000.0,0.0,0.113,258000000.0,647600000.0,274800000.0,0.668,2.706,16.253,16.271,3970100000.0,0.0,32.38,1.834,1.834,583400000.0,,2223100000.0,2223100000.0,0.0,0.049,0.172,0.075,0.201,9200000.0,0.0,1.0,125937425.0,125900000,126300000.0,17.658,5641200000.0,174400000.0,29300000.0,604700000.0,44.807,-1049900000.0
16,TE,MRY,1999-12-31,1999-12-31,1999-12-31,2019-04-23,0.0,4690100000.0,4402425000.0,531800000.0,4158300000.0,0.449,10.823,-426100000.0,97500000.0,97500000.0,1327200000.0,186100000.0,0.402,2.308,2177300000.0,969500000.0,1207800000.0,2177300000.0,0.0,232200000.0,80700000.0,0.069,1.285,396800000.0,629000000.0,0.318,629000000.0,396800000.0,273100000.0,1.42,1.42,1.42,1417800000.0,704525000.0,1417800000.0,4165855938.0,10.0,6.623,-44800000.0,-0.342,1.0,651100000.0,0.329,0.0,123700000.0,5448300000.0,5289875000.0,153500000.0,220500000.0,0.0,220500000.0,3272300000.0,1321600000.0,1950700000.0,2402555938.0,80600000.0,-48900000.0,-114500000.0,487500000.0,-168800000.0,204200000.0,-504900000.0,-32700000.0,381300000.0,0.0,186100000.0,186100000.0,186100000.0,2500000.0,0.0,0.094,232200000.0,418900000.0,218100000.0,0.905,1.695,12.91,13.07,3627800000.0,0.0,18.56,1.214,1.229,261900000.0,,1978300000.0,1978300000.0,0.0,0.042,0.264,0.075,0.201,9100000.0,0.0,1.0,129448057.0,131000000,131200000.0,15.102,4690100000.0,106800000.0,87000000.0,601300000.0,35.802,-789800000.0
17,TE,MRY,1998-12-31,1998-12-31,1998-12-31,2019-04-23,0.0,4179300000.0,4066625000.0,413900000.0,3765400000.0,0.481,11.449,-296100000.0,16900000.0,16900000.0,1321400000.0,206500000.0,0.626,1.772,1634600000.0,355000000.0,1279600000.0,1634600000.0,0.0,233000000.0,78300000.0,0.043,1.225,394100000.0,627100000.0,0.321,627100000.0,394100000.0,289800000.0,1.57,1.56,1.57,1507800000.0,328100000.0,1507800000.0,5278351583.0,13.0,8.417,199300000.0,1.513,1.0,634300000.0,0.324,0.0,104300000.0,5136300000.0,4955825000.0,157300000.0,218100000.0,0.0,218100000.0,2671500000.0,660700000.0,2010800000.0,3718551583.0,6300000.0,-135100000.0,6700000.0,56500000.0,-161400000.0,-98200000.0,-390900000.0,2800000.0,495400000.0,0.0,206500000.0,206500000.0,206500000.0,3800000.0,0.0,0.106,233000000.0,401300000.0,208100000.0,0.78,2.466,18.008,17.955,3307600000.0,0.0,28.19,1.901,1.898,224600000.0,,1955700000.0,1955700000.0,0.0,0.051,0.629,0.08,0.202,7800000.0,0.0,1.0,131910308.0,131700000,131700000.0,14.85,4179300000.0,99100000.0,83300000.0,585700000.0,31.733,-246800000.0
18,TE,MRY,1997-12-31,1997-12-31,1997-12-31,2019-04-23,0.0,3960400000.0,3931000000.0,390100000.0,3570300000.0,0.473,11.045,-212600000.0,10600000.0,10600000.0,1216400000.0,201900000.0,0.532,1.741,1540400000.0,460200000.0,1080200000.0,1540400000.0,0.0,231700000.0,77900000.0,0.041,1.165,402600000.0,634300000.0,0.341,634300000.0,402600000.0,296800000.0,1.54,1.54,1.54,1444700000.0,1408100000.0,1444700000.0,,,,138200000.0,1.057,1.0,644400000.0,0.346,0.0,105800000.0,4757600000.0,4733500000.0,143900000.0,88300000.0,0.0,88300000.0,2515700000.0,732600000.0,1783100000.0,3701263260.0,-5300000.0,-4900000.0,5100000.0,16900000.0,-147300000.0,-145700000.0,-210400000.0,6900000.0,350800000.0,0.0,201900000.0,201900000.0,201900000.0,6600000.0,0.0,0.109,231700000.0,412700000.0,158700000.0,0.756,2.562,18.332,18.266,3236500000.0,0.0,28.13,1.989,1.977,222700000.0,,1860800000.0,1860800000.0,0.0,0.051,0.143,0.085,0.216,5900000.0,0.0,1.0,131577080.0,130800000,130800000.0,14.226,3960400000.0,88100000.0,94900000.0,571700000.0,30.278,-342500000.0
19,TE,MRY,1996-12-31,1996-12-31,1996-12-31,2019-04-23,0.0,3901600000.0,,377600000.0,3524000000.0,,10.607,-296300000.0,15900000.0,15900000.0,1190700000.0,216500000.0,0.555,1.845,1504000000.0,386000000.0,1118000000.0,1504000000.0,0.0,202800000.0,77700000.0,0.046,1.105,397000000.0,599800000.0,0.338,599800000.0,397000000.0,298300000.0,1.67,1.67,1.67,1371500000.0,,1371500000.0,,,,117300000.0,0.907,1.0,584600000.0,0.329,0.0,98700000.0,4709400000.0,,122200000.0,91100000.0,0.0,91100000.0,2530100000.0,680300000.0,1849800000.0,,1600000.0,0.0,13900000.0,-17900000.0,-134200000.0,-173700000.0,-238300000.0,35100000.0,413600000.0,0.0,216500000.0,216500000.0,216500000.0,900000.0,0.0,0.122,202800000.0,381800000.0,181500000.0,0.662,,,14.443,3232800000.0,0.0,24.12,,1.757,226700000.0,,1775300000.0,1775300000.0,0.0,,,,0.224,5400000.0,0.0,1.0,,129300000,129300000.0,13.73,3901600000.0,76700000.0,81800000.0,565800000.0,30.175,-302700000.0
20,TE,MRY,1995-12-31,1995-12-31,1995-12-31,2019-04-23,,,,,,,,-461200000.0,,,2282100000.0,200300000.0,,,,,,,,192700000.0,,0.041,1.048,364000000.0,556700000.0,0.336,556700000.0,364000000.0,268600000.0,1.56,1.55,1.56,,,,,,,-19000000.0,-0.148,1.0,-623200000.0,-0.376,,95400000.0,,,,,,,,,,,-25000000.0,0.0,11100000.0,3900000.0,-126200000.0,-111200000.0,-356000000.0,85900000.0,442200000.0,0.0,200300000.0,200300000.0,200300000.0,500000.0,0.0,0.121,192700000.0,-815900000.0,,0.672,,,16.429,,0.0,25.63,,1.987,,,1658900000.0,1658900000.0,0.0,,,,0.219,4900000.0,0.0,,,128600000,128600000.0,12.9,,,68300000.0,,,
0,TE,MRQ,2016-03-31,2016-03-31,2016-03-31,2019-04-23,-11500000.0,8981100000.0,,547200000.0,8433900000.0,,11.035,-168000000.0,46100000.0,46100000.0,421600000.0,73800000.0,0.456,2.478,4086000000.0,596300000.0,3489700000.0,4086000000.0,0.0,89800000.0,176700000.0,0.033,0.23,155400000.0,245200000.0,0.372,245200000.0,155400000.0,109500000.0,0.31,0.31,0.31,2582300000.0,,2582300000.0,10556571844.0,20.0,12.011,63600000.0,0.272,1.0,237900000.0,0.361,408400000.0,45900000.0,11412000000.0,,195400000.0,0.0,0.0,0.0,6398800000.0,1200600000.0,5198200000.0,6483171844.0,22300000.0,0.0,3900000.0,16000000.0,-54300000.0,-41100000.0,-168200000.0,0.0,231600000.0,0.0,73800000.0,73800000.0,73800000.0,-100000.0,0.0,0.112,89800000.0,148100000.0,189500000.0,0.742,2.511,34.248,34.413,7553000000.0,0.0,27.53,2.392,2.377,240100000.0,463500000.0,659500000.0,659500000.0,0.0,,,,,3000000.0,0.0,1.0,235494800.0,234000000,235200000.0,2.818,8572700000.0,0.0,35700000.0,645600000.0,36.635,-653400000.0
1,TE,MRQ,2015-12-31,2015-12-31,2015-12-31,2019-04-23,-12200000.0,8933500000.0,,570300000.0,8363200000.0,,10.978,-216500000.0,23800000.0,23800000.0,461400000.0,50500000.0,0.476,2.491,4069500000.0,580300000.0,3489200000.0,4069500000.0,0.0,88700000.0,182100000.0,0.034,0.225,129700000.0,218400000.0,0.323,218400000.0,129700000.0,83700000.0,0.21,0.21,0.21,2559000000.0,,2559000000.0,10192499754.0,20.0,11.778,-86300000.0,-0.37,1.0,214700000.0,0.318,408400000.0,46000000.0,11372100000.0,,190200000.0,0.0,0.0,0.0,6374500000.0,1198700000.0,5175800000.0,6268899754.0,-31600000.0,0.0,900000.0,119000000.0,-52900000.0,67000000.0,-228800000.0,-300000.0,130200000.0,0.0,50500000.0,50500000.0,50500000.0,500000.0,0.0,0.075,88700000.0,126000000.0,255400000.0,1.071,2.45,36.132,36.014,7481800000.0,0.0,26.65,2.285,2.264,280700000.0,441400000.0,676100000.0,676100000.0,0.0,,,,,3000000.0,0.0,1.0,235230760.0,233100000,234500000.0,2.9,8525100000.0,0.0,33200000.0,594400000.0,36.573,-628400000.0
2,TE,MRQ,2015-09-30,2015-09-30,2015-09-30,2019-04-23,-8600000.0,8816900000.0,,687800000.0,8129100000.0,,10.985,-180000000.0,55400000.0,55400000.0,459400000.0,53200000.0,0.635,2.442,3979000000.0,461300000.0,3517700000.0,3979000000.0,0.0,88200000.0,179900000.0,0.034,0.225,141000000.0,229200000.0,0.33,229200000.0,141000000.0,94900000.0,0.23,0.23,0.23,2561600000.0,,2561600000.0,10058064545.0,21.0,12.077,2600000.0,0.011,1.0,234400000.0,0.338,408400000.0,46100000.0,11248200000.0,,213300000.0,200000.0,200000.0,0.0,6255300000.0,1083900000.0,5171400000.0,6176764545.0,-600000.0,0.0,2900000.0,42200000.0,-52900000.0,-7800000.0,-175400000.0,0.0,182600000.0,0.0,53200000.0,53200000.0,53200000.0,11700000.0,0.0,0.077,87800000.0,146600000.0,216100000.0,0.978,2.411,46.164,46.07,7326400000.0,0.0,26.26,2.236,2.216,270700000.0,443800000.0,693800000.0,693800000.0,0.0,,,,,3200000.0,0.0,1.0,235215710.0,233200000,234700000.0,2.975,8408500000.0,68200000.0,41700000.0,678700000.0,36.057,-396100000.0
3,TE,MRQ,2015-06-30,2015-06-30,2015-06-30,2019-04-23,-11000000.0,8838400000.0,,779200000.0,8059200000.0,,10.958,-183200000.0,56000000.0,56000000.0,450300000.0,11800000.0,0.734,2.462,3937300000.0,418800000.0,3518500000.0,3937300000.0,0.0,87400000.0,179500000.0,0.05,0.225,98700000.0,186100000.0,0.273,186100000.0,98700000.0,52300000.0,0.05,0.05,0.05,2553300000.0,,2553300000.0,7953151800.0,18.0,10.224,-33400000.0,-0.143,1.0,230300000.0,0.338,408400000.0,46400000.0,11249500000.0,,208500000.0,600000.0,600000.0,0.0,6285100000.0,1061800000.0,5223300000.0,4152251800.0,23200000.0,0.0,700000.0,105000000.0,-52900000.0,52800000.0,-179400000.0,0.0,149800000.0,0.0,11800000.0,11800000.0,11800000.0,49700000.0,0.0,0.017,87000000.0,143300000.0,258200000.0,4.5,1.626,45.281,46.474,7241700000.0,0.0,17.66,1.506,1.493,273300000.0,443500000.0,680600000.0,680600000.0,0.0,,,,,3000000.0,0.0,1.0,235121846.0,233000000,233500000.0,2.921,8430000000.0,73400000.0,40500000.0,627900000.0,36.18,-282600000.0
4,TE,MRQ,2015-03-31,2015-03-31,2015-03-31,2019-04-23,-14800000.0,8777500000.0,,728700000.0,8048800000.0,,11.114,-156200000.0,32800000.0,32800000.0,461300000.0,58000000.0,0.528,2.393,3833700000.0,730500000.0,3103200000.0,3833700000.0,0.0,85900000.0,178200000.0,0.046,0.225,145800000.0,231700000.0,0.334,231700000.0,145800000.0,97900000.0,0.25,0.25,0.25,2587300000.0,,2587300000.0,8311358545.0,18.0,10.257,-9200000.0,-0.04,1.0,231700000.0,0.334,408400000.0,47900000.0,10790900000.0,,188300000.0,300000.0,300000.0,0.0,6190200000.0,1379100000.0,4811100000.0,4569258545.0,7400000.0,0.0,2800000.0,67000000.0,-53000000.0,16800000.0,-156400000.0,0.0,147000000.0,0.0,58000000.0,58000000.0,58000000.0,5800000.0,0.0,0.084,85500000.0,146200000.0,248400000.0,0.9,1.766,33.039,32.333,7164700000.0,0.0,19.4,1.704,1.684,262800000.0,484600000.0,693000000.0,693000000.0,0.0,,,,,3900000.0,0.0,1.0,235528791.0,232800000,233500000.0,2.977,8369100000.0,63200000.0,39900000.0,585800000.0,35.95,-650400000.0
5,TE,MRQ,2014-12-31,2014-12-31,2014-12-31,2019-04-23,-15700000.0,8726200000.0,,755600000.0,7970600000.0,,11.122,-212000000.0,25400000.0,25400000.0,498100000.0,10800000.0,0.688,2.389,3767500000.0,413500000.0,3354000000.0,3767500000.0,0.0,86200000.0,176200000.0,0.043,0.22,99600000.0,185800000.0,0.267,185800000.0,99600000.0,51700000.0,0.04,0.04,0.04,2574700000.0,,2574700000.0,8437445227.0,19.0,10.785,-53400000.0,-0.231,1.0,197400000.0,0.284,408300000.0,47900000.0,10962100000.0,,171800000.0,0.0,0.0,0.0,6151500000.0,1097900000.0,5053600000.0,4808845227.0,-47300000.0,1200000.0,5700000.0,66400000.0,-51700000.0,20400000.0,-226300000.0,-7900000.0,158600000.0,0.0,10800000.0,10800000.0,10800000.0,16600000.0,0.0,0.016,85300000.0,112100000.0,288600000.0,5.5,1.868,36.878,35.328,7088200000.0,0.0,20.49,1.874,1.781,299800000.0,479600000.0,695500000.0,695500000.0,0.0,,,,,2500000.0,0.0,1.0,234692300.0,231500000,232400000.0,3.004,8317900000.0,72800000.0,40900000.0,558100000.0,35.93,-342300000.0
6,TE,MRQ,2014-09-30,2014-09-30,2014-09-30,2019-04-23,-20100000.0,8653600000.0,,815200000.0,7838400000.0,,11.426,-171500000.0,72700000.0,72700000.0,462900000.0,11100000.0,0.801,2.325,3701300000.0,346500000.0,3354800000.0,3701300000.0,0.0,86600000.0,174900000.0,0.051,0.22,87700000.0,174300000.0,0.254,174300000.0,87700000.0,44800000.0,0.04,0.04,0.04,2602800000.0,,2602800000.0,7027229180.0,16.0,9.036,73700000.0,0.324,1.0,224300000.0,0.326,401800000.0,42900000.0,10862100000.0,,167300000.0,200000.0,200000.0,0.0,6050800000.0,1018300000.0,5032500000.0,4056629180.0,-94300000.0,-752500000.0,293600000.0,339600000.0,-51600000.0,581600000.0,-921100000.0,0.0,245200000.0,0.0,11100000.0,11100000.0,11100000.0,61900000.0,0.0,0.016,78600000.0,145700000.0,231400000.0,5.5,1.559,25.103,23.486,6952400000.0,0.0,17.38,1.667,1.627,293000000.0,520400000.0,687200000.0,687200000.0,0.0,,,,,3100000.0,0.0,1.0,233407893.0,227800000,228300000.0,3.017,8251800000.0,94400000.0,33700000.0,596500000.0,36.224,-203100000.0
7,TE,MRQ,2014-06-30,2014-06-30,2014-06-30,2019-04-23,-20100000.0,7620800000.0,,889500000.0,6731300000.0,,10.893,-184000000.0,167000000.0,167000000.0,398200000.0,58400000.0,1.033,2.248,3137600000.0,274500000.0,2863100000.0,3137600000.0,0.0,84200000.0,167500000.0,0.048,0.22,134300000.0,218500000.0,0.361,218500000.0,134300000.0,93600000.0,0.27,0.27,0.27,2346400000.0,,2346400000.0,6838148966.0,14.0,8.258,-109900000.0,-0.51,1.0,207500000.0,0.343,0.0,40700000.0,9730200000.0,,220800000.0,8700000.0,8200000.0,500000.0,5274400000.0,861200000.0,4413200000.0,4025048966.0,30000000.0,0.0,1400000.0,184300000.0,-47900000.0,137800000.0,-181900000.0,0.0,74100000.0,0.0,58400000.0,58400000.0,58400000.0,-800000.0,0.0,0.096,75500000.0,132000000.0,232300000.0,0.815,1.715,18.87,18.667,6324100000.0,0.0,18.48,1.879,1.859,323800000.0,560900000.0,605700000.0,605700000.0,0.0,,,,,3400000.0,0.0,1.0,217805680.0,215400000,215900000.0,2.812,7620800000.0,88500000.0,35200000.0,574800000.0,35.38,28300000.0
8,TE,MRQ,2014-03-31,2014-03-31,2014-03-31,2019-04-23,-20700000.0,7430700000.0,,783500000.0,6647200000.0,,10.844,-136300000.0,137000000.0,137000000.0,386500000.0,50100000.0,1.056,2.184,2950100000.0,112300000.0,2837800000.0,2950100000.0,0.0,84900000.0,166800000.0,0.051,0.22,118800000.0,203700000.0,0.352,203700000.0,118800000.0,79200000.0,0.23,0.23,0.23,2333600000.0,,2333600000.0,6559759632.0,14.0,8.041,50600000.0,0.235,1.0,191500000.0,0.331,0.0,39600000.0,9502000000.0,,204200000.0,15800000.0,15600000.0,200000.0,5097100000.0,741800000.0,4355300000.0,3739859632.0,-48200000.0,0.0,1600000.0,-55000000.0,-48000000.0,-101400000.0,-133700000.0,0.0,186900000.0,0.0,50100000.0,50100000.0,50100000.0,-1700000.0,0.0,0.087,75900000.0,115600000.0,250000000.0,0.957,1.603,18.128,17.865,6233800000.0,0.0,17.15,1.646,1.624,269100000.0,550400000.0,578000000.0,578000000.0,0.0,,,,,3700000.0,0.0,1.0,218067617.0,215200000,215700000.0,2.686,7430700000.0,89800000.0,29100000.0,520300000.0,34.529,41700000.0
9,TE,MRQ,2013-12-31,2013-12-31,2013-12-31,2019-04-23,-13200000.0,7448000000.0,,857700000.0,6590300000.0,,10.839,-155200000.0,185200000.0,185200000.0,398200000.0,42000000.0,1.121,2.191,3005100000.0,167300000.0,2837800000.0,3005100000.0,0.0,78200000.0,164500000.0,0.051,0.22,103000000.0,181200000.0,0.322,181200000.0,103000000.0,63200000.0,0.2,0.2,0.2,2333700000.0,,2333700000.0,6514579601.0,14.0,8.131,-2700000.0,-0.013,1.0,164000000.0,0.292,0.0,39800000.0,9502500000.0,,204600000.0,10000000.0,9700000.0,300000.0,5114300000.0,765400000.0,4348900000.0,3746279601.0,32400000.0,3900000.0,-700000.0,84000000.0,-47800000.0,35500000.0,-155600000.0,0.0,152500000.0,0.0,42000000.0,42000000.0,42000000.0,-6600000.0,0.0,0.075,69000000.0,95000000.0,261700000.0,1.1,1.605,18.949,18.739,6170100000.0,0.0,17.24,1.591,1.574,287200000.0,548300000.0,562200000.0,562200000.0,0.0,,,,,3300000.0,0.0,1.0,217301601.0,215300000,215800000.0,2.611,7448000000.0,100300000.0,21200000.0,488000000.0,34.594,92300000.0
10,TE,MRQ,2013-09-30,2013-09-30,2013-09-30,2019-04-23,-26300000.0,7394100000.0,,811000000.0,6583100000.0,,10.814,-121300000.0,152800000.0,152800000.0,203000000.0,62800000.0,1.114,2.182,2921100000.0,83300000.0,2837800000.0,2921100000.0,0.0,85400000.0,164500000.0,0.053,0.22,139300000.0,224700000.0,0.568,224700000.0,139300000.0,102800000.0,0.29,0.29,0.29,2323900000.0,,2323900000.0,6413708310.0,14.0,8.09,97000000.0,0.451,1.0,192900000.0,0.487,0.0,36500000.0,9434700000.0,,202600000.0,200000.0,200000.0,0.0,5070200000.0,727700000.0,4342500000.0,3594308310.0,-500000.0,100000.0,0.0,-51600000.0,-47800000.0,-99400000.0,-119400000.0,0.0,218300000.0,0.0,62800000.0,62800000.0,62800000.0,-2300000.0,0.0,0.159,56900000.0,136000000.0,241300000.0,0.759,1.547,17.9,17.785,6080900000.0,0.0,16.54,1.92,1.898,347100000.0,554100000.0,395900000.0,395900000.0,0.0,,,,,3300000.0,0.0,1.0,217310055.0,214900000,215400000.0,1.842,7394100000.0,29300000.0,40000000.0,426700000.0,34.407,83300000.0
11,TE,MRQ,2013-06-30,2013-06-30,2013-06-30,2019-04-23,-29300000.0,7354300000.0,,812000000.0,6542300000.0,,10.7,-146600000.0,153300000.0,153300000.0,532500000.0,51400000.0,1.163,2.197,2972700000.0,83300000.0,2889400000.0,2972700000.0,0.0,83900000.0,164100000.0,0.051,0.22,122300000.0,206200000.0,0.28,206200000.0,122300000.0,79600000.0,0.24,0.24,0.24,2300500000.0,,2300500000.0,6500055655.0,14.0,8.182,-16700000.0,-0.078,1.0,203400000.0,0.276,0.0,42700000.0,9475700000.0,,225400000.0,100000.0,100000.0,0.0,5053800000.0,698000000.0,4355800000.0,3740255655.0,-59600000.0,0.0,3500000.0,0.0,-47800000.0,-44300000.0,-145200000.0,0.0,129900000.0,0.0,51400000.0,51400000.0,51400000.0,200000.0,0.0,0.07,83900000.0,119500000.0,240300000.0,0.917,1.626,20.551,20.464,6040500000.0,0.0,17.19,1.602,1.583,321200000.0,539100000.0,735900000.0,735900000.0,0.0,,,,,3300000.0,0.0,1.0,217583226.0,215000000,215500000.0,3.423,7354300000.0,26400000.0,28200000.0,368600000.0,34.206,114000000.0
12,TE,MRQ,2013-03-31,2013-03-31,2013-03-31,2019-04-23,-29900000.0,7353800000.0,,873200000.0,6480600000.0,,10.687,-103000000.0,212900000.0,212900000.0,475000000.0,41500000.0,1.421,2.206,2972700000.0,0.0,2972700000.0,2972700000.0,0.0,82000000.0,163900000.0,0.049,0.22,107100000.0,189100000.0,0.286,189100000.0,107100000.0,64700000.0,0.19,0.19,0.19,2293500000.0,,2293500000.0,6643696467.0,13.0,7.997,54900000.0,0.256,1.0,186100000.0,0.282,0.0,42400000.0,9499100000.0,,227100000.0,12800000.0,11800000.0,1000000.0,5060300000.0,614500000.0,4445800000.0,3871496467.0,12400000.0,300000.0,3900000.0,0.0,-47800000.0,-43900000.0,-101600000.0,0.0,157900000.0,0.0,41500000.0,41500000.0,41500000.0,-300000.0,0.0,0.063,82000000.0,104100000.0,207800000.0,1.158,1.688,19.006,18.957,5977300000.0,0.0,17.82,1.646,1.626,269700000.0,535500000.0,661100000.0,661100000.0,0.0,,,,,3600000.0,0.0,1.0,217255694.0,214600000,215600000.0,3.081,7353800000.0,65700000.0,23200000.0,362700000.0,34.267,258700000.0
13,TE,MRQ,2012-12-31,2012-12-31,2012-12-31,2019-04-23,-31000000.0,7334900000.0,,856800000.0,6478100000.0,,10.694,-149900000.0,200500000.0,200500000.0,-2500000.0,45100000.0,1.425,2.2,2972700000.0,0.0,2972700000.0,2972700000.0,0.0,84500000.0,162900000.0,0.053,0.22,88300000.0,172800000.0,2.174,172800000.0,88300000.0,52700000.0,0.21,0.22,0.21,2291800000.0,,2291800000.0,6514550002.0,13.0,7.686,-800000.0,-0.004,1.0,82000000.0,1.031,0.0,35600000.0,9506000000.0,,205700000.0,200000.0,0.0,200000.0,5043100000.0,601100000.0,4442000000.0,3629950002.0,-34100000.0,187000000.0,700000.0,-181400000.0,-47600000.0,-230200000.0,47000000.0,0.0,149100000.0,0.0,45100000.0,45100000.0,45100000.0,-48500000.0,0.0,0.567,42700000.0,39300000.0,232800000.0,1.048,1.584,17.066,16.929,5968500000.0,0.0,16.76,1.52,1.504,282700000.0,541700000.0,79500000.0,79500000.0,0.0,,,,,3500000.0,0.0,1.0,216584129.0,214300000,215000000.0,0.371,7334900000.0,63700000.0,7600000.0,319700000.0,34.227,255700000.0
14,TE,MRQ,2012-09-30,2012-09-30,2012-09-30,2019-04-23,-25100000.0,7581200000.0,,1009800000.0,6571400000.0,,10.705,-114300000.0,243500000.0,243500000.0,592100000.0,44000000.0,1.167,2.302,3128100000.0,147100000.0,2981000000.0,3128100000.0,0.0,86000000.0,162100000.0,0.049,0.22,140300000.0,226300000.0,0.264,226300000.0,140300000.0,95700000.0,0.2,0.2,0.2,2296200000.0,,2296200000.0,6893285578.0,13.0,7.913,187900000.0,0.876,1.0,266500000.0,0.31,0.0,44600000.0,9600200000.0,,199300000.0,3100000.0,2000000.0,1100000.0,5285000000.0,865600000.0,4419400000.0,3842185578.0,117200000.0,7400000.0,0.0,-31100000.0,-47700000.0,-78800000.0,-106200000.0,0.0,302200000.0,0.0,44000000.0,44000000.0,44000000.0,46200000.0,0.0,0.051,83400000.0,183100000.0,253600000.0,1.1,1.673,17.401,17.223,5936000000.0,0.0,17.74,1.314,1.301,360200000.0,544200000.0,858600000.0,858600000.0,0.0,,,,,3200000.0,0.0,1.0,216583178.0,214500000,215400000.0,4.003,7581200000.0,52800000.0,51700000.0,329500000.0,35.344,144200000.0
15,TE,MRQ,2012-06-30,2012-06-30,2012-06-30,2019-04-23,-27300000.0,7450600000.0,,887600000.0,6563000000.0,,10.706,-123500000.0,131600000.0,131600000.0,521100000.0,73100000.0,0.996,2.247,3182700000.0,287600000.0,2895100000.0,3182700000.0,0.0,84200000.0,161400000.0,0.048,0.22,158400000.0,242600000.0,0.322,242600000.0,158400000.0,110500000.0,0.34,0.34,0.34,2294300000.0,,2294300000.0,6856177694.0,12.0,7.492,-42000000.0,-0.196,1.0,231400000.0,0.308,55400000.0,47900000.0,9554700000.0,,254900000.0,800000.0,700000.0,100000.0,5155900000.0,891600000.0,4264300000.0,3895177694.0,58400000.0,0.0,2900000.0,144900000.0,-47600000.0,99900000.0,-123000000.0,0.0,81500000.0,0.0,73100000.0,73100000.0,73100000.0,-7500000.0,0.0,0.097,82300000.0,149100000.0,207200000.0,0.647,1.698,14.589,14.448,6022600000.0,0.0,18.06,1.323,1.315,330500000.0,547900000.0,752500000.0,752500000.0,0.0,,,,,2800000.0,0.0,1.0,215679828.0,214300000,215200000.0,3.511,7395200000.0,43200000.0,37400000.0,240300000.0,34.509,-4000000.0
16,TE,MRQ,2012-03-31,2012-03-31,2012-03-31,2019-04-23,-20400000.0,7286800000.0,,751800000.0,6535000000.0,,10.632,-117400000.0,67700000.0,67700000.0,501100000.0,50500000.0,0.69,2.204,3028700000.0,430000000.0,2598700000.0,3028700000.0,0.0,83000000.0,160900000.0,0.049,0.22,122900000.0,205900000.0,0.295,205900000.0,122900000.0,74600000.0,0.24,0.23,0.24,2274100000.0,,2274100000.0,6808079979.0,11.0,7.348,106500000.0,0.498,1.0,196000000.0,0.281,55400000.0,48300000.0,9103500000.0,,233600000.0,2100000.0,2100000.0,0.0,5012100000.0,1088900000.0,3923200000.0,3787379979.0,15000000.0,0.0,300000.0,-44700000.0,-47500000.0,-91900000.0,-117000000.0,0.0,223900000.0,0.0,50500000.0,50500000.0,50500000.0,-5900000.0,0.0,0.072,81200000.0,114800000.0,244500000.0,0.917,1.665,13.955,13.819,5985600000.0,0.0,17.55,1.231,1.22,278400000.0,522500000.0,697100000.0,697100000.0,0.0,,,,,2500000.0,0.0,1.0,215805127.0,213900000,215300000.0,3.259,7231400000.0,33300000.0,24100000.0,181400000.0,33.807,-337100000.0
17,TE,MRQ,2011-12-31,2011-12-31,2011-12-31,2019-04-23,-22000000.0,7322200000.0,,797900000.0,6524300000.0,,10.597,-155800000.0,52700000.0,52700000.0,693700000.0,53000000.0,0.782,2.23,3073400000.0,386100000.0,2687300000.0,3073400000.0,0.0,81200000.0,159500000.0,0.044,0.215,115100000.0,196300000.0,0.318,196300000.0,115100000.0,72200000.0,0.25,0.25,0.25,2266600000.0,,2266600000.0,6984784020.0,11.0,7.452,-73300000.0,-0.343,1.0,-77000000.0,-0.125,55400000.0,42900000.0,9267800000.0,,224100000.0,900000.0,900000.0,0.0,5055000000.0,1019700000.0,4035300000.0,4074484020.0,-121800000.0,100000.0,400000.0,-2800000.0,-46400000.0,-48800000.0,-155500000.0,0.0,82500000.0,0.0,53200000.0,53200000.0,53200000.0,-21800000.0,-200000.0,0.086,73800000.0,-150800000.0,252300000.0,0.86,1.798,14.947,15.071,5967800000.0,0.0,19.14,1.269,1.274,327700000.0,519400000.0,616700000.0,616700000.0,0.0,,,,,2500000.0,0.0,1.0,212877953.0,213900000,215100000.0,2.883,7266800000.0,73300000.0,19000000.0,181500000.0,33.973,-221800000.0
18,TE,MRQ,2011-09-30,2011-09-30,2011-09-30,2019-04-23,-16900000.0,7295900000.0,,883600000.0,6412300000.0,,10.58,-98100000.0,165800000.0,165800000.0,506300000.0,90200000.0,0.83,2.225,3076100000.0,386100000.0,2690000000.0,3076100000.0,0.0,82400000.0,158300000.0,0.049,0.215,187900000.0,270300000.0,0.308,270300000.0,187900000.0,139100000.0,0.42,0.42,0.42,2261900000.0,,2261900000.0,6698999335.0,12.0,7.552,186700000.0,0.873,1.0,371500000.0,0.423,55400000.0,48800000.0,9086200000.0,,207900000.0,1500000.0,1300000.0,200000.0,5033500000.0,1064600000.0,3968900000.0,3646599335.0,104000000.0,3400000.0,1200000.0,-38200000.0,-46400000.0,-83400000.0,-97400000.0,0.0,284800000.0,0.0,90200000.0,90200000.0,90200000.0,-4100000.0,0.0,0.103,80500000.0,291000000.0,252500000.0,0.512,1.612,13.208,13.279,5884000000.0,0.0,17.13,1.136,1.141,342800000.0,512600000.0,877800000.0,877800000.0,0.0,,,,,2400000.0,0.0,1.0,212877953.0,213800000,215300000.0,4.106,7240500000.0,76500000.0,48900000.0,209600000.0,33.866,-181000000.0
19,TE,MRQ,2011-06-30,2011-06-30,2011-06-30,2019-04-23,-15500000.0,7098000000.0,,710200000.0,6387800000.0,,10.374,-107300000.0,61800000.0,61800000.0,551300000.0,77600000.0,0.902,2.203,3114200000.0,165100000.0,2949100000.0,3114200000.0,0.0,81200000.0,158200000.0,0.044,0.215,172800000.0,254000000.0,0.287,254000000.0,172800000.0,121600000.0,0.36,0.36,0.36,2215800000.0,,2215800000.0,7080364532.0,13.0,8.144,49600000.0,0.232,1.0,334400000.0,0.378,55400000.0,51200000.0,9308000000.0,,233800000.0,3800000.0,3200000.0,600000.0,4881800000.0,787000000.0,4094800000.0,4021264532.0,-27700000.0,0.0,3600000.0,-34600000.0,-46300000.0,-77900000.0,-106700000.0,0.0,156900000.0,0.0,77500000.0,77500000.0,77500000.0,0.0,100000.0,0.088,81200000.0,253200000.0,238200000.0,0.597,1.815,16.975,17.018,5858500000.0,0.0,18.89,1.243,1.248,335400000.0,468800000.0,885700000.0,885700000.0,0.0,,,,,2200000.0,0.0,1.0,212877953.0,213600000,215200000.0,4.147,7042600000.0,100000.0,44100000.0,73300000.0,32.971,-76800000.0
20,TE,MRQ,2011-03-31,2011-03-31,2011-03-31,2019-04-23,-14500000.0,7103800000.0,,708300000.0,6395500000.0,,10.253,-92900000.0,89500000.0,89500000.0,507100000.0,51700000.0,0.977,2.252,3148600000.0,78300000.0,3070300000.0,3148600000.0,0.0,79800000.0,157600000.0,0.044,0.205,132700000.0,212500000.0,0.267,212500000.0,132700000.0,80100000.0,0.24,0.24,0.24,2183900000.0,,2183900000.0,7164490398.0,13.0,8.301,137000000.0,0.643,1.0,289000000.0,0.363,55400000.0,52600000.0,9382600000.0,,243500000.0,7700000.0,6100000.0,1600000.0,4919000000.0,724900000.0,4194100000.0,3993590398.0,22000000.0,0.0,1800000.0,-90000000.0,-44100000.0,-132300000.0,-75600000.0,0.0,229900000.0,0.0,51700000.0,51700000.0,51700000.0,0.0,0.0,0.065,79800000.0,209200000.0,225300000.0,0.854,1.829,17.001,17.055,5842400000.0,0.0,18.76,1.23,1.231,297300000.0,437600000.0,796100000.0,796100000.0,0.0,,,,,2000000.0,0.0,1.0,212877953.0,213000000,215000000.0,3.738,7048400000.0,23500000.0,28400000.0,45900000.0,33.091,-16600000.0
21,TE,MRQ,2010-12-31,2010-12-31,2010-12-31,2019-04-23,-17200000.0,7278300000.0,,898600000.0,6379700000.0,,10.191,-114800000.0,67500000.0,67500000.0,277300000.0,56200000.0,1.194,2.354,3238400000.0,90300000.0,3148100000.0,3238400000.0,0.0,79200000.0,156500000.0,0.046,0.205,71000000.0,150200000.0,0.231,150200000.0,71000000.0,30400000.0,0.27,0.26,0.27,2169700000.0,,2169700000.0,7054627563.0,13.0,8.044,-43400000.0,-0.204,1.0,373300000.0,0.574,55400000.0,40600000.0,9641500000.0,,247600000.0,17700000.0,17500000.0,200000.0,5107700000.0,752300000.0,4355400000.0,3789227563.0,-84100000.0,181700000.0,2200000.0,-180800000.0,-44000000.0,-222600000.0,67100000.0,13900000.0,71400000.0,0.0,56700000.0,56700000.0,56700000.0,-27400000.0,-500000.0,0.087,73300000.0,300000000.0,281500000.0,0.759,1.746,15.855,15.893,5841000000.0,0.0,17.8,1.127,1.125,333400000.0,430000000.0,650600000.0,650600000.0,0.0,,,,,2000000.0,0.0,1.0,212877953.0,212900000,215400000.0,3.056,7222900000.0,141400000.0,-26300000.0,112000000.0,33.926,146300000.0
22,TE,MRQ,2010-09-30,2010-09-30,2010-09-30,2019-04-23,-19600000.0,7430000000.0,,874400000.0,6555600000.0,,10.11,-99800000.0,151600000.0,151600000.0,570100000.0,51100000.0,1.064,2.455,3417000000.0,104200000.0,3312800000.0,3417000000.0,0.0,78800000.0,154900000.0,0.047,0.205,173900000.0,252700000.0,0.28,252700000.0,173900000.0,116500000.0,0.24,0.24,0.24,2150400000.0,,2150400000.0,7062246146.0,11.0,7.537,165600000.0,0.779,1.0,331700000.0,0.368,59400000.0,57400000.0,9814100000.0,,234600000.0,153500000.0,15500000.0,138000000.0,5278800000.0,821900000.0,4456900000.0,3687046146.0,53800000.0,100000.0,2600000.0,-56100000.0,-44000000.0,-97500000.0,-114100000.0,-14700000.0,265400000.0,0.0,51000000.0,51000000.0,51000000.0,0.0,100000.0,0.057,75900000.0,255800000.0,257100000.0,0.854,1.715,15.636,15.745,5795900000.0,0.0,17.32,1.06,1.059,371500000.0,417400000.0,901800000.0,901800000.0,0.0,,,,,2000000.0,0.0,1.0,212877953.0,212700000,214800000.0,4.24,7370600000.0,86400000.0,65500000.0,72200000.0,34.653,52500000.0
23,TE,MRQ,2010-06-30,2010-06-30,2010-06-30,2019-04-23,-21400000.0,7427500000.0,,817000000.0,6610500000.0,,10.051,-132200000.0,97800000.0,97800000.0,554500000.0,75700000.0,1.016,2.476,3473000000.0,154400000.0,3318600000.0,3473000000.0,0.0,77900000.0,154100000.0,0.053,0.205,169800000.0,247700000.0,0.276,247700000.0,169800000.0,111600000.0,0.35,0.35,0.35,2136900000.0,,2136900000.0,6595170752.0,11.0,7.271,54000000.0,0.254,1.0,344300000.0,0.383,59400000.0,58200000.0,9939100000.0,,243100000.0,145800000.0,500000.0,145300000.0,5290000000.0,804200000.0,4485800000.0,3208070752.0,-134200000.0,-200000.0,1900000.0,-146200000.0,-44000000.0,-188300000.0,-132100000.0,0.0,186200000.0,0.0,75500000.0,75500000.0,75500000.0,0.0,200000.0,0.084,77900000.0,266400000.0,266700000.0,0.586,1.501,12.853,12.991,5782700000.0,0.0,15.07,0.924,0.923,359500000.0,410300000.0,898800000.0,898800000.0,0.0,,,,,1700000.0,0.0,1.0,212877953.0,212600000,215100000.0,4.228,7368100000.0,152800000.0,36100000.0,60800000.0,34.657,12800000.0
24,TE,MRQ,2010-03-31,2010-03-31,2010-03-31,2019-04-23,-21500000.0,7550800000.0,,952500000.0,6598300000.0,,9.918,-142900000.0,232000000.0,232000000.0,577000000.0,56000000.0,1.059,2.588,3619100000.0,234300000.0,3384800000.0,3619100000.0,0.0,77000000.0,153100000.0,0.05,0.2,149400000.0,226400000.0,0.248,226400000.0,149400000.0,90100000.0,0.26,0.26,0.26,2104500000.0,,2104500000.0,6701130673.0,12.0,7.656,-1500000.0,-0.007,1.0,335300000.0,0.368,59400000.0,59300000.0,9979000000.0,,228500000.0,147000000.0,500000.0,146500000.0,5445800000.0,899500000.0,4546300000.0,3382630673.0,186000000.0,23900000.0,1100000.0,204100000.0,-42700000.0,161800000.0,-117200000.0,800000.0,141400000.0,0.0,55800000.0,55800000.0,55800000.0,0.0,200000.0,0.061,78500000.0,256800000.0,240300000.0,0.769,1.607,14.394,14.445,5734700000.0,0.0,15.89,0.995,0.992,347900000.0,378800000.0,912300000.0,912300000.0,0.0,,,,,1700000.0,0.0,1.0,212877953.0,212200000,213900000.0,4.299,7491400000.0,190600000.0,34300000.0,53400000.0,35.303,53000000.0
25,TE,MRQ,2009-12-31,2009-12-31,2009-12-31,2019-04-23,-25000000.0,7219500000.0,,651600000.0,6567900000.0,,9.846,-140400000.0,46000000.0,46000000.0,497200000.0,53500000.0,0.845,2.462,3364500000.0,162900000.0,3201600000.0,3364500000.0,0.0,74100000.0,151200000.0,0.049,0.2,136100000.0,210200000.0,0.275,210200000.0,136100000.0,79100000.0,0.25,0.25,0.25,2085400000.0,,2085400000.0,6776980398.0,13.0,8.191,44400000.0,0.21,1.0,267800000.0,0.35,59400000.0,57000000.0,9707300000.0,,190000000.0,281100000.0,1600000.0,279500000.0,5134100000.0,771300000.0,4362800000.0,3452880398.0,500000.0,2100000.0,1600000.0,-5100000.0,-42700000.0,-46200000.0,-138100000.0,-800000.0,184800000.0,0.0,53500000.0,53500000.0,53500000.0,0.0,0.0,0.07,74800000.0,193000000.0,251400000.0,0.8,1.656,16.142,16.22,5544100000.0,0.0,16.22,1.043,1.038,277400000.0,365700000.0,765000000.0,765000000.0,0.0,,,,,1700000.0,0.0,1.0,212877953.0,211800000,213100000.0,3.612,7160100000.0,224400000.0,25600000.0,31300000.0,33.806,-119700000.0
26,TE,MRQ,2009-09-30,2009-09-30,2009-09-30,2019-04-23,-30200000.0,7224200000.0,,728200000.0,6496000000.0,,9.749,-131600000.0,45500000.0,45500000.0,576400000.0,64800000.0,0.87,2.497,3369600000.0,167900000.0,3201700000.0,3369600000.0,0.0,72800000.0,150500000.0,0.057,0.2,150000000.0,222800000.0,0.249,222800000.0,150000000.0,92700000.0,0.3,0.3,0.3,2065800000.0,,2065800000.0,6369421578.0,12.0,7.993,80300000.0,0.379,1.0,319900000.0,0.357,59400000.0,57300000.0,9651700000.0,,200600000.0,286600000.0,2000000.0,284600000.0,5158400000.0,837200000.0,4321200000.0,2997321578.0,17500000.0,100000.0,1100000.0,-31400000.0,-42800000.0,-73100000.0,-121300000.0,7400000.0,211900000.0,0.0,64800000.0,64800000.0,64800000.0,0.0,0.0,0.072,97800000.0,222100000.0,248900000.0,0.667,1.451,16.433,16.565,5477700000.0,0.0,14.08,0.904,0.9,336600000.0,355000000.0,896300000.0,896300000.0,0.0,,,,,3900000.0,0.0,1.0,212877953.0,211900000,213200000.0,4.23,7164800000.0,247600000.0,27900000.0,69400000.0,33.812,-109000000.0
27,TE,MRQ,2009-06-30,2009-06-30,2009-06-30,2019-04-23,-33100000.0,7230100000.0,,746300000.0,6483800000.0,,9.619,-176800000.0,28000000.0,28000000.0,549800000.0,60900000.0,0.869,2.549,3400100000.0,194900000.0,3205200000.0,3400100000.0,0.0,71300000.0,148600000.0,0.067,0.2,144600000.0,215900000.0,0.262,215900000.0,144600000.0,88200000.0,0.29,0.29,0.29,2037400000.0,,2037400000.0,5852833979.0,12.0,7.456,-27500000.0,-0.13,1.0,275400000.0,0.334,59400000.0,56400000.0,9684300000.0,,210400000.0,284200000.0,200000.0,284000000.0,5192700000.0,858500000.0,4334200000.0,2539633979.0,-6900000.0,100000.0,1400000.0,52000000.0,-42700000.0,10700000.0,-166900000.0,7300000.0,149300000.0,0.0,60900000.0,60900000.0,60900000.0,0.0,0.0,0.074,71300000.0,204100000.0,264500000.0,0.69,1.247,14.446,14.373,5408600000.0,0.0,11.93,0.759,0.755,309700000.0,332900000.0,825200000.0,825200000.0,0.0,,,,,2900000.0,0.0,1.0,212877953.0,211800000,212400000.0,3.896,7170700000.0,279000000.0,27300000.0,57200000.0,33.856,-112200000.0
28,TE,MRQ,2009-03-31,2009-03-31,2009-03-31,2019-04-23,-41500000.0,7259400000.0,,781800000.0,6477600000.0,,9.496,-191000000.0,34900000.0,34900000.0,594600000.0,34700000.0,0.87,2.616,3348100000.0,142900000.0,3205200000.0,3348100000.0,0.0,69700000.0,146500000.0,0.072,0.2,108800000.0,178500000.0,0.217,178500000.0,108800000.0,52500000.0,0.16,0.16,0.16,2007500000.0,,2007500000.0,5668453321.0,12.0,7.422,-12300000.0,-0.058,1.0,229400000.0,0.278,59400000.0,56300000.0,9615000000.0,,190700000.0,298300000.0,0.0,298300000.0,5251900000.0,898200000.0,4353700000.0,2374153321.0,22700000.0,29100000.0,1000000.0,41600000.0,-42600000.0,0.0,-156000000.0,2400000.0,178700000.0,0.0,34700000.0,34700000.0,34700000.0,0.0,0.0,0.042,69700000.0,159700000.0,285100000.0,1.25,1.183,14.276,14.295,5347800000.0,0.0,11.15,0.697,0.692,295000000.0,314700000.0,824000000.0,824000000.0,0.0,,,,,1800000.0,0.0,1.0,212928549.0,211400000,212200000.0,3.898,7200000000.0,314700000.0,17800000.0,44000000.0,34.059,-116400000.0
29,TE,MRQ,2008-12-31,2008-12-31,2008-12-31,2019-04-23,-46000000.0,7147400000.0,,765400000.0,6382000000.0,,9.506,-187000000.0,12200000.0,12200000.0,550700000.0,22000000.0,0.976,2.56,3306500000.0,99900000.0,3206600000.0,3306500000.0,0.0,69500000.0,144600000.0,0.064,0.2,110200000.0,179700000.0,0.233,179700000.0,110200000.0,52300000.0,0.1,0.11,0.1,2007700000.0,,2007700000.0,5754370124.0,12.0,7.654,-124900000.0,-0.591,1.0,219600000.0,0.285,59400000.0,57900000.0,9598000000.0,,163000000.0,307800000.0,2400000.0,305400000.0,5139700000.0,784300000.0,4355400000.0,2627870124.0,-80300000.0,4300000.0,900000.0,80000000.0,-42500000.0,38400000.0,-180800000.0,-100000.0,62100000.0,0.0,22000000.0,22000000.0,22000000.0,0.0,0.0,0.029,69500000.0,150100000.0,304400000.0,2.0,1.309,16.181,16.039,5221300000.0,0.0,12.35,0.779,0.771,285900000.0,322600000.0,770300000.0,770300000.0,0.0,,,,,1800000.0,0.0,1.0,212783006.0,211200000,210500000.0,3.647,7088000000.0,337300000.0,30300000.0,32400000.0,33.561,-18900000.0
30,TE,MRQ,2008-09-30,2008-09-30,2008-09-30,2019-04-23,-35200000.0,6975100000.0,,856000000.0,6119100000.0,,9.667,-136800000.0,100000000.0,100000000.0,670000000.0,58200000.0,1.21,2.416,3226500000.0,19900000.0,3206600000.0,3226500000.0,0.0,66700000.0,144200000.0,0.05,0.2,144200000.0,210900000.0,0.228,210900000.0,144200000.0,86800000.0,0.28,0.27,0.28,2041700000.0,,2041700000.0,6357595986.0,9.0,6.473,-49600000.0,-0.235,1.0,256100000.0,0.277,59400000.0,57400000.0,9334500000.0,,163200000.0,311600000.0,2500000.0,309100000.0,4933400000.0,707700000.0,4225700000.0,3317695986.0,-79300000.0,16800000.0,900000.0,7200000.0,-42600000.0,-34500000.0,-132000000.0,0.0,87200000.0,0.0,58200000.0,58200000.0,58200000.0,0.0,0.0,0.063,66700000.0,189400000.0,293200000.0,0.714,1.625,10.556,10.557,5083200000.0,0.0,15.73,0.958,0.959,340500000.0,348500000.0,926100000.0,926100000.0,0.0,,,,,1800000.0,0.0,1.0,210915193.0,211200000,212600000.0,4.385,6915700000.0,355500000.0,28600000.0,67600000.0,32.745,148300000.0
31,TE,MRQ,2008-06-30,2008-06-30,2008-06-30,2019-04-23,-30800000.0,7053600000.0,,981000000.0,6072600000.0,,9.637,-128800000.0,179300000.0,179300000.0,648000000.0,51400000.0,1.237,2.479,3219200000.0,7100000.0,3212100000.0,3219200000.0,0.0,64900000.0,142900000.0,0.037,0.2,129700000.0,194600000.0,0.219,194600000.0,129700000.0,73800000.0,0.24,0.24,0.24,2027700000.0,,2027700000.0,7494167498.0,10.0,7.239,-43300000.0,-0.206,1.0,239200000.0,0.27,59400000.0,55900000.0,9241300000.0,,161900000.0,461200000.0,145200000.0,316000000.0,5025900000.0,792800000.0,4233100000.0,4532567498.0,53700000.0,0.0,18700000.0,119100000.0,-42400000.0,95400000.0,-127200000.0,-100000.0,85500000.0,0.0,51400000.0,51400000.0,51400000.0,0.0,0.0,0.058,64900000.0,174300000.0,356600000.0,0.833,2.235,12.991,12.946,5009300000.0,0.0,21.49,1.285,1.282,330800000.0,332900000.0,887200000.0,887200000.0,0.0,,,,,3700000.0,0.0,1.0,210915193.0,210400000,212100000.0,4.217,6994200000.0,385000000.0,22400000.0,59600000.0,33.242,188200000.0
32,TE,MRQ,2008-03-31,2008-03-31,2008-03-31,2019-04-23,-34600000.0,6742400000.0,,734700000.0,6007700000.0,,9.504,-136900000.0,125600000.0,125600000.0,576900000.0,30800000.0,1.076,2.383,3087200000.0,25100000.0,3062100000.0,3087200000.0,0.0,65000000.0,141100000.0,0.049,0.195,101600000.0,166600000.0,0.21,166600000.0,101600000.0,43900000.0,0.15,0.15,0.15,1993000000.0,,1993000000.0,6384597328.0,8.0,5.955,16100000.0,0.077,1.0,214800000.0,0.271,59400000.0,57700000.0,8961800000.0,,146800000.0,350900000.0,74500000.0,276400000.0,4749400000.0,682800000.0,4066600000.0,3364097328.0,-44500000.0,-7300000.0,1300000.0,-104300000.0,-41100000.0,-144100000.0,-53400000.0,76300000.0,153000000.0,0.0,30800000.0,30800000.0,30800000.0,0.0,0.0,0.039,65900000.0,148900000.0,282200000.0,1.3,1.688,9.063,9.011,4952300000.0,0.0,15.95,0.959,0.954,309900000.0,323800000.0,791700000.0,791700000.0,0.0,,,,,2400000.0,0.0,1.0,210915193.0,209700000,210600000.0,3.775,6683000000.0,417000000.0,13100000.0,45900000.0,31.869,51900000.0
33,TE,MRQ,2007-12-31,2007-12-31,2007-12-31,2019-04-23,-17200000.0,6765200000.0,,782400000.0,5982800000.0,,9.619,-134800000.0,162600000.0,162600000.0,627300000.0,91700000.0,1.267,2.354,3190500000.0,32100000.0,3158400000.0,3190500000.0,0.0,65500000.0,138100000.0,0.045,0.195,344500000.0,410000000.0,0.478,410000000.0,344500000.0,283400000.0,0.82,0.82,0.82,2017000000.0,,2017000000.0,6968581575.0,8.0,6.065,5000000.0,0.024,1.0,231000000.0,0.269,59400000.0,61100000.0,9116100000.0,,154000000.0,300600000.0,300000.0,300300000.0,4748200000.0,617600000.0,4130600000.0,3607581575.0,26500000.0,371900000.0,4200000.0,-345200000.0,-41100000.0,-381900000.0,268600000.0,27300000.0,139800000.0,0.0,173900000.0,173900000.0,173900000.0,0.0,-82200000.0,0.203,-177000000.0,408000000.0,302100000.0,0.238,1.789,8.731,8.736,4888200000.0,0.0,17.21,1.02,1.018,374400000.0,334100000.0,858300000.0,858300000.0,0.0,,,,,1700000.0,0.0,1.0,209621242.0,209700000,210200000.0,4.093,6705800000.0,425600000.0,109500000.0,45400000.0,31.978,164800000.0
34,TE,MRQ,2007-09-30,2007-09-30,2007-09-30,2019-04-23,-26700000.0,7165200000.0,,1002500000.0,6162700000.0,,8.949,-87500000.0,173500000.0,173500000.0,708400000.0,92800000.0,1.351,2.833,3534500000.0,80100000.0,3454400000.0,3534500000.0,0.0,59800000.0,136800000.0,0.047,0.195,204300000.0,264100000.0,0.267,264100000.0,204300000.0,140400000.0,0.45,0.44,0.45,1869400000.0,,1869400000.0,6804377006.0,10.0,7.131,93000000.0,0.445,1.0,281600000.0,0.284,59400000.0,63900000.0,9724900000.0,,179100000.0,365300000.0,90400000.0,274900000.0,5295800000.0,741900000.0,4553900000.0,3444077006.0,-83800000.0,15300000.0,1400000.0,-196400000.0,-41100000.0,-224000000.0,-40300000.0,18500000.0,180500000.0,0.0,92800000.0,92800000.0,92800000.0,0.0,0.0,0.094,64700000.0,216900000.0,259700000.0,0.433,1.842,11.95,11.82,4815400000.0,0.0,16.43,0.983,0.98,356000000.0,201400000.0,990000000.0,990000000.0,0.0,,,,,2500000.0,0.0,1.0,209621242.0,208900000,209800000.0,4.739,7105800000.0,528900000.0,47600000.0,73400000.0,34.015,260600000.0
35,TE,MRQ,2007-06-30,2007-06-30,2007-06-30,2019-04-23,-24100000.0,7258700000.0,,1084500000.0,6174200000.0,,8.696,-137600000.0,257300000.0,257300000.0,630100000.0,73700000.0,1.236,2.996,3617600000.0,157500000.0,3460100000.0,3617600000.0,0.0,66800000.0,134400000.0,0.045,0.195,164700000.0,231500000.0,0.267,231500000.0,164700000.0,99000000.0,0.35,0.35,0.35,1816500000.0,,1816500000.0,6922092938.0,10.0,7.266,-62800000.0,-0.301,1.0,236400000.0,0.273,59400000.0,65700000.0,9681900000.0,,212500000.0,368500000.0,72600000.0,295900000.0,5442200000.0,877700000.0,4564500000.0,3601292938.0,-141700000.0,37600000.0,4800000.0,-105000000.0,-41000000.0,-115200000.0,-101300000.0,-2400000.0,74800000.0,0.0,73700000.0,73700000.0,73700000.0,0.0,0.0,0.085,80300000.0,156100000.0,259900000.0,0.557,1.983,13.091,13.015,4755800000.0,0.0,17.18,1.048,1.044,297200000.0,149600000.0,866500000.0,866500000.0,0.0,,,,,4900000.0,0.0,1.0,209621242.0,208900000,210000000.0,4.148,7199300000.0,574000000.0,25300000.0,69400000.0,34.463,206800000.0
36,TE,MRQ,2007-03-31,2007-03-31,2007-03-31,2019-04-23,-28200000.0,7298900000.0,,1208600000.0,6090300000.0,,8.481,-134500000.0,398900000.0,398900000.0,610900000.0,72800000.0,0.989,3.126,3719700000.0,508400000.0,3211300000.0,3719700000.0,0.0,71600000.0,132800000.0,0.044,0.19,171700000.0,243300000.0,0.296,243300000.0,171700000.0,104600000.0,0.35,0.35,0.35,1769200000.0,,1769200000.0,7028125726.0,11.0,7.386,24400000.0,0.117,1.0,210400000.0,0.256,59400000.0,67100000.0,9338400000.0,,189700000.0,362200000.0,84400000.0,277800000.0,5529700000.0,1221900000.0,4307800000.0,3607025726.0,-80000000.0,7900000.0,3600000.0,-69800000.0,-39800000.0,-84200000.0,-154700000.0,-43800000.0,158900000.0,0.0,72800000.0,72800000.0,72800000.0,0.0,0.0,0.089,74400000.0,136000000.0,267600000.0,0.543,2.039,13.668,13.551,4694500000.0,0.0,17.21,1.051,1.046,310200000.0,116900000.0,821300000.0,821300000.0,0.0,,,,,2500000.0,0.0,1.0,209588944.0,208600000,209600000.0,3.937,7239500000.0,580200000.0,31800000.0,56500000.0,34.705,-13300000.0
37,TE,MRQ,2006-12-31,2006-12-31,2006-12-31,2019-04-23,-30500000.0,7361800000.0,,1285700000.0,6076100000.0,,8.293,-154000000.0,478900000.0,478900000.0,601400000.0,48900000.0,0.952,3.258,3900000000.0,687400000.0,3212600000.0,3900000000.0,0.0,71200000.0,129500000.0,0.044,0.19,144100000.0,215300000.0,0.261,215300000.0,144100000.0,74900000.0,0.24,0.23,0.24,1729000000.0,,1729000000.0,6958318881.0,11.0,7.518,-105100000.0,-0.504,1.0,224800000.0,0.272,59400000.0,69200000.0,9373100000.0,,159600000.0,308100000.0,7100000.0,301000000.0,5632800000.0,1350400000.0,4282400000.0,3599318881.0,-120200000.0,58700000.0,6200000.0,-58200000.0,-39700000.0,-73500000.0,-95600000.0,-7800000.0,48900000.0,0.0,48900000.0,48900000.0,48900000.0,-500000.0,0.0,0.059,66200000.0,158600000.0,326500000.0,0.792,2.082,14.614,14.479,4766900000.0,0.0,17.23,1.044,1.039,338300000.0,83700000.0,826200000.0,826200000.0,0.0,,,,,2200000.0,0.0,1.0,208898368.0,208500000,209000000.0,3.963,7302400000.0,649000000.0,26000000.0,40000000.0,35.024,-64700000.0
38,TE,MRQ,2006-09-30,2006-09-30,2006-09-30,2019-04-23,-51400000.0,7398400000.0,,1452400000.0,5946000000.0,,8.137,-122500000.0,599100000.0,599100000.0,651600000.0,79700000.0,1.021,3.377,3958100000.0,639400000.0,3318700000.0,3958100000.0,0.0,70100000.0,125700000.0,0.049,0.19,192500000.0,262600000.0,0.285,262600000.0,192500000.0,122400000.0,0.38,0.39,0.38,1690100000.0,,1690100000.0,6728459459.0,10.0,7.215,117500000.0,0.566,1.0,271300000.0,0.294,59400000.0,70100000.0,9275500000.0,,162300000.0,302100000.0,6300000.0,295800000.0,5708300000.0,1422500000.0,4285800000.0,3269259459.0,94400000.0,13700000.0,2500000.0,-6000000.0,-39700000.0,-38700000.0,-106900000.0,0.0,240000000.0,0.0,79700000.0,79700000.0,79700000.0,0.0,0.0,0.086,65100000.0,206200000.0,299000000.0,0.5,1.934,13.108,13.042,4679400000.0,0.0,15.65,0.964,0.958,363600000.0,74600000.0,922900000.0,922900000.0,0.0,,,,,2300000.0,0.0,1.0,208898368.0,207700000,208600000.0,4.443,7339000000.0,703400000.0,42700000.0,94500000.0,35.335,29900000.0
39,TE,MRQ,2006-06-30,2006-06-30,2006-06-30,2019-04-23,-50000000.0,7246400000.0,,1321600000.0,5924800000.0,,7.927,-101000000.0,504600000.0,504600000.0,613100000.0,62500000.0,1.888,3.401,3963800000.0,7200000.0,3956600000.0,3963800000.0,0.0,70600000.0,120600000.0,0.051,0.19,159800000.0,230400000.0,0.267,230400000.0,159800000.0,89800000.0,0.3,0.3,0.3,1646500000.0,,1646500000.0,6553413080.0,10.0,6.947,-11300000.0,-0.054,1.0,249500000.0,0.289,59400000.0,70000000.0,9946100000.0,,164200000.0,324600000.0,14800000.0,309800000.0,5599900000.0,700100000.0,4899800000.0,3118913080.0,73900000.0,10100000.0,2200000.0,94200000.0,-39700000.0,74800000.0,-90600000.0,0.0,89700000.0,0.0,62500000.0,62500000.0,62500000.0,-1400000.0,0.0,0.072,59900000.0,189600000.0,293800000.0,0.633,1.894,11.801,11.672,4620200000.0,0.0,14.94,0.944,0.939,333500000.0,34500000.0,862600000.0,862600000.0,0.0,,,,,4300000.0,0.0,1.0,208762589.0,207700000,208600000.0,4.153,7187000000.0,728400000.0,27300000.0,76700000.0,34.603,621500000.0
40,TE,MRQ,2006-03-31,2006-03-31,2006-03-31,2019-04-23,-50700000.0,7099800000.0,,1191200000.0,5908600000.0,,7.794,-78200000.0,430700000.0,430700000.0,608300000.0,55200000.0,1.444,3.39,3865200000.0,157200000.0,3708000000.0,3865200000.0,0.0,70300000.0,118500000.0,0.047,0.19,146900000.0,217200000.0,0.26,217200000.0,146900000.0,77900000.0,0.27,0.26,0.27,1617200000.0,,1617200000.0,6906386177.0,10.0,7.206,110100000.0,0.531,1.0,228100000.0,0.273,59400000.0,69000000.0,9650000000.0,,149300000.0,307200000.0,10200000.0,297000000.0,5482600000.0,824900000.0,4657700000.0,3358286177.0,47800000.0,17900000.0,1600000.0,-68800000.0,-39600000.0,-81900000.0,-58600000.0,1100000.0,188300000.0,0.0,55200000.0,55200000.0,55200000.0,0.0,0.0,0.066,70300000.0,157800000.0,262700000.0,0.704,2.077,11.307,11.194,4584300000.0,0.0,16.12,1.062,1.058,323400000.0,-27900000.0,836400000.0,836400000.0,0.0,,,,,2700000.0,0.0,1.0,208330408.0,207500000,208700000.0,4.031,7040400000.0,748100000.0,22700000.0,66700000.0,33.93,366300000.0
41,TE,MRQ,2005-12-31,2005-12-31,2005-12-31,2019-04-23,-51100000.0,7170100000.0,,1249200000.0,5920900000.0,,7.715,-81500000.0,383300000.0,383300000.0,537100000.0,52000000.0,1.349,3.505,3931400000.0,222200000.0,3709200000.0,3931400000.0,0.0,71000000.0,115200000.0,0.044,0.19,151400000.0,222400000.0,0.289,222400000.0,151400000.0,82900000.0,0.25,0.26,0.25,1591700000.0,,1591700000.0,7000030188.0,11.0,7.389,-142600000.0,-0.691,1.0,232900000.0,0.302,59400000.0,68500000.0,9732900000.0,,153800000.0,374000000.0,64000000.0,310000000.0,5578400000.0,925900000.0,4652500000.0,3575530188.0,-8600000.0,40400000.0,-178500000.0,94900000.0,-39500000.0,74300000.0,-21800000.0,-3300000.0,-61100000.0,0.0,52000000.0,52000000.0,52000000.0,700000.0,0.0,0.068,74200000.0,158700000.0,354700000.0,0.76,2.246,13.026,12.917,4566900000.0,0.0,17.18,1.188,1.177,323300000.0,-83100000.0,770000000.0,770000000.0,0.0,,,,,1400000.0,0.0,1.0,208121664.0,206300000,208200000.0,3.732,7110700000.0,759900000.0,30900000.0,52200000.0,34.468,323300000.0
42,TE,MRQ,2005-09-30,2005-09-30,2005-09-30,2019-04-23,-43200000.0,7192000000.0,,1067300000.0,6124700000.0,,7.645,-71500000.0,411700000.0,411700000.0,596000000.0,94600000.0,1.657,3.542,3836200000.0,26800000.0,3809400000.0,3836200000.0,0.0,71200000.0,112800000.0,0.042,0.19,202100000.0,273300000.0,0.327,273300000.0,202100000.0,133800000.0,0.46,0.45,0.46,1583300000.0,,1583300000.0,7378892312.0,-47.0,57.738,111300000.0,0.537,1.0,240400000.0,0.287,59400000.0,68300000.0,9912900000.0,,154100000.0,451900000.0,136800000.0,315100000.0,5608700000.0,644200000.0,4964500000.0,3745592312.0,166100000.0,114800000.0,3800000.0,-42500000.0,-39500000.0,-59700000.0,43000000.0,0.0,182800000.0,0.0,94600000.0,94600000.0,94600000.0,-200000.0,0.0,0.113,71200000.0,169200000.0,348100000.0,0.413,2.366,-14.129,-12.514,4550200000.0,0.0,18.02,1.293,1.288,336400000.0,-135100000.0,836400000.0,836400000.0,0.0,,,,,300000.0,0.0,1.0,207857509.0,207100000,209300000.0,4.039,7132600000.0,715400000.0,39200000.0,88000000.0,34.44,423100000.0
43,TE,MRQ,2005-06-30,2005-06-30,2005-06-30,2019-04-23,-43300000.0,6812800000.0,,762900000.0,6049900000.0,,7.347,-79800000.0,245300000.0,245300000.0,490900000.0,95200000.0,1.401,3.486,3878600000.0,75500000.0,3803100000.0,3878600000.0,0.0,69900000.0,110100000.0,0.04,0.19,175600000.0,245500000.0,0.341,245500000.0,175600000.0,99200000.0,0.46,0.44,0.46,1518700000.0,,1518700000.0,7501970110.0,-34.0,120.417,-122800000.0,-0.594,1.0,228100000.0,0.317,59400000.0,76400000.0,9842300000.0,,143800000.0,307800000.0,24000000.0,283800000.0,5294100000.0,544400000.0,4749700000.0,3913970110.0,-124400000.0,94100000.0,6600000.0,-92200000.0,-39400000.0,-99500000.0,18100000.0,0.0,-43000000.0,0.0,95200000.0,95200000.0,95200000.0,-82800000.0,0.0,0.132,69900000.0,158200000.0,247900000.0,0.413,2.577,-12.293,-11.189,4548800000.0,0.0,18.91,1.419,1.417,307400000.0,-229800000.0,719000000.0,719000000.0,0.0,,,,,3000000.0,0.0,1.0,206978853.0,206700000,208900000.0,3.478,6753400000.0,804900000.0,4000000.0,74100000.0,32.672,218500000.0
44,TE,MRQ,2005-03-31,2005-03-31,2005-03-31,2019-04-23,-42900000.0,9719300000.0,,1018400000.0,8700900000.0,,7.126,-62500000.0,369700000.0,369700000.0,473700000.0,32700000.0,0.45,5.65,3957700000.0,89600000.0,3868100000.0,3957700000.0,0.0,70100000.0,108600000.0,0.048,0.19,136000000.0,206100000.0,0.301,206100000.0,136000000.0,60500000.0,0.16,0.16,0.16,1461600000.0,,1461600000.0,7098842852.0,-16.0,-47.168,35900000.0,0.175,1.0,211000000.0,0.308,59400000.0,75500000.0,10984500000.0,,137200000.0,310400000.0,40500000.0,269900000.0,8257700000.0,2263400000.0,5994300000.0,3244042852.0,215900000.0,29000000.0,184300000.0,-42400000.0,-39300000.0,122500000.0,-5000000.0,4200000.0,98400000.0,0.0,32700000.0,32700000.0,32700000.0,18800000.0,0.0,0.048,70100000.0,140900000.0,251100000.0,1.188,2.22,-6.217,-5.765,4556200000.0,0.0,15.68,1.198,1.188,300400000.0,-324900000.0,684700000.0,684700000.0,0.0,,,,,800000.0,0.0,1.0,206890488.0,205100000,206000000.0,3.338,9659900000.0,1362400000.0,27800000.0,593800000.0,47.098,-1245000000.0
45,TE,MRQ,2004-12-31,2004-12-31,2004-12-31,2019-04-23,-43800000.0,8972400000.0,,784700000.0,8187700000.0,,6.666,-100900000.0,153800000.0,153800000.0,482900000.0,-487600000.0,0.35,5.988,4008600000.0,128600000.0,3880000000.0,4008600000.0,0.0,72200000.0,105800000.0,0.05,0.19,-669300000.0,-597100000.0,-0.91,-597100000.0,-669300000.0,-747200000.0,-2.52,-2.52,-2.52,1283900000.0,,1283900000.0,6945371739.0,-15.0,-37.624,-124000000.0,-0.644,1.0,173500000.0,0.264,59400000.0,77900000.0,10522900000.0,,120800000.0,274800000.0,3800000.0,271000000.0,7688500000.0,2244900000.0,5443600000.0,3064971739.0,-5800000.0,162500000.0,2200000.0,-37300000.0,-37900000.0,-59500000.0,76800000.0,7700000.0,-23100000.0,0.0,-487600000.0,-487600000.0,-487600000.0,136500000.0,0.0,-0.743,694400000.0,-520900000.0,257800000.0,-0.075,2.387,-5.552,-5.348,4657900000.0,0.0,15.35,1.161,1.12,286800000.0,-357600000.0,656400000.0,656400000.0,0.0,,,,,3400000.0,0.0,1.0,199672426.0,192600000,192600000.0,3.408,8913000000.0,875000000.0,-259600000.0,56300000.0,46.277,-1460200000.0
46,TE,MRQ,2004-09-30,2004-09-30,2004-09-30,2019-04-23,-47800000.0,10132900000.0,,961900000.0,9171000000.0,,9.278,-48400000.0,159700000.0,159700000.0,492300000.0,41300000.0,0.436,4.627,4040100000.0,38200000.0,4001900000.0,4040100000.0,0.0,71800000.0,104000000.0,0.056,0.19,136000000.0,207800000.0,0.298,207800000.0,136000000.0,60800000.0,0.21,0.21,0.21,1800800000.0,,1800800000.0,6735336662.0,-13.0,-35.58,54300000.0,0.28,1.0,205800000.0,0.295,71200000.0,75200000.0,11737000000.0,,146200000.0,285800000.0,19500000.0,266300000.0,8332100000.0,2205100000.0,6127000000.0,2551036662.0,16900000.0,45700000.0,1500000.0,-16200000.0,-35800000.0,-56300000.0,-29500000.0,4200000.0,102700000.0,0.0,41300000.0,41300000.0,41300000.0,4500000.0,0.0,0.059,68100000.0,137700000.0,256400000.0,0.905,1.417,-2.983,-2.86,5501300000.0,0.0,13.53,1.046,1.076,324000000.0,167900000.0,698100000.0,698100000.0,0.0,,,,,3400000.0,0.0,1.0,188546686.0,194100000,194400000.0,3.597,10061700000.0,967700000.0,19500000.0,650800000.0,51.838,-1243200000.0
47,TE,MRQ,2004-06-30,2004-06-30,2004-06-30,2019-04-23,-52400000.0,10093100000.0,,874800000.0,9218300000.0,,8.048,-64400000.0,135100000.0,135100000.0,454700000.0,-108200000.0,0.388,5.66,4319400000.0,43900000.0,4275500000.0,4319400000.0,0.0,73500000.0,104400000.0,0.063,0.19,-40800000.0,32700000.0,0.049,32700000.0,-40800000.0,-123400000.0,-0.57,-0.57,-0.57,1515400000.0,,1515400000.0,6454275472.0,-11.0,-27.977,-57100000.0,-0.303,1.0,214200000.0,0.32,71200000.0,82600000.0,11951600000.0,,156100000.0,274800000.0,15400000.0,259400000.0,8577700000.0,2254600000.0,6323100000.0,2258575472.0,-22000000.0,31700000.0,1700000.0,-26100000.0,-35800000.0,-43600000.0,14300000.0,4400000.0,7300000.0,0.0,-108200000.0,-108200000.0,-108200000.0,26300000.0,0.0,-0.162,70100000.0,144100000.0,299400000.0,-0.333,1.49,-2.466,-2.374,5521900000.0,0.0,11.99,0.903,0.903,331400000.0,162400000.0,668900000.0,668900000.0,0.0,,,,,3100000.0,0.0,1.0,188371599.0,188300000,188300000.0,3.552,10021900000.0,1000300000.0,-15200000.0,605300000.0,53.223,-1379800000.0
48,TE,MRQ,2004-03-31,2004-03-31,2004-03-31,2019-04-23,-59300000.0,10225600000.0,,782400000.0,9443200000.0,,8.751,-59500000.0,144400000.0,144400000.0,423500000.0,2500000.0,0.353,5.215,4340100000.0,66100000.0,4274000000.0,4340100000.0,0.0,72100000.0,103400000.0,0.052,0.19,99900000.0,172000000.0,0.279,172000000.0,99900000.0,12700000.0,0.01,0.01,0.01,1645200000.0,,1645200000.0,6406013797.0,-11.0,-29.893,-6800000.0,-0.036,1.0,192500000.0,0.313,71200000.0,87200000.0,12134100000.0,,157100000.0,481500000.0,19400000.0,462100000.0,8580400000.0,2216000000.0,6364400000.0,2753013797.0,-600000.0,86900000.0,4800000.0,-67900000.0,-35700000.0,-82100000.0,28800000.0,8400000.0,52700000.0,0.0,2500000.0,2500000.0,2500000.0,29200000.0,0.0,0.004,75500000.0,117000000.0,290800000.0,19.0,1.673,-3.027,-2.891,5532400000.0,0.0,14.63,1.089,1.088,271900000.0,306400000.0,616000000.0,616000000.0,0.0,,,,,3700000.0,0.0,1.0,188175926.0,188000000,188600000.0,3.277,10154400000.0,1015700000.0,10200000.0,592800000.0,54.013,-1433600000.0
49,TE,MRQ,2003-12-31,2003-12-31,2003-12-31,2019-04-23,-55800000.0,10462300000.0,,869800000.0,9592500000.0,,9.326,-130100000.0,159600000.0,159600000.0,288100000.0,-790700000.0,0.387,5.236,4461700000.0,69100000.0,4392600000.0,4461700000.0,0.0,101400000.0,101400000.0,0.064,0.19,-703200000.0,-601800000.0,-1.318,-601800000.0,-703200000.0,-789000000.0,-4.38,-4.37,-4.38,1677700000.0,,1677700000.0,8446770219.0,-13.0,-30.297,-88700000.0,-0.493,1.0,168600000.0,0.369,71200000.0,85800000.0,12446000000.0,,170700000.0,381100000.0,21100000.0,360000000.0,8784600000.0,2247200000.0,6537400000.0,2706470219.0,-301000000.0,128500000.0,800000.0,-365100000.0,-35700000.0,-366600000.0,24200000.0,4300000.0,41400000.0,0.0,-790700000.0,-790700000.0,-790700000.0,902100000.0,0.0,-1.731,22400000.0,146200000.0,313800000.0,-0.043,1.613,-2.976,-2.853,5679000000.0,0.0,14.41,1.056,1.011,280400000.0,339500000.0,456700000.0,456700000.0,0.0,,,,,5700000.0,0.0,1.0,187818891.0,179900000,180200000.0,2.539,10391100000.0,1051500000.0,1700000.0,670700000.0,57.76,-1377400000.0
50,TE,MRQ,2003-09-30,2003-09-30,2003-09-30,2019-04-23,-86700000.0,11098600000.0,,1360700000.0,9737900000.0,,13.936,-149800000.0,523100000.0,523100000.0,502000000.0,-19500000.0,0.531,3.437,6263400000.0,1845700000.0,4417700000.0,6263400000.0,0.0,104400000.0,99000000.0,0.079,0.19,62000000.0,166400000.0,0.219,166400000.0,62000000.0,-29500000.0,-0.11,-0.11,-0.11,2501500000.0,,2501500000.0,8485665898.0,102.0,19.409,66100000.0,0.368,1.0,257100000.0,0.339,111500000.0,91500000.0,14163500000.0,,193700000.0,1075300000.0,28400000.0,1046900000.0,8597100000.0,2563900000.0,6033200000.0,2441565898.0,141300000.0,18300000.0,131200000.0,-35900000.0,-33500000.0,56800000.0,-131400000.0,29800000.0,215900000.0,0.0,-19500000.0,-19500000.0,-19500000.0,20900000.0,0.0,-0.026,97900000.0,159200000.0,421000000.0,-1.727,0.976,-35.591,-33.707,7716600000.0,0.0,13.82,0.937,0.952,546800000.0,1200300000.0,759100000.0,759100000.0,0.0,,,,,4100000.0,0.0,1.0,176669023.0,179500000,179800000.0,4.229,10987100000.0,507500000.0,-10000000.0,607900000.0,61.209,-1203200000.0
51,TE,MRQ,2003-06-30,2003-06-30,2003-06-30,2019-04-23,-94500000.0,11151800000.0,,1297400000.0,9854400000.0,,13.468,-208500000.0,359300000.0,359300000.0,455600000.0,-101900000.0,1.071,3.691,6403400000.0,465700000.0,5937700000.0,6403400000.0,0.0,96400000.0,99000000.0,0.105,0.19,-47300000.0,49100000.0,0.071,49100000.0,-47300000.0,-122100000.0,-0.58,-0.58,-0.58,2377100000.0,,2377100000.0,5521935464.0,29.0,10.791,-226500000.0,-1.283,1.0,239700000.0,0.345,106600000.0,74800000.0,15877500000.0,,219500000.0,1109800000.0,68000000.0,1041800000.0,8774700000.0,1211800000.0,7562900000.0,2116335464.0,-129700000.0,25800000.0,2000000.0,215300000.0,-33600000.0,145100000.0,-256800000.0,-22400000.0,-18000000.0,0.0,-101900000.0,-101900000.0,-101900000.0,106900000.0,0.0,-0.147,177800000.0,61900000.0,363500000.0,-0.328,0.89,30.32,26.065,7858700000.0,0.0,11.99,0.822,0.822,547500000.0,1218800000.0,695300000.0,695300000.0,0.0,,,,,4100000.0,0.0,1.0,176508379.0,176500000,176500000.0,3.939,11045200000.0,482800000.0,-20200000.0,590600000.0,62.579,85600000.0
52,TE,MRQ,2003-03-31,2003-03-31,2003-03-31,2019-04-23,-50100000.0,8637100000.0,,1232600000.0,7404500000.0,,14.497,-102200000.0,399200000.0,399200000.0,420000000.0,2700000.0,1.056,2.387,3804800000.0,486300000.0,3318500000.0,3804800000.0,0.0,79800000.0,96900000.0,0.134,0.355,27700000.0,107500000.0,0.165,107500000.0,27700000.0,-36700000.0,0.02,0.02,0.02,2550000000.0,,2550000000.0,5270610937.0,15.0,7.972,-30200000.0,-0.172,1.0,231800000.0,0.356,201700000.0,64400000.0,10674300000.0,,203600000.0,1231500000.0,80300000.0,1151200000.0,6087100000.0,1166700000.0,4920400000.0,1871410937.0,-13500000.0,123900000.0,2600000.0,-8700000.0,-62400000.0,-73600000.0,-11900000.0,-44100000.0,72000000.0,0.0,2700000.0,2700000.0,2700000.0,-24100000.0,0.0,0.004,179500000.0,52300000.0,398200000.0,17.75,0.734,7.27,6.521,5390500000.0,0.0,10.63,0.732,0.732,480300000.0,1354100000.0,651800000.0,651800000.0,0.0,,,,,4400000.0,0.0,1.0,176049947.0,175900000,175900000.0,3.706,8435400000.0,335900000.0,-39400000.0,553700000.0,47.956,65900000.0
53,TE,MRQ,2002-12-31,2002-12-31,2002-12-31,2019-04-23,-41200000.0,9078400000.0,,1323200000.0,7755200000.0,,17.048,-273400000.0,412700000.0,412700000.0,317300000.0,50100000.0,1.193,2.476,3811900000.0,487600000.0,3324300000.0,3811900000.0,0.0,73400000.0,94600000.0,0.091,0.355,40800000.0,114200000.0,0.228,114200000.0,40800000.0,100000.0,0.26,0.26,0.26,2611700000.0,,2611700000.0,6053257311.0,14.0,8.118,-117100000.0,-0.764,1.0,183300000.0,0.366,193700000.0,40700000.0,11174700000.0,,209800000.0,1007000000.0,12500000.0,994500000.0,6466700000.0,1109200000.0,5357500000.0,2717257311.0,223600000.0,103200000.0,209700000.0,275800000.0,-62400000.0,417900000.0,-350600000.0,-183900000.0,156300000.0,0.0,50100000.0,50100000.0,50100000.0,-43000000.0,0.0,0.1,80900000.0,102400000.0,377400000.0,1.365,1.04,8.232,7.195,5904600000.0,0.0,15.47,1.082,0.944,657800000.0,1413700000.0,500600000.0,500600000.0,0.0,,,,,5200000.0,0.0,1.0,175646885.0,153200000,153300000.0,3.268,8884700000.0,340200000.0,-50000000.0,618400000.0,57.994,214000000.0
54,TE,MRQ,2002-09-30,2002-09-30,2002-09-30,2019-04-23,-26000000.0,8059900000.0,,1018900000.0,7041000000.0,,15.511,-213000000.0,189000000.0,189000000.0,446000000.0,118900000.0,0.877,2.329,3525000000.0,569200000.0,2955800000.0,3525000000.0,0.0,74900000.0,93200000.0,0.088,0.355,166000000.0,240900000.0,0.332,240900000.0,166000000.0,125800000.0,0.76,0.76,0.76,2421200000.0,,2421200000.0,5530090389.0,11.0,6.976,-36000000.0,-0.231,1.0,279600000.0,0.385,192300000.0,40200000.0,10042000000.0,,205000000.0,842600000.0,0.0,842600000.0,5638700000.0,1161600000.0,4477100000.0,2478490389.0,47300000.0,-1300000.0,2800000.0,181500000.0,-55400000.0,270100000.0,-399800000.0,-195000000.0,177000000.0,0.0,118900000.0,118900000.0,118900000.0,-8300000.0,0.0,0.164,78100000.0,201500000.0,314200000.0,0.467,1.024,7.188,6.729,5391900000.0,0.0,15.88,0.983,0.983,586500000.0,1425600000.0,725600000.0,725600000.0,0.0,,,,,2000000.0,0.0,1.0,156076221.0,156100000,156100000.0,4.648,7867600000.0,301300000.0,6900000.0,636700000.0,50.401,-142700000.0
55,TE,MRQ,2002-06-30,2002-06-30,2002-06-30,2019-04-23,-18200000.0,7768500000.0,,1079300000.0,6689200000.0,,16.338,-262100000.0,288000000.0,288000000.0,434900000.0,85700000.0,0.724,2.297,3339600000.0,916600000.0,2423000000.0,3339600000.0,0.0,76900000.0,89300000.0,0.056,0.355,121600000.0,198500000.0,0.293,198500000.0,121600000.0,80000000.0,0.59,0.59,0.59,2355900000.0,,2355900000.0,6558122913.0,14.0,8.53,-143300000.0,-0.994,1.0,242800000.0,0.358,193300000.0,41600000.0,9136600000.0,,203300000.0,658300000.0,0.0,658300000.0,5412600000.0,1490200000.0,3922400000.0,3475222913.0,57300000.0,-8100000.0,355600000.0,174600000.0,-49800000.0,329100000.0,-390600000.0,-128300000.0,118800000.0,0.0,85700000.0,85700000.0,85700000.0,-4800000.0,0.0,0.126,76900000.0,165900000.0,316000000.0,0.602,1.475,10.753,10.668,5256800000.0,0.0,24.75,1.416,1.454,552300000.0,1361800000.0,677700000.0,677700000.0,0.0,,,,,2200000.0,0.0,1.0,140413047.0,144200000,144700000.0,4.7,7575200000.0,284400000.0,-5700000.0,631200000.0,52.533,-410900000.0
56,TE,MRQ,2002-03-31,2002-03-31,2002-03-31,2019-04-23,-9700000.0,7215000000.0,,818500000.0,6396500000.0,,27.443,-316700000.0,84400000.0,84400000.0,375900000.0,75400000.0,0.428,0.882,3167300000.0,1359000000.0,1808300000.0,3167300000.0,0.0,78000000.0,87600000.0,0.048,0.345,114100000.0,192100000.0,0.317,192100000.0,114100000.0,67300000.0,0.54,0.54,0.54,3833800000.0,,3833800000.0,7151106402.0,15.0,9.359,-113100000.0,-0.81,1.0,230700000.0,0.38,167200000.0,46800000.0,8217700000.0,,196100000.0,557100000.0,0.0,557100000.0,3381200000.0,1913000000.0,1468200000.0,4001106402.0,-25600000.0,-400000.0,4500000.0,-101600000.0,-48200000.0,290300000.0,-519500000.0,-208400000.0,203600000.0,0.0,75400000.0,75400000.0,75400000.0,-5500000.0,0.0,0.124,78000000.0,152700000.0,311400000.0,0.639,1.044,12.932,12.668,5072900000.0,0.0,28.63,1.654,1.654,504000000.0,1325600000.0,606600000.0,606600000.0,0.0,,,,,4500000.0,0.0,1.0,139752232.0,139700000,140300000.0,4.342,7047800000.0,241900000.0,-8100000.0,603000000.0,50.45,-1094500000.0
57,TE,MRQ,2001-12-31,2001-12-31,2001-12-31,2019-04-23,-22400000.0,6763400000.0,,776300000.0,5987100000.0,,14.659,-254700000.0,110100000.0,110100000.0,326300000.0,64800000.0,0.404,2.43,3270200000.0,1427700000.0,1842500000.0,3270200000.0,0.0,75200000.0,86300000.0,0.052,0.345,86000000.0,161200000.0,0.316,161200000.0,86000000.0,42200000.0,0.47,0.48,0.47,1971600000.0,,1971600000.0,6623421887.0,14.0,8.753,-150900000.0,-1.122,1.0,184400000.0,0.361,165800000.0,43800000.0,7835500000.0,,170500000.0,383300000.0,0.0,383300000.0,4791800000.0,1922200000.0,2869600000.0,3661721887.0,32400000.0,7500000.0,95800000.0,232100000.0,-48100000.0,279800000.0,-351200000.0,-107600000.0,103800000.0,0.0,64800000.0,64800000.0,64800000.0,-31700000.0,0.0,0.127,70300000.0,114100000.0,267400000.0,0.734,1.857,12.057,11.611,4838200000.0,0.0,26.24,1.475,1.421,451300000.0,1298000000.0,510700000.0,510700000.0,0.0,,,,,1300000.0,0.0,1.0,139547328.0,134500000,135400000.0,3.797,6597600000.0,242000000.0,-22600000.0,602700000.0,49.053,-1145900000.0
58,TE,MRQ,2001-09-30,2001-09-30,2001-09-30,2019-04-23,0.0,6243900000.0,,652300000.0,5591600000.0,,13.784,-280900000.0,77800000.0,77800000.0,395100000.0,97300000.0,0.48,2.331,3039500000.0,879500000.0,2160000000.0,3039500000.0,0.0,66800000.0,85100000.0,0.05,0.345,150200000.0,217000000.0,0.329,217000000.0,150200000.0,107000000.0,0.72,0.71,0.72,1874600000.0,,1874600000.0,6474451889.0,13.0,8.541,-114300000.0,-0.84,1.0,264500000.0,0.401,0.0,43200000.0,7845800000.0,,180700000.0,368800000.0,0.0,368800000.0,4369300000.0,1359800000.0,3009500000.0,3683651889.0,4200000.0,-6000000.0,3100000.0,176200000.0,-46900000.0,132400000.0,-294800000.0,-10600000.0,166600000.0,0.0,97300000.0,97300000.0,97300000.0,-6500000.0,0.0,0.148,71700000.0,192800000.0,215000000.0,0.479,1.965,12.411,12.044,4666900000.0,0.0,27.1,1.475,1.476,361600000.0,,659600000.0,659600000.0,0.0,,,,,2700000.0,0.0,1.0,135928114.0,136000000,136900000.0,4.85,6243900000.0,121800000.0,9700000.0,551300000.0,45.911,-707500000.0
59,TE,MRQ,2001-06-30,2001-06-30,2001-06-30,2019-04-23,0.0,5982500000.0,,637300000.0,5345200000.0,,13.382,-229600000.0,73500000.0,73500000.0,400100000.0,71900000.0,0.488,2.294,2864300000.0,847800000.0,2016500000.0,2864300000.0,0.0,73100000.0,83800000.0,0.044,0.345,120700000.0,193800000.0,0.302,193800000.0,120700000.0,74400000.0,0.53,0.52,0.53,1816000000.0,,1816000000.0,6830827524.0,15.0,9.203,-132500000.0,-0.976,1.0,241700000.0,0.377,0.0,46300000.0,7467800000.0,,189300000.0,345900000.0,0.0,345900000.0,4166500000.0,1305500000.0,2861000000.0,4138527524.0,15100000.0,32100000.0,12600000.0,115900000.0,-46800000.0,81700000.0,-163700000.0,32000000.0,97100000.0,0.0,71900000.0,71900000.0,71900000.0,0.0,0.0,0.112,73100000.0,168600000.0,231200000.0,0.651,2.279,14.702,13.991,4441300000.0,0.0,30.5,1.688,1.688,352700000.0,,641800000.0,641800000.0,0.0,,,,,3800000.0,0.0,1.0,135689427.0,135700000,136900000.0,4.73,5982500000.0,123300000.0,2500000.0,536000000.0,44.086,-668200000.0
60,TE,MRQ,2001-03-31,2001-03-31,2001-03-31,2019-04-23,0.0,5856000000.0,,603500000.0,5252500000.0,,13.805,-200700000.0,58500000.0,58500000.0,429300000.0,69700000.0,0.333,2.299,2750800000.0,1377100000.0,1373700000.0,2750800000.0,0.0,69500000.0,83400000.0,0.045,0.335,115200000.0,184700000.0,0.275,184700000.0,115200000.0,70000000.0,0.54,0.53,0.54,1775300000.0,,1775300000.0,6771342540.0,15.0,9.432,-65500000.0,-0.509,1.0,241900000.0,0.36,0.0,45200000.0,6736700000.0,,156500000.0,381200000.0,0.0,381200000.0,4080700000.0,1811600000.0,2269100000.0,4050142540.0,-41400000.0,-278600000.0,236900000.0,-74800000.0,-42400000.0,119700000.0,-296300000.0,181900000.0,135200000.0,0.0,69700000.0,69700000.0,69700000.0,0.0,0.0,0.104,69500000.0,172400000.0,239800000.0,0.62,2.281,15.163,14.199,4298000000.0,0.0,29.96,1.709,1.626,374400000.0,,671200000.0,671200000.0,0.0,,,,,1900000.0,0.0,1.0,135184998.0,128600000,129800000.0,5.219,5856000000.0,117900000.0,300000.0,554700000.0,45.537,-1208100000.0
61,TE,MRQ,2000-12-31,2000-12-31,2000-12-31,2019-04-23,0.0,5734300000.0,,849900000.0,4884400000.0,,11.969,-266500000.0,99600000.0,99600000.0,142400000.0,57900000.0,0.447,2.805,2820800000.0,1446200000.0,1374600000.0,2820800000.0,0.0,63200000.0,82400000.0,0.041,0.335,99300000.0,162500000.0,0.31,162500000.0,99300000.0,56200000.0,0.46,0.44,0.46,1506900000.0,,1506900000.0,6575853822.0,15.0,9.326,-213500000.0,-1.696,1.0,382000000.0,0.728,93100000.0,43100000.0,6462600000.0,,144500000.0,378800000.0,0.0,378800000.0,4227400000.0,1899800000.0,2327600000.0,4077853822.0,73200000.0,34700000.0,9700000.0,297100000.0,-42200000.0,464600000.0,-444400000.0,-213000000.0,53000000.0,0.0,57900000.0,57900000.0,57900000.0,-23400000.0,0.0,0.11,63200000.0,318800000.0,274800000.0,0.728,2.706,16.253,16.271,3970100000.0,0.0,32.38,1.834,1.834,583400000.0,,524400000.0,524400000.0,0.0,,,,,2400000.0,0.0,1.0,125937425.0,125900000,126300000.0,4.165,5641200000.0,174400000.0,-1700000.0,604700000.0,44.807,-1049900000.0
62,TE,MRQ,2000-09-30,2000-09-30,2000-09-30,2019-04-23,0.0,5170100000.0,,576200000.0,4593900000.0,,11.771,-105300000.0,26400000.0,26400000.0,424900000.0,82000000.0,0.344,2.497,2524400000.0,1164600000.0,1359800000.0,2524400000.0,0.0,68800000.0,81500000.0,0.046,0.335,132400000.0,201200000.0,0.327,201200000.0,132400000.0,83600000.0,0.65,0.65,0.65,1478400000.0,,1478400000.0,5992089885.0,14.0,8.697,33000000.0,0.263,1.0,189800000.0,0.309,0.0,48800000.0,5994300000.0,,150000000.0,376200000.0,0.0,376200000.0,3691700000.0,1673800000.0,2017900000.0,3611789885.0,-1300000.0,-11200000.0,3500000.0,116800000.0,-42100000.0,78200000.0,-217800000.0,-101800000.0,138300000.0,0.0,82000000.0,82000000.0,82000000.0,0.0,0.0,0.133,68800000.0,121000000.0,247200000.0,0.515,2.443,15.324,15.468,3817300000.0,0.0,28.77,1.654,1.655,371700000.0,,614700000.0,614700000.0,0.0,,,,,2000000.0,0.0,1.0,125540142.0,125600000,126100000.0,4.894,5170100000.0,118400000.0,1600000.0,627800000.0,41.163,-1097600000.0
63,TE,MRQ,2000-06-30,2000-06-30,2000-06-30,2019-04-23,0.0,4932900000.0,,542900000.0,4390000000.0,,11.385,-172000000.0,27700000.0,27700000.0,395800000.0,57500000.0,0.345,2.458,2408000000.0,1193500000.0,1214500000.0,2408000000.0,0.0,64000000.0,81400000.0,0.065,0.335,105500000.0,169500000.0,0.303,169500000.0,105500000.0,66200000.0,0.46,0.46,0.46,1426600000.0,,1426600000.0,4768953792.0,12.0,7.254,-84200000.0,-0.672,1.0,163700000.0,0.293,0.0,39300000.0,5740400000.0,,184400000.0,244300000.0,0.0,244300000.0,3506300000.0,1572800000.0,1933500000.0,2513053792.0,6000000.0,-1100000.0,1700000.0,130000000.0,-42000000.0,89700000.0,-171500000.0,700000.0,87800000.0,0.0,57500000.0,57500000.0,57500000.0,0.0,0.0,0.103,64000000.0,99700000.0,200800000.0,0.728,1.762,12.822,13.111,3819600000.0,0.0,20.06,1.183,1.183,302900000.0,,559500000.0,559500000.0,0.0,,,,,2400000.0,0.0,1.0,125276859.0,125300000,125400000.0,4.465,4932900000.0,111200000.0,8700000.0,632300000.0,39.369,-1029900000.0
64,TE,MRQ,2000-03-31,2000-03-31,2000-03-31,2019-04-23,0.0,4771000000.0,,485700000.0,4285300000.0,,11.146,-144600000.0,21700000.0,21700000.0,354400000.0,53500000.0,0.338,2.392,2277600000.0,1062500000.0,1215100000.0,2277600000.0,0.0,62000000.0,81200000.0,0.067,0.325,109900000.0,171900000.0,0.328,171900000.0,109900000.0,74200000.0,0.42,0.42,0.42,1406600000.0,,1406600000.0,4532863713.0,11.0,7.014,-37400000.0,-0.296,1.0,170100000.0,0.324,0.0,35700000.0,5590000000.0,,181200000.0,244000000.0,0.0,244000000.0,3364400000.0,1436900000.0,1927500000.0,2453063713.0,-75800000.0,-52700000.0,-26500000.0,100700000.0,-41100000.0,33100000.0,-216100000.0,-19300000.0,107200000.0,0.0,53500000.0,53500000.0,53500000.0,0.0,0.0,0.102,62000000.0,108100000.0,191100000.0,0.774,1.744,12.884,13.315,3710900000.0,0.0,19.44,1.192,1.193,263000000.0,,524500000.0,524500000.0,0.0,,,,,2400000.0,0.0,1.0,126186405.0,126200000,126200000.0,4.156,4771000000.0,108900000.0,20700000.0,632800000.0,37.805,-951200000.0
65,TE,MRQ,1999-12-31,1999-12-31,1999-12-31,2019-04-23,0.0,4690100000.0,,531800000.0,4158300000.0,,11.077,-172700000.0,97500000.0,97500000.0,339200000.0,42700000.0,0.402,2.308,2177300000.0,969500000.0,1207800000.0,2177300000.0,0.0,59200000.0,80700000.0,0.069,0.325,87200000.0,146400000.0,0.302,146400000.0,87200000.0,54600000.0,0.33,0.34,0.33,1417800000.0,,1417800000.0,4165855938.0,10.0,6.623,-88500000.0,-0.691,1.0,146100000.0,0.301,0.0,32600000.0,5448300000.0,,153500000.0,220500000.0,0.0,220500000.0,3272300000.0,1321600000.0,1950700000.0,2402555938.0,87600000.0,-30100000.0,-101200000.0,348800000.0,-42100000.0,205500000.0,-202100000.0,-1300000.0,84200000.0,0.0,42700000.0,42700000.0,42700000.0,0.0,0.0,0.088,63000000.0,83100000.0,218100000.0,0.985,1.695,12.91,13.07,3627800000.0,0.0,18.56,1.214,1.229,261900000.0,,485300000.0,485300000.0,0.0,,,,,2500000.0,0.0,1.0,129448057.0,128000000,128200000.0,3.791,4690100000.0,106800000.0,11900000.0,601300000.0,36.641,-789800000.0
66,TE,MRQ,1999-09-30,1999-09-30,1999-09-30,2019-04-23,0.0,4353600000.0,,438300000.0,3915300000.0,,11.518,-86500000.0,9900000.0,9900000.0,359000000.0,42300000.0,0.505,1.866,1773200000.0,504400000.0,1268800000.0,1773200000.0,0.0,58100000.0,79700000.0,0.06,0.325,111500000.0,169600000.0,0.305,169600000.0,111500000.0,74100000.0,0.32,0.32,0.32,1519200000.0,,1519200000.0,4531062169.0,12.0,7.451,32700000.0,0.248,1.0,196900000.0,0.354,0.0,37400000.0,5249200000.0,,145900000.0,265600000.0,0.0,265600000.0,2834400000.0,867700000.0,1966700000.0,2790862169.0,-9500000.0,-2900000.0,-13400000.0,13600000.0,-42800000.0,-42600000.0,-86100000.0,2700000.0,119200000.0,0.0,42300000.0,42300000.0,42300000.0,700000.0,0.0,0.076,58100000.0,138800000.0,166700000.0,1.016,1.837,16.593,16.508,3389300000.0,0.0,21.13,1.419,1.417,266700000.0,,555900000.0,555900000.0,0.0,,,,,2300000.0,0.0,1.0,132080557.0,131900000,132000000.0,4.215,4353600000.0,104700000.0,31800000.0,647700000.0,33.007,-429400000.0
67,TE,MRQ,1999-06-30,1999-06-30,1999-06-30,2019-04-23,0.0,4328000000.0,,446000000.0,3882000000.0,,-0.451,-90900000.0,19400000.0,19400000.0,333600000.0,51900000.0,0.554,-73.739,1759600000.0,484300000.0,1275300000.0,1759600000.0,0.0,56900000.0,79200000.0,0.055,0.325,101500000.0,158400000.0,0.322,158400000.0,101500000.0,73900000.0,0.39,0.39,0.39,-59500000.0,,-59500000.0,4679078796.0,12.0,7.467,15000000.0,0.114,1.0,157800000.0,0.321,0.0,27600000.0,5263300000.0,,176200000.0,269100000.0,0.0,269100000.0,4387500000.0,804900000.0,3582600000.0,3003978796.0,5700000.0,-4200000.0,100000.0,71000000.0,-43000000.0,28100000.0,-128300000.0,-33400000.0,105900000.0,0.0,51900000.0,51900000.0,51900000.0,900000.0,0.0,0.106,56900000.0,100900000.0,153200000.0,0.833,-50.487,15.272,15.167,3360600000.0,0.0,22.75,1.553,1.552,233000000.0,,491400000.0,491400000.0,0.0,,,,,2300000.0,0.0,1.0,132043024.0,132000000,132200000.0,3.723,4328000000.0,103300000.0,22000000.0,636600000.0,32.788,-358900000.0
68,TE,MRQ,1999-03-31,1999-03-31,1999-03-31,2019-04-23,0.0,4238000000.0,,442400000.0,3795600000.0,,-0.45,-76000000.0,13600000.0,13600000.0,291600000.0,49200000.0,0.619,-72.347,1688700000.0,411600000.0,1277100000.0,1688700000.0,0.0,58000000.0,79100000.0,0.062,0.31,96500000.0,154500000.0,0.347,154500000.0,96500000.0,70400000.0,0.38,0.38,0.38,-59400000.0,,-59400000.0,4240999236.0,11.0,6.673,-4000000.0,-0.03,1.0,154100000.0,0.346,0.0,26100000.0,5198700000.0,,181800000.0,226100000.0,0.0,226100000.0,4297400000.0,714400000.0,3583000000.0,2623299236.0,-3200000.0,-11700000.0,0.0,54100000.0,-40900000.0,13200000.0,-88400000.0,-700000.0,72000000.0,0.0,49200000.0,49200000.0,49200000.0,900000.0,0.0,0.11,58000000.0,96100000.0,143400000.0,0.816,-44.163,12.942,12.826,3326200000.0,0.0,19.88,1.357,1.357,230600000.0,,445700000.0,445700000.0,0.0,,,,,2000000.0,0.0,1.0,131956702.0,132000000,132200000.0,3.377,4238000000.0,100700000.0,21200000.0,627200000.0,32.106,-272000000.0
69,TE,MRQ,1998-12-31,1998-12-31,1998-12-31,2019-04-23,0.0,4179300000.0,,413900000.0,3765400000.0,,11.449,-121600000.0,16900000.0,16900000.0,347200000.0,24800000.0,0.626,1.772,1634600000.0,355000000.0,1279600000.0,1634600000.0,0.0,60600000.0,78300000.0,0.043,0.31,65000000.0,125600000.0,0.265,125600000.0,65000000.0,38400000.0,0.19,0.19,0.19,1507800000.0,,1507800000.0,5278351583.0,13.0,8.417,1400000.0,0.011,1.0,126700000.0,0.267,0.0,26600000.0,5136300000.0,,157300000.0,218100000.0,0.0,218100000.0,2671500000.0,660700000.0,2010800000.0,3718551583.0,-4600000.0,-23600000.0,3200000.0,53000000.0,-40900000.0,15300000.0,-142900000.0,4000000.0,123000000.0,0.0,24800000.0,24800000.0,24800000.0,1500000.0,0.0,0.052,37400000.0,89300000.0,208100000.0,1.632,2.466,18.008,17.955,3307600000.0,0.0,28.19,1.901,1.898,224600000.0,,473900000.0,473900000.0,0.0,,,,,2400000.0,0.0,1.0,131910308.0,131700000,130200000.0,3.598,4179300000.0,99100000.0,13600000.0,585700000.0,31.733,-246800000.0
70,TE,MRQ,1998-09-30,1998-09-30,1998-09-30,2019-04-23,0.0,4120400000.0,,441400000.0,3679000000.0,,-0.483,-58300000.0,21500000.0,21500000.0,336200000.0,70800000.0,0.748,-65.684,1581300000.0,277700000.0,1303600000.0,1581300000.0,0.0,58100000.0,78200000.0,0.042,0.31,130000000.0,188100000.0,0.359,188100000.0,130000000.0,104300000.0,0.54,0.53,0.54,-63700000.0,,-63700000.0,5282045077.0,13.0,8.16,98500000.0,0.747,1.0,187200000.0,0.358,0.0,25700000.0,5089700000.0,,140400000.0,93400000.0,19500000.0,73900000.0,4184100000.0,590500000.0,3593600000.0,3763445077.0,4900000.0,-99600000.0,2300000.0,46100000.0,-40900000.0,7500000.0,-159400000.0,-1500000.0,156800000.0,0.0,70800000.0,70800000.0,70800000.0,2300000.0,0.0,0.135,55400000.0,131800000.0,143800000.0,0.574,-59.081,16.876,16.899,3248600000.0,0.0,28.56,1.943,1.945,244400000.0,,523400000.0,523400000.0,0.0,,,,,2000000.0,0.0,1.0,131773287.0,131900000,133400000.0,3.968,4120400000.0,96000000.0,33500000.0,628600000.0,31.239,-149100000.0
71,TE,MRQ,1998-06-30,1998-06-30,1998-06-30,2019-04-23,0.0,4012200000.0,,433100000.0,3579100000.0,,-0.499,-64300000.0,16600000.0,16600000.0,322900000.0,57900000.0,0.604,-62.068,1535200000.0,427100000.0,1108100000.0,1535200000.0,0.0,57400000.0,78200000.0,0.045,0.31,109900000.0,167300000.0,0.341,167300000.0,109900000.0,83800000.0,0.44,0.44,0.44,-65700000.0,,-65700000.0,5024757956.0,13.0,7.944,24000000.0,0.182,1.0,167700000.0,0.342,0.0,26100000.0,4814300000.0,,155300000.0,116300000.0,19000000.0,97300000.0,4077900000.0,716500000.0,3361400000.0,3530157956.0,6000000.0,-7900000.0,200000.0,29900000.0,-40800000.0,-10700000.0,-71600000.0,600000.0,88300000.0,0.0,57900000.0,57900000.0,57900000.0,0.0,0.0,0.118,57400000.0,110300000.0,145700000.0,0.705,-53.731,16.691,16.756,3249000000.0,0.0,26.81,1.85,1.849,226000000.0,,490600000.0,490600000.0,0.0,,,,,1900000.0,0.0,1.0,131673180.0,131600000,131600000.0,3.728,4012200000.0,94400000.0,25900000.0,603300000.0,30.488,-283400000.0
72,TE,MRQ,1998-03-31,1998-03-31,1998-03-31,2019-04-23,0.0,3954600000.0,,384400000.0,3570200000.0,,-0.502,-51900000.0,10600000.0,10600000.0,315100000.0,53000000.0,0.577,-60.918,1505200000.0,394700000.0,1110500000.0,1505200000.0,0.0,56900000.0,78700000.0,0.042,0.295,89200000.0,146100000.0,0.312,146100000.0,89200000.0,63300000.0,0.4,0.4,0.4,-66000000.0,,-66000000.0,5246852510.0,13.0,8.383,75400000.0,0.573,1.0,152700000.0,0.326,0.0,25900000.0,4783000000.0,,157800000.0,108200000.0,18500000.0,89700000.0,4020600000.0,666200000.0,3354400000.0,3717052510.0,0.0,-4000000.0,1000000.0,-72500000.0,-38800000.0,-110300000.0,-17000000.0,-300000.0,127300000.0,0.0,53000000.0,53000000.0,53000000.0,0.0,0.0,0.113,82800000.0,69900000.0,133100000.0,0.738,-56.319,18.212,18.226,3243200000.0,0.0,28.25,1.979,1.979,186200000.0,,467800000.0,467800000.0,0.0,,,,,1500000.0,0.0,1.0,131577080.0,131600000,131600000.0,3.555,3954600000.0,89700000.0,10300000.0,591400000.0,30.05,-281800000.0
73,TE,MRQ,1997-12-31,1997-12-31,1997-12-31,2019-04-23,0.0,3960400000.0,,390100000.0,3570300000.0,,11.02,-64500000.0,10600000.0,10600000.0,306000000.0,41300000.0,0.532,1.741,1540400000.0,460200000.0,1080200000.0,1540400000.0,0.0,63300000.0,77900000.0,0.041,0.295,82500000.0,145800000.0,0.32,145800000.0,82500000.0,56600000.0,0.31,0.31,0.31,1444700000.0,,1444700000.0,,,,-12400000.0,-0.095,1.0,149000000.0,0.327,0.0,25900000.0,4757600000.0,,143900000.0,88300000.0,0.0,88300000.0,2515700000.0,732600000.0,1783100000.0,3701263260.0,-27300000.0,-1400000.0,1300000.0,22400000.0,-38600000.0,-14900000.0,-64500000.0,1300000.0,52100000.0,0.0,41300000.0,41300000.0,41300000.0,100000.0,0.0,0.091,63300000.0,85700000.0,158700000.0,0.952,2.562,18.332,18.266,3236500000.0,0.0,28.13,1.989,1.977,222700000.0,,455000000.0,455000000.0,0.0,,,,,1400000.0,0.0,1.0,131577080.0,131100000,131100000.0,3.471,3960400000.0,88100000.0,15300000.0,571700000.0,30.209,-342500000.0
74,TE,MRQ,1997-09-30,1997-09-30,1997-09-30,2019-04-23,,,,,,,,-41200000.0,,,312700000.0,59300000.0,,,,,,,,56500000.0,,0.047,0.295,116800000.0,173300000.0,0.35,173300000.0,116800000.0,90500000.0,0.45,0.46,0.45,,,,,,,84000000.0,0.642,1.0,181900000.0,0.368,,26300000.0,,,,,,,,,,,3100000.0,-3500000.0,900000.0,-22800000.0,-38600000.0,-80900000.0,-41200000.0,3500000.0,125200000.0,0.0,59300000.0,59300000.0,59300000.0,6500000.0,0.0,0.12,56500000.0,125400000.0,,0.656,,,,,0.0,24.5,,,,,494600000.0,494600000.0,0.0,,,,,1700000.0,0.0,1.0,,130900000,130900000.0,3.778,,,31200000.0,,,
75,TE,MRQ,1997-06-30,1997-06-30,1997-06-30,2019-04-23,,,,,,,,-59300000.0,,,301100000.0,50500000.0,,,,,,,,56200000.0,,0.044,0.295,104500000.0,160700000.0,0.349,160700000.0,104500000.0,77800000.0,0.39,0.38,0.39,,,,,,,10700000.0,0.082,1.0,159800000.0,0.347,,26700000.0,,,,,,,,,,,8100000.0,0.0,2300000.0,29900000.0,-36000000.0,-3800000.0,-58100000.0,1200000.0,70000000.0,0.0,50500000.0,50500000.0,50500000.0,0.0,0.0,0.11,56200000.0,103600000.0,,0.756,,,,,0.0,25.56,,,,,460900000.0,460900000.0,0.0,,,,,1500000.0,0.0,1.0,,130600000,130600000.0,3.529,,,27300000.0,,,
76,TE,MRQ,1997-03-31,1997-03-31,1997-03-31,2019-04-23,,,,,,,,-47600000.0,,,296600000.0,50800000.0,,,,,,,,55700000.0,,0.047,0.28,98800000.0,154500000.0,0.343,154500000.0,98800000.0,71900000.0,0.39,0.39,0.39,,,,,,,55900000.0,0.428,1.0,153700000.0,0.341,,26900000.0,,,,,,,,,,,10800000.0,0.0,600000.0,-12600000.0,-34100000.0,-46100000.0,-46600000.0,900000.0,103500000.0,0.0,50800000.0,50800000.0,50800000.0,0.0,0.0,0.113,55700000.0,98000000.0,,0.718,,,,,0.0,24.0,,,,,450300000.0,450300000.0,0.0,,,,,1300000.0,0.0,1.0,,130600000,130600000.0,3.448,,,21100000.0,,,
77,TE,MRQ,1996-12-31,1996-12-31,1996-12-31,2019-04-23,0.0,3901600000.0,,377600000.0,3524000000.0,,10.607,,15900000.0,15900000.0,,,0.555,1.845,1504000000.0,386000000.0,1118000000.0,1504000000.0,0.0,,77700000.0,0.046,0.28,,,,,,,,,,1371500000.0,,1371500000.0,,,,,,1.0,,,0.0,,4709400000.0,,122200000.0,91100000.0,0.0,91100000.0,2530100000.0,680300000.0,1849800000.0,,,,,,,,,,,,,,,,,,,,181500000.0,,,,14.443,3232800000.0,,24.12,,1.757,226700000.0,,,,,,,,,,,1.0,,129300000,,,3901600000.0,76700000.0,,565800000.0,30.175,-302700000.0
0,TE,MRT,2016-03-31,2016-03-31,2016-03-31,2019-04-23,-11500000.0,8981100000.0,8892475000.0,547200000.0,8433900000.0,0.305,11.035,-747700000.0,46100000.0,46100000.0,1792700000.0,189300000.0,0.456,2.478,4086000000.0,596300000.0,3489700000.0,4086000000.0,0.0,354100000.0,176700000.0,0.033,0.905,524800000.0,878900000.0,0.324,878900000.0,524800000.0,340400000.0,0.8,0.8,0.8,2582300000.0,2564050000.0,2582300000.0,10556571844.0,20.0,12.011,-53500000.0,-0.229,1.0,917300000.0,0.338,408400000.0,184400000.0,11412000000.0,11320450000.0,195400000.0,0.0,0.0,0.0,6398800000.0,1200600000.0,5198200000.0,6483171844.0,13300000.0,0.0,8400000.0,282200000.0,-213000000.0,70900000.0,-751800000.0,-300000.0,694200000.0,0.0,189300000.0,189300000.0,189300000.0,61800000.0,0.0,0.07,353300000.0,564000000.0,189500000.0,1.131,2.511,34.248,34.413,7553000000.0,0.0,27.53,2.392,2.377,240100000.0,463500000.0,2710000000.0,2710000000.0,0.0,0.021,0.074,0.046,0.194,12200000.0,0.0,1.0,235494800.0,234000000,235200000.0,11.581,8572700000.0,0.0,151100000.0,645600000.0,36.635,-653400000.0
1,TE,MRT,2015-12-31,2015-12-31,2015-12-31,2019-04-23,-12200000.0,8933500000.0,8841575000.0,570300000.0,8363200000.0,0.31,10.978,-739700000.0,23800000.0,23800000.0,1832400000.0,173500000.0,0.476,2.491,4069500000.0,580300000.0,3489200000.0,4069500000.0,0.0,350200000.0,182100000.0,0.034,0.9,515200000.0,865400000.0,0.315,865400000.0,515200000.0,328800000.0,0.74,0.74,0.74,2559000000.0,2565300000.0,2559000000.0,10192499754.0,20.0,11.778,-130100000.0,-0.558,1.0,911100000.0,0.332,408400000.0,186400000.0,11372100000.0,11165175000.0,190200000.0,0.0,0.0,0.0,6374500000.0,1198700000.0,5175800000.0,6268899754.0,-1600000.0,0.0,7300000.0,333200000.0,-211700000.0,128800000.0,-740000000.0,-300000.0,609600000.0,0.0,173500000.0,173500000.0,173500000.0,67700000.0,0.0,0.063,349000000.0,562100000.0,255400000.0,1.216,2.45,36.132,36.014,7481800000.0,0.0,26.65,2.285,2.264,280700000.0,441400000.0,2743500000.0,2743500000.0,0.0,0.02,0.068,0.046,0.188,13100000.0,0.0,1.0,235230760.0,233100000,234500000.0,11.77,8525100000.0,0.0,155300000.0,594400000.0,36.573,-628400000.0
2,TE,MRT,2015-09-30,2015-09-30,2015-09-30,2019-04-23,-8600000.0,8816900000.0,8789750000.0,687800000.0,8129100000.0,0.314,10.985,-731400000.0,55400000.0,55400000.0,1869100000.0,133800000.0,0.635,2.442,3979000000.0,461300000.0,3517700000.0,3979000000.0,0.0,347700000.0,179900000.0,0.034,0.895,485100000.0,832800000.0,0.301,832800000.0,485100000.0,296800000.0,0.57,0.57,0.57,2561600000.0,2569225000.0,2561600000.0,10058064545.0,21.0,12.077,-93400000.0,-0.401,1.0,893800000.0,0.324,408400000.0,188300000.0,11248200000.0,11062675000.0,213300000.0,200000.0,200000.0,0.0,6255300000.0,1083900000.0,5171400000.0,6176764545.0,-17300000.0,1200000.0,12100000.0,280600000.0,-210500000.0,82200000.0,-737500000.0,-7900000.0,638000000.0,0.0,133800000.0,133800000.0,133800000.0,83800000.0,0.0,0.048,345600000.0,548200000.0,216100000.0,1.57,2.411,46.164,46.07,7326400000.0,0.0,26.26,2.236,2.216,270700000.0,443800000.0,2762900000.0,2762900000.0,0.0,0.015,0.052,0.044,0.176,12600000.0,0.0,1.0,235215710.0,233200000,234700000.0,11.848,8408500000.0,68200000.0,163000000.0,678700000.0,36.057,-396100000.0
3,TE,MRT,2015-06-30,2015-06-30,2015-06-30,2019-04-23,-11000000.0,8838400000.0,8748925000.0,779200000.0,8059200000.0,0.315,10.958,-722900000.0,56000000.0,56000000.0,1872600000.0,91700000.0,0.734,2.462,3937300000.0,418800000.0,3518500000.0,3937300000.0,0.0,346100000.0,179500000.0,0.05,0.89,431800000.0,777900000.0,0.282,777900000.0,431800000.0,246700000.0,0.38,0.38,0.38,2553300000.0,2579525000.0,2553300000.0,7953151800.0,18.0,10.224,-22300000.0,-0.096,1.0,883700000.0,0.321,408400000.0,185100000.0,11249500000.0,10966150000.0,208500000.0,600000.0,600000.0,0.0,6285100000.0,1061800000.0,5223300000.0,4152251800.0,-111000000.0,-751300000.0,302800000.0,578000000.0,-209200000.0,671600000.0,-1483200000.0,-7900000.0,700600000.0,0.0,91700000.0,91700000.0,91700000.0,134000000.0,0.0,0.033,336400000.0,547300000.0,258200000.0,2.342,1.626,45.281,46.474,7241700000.0,0.0,17.66,1.506,1.493,273300000.0,443500000.0,2756300000.0,2756300000.0,0.0,0.01,0.036,0.039,0.157,12500000.0,0.0,1.0,235121846.0,233000000,233500000.0,11.83,8430000000.0,73400000.0,155000000.0,627900000.0,36.18,-282600000.0
4,TE,MRT,2015-03-31,2015-03-31,2015-03-31,2019-04-23,-14800000.0,8777500000.0,8444525000.0,728700000.0,8048800000.0,0.318,11.114,-723700000.0,32800000.0,32800000.0,1820500000.0,138300000.0,0.528,2.393,3833700000.0,730500000.0,3103200000.0,3833700000.0,0.0,342900000.0,178200000.0,0.046,0.885,467400000.0,810300000.0,0.302,810300000.0,467400000.0,288000000.0,0.6,0.6,0.6,2587300000.0,2527800000.0,2587300000.0,8311358545.0,18.0,10.257,-98800000.0,-0.424,1.0,860900000.0,0.321,408400000.0,179400000.0,10790900000.0,10586325000.0,188300000.0,300000.0,300000.0,0.0,6190200000.0,1379100000.0,4811100000.0,4569258545.0,-104200000.0,-751300000.0,303500000.0,657300000.0,-204200000.0,756600000.0,-1485700000.0,-7900000.0,624900000.0,0.0,138300000.0,138300000.0,138300000.0,83500000.0,0.0,0.052,324900000.0,536000000.0,248400000.0,1.475,1.766,33.039,32.333,7164700000.0,0.0,19.4,1.704,1.684,262800000.0,484600000.0,2681400000.0,2681400000.0,0.0,0.016,0.055,0.044,0.174,12900000.0,0.0,1.0,235528791.0,232800000,233500000.0,11.518,8369100000.0,63200000.0,149700000.0,585800000.0,35.95,-650400000.0
5,TE,MRT,2014-12-31,2014-12-31,2014-12-31,2019-04-23,-15700000.0,8726200000.0,8107825000.0,755600000.0,7970600000.0,0.317,11.541,-703800000.0,25400000.0,25400000.0,1745700000.0,130400000.0,0.688,2.389,3767500000.0,413500000.0,3354000000.0,3767500000.0,0.0,341900000.0,176200000.0,0.043,0.88,440400000.0,782300000.0,0.305,782300000.0,440400000.0,269300000.0,0.58,0.58,0.58,2574700000.0,2464375000.0,2574700000.0,8437445227.0,19.0,10.785,-39000000.0,-0.175,1.0,820700000.0,0.32,408300000.0,171100000.0,10962100000.0,10264100000.0,171800000.0,0.0,0.0,0.0,6151500000.0,1097900000.0,5053600000.0,4808845227.0,-159800000.0,-751300000.0,302300000.0,535300000.0,-199200000.0,638400000.0,-1463000000.0,-7900000.0,664800000.0,0.0,130400000.0,130400000.0,130400000.0,76000000.0,0.0,0.051,315300000.0,505400000.0,288600000.0,1.517,1.868,36.878,35.328,7088200000.0,0.0,20.49,1.874,1.781,299800000.0,479600000.0,2566400000.0,2566400000.0,0.0,0.016,0.053,0.043,0.172,12700000.0,0.0,1.0,234692300.0,223100000,223700000.0,11.503,8317900000.0,72800000.0,138900000.0,558100000.0,37.283,-342300000.0
6,TE,MRT,2014-09-30,2014-09-30,2014-09-30,2019-04-23,-20100000.0,8653600000.0,7788275000.0,815200000.0,7838400000.0,0.312,11.426,-647000000.0,72700000.0,72700000.0,1645800000.0,161600000.0,0.801,2.325,3701300000.0,346500000.0,3354800000.0,3701300000.0,0.0,333900000.0,174900000.0,0.051,0.88,443800000.0,777700000.0,0.32,777700000.0,443800000.0,280800000.0,0.74,0.74,0.74,2602800000.0,2404125000.0,2602800000.0,7027229180.0,16.0,9.036,11700000.0,0.051,1.0,787300000.0,0.324,401800000.0,163000000.0,10862100000.0,9899200000.0,167300000.0,200000.0,200000.0,0.0,6050800000.0,1018300000.0,5032500000.0,4056629180.0,-80100000.0,-748600000.0,295900000.0,552900000.0,-195300000.0,653500000.0,-1392300000.0,0.0,658700000.0,0.0,161600000.0,161600000.0,161600000.0,52800000.0,0.0,0.066,299000000.0,488300000.0,231400000.0,1.189,1.559,25.103,23.486,6952400000.0,0.0,17.38,1.667,1.627,293000000.0,520400000.0,2433100000.0,2433100000.0,0.0,0.021,0.067,0.045,0.182,13500000.0,0.0,1.0,233407893.0,227800000,228300000.0,10.681,8251800000.0,94400000.0,119200000.0,596500000.0,36.224,-203100000.0
7,TE,MRT,2014-06-30,2014-06-30,2014-06-30,2019-04-23,-20100000.0,7620800000.0,7473400000.0,889500000.0,6731300000.0,0.287,10.893,-596800000.0,167000000.0,167000000.0,1385900000.0,213300000.0,1.033,2.248,3137600000.0,274500000.0,2863100000.0,3137600000.0,0.0,332700000.0,167500000.0,0.048,0.88,495400000.0,828100000.0,0.387,828100000.0,495400000.0,338800000.0,0.99,0.99,0.99,2346400000.0,2334400000.0,2346400000.0,6838148966.0,14.0,8.258,35000000.0,0.162,1.0,755900000.0,0.353,0.0,156600000.0,9730200000.0,9542350000.0,220800000.0,8700000.0,8200000.0,500000.0,5274400000.0,861200000.0,4413200000.0,4025048966.0,13700000.0,4000000.0,2300000.0,161700000.0,-191500000.0,-27500000.0,-590600000.0,0.0,631800000.0,0.0,213300000.0,213300000.0,213300000.0,-11400000.0,0.0,0.1,277300000.0,478600000.0,232300000.0,0.889,1.715,18.87,18.667,6324100000.0,0.0,18.48,1.879,1.859,323800000.0,560900000.0,2141800000.0,2141800000.0,0.0,0.029,0.091,0.052,0.231,13700000.0,0.0,1.0,217805680.0,215400000,215900000.0,9.943,7620800000.0,88500000.0,125500000.0,574800000.0,35.38,28300000.0
8,TE,MRT,2014-03-31,2014-03-31,2014-03-31,2019-04-23,-20700000.0,7430700000.0,7406775000.0,783500000.0,6647200000.0,0.307,10.844,-559400000.0,137000000.0,137000000.0,1520200000.0,206300000.0,1.056,2.184,2950100000.0,112300000.0,2837800000.0,2950100000.0,0.0,332400000.0,166800000.0,0.051,0.88,483400000.0,815800000.0,0.359,815800000.0,483400000.0,324800000.0,0.96,0.96,0.96,2333600000.0,2322925000.0,2333600000.0,6559759632.0,14.0,8.041,128200000.0,0.596,1.0,751800000.0,0.331,0.0,158600000.0,9502000000.0,9478725000.0,204200000.0,15800000.0,15600000.0,200000.0,5097100000.0,741800000.0,4355300000.0,3739859632.0,-75900000.0,4000000.0,4400000.0,-22600000.0,-191400000.0,-209600000.0,-553900000.0,0.0,687600000.0,0.0,206300000.0,206300000.0,206300000.0,-10400000.0,0.0,0.091,285700000.0,466100000.0,250000000.0,0.917,1.603,18.128,17.865,6233800000.0,0.0,17.15,1.646,1.624,269100000.0,550400000.0,2272000000.0,2272000000.0,0.0,0.028,0.089,0.051,0.213,13600000.0,0.0,1.0,218067617.0,215200000,215700000.0,10.558,7430700000.0,89800000.0,118500000.0,520300000.0,34.529,41700000.0
9,TE,MRT,2013-12-31,2013-12-31,2013-12-31,2019-04-23,-13200000.0,7448000000.0,7387550000.0,857700000.0,6590300000.0,0.319,10.854,-526100000.0,185200000.0,185200000.0,1608700000.0,197700000.0,1.121,2.191,3005100000.0,167300000.0,2837800000.0,3005100000.0,0.0,329500000.0,164500000.0,0.051,0.88,471700000.0,801200000.0,0.34,801200000.0,471700000.0,310300000.0,0.92,0.92,0.92,2333700000.0,2312900000.0,2333700000.0,6514579601.0,14.0,8.131,132500000.0,0.616,1.0,746400000.0,0.317,0.0,161400000.0,9502500000.0,9478000000.0,204600000.0,10000000.0,9700000.0,300000.0,5114300000.0,765400000.0,4348900000.0,3746279601.0,-15300000.0,4300000.0,6700000.0,32400000.0,-191200000.0,-152100000.0,-521800000.0,0.0,658600000.0,0.0,197700000.0,197700000.0,197700000.0,-9000000.0,0.0,0.084,291800000.0,454600000.0,261700000.0,0.957,1.605,18.949,18.739,6170100000.0,0.0,17.24,1.591,1.574,287200000.0,548300000.0,2355100000.0,2355100000.0,0.0,0.027,0.085,0.05,0.2,13500000.0,0.0,1.0,217301601.0,215000000,215500000.0,10.954,7448000000.0,100300000.0,112600000.0,488000000.0,34.642,92300000.0
10,TE,MRT,2013-09-30,2013-09-30,2013-09-30,2019-04-23,-26300000.0,7394100000.0,7359275000.0,811000000.0,6583100000.0,0.254,10.814,-520800000.0,152800000.0,152800000.0,1208000000.0,200800000.0,1.114,2.182,2921100000.0,83300000.0,2837800000.0,2921100000.0,0.0,335800000.0,164500000.0,0.053,0.88,457000000.0,792800000.0,0.423,792800000.0,457000000.0,299800000.0,0.93,0.94,0.93,2323900000.0,2302425000.0,2323900000.0,6413708310.0,14.0,8.09,134400000.0,0.625,1.0,664400000.0,0.355,0.0,157200000.0,9434700000.0,9478875000.0,202600000.0,200000.0,200000.0,0.0,5070200000.0,727700000.0,4342500000.0,3594308310.0,-81800000.0,187400000.0,8100000.0,-233000000.0,-191000000.0,-417800000.0,-319200000.0,0.0,655200000.0,0.0,200800000.0,200800000.0,200800000.0,-50900000.0,0.0,0.107,265500000.0,398900000.0,241300000.0,0.946,1.547,17.9,17.785,6080900000.0,0.0,16.54,1.92,1.898,347100000.0,554100000.0,1872400000.0,1872400000.0,0.0,0.027,0.087,0.048,0.244,13700000.0,0.0,1.0,217310055.0,214900000,215400000.0,8.713,7394100000.0,29300000.0,99000000.0,426700000.0,34.407,83300000.0
11,TE,MRT,2013-06-30,2013-06-30,2013-06-30,2019-04-23,-29300000.0,7354300000.0,7406050000.0,812000000.0,6542300000.0,0.315,10.7,-513800000.0,153300000.0,153300000.0,1597100000.0,182000000.0,1.163,2.197,2972700000.0,83300000.0,2889400000.0,2972700000.0,0.0,336400000.0,164100000.0,0.051,0.88,458000000.0,794400000.0,0.34,794400000.0,458000000.0,292700000.0,0.84,0.85,0.84,2300500000.0,2295500000.0,2300500000.0,6500055655.0,14.0,8.182,225300000.0,1.048,1.0,738000000.0,0.316,0.0,165300000.0,9475700000.0,9520250000.0,225400000.0,100000.0,100000.0,0.0,5053800000.0,698000000.0,4355800000.0,3740255655.0,35900000.0,194700000.0,8100000.0,-212500000.0,-190900000.0,-397200000.0,-306000000.0,0.0,739100000.0,0.0,182000000.0,182000000.0,182000000.0,-2400000.0,0.0,0.078,292000000.0,446000000.0,240300000.0,1.048,1.626,20.551,20.464,6040500000.0,0.0,17.19,1.602,1.583,321200000.0,539100000.0,2335100000.0,2335100000.0,0.0,0.025,0.079,0.048,0.196,13600000.0,0.0,1.0,217583226.0,215000000,215500000.0,10.861,7354300000.0,26400000.0,110700000.0,368600000.0,34.206,114000000.0
12,TE,MRT,2013-03-31,2013-03-31,2013-03-31,2019-04-23,-29900000.0,7353800000.0,7430125000.0,873200000.0,6480600000.0,0.317,10.687,-490700000.0,212900000.0,212900000.0,1585700000.0,203700000.0,1.421,2.206,2972700000.0,0.0,2972700000.0,2972700000.0,0.0,336700000.0,163900000.0,0.049,0.88,494100000.0,830800000.0,0.353,830800000.0,494100000.0,323600000.0,0.94,0.95,0.94,2293500000.0,2293950000.0,2293500000.0,6643696467.0,13.0,7.997,200000000.0,0.932,1.0,766000000.0,0.326,0.0,170500000.0,9499100000.0,9540000000.0,227100000.0,12800000.0,11800000.0,1000000.0,5060300000.0,614500000.0,4445800000.0,3871496467.0,153900000.0,194700000.0,7500000.0,-67600000.0,-190700000.0,-253000000.0,-283800000.0,0.0,690700000.0,0.0,203700000.0,203700000.0,203700000.0,-10100000.0,0.0,0.087,290400000.0,475600000.0,207800000.0,0.936,1.688,19.006,18.957,5977300000.0,0.0,17.82,1.646,1.626,269700000.0,535500000.0,2351700000.0,2351700000.0,0.0,0.027,0.089,0.052,0.21,13100000.0,0.0,1.0,217255694.0,214600000,215600000.0,10.959,7353800000.0,65700000.0,119900000.0,362700000.0,34.267,258700000.0
13,TE,MRT,2012-12-31,2012-12-31,2012-12-31,2019-04-23,-31000000.0,7334900000.0,7413375000.0,856800000.0,6478100000.0,0.322,10.694,-505100000.0,200500000.0,200500000.0,1611800000.0,212700000.0,1.425,2.2,2972700000.0,0.0,2972700000.0,2972700000.0,0.0,337700000.0,162900000.0,0.053,0.88,509900000.0,847600000.0,0.355,847600000.0,509900000.0,333500000.0,0.99,0.99,0.99,2291800000.0,2289100000.0,2291800000.0,6514550002.0,13.0,7.686,251600000.0,1.174,1.0,775900000.0,0.325,0.0,176400000.0,9506000000.0,9441100000.0,205700000.0,200000.0,0.0,200000.0,5043100000.0,601100000.0,4442000000.0,3629950002.0,156500000.0,194400000.0,3900000.0,-112300000.0,-190400000.0,-301000000.0,-299200000.0,0.0,756700000.0,0.0,212700000.0,212700000.0,212700000.0,-15700000.0,0.0,0.089,289600000.0,486300000.0,232800000.0,0.889,1.584,17.066,16.929,5968500000.0,0.0,16.76,1.52,1.504,282700000.0,541700000.0,2387700000.0,2387700000.0,0.0,0.029,0.093,0.054,0.214,12000000.0,0.0,1.0,216584129.0,214300000,215000000.0,11.142,7334900000.0,63700000.0,120800000.0,319700000.0,34.227,255700000.0
14,TE,MRT,2012-09-30,2012-09-30,2012-09-30,2019-04-23,-25100000.0,7581200000.0,7410200000.0,1009800000.0,6571400000.0,0.395,10.705,-511000000.0,243500000.0,243500000.0,2308000000.0,220600000.0,1.167,2.302,3128100000.0,147100000.0,2981000000.0,3128100000.0,0.0,334400000.0,162100000.0,0.049,0.875,536700000.0,871100000.0,0.298,871100000.0,536700000.0,353000000.0,1.03,1.02,1.03,2296200000.0,2282800000.0,2296200000.0,6893285578.0,13.0,7.913,179100000.0,0.835,1.0,616900000.0,0.211,0.0,183700000.0,9600200000.0,9381550000.0,199300000.0,3100000.0,2000000.0,1100000.0,5285000000.0,865600000.0,4419400000.0,3842185578.0,68800000.0,7500000.0,3600000.0,66300000.0,-189200000.0,-119600000.0,-501700000.0,0.0,690100000.0,0.0,220800000.0,220800000.0,220800000.0,11000000.0,-200000.0,0.075,320700000.0,296200000.0,253600000.0,0.85,1.673,17.401,17.223,5936000000.0,0.0,17.74,1.314,1.301,360200000.0,544200000.0,2924900000.0,2924900000.0,0.0,0.03,0.097,0.057,0.183,11000000.0,0.0,1.0,216583178.0,214500000,215400000.0,13.636,7581200000.0,52800000.0,132200000.0,329500000.0,35.344,144200000.0
15,TE,MRT,2012-06-30,2012-06-30,2012-06-30,2019-04-23,-27300000.0,7450600000.0,7338875000.0,887600000.0,6563000000.0,0.401,10.706,-494800000.0,131600000.0,131600000.0,2222200000.0,266800000.0,0.996,2.247,3182700000.0,287600000.0,2895100000.0,3182700000.0,0.0,330800000.0,161400000.0,0.048,0.87,584300000.0,915100000.0,0.311,915100000.0,584300000.0,396400000.0,1.25,1.24,1.25,2294300000.0,2274225000.0,2294300000.0,6856177694.0,12.0,7.492,177900000.0,0.83,1.0,721900000.0,0.245,55400000.0,187900000.0,9554700000.0,9253050000.0,254900000.0,800000.0,700000.0,100000.0,5155900000.0,891600000.0,4264300000.0,3895177694.0,55600000.0,3500000.0,4800000.0,59200000.0,-187900000.0,-124200000.0,-492900000.0,0.0,672700000.0,0.0,267000000.0,267000000.0,267000000.0,-39300000.0,-200000.0,0.091,317800000.0,404100000.0,207200000.0,0.696,1.698,14.589,14.448,6022600000.0,0.0,18.06,1.323,1.315,330500000.0,547900000.0,2944100000.0,2944100000.0,0.0,0.036,0.117,0.063,0.198,10200000.0,0.0,1.0,215679828.0,214300000,215200000.0,13.738,7395200000.0,43200000.0,129400000.0,240300000.0,34.509,-4000000.0
16,TE,MRT,2012-03-31,2012-03-31,2012-03-31,2019-04-23,-20400000.0,7286800000.0,7250725000.0,751800000.0,6535000000.0,0.424,10.632,-478600000.0,67700000.0,67700000.0,2252400000.0,271300000.0,0.69,2.204,3028700000.0,430000000.0,2598700000.0,3028700000.0,0.0,327800000.0,160900000.0,0.049,0.865,598700000.0,926500000.0,0.301,926500000.0,598700000.0,407500000.0,1.27,1.26,1.27,2274100000.0,2254600000.0,2274100000.0,6808079979.0,11.0,7.348,269500000.0,1.26,1.0,824900000.0,0.268,55400000.0,191200000.0,9103500000.0,9191375000.0,233600000.0,2100000.0,2100000.0,0.0,5012100000.0,1088900000.0,3923200000.0,3787379979.0,-30500000.0,3500000.0,5500000.0,-120300000.0,-186600000.0,-302000000.0,-476600000.0,0.0,748100000.0,0.0,271400000.0,271400000.0,271400000.0,-31800000.0,-100000.0,0.088,316700000.0,508200000.0,244500000.0,0.681,1.665,13.955,13.819,5985600000.0,0.0,17.55,1.231,1.22,278400000.0,522500000.0,3077300000.0,3077300000.0,0.0,0.037,0.12,0.065,0.195,9600000.0,0.0,1.0,215805127.0,213900000,215300000.0,14.387,7231400000.0,33300000.0,136100000.0,181400000.0,33.807,-337100000.0
17,TE,MRT,2011-12-31,2011-12-31,2011-12-31,2019-04-23,-22000000.0,7322200000.0,7204975000.0,797900000.0,6524300000.0,0.446,10.611,-454100000.0,52700000.0,52700000.0,2309500000.0,272600000.0,0.782,2.23,3073400000.0,386100000.0,2687300000.0,3073400000.0,0.0,324600000.0,159500000.0,0.044,0.85,612700000.0,937300000.0,0.292,937300000.0,612700000.0,415300000.0,1.27,1.27,1.27,2266600000.0,2232050000.0,2266600000.0,6984784020.0,11.0,7.452,300000000.0,1.404,1.0,900400000.0,0.281,55400000.0,197400000.0,9267800000.0,9261150000.0,224100000.0,900000.0,900000.0,0.0,5055000000.0,1019700000.0,4035300000.0,4074484020.0,-23500000.0,3500000.0,7000000.0,-165600000.0,-183200000.0,-342400000.0,-435200000.0,0.0,754100000.0,0.0,272600000.0,272600000.0,272600000.0,-21800000.0,0.0,0.085,317200000.0,583200000.0,252300000.0,0.669,1.798,14.947,15.071,5967800000.0,0.0,19.14,1.269,1.274,327700000.0,519400000.0,3209900000.0,3209900000.0,0.0,0.038,0.122,0.066,0.191,9100000.0,0.0,1.0,212877953.0,213600000,215100000.0,15.028,7266800000.0,73300000.0,142700000.0,181500000.0,34.021,-221800000.0
18,TE,MRT,2011-09-30,2011-09-30,2011-09-30,2019-04-23,-16900000.0,7295900000.0,7194000000.0,883600000.0,6412300000.0,0.446,10.58,-413100000.0,165800000.0,165800000.0,1842000000.0,275700000.0,0.83,2.225,3076100000.0,386100000.0,2690000000.0,3076100000.0,0.0,322600000.0,158300000.0,0.049,0.84,564400000.0,887000000.0,0.276,887000000.0,564400000.0,371200000.0,1.29,1.28,1.29,2261900000.0,2207825000.0,2261900000.0,6698999335.0,12.0,7.552,329900000.0,1.543,1.0,1368200000.0,0.426,55400000.0,193200000.0,9086200000.0,9354575000.0,207900000.0,1500000.0,1300000.0,200000.0,5033500000.0,1064600000.0,3968900000.0,3646599335.0,14200000.0,185100000.0,8800000.0,-343600000.0,-180800000.0,-516200000.0,-212600000.0,13900000.0,743000000.0,0.0,276100000.0,276100000.0,276100000.0,-31500000.0,-400000.0,0.086,314800000.0,1053400000.0,252500000.0,0.651,1.612,13.208,13.279,5884000000.0,0.0,17.13,1.136,1.141,342800000.0,512600000.0,3210200000.0,3210200000.0,0.0,0.038,0.125,0.06,0.176,8600000.0,0.0,1.0,212877953.0,213800000,215300000.0,15.015,7240500000.0,76500000.0,95100000.0,209600000.0,33.866,-181000000.0
19,TE,MRT,2011-06-30,2011-06-30,2011-06-30,2019-04-23,-15500000.0,7098000000.0,7227525000.0,710200000.0,6387800000.0,0.447,10.374,-414800000.0,61800000.0,61800000.0,1905800000.0,236600000.0,0.902,2.203,3114200000.0,165100000.0,2949100000.0,3114200000.0,0.0,319000000.0,158200000.0,0.044,0.83,550400000.0,869400000.0,0.269,869400000.0,550400000.0,348600000.0,1.11,1.1,1.11,2215800000.0,2179950000.0,2215800000.0,7080364532.0,13.0,8.144,308800000.0,1.446,1.0,1328400000.0,0.411,55400000.0,201800000.0,9308000000.0,9536550000.0,233800000.0,3800000.0,3200000.0,600000.0,4881800000.0,787000000.0,4094800000.0,4021264532.0,-36000000.0,181800000.0,10200000.0,-361500000.0,-178400000.0,-530300000.0,-229300000.0,-800000.0,723600000.0,0.0,236900000.0,236900000.0,236900000.0,-27400000.0,-300000.0,0.073,310200000.0,1018200000.0,238200000.0,0.748,1.815,16.975,17.018,5858500000.0,0.0,18.89,1.243,1.248,335400000.0,468800000.0,3234200000.0,3234200000.0,0.0,0.033,0.109,0.058,0.17,8200000.0,0.0,1.0,212877953.0,213600000,215200000.0,15.141,7042600000.0,100000.0,111700000.0,73300000.0,32.971,-76800000.0
20,TE,MRT,2011-03-31,2011-03-31,2011-03-31,2019-04-23,-14500000.0,7103800000.0,7309900000.0,708300000.0,6395500000.0,0.444,10.253,-439700000.0,89500000.0,89500000.0,1909000000.0,234700000.0,0.977,2.252,3148600000.0,78300000.0,3070300000.0,3148600000.0,0.0,315700000.0,157600000.0,0.044,0.82,547400000.0,863100000.0,0.266,863100000.0,547400000.0,338600000.0,1.1,1.09,1.1,2183900000.0,2160225000.0,2183900000.0,7164490398.0,13.0,8.301,313200000.0,1.47,1.0,1338300000.0,0.412,55400000.0,208800000.0,9382600000.0,9694325000.0,243500000.0,7700000.0,6100000.0,1600000.0,4919000000.0,724900000.0,4194100000.0,3993590398.0,-142500000.0,181600000.0,8500000.0,-473100000.0,-176100000.0,-640700000.0,-254700000.0,-800000.0,752900000.0,0.0,234900000.0,234900000.0,234900000.0,-27400000.0,-200000.0,0.072,306900000.0,1031400000.0,225300000.0,0.745,1.829,17.001,17.055,5842400000.0,0.0,18.76,1.23,1.231,297300000.0,437600000.0,3247300000.0,3247300000.0,0.0,0.032,0.109,0.056,0.169,7700000.0,0.0,1.0,212877953.0,213000000,215000000.0,15.246,7048400000.0,23500000.0,103700000.0,45900000.0,33.091,-16600000.0
21,TE,MRT,2010-12-31,2010-12-31,2010-12-31,2019-04-23,-17200000.0,7278300000.0,7421650000.0,898600000.0,6379700000.0,0.453,10.206,-489700000.0,67500000.0,67500000.0,1978900000.0,239000000.0,1.194,2.354,3238400000.0,90300000.0,3148100000.0,3238400000.0,0.0,312900000.0,156500000.0,0.046,0.815,564100000.0,877000000.0,0.261,877000000.0,564100000.0,348600000.0,1.12,1.11,1.12,2169700000.0,2140375000.0,2169700000.0,7054627563.0,13.0,8.044,174700000.0,0.822,1.0,1384600000.0,0.412,55400000.0,215500000.0,9641500000.0,9843425000.0,247600000.0,17700000.0,17500000.0,200000.0,5107700000.0,752300000.0,4355400000.0,3789227563.0,21500000.0,205500000.0,7800000.0,-179000000.0,-174700000.0,-346600000.0,-296300000.0,0.0,664400000.0,0.0,239000000.0,239000000.0,239000000.0,-27400000.0,0.0,0.071,305600000.0,1079000000.0,281500000.0,0.728,1.746,15.855,15.893,5841000000.0,0.0,17.8,1.127,1.125,333400000.0,430000000.0,3363500000.0,3363500000.0,0.0,0.032,0.112,0.057,0.168,7400000.0,0.0,1.0,212877953.0,212600000,214800000.0,15.821,7222900000.0,141400000.0,109600000.0,112000000.0,33.974,146300000.0
22,TE,MRT,2010-09-30,2010-09-30,2010-09-30,2019-04-23,-19600000.0,7430000000.0,7406950000.0,874400000.0,6555600000.0,0.47,10.11,-515300000.0,151600000.0,151600000.0,2198800000.0,236300000.0,1.064,2.455,3417000000.0,104200000.0,3312800000.0,3417000000.0,0.0,307800000.0,154900000.0,0.047,0.81,629200000.0,937000000.0,0.269,937000000.0,629200000.0,397300000.0,1.1,1.1,1.1,2150400000.0,2119300000.0,2150400000.0,7062246146.0,11.0,7.537,262500000.0,1.234,1.0,1279100000.0,0.368,59400000.0,231900000.0,9814100000.0,9859875000.0,234600000.0,153500000.0,15500000.0,138000000.0,5278800000.0,821900000.0,4456900000.0,3687046146.0,106100000.0,25900000.0,7200000.0,-3300000.0,-173400000.0,-170200000.0,-501500000.0,-14700000.0,777800000.0,0.0,235800000.0,235800000.0,235800000.0,0.0,500000.0,0.068,307100000.0,972000000.0,257100000.0,0.736,1.715,15.636,15.745,5795900000.0,0.0,17.32,1.06,1.059,371500000.0,417400000.0,3477900000.0,3477900000.0,0.0,0.032,0.111,0.064,0.181,7100000.0,0.0,1.0,212877953.0,212700000,214800000.0,16.351,7370600000.0,86400000.0,161500000.0,72200000.0,34.653,52500000.0
23,TE,MRT,2010-06-30,2010-06-30,2010-06-30,2019-04-23,-21400000.0,7427500000.0,7355500000.0,817000000.0,6610500000.0,0.472,10.051,-547100000.0,97800000.0,97800000.0,2205100000.0,250000000.0,1.016,2.476,3473000000.0,154400000.0,3318600000.0,3473000000.0,0.0,301800000.0,154100000.0,0.053,0.805,605300000.0,907100000.0,0.261,907100000.0,605300000.0,373500000.0,1.16,1.16,1.16,2136900000.0,2098150000.0,2136900000.0,6595170752.0,11.0,7.271,177200000.0,0.833,1.0,1267300000.0,0.365,59400000.0,231800000.0,9939100000.0,9819275000.0,243100000.0,145800000.0,500000.0,145300000.0,5290000000.0,804200000.0,4485800000.0,3208070752.0,69800000.0,25900000.0,5700000.0,21400000.0,-172200000.0,-145800000.0,-508700000.0,7400000.0,724300000.0,0.0,249600000.0,249600000.0,249600000.0,0.0,400000.0,0.072,329000000.0,938300000.0,266700000.0,0.694,1.501,12.853,12.991,5782700000.0,0.0,15.07,0.924,0.923,359500000.0,410300000.0,3472400000.0,3472400000.0,0.0,0.034,0.119,0.062,0.174,9000000.0,0.0,1.0,212877953.0,212600000,215100000.0,16.333,7368100000.0,152800000.0,123900000.0,60800000.0,34.657,12800000.0
24,TE,MRT,2010-03-31,2010-03-31,2010-03-31,2019-04-23,-21500000.0,7550800000.0,7306150000.0,952500000.0,6598300000.0,0.465,9.918,-591700000.0,232000000.0,232000000.0,2200400000.0,235200000.0,1.059,2.588,3619100000.0,234300000.0,3384800000.0,3619100000.0,0.0,295200000.0,153100000.0,0.05,0.8,580100000.0,875300000.0,0.258,875300000.0,580100000.0,350100000.0,1.1,1.1,1.1,2104500000.0,2073275000.0,2104500000.0,6701130673.0,12.0,7.656,95700000.0,0.451,1.0,1198400000.0,0.353,59400000.0,230000000.0,9979000000.0,9755575000.0,228500000.0,147000000.0,500000.0,146500000.0,5445800000.0,899500000.0,4546300000.0,3382630673.0,197100000.0,26200000.0,5200000.0,219600000.0,-170900000.0,53200000.0,-543500000.0,14700000.0,687400000.0,0.0,235000000.0,235000000.0,235000000.0,0.0,200000.0,0.069,322400000.0,876000000.0,240300000.0,0.727,1.607,14.394,14.445,5734700000.0,0.0,15.89,0.995,0.992,347900000.0,378800000.0,3398800000.0,3398800000.0,0.0,0.032,0.113,0.059,0.171,10200000.0,0.0,1.0,212877953.0,212200000,213900000.0,16.017,7491400000.0,190600000.0,115100000.0,53400000.0,35.303,53000000.0
25,TE,MRT,2009-12-31,2009-12-31,2009-12-31,2019-04-23,-25000000.0,7219500000.0,7233300000.0,651600000.0,6567900000.0,0.458,9.846,-639800000.0,46000000.0,46000000.0,2218000000.0,213900000.0,0.845,2.462,3364500000.0,162900000.0,3201600000.0,3364500000.0,0.0,287900000.0,151200000.0,0.049,0.8,539500000.0,827400000.0,0.25,827400000.0,539500000.0,312500000.0,1.0,1.0,1.0,2085400000.0,2049025000.0,2085400000.0,6776980398.0,13.0,8.191,84900000.0,0.401,1.0,1092500000.0,0.33,59400000.0,227000000.0,9707300000.0,9664575000.0,190000000.0,281100000.0,1600000.0,279500000.0,5134100000.0,771300000.0,4362800000.0,3452880398.0,33800000.0,31400000.0,5100000.0,57100000.0,-170800000.0,-108600000.0,-582300000.0,16300000.0,724700000.0,0.0,213900000.0,213900000.0,213900000.0,0.0,0.0,0.065,313600000.0,778900000.0,251400000.0,0.8,1.656,16.142,16.22,5544100000.0,0.0,16.22,1.043,1.038,277400000.0,365700000.0,3310500000.0,3310500000.0,0.0,0.03,0.104,0.056,0.163,10300000.0,0.0,1.0,212877953.0,211800000,213100000.0,15.63,7160100000.0,224400000.0,98600000.0,31300000.0,33.806,-119700000.0
26,TE,MRT,2009-09-30,2009-09-30,2009-09-30,2019-04-23,-30200000.0,7224200000.0,7215275000.0,728200000.0,6496000000.0,0.46,9.749,-686400000.0,45500000.0,45500000.0,2271500000.0,182400000.0,0.87,2.497,3369600000.0,167900000.0,3201700000.0,3369600000.0,0.0,283300000.0,150500000.0,0.057,0.8,513600000.0,796900000.0,0.24,796900000.0,513600000.0,285700000.0,0.85,0.86,0.85,2065800000.0,2029600000.0,2065800000.0,6369421578.0,12.0,7.993,-84400000.0,-0.398,1.0,1044300000.0,0.315,59400000.0,227900000.0,9651700000.0,9637250000.0,200600000.0,286600000.0,2000000.0,284600000.0,5158400000.0,837200000.0,4321200000.0,2997321578.0,-47000000.0,33600000.0,4400000.0,142200000.0,-170600000.0,-24000000.0,-625000000.0,17000000.0,602000000.0,0.0,182400000.0,182400000.0,182400000.0,0.0,0.0,0.055,308300000.0,736000000.0,248900000.0,0.941,1.451,16.433,16.565,5477700000.0,0.0,14.08,0.904,0.9,336600000.0,355000000.0,3315800000.0,3315800000.0,0.0,0.025,0.09,0.053,0.155,10400000.0,0.0,1.0,212877953.0,211900000,213200000.0,15.648,7164800000.0,247600000.0,103300000.0,69400000.0,33.812,-109000000.0
27,TE,MRT,2009-06-30,2009-06-30,2009-06-30,2019-04-23,-33100000.0,7230100000.0,7153000000.0,746300000.0,6483800000.0,0.468,9.619,-691600000.0,28000000.0,28000000.0,2365100000.0,175800000.0,0.869,2.549,3400100000.0,194900000.0,3205200000.0,3400100000.0,0.0,277200000.0,148600000.0,0.067,0.8,507800000.0,785000000.0,0.235,785000000.0,507800000.0,279800000.0,0.83,0.83,0.83,2037400000.0,2023575000.0,2037400000.0,5852833979.0,12.0,7.456,-214300000.0,-1.012,1.0,980500000.0,0.293,59400000.0,228000000.0,9684300000.0,9557950000.0,210400000.0,284200000.0,200000.0,284000000.0,5192700000.0,858500000.0,4334200000.0,2539633979.0,-143800000.0,50300000.0,4200000.0,180800000.0,-170400000.0,14600000.0,-635700000.0,9600000.0,477300000.0,0.0,175800000.0,175800000.0,175800000.0,0.0,0.0,0.053,277200000.0,703300000.0,264500000.0,0.964,1.247,14.446,14.373,5408600000.0,0.0,11.93,0.759,0.755,309700000.0,332900000.0,3345600000.0,3345600000.0,0.0,0.025,0.087,0.053,0.152,8300000.0,0.0,1.0,212877953.0,211800000,212400000.0,15.796,7170700000.0,279000000.0,104000000.0,57200000.0,33.856,-112200000.0
28,TE,MRT,2009-03-31,2009-03-31,2009-03-31,2019-04-23,-41500000.0,7259400000.0,7108875000.0,781800000.0,6477600000.0,0.479,9.496,-643600000.0,34900000.0,34900000.0,2463300000.0,166300000.0,0.87,2.616,3348100000.0,142900000.0,3205200000.0,3348100000.0,0.0,270800000.0,146500000.0,0.072,0.8,492900000.0,763700000.0,0.224,763700000.0,492900000.0,265400000.0,0.78,0.78,0.78,2007500000.0,2021150000.0,2007500000.0,5668453321.0,12.0,7.422,-230100000.0,-1.088,1.0,944300000.0,0.277,59400000.0,227500000.0,9615000000.0,9447200000.0,190700000.0,298300000.0,0.0,298300000.0,5251900000.0,898200000.0,4353700000.0,2374153321.0,-83200000.0,50200000.0,21500000.0,247900000.0,-170100000.0,99300000.0,-596000000.0,2200000.0,413500000.0,0.0,166300000.0,166300000.0,166300000.0,0.0,0.0,0.049,270800000.0,673500000.0,285100000.0,1.026,1.183,14.276,14.295,5347800000.0,0.0,11.15,0.697,0.692,295000000.0,314700000.0,3407600000.0,3407600000.0,0.0,0.023,0.082,0.052,0.145,9100000.0,0.0,1.0,212928549.0,211400000,212200000.0,16.119,7200000000.0,314700000.0,99100000.0,44000000.0,34.059,-116400000.0
29,TE,MRT,2008-12-31,2008-12-31,2008-12-31,2019-04-23,-46000000.0,7147400000.0,6979625000.0,765400000.0,6382000000.0,0.484,9.533,-589500000.0,12200000.0,12200000.0,2445600000.0,162400000.0,0.976,2.56,3306500000.0,99900000.0,3206600000.0,3306500000.0,0.0,266100000.0,144600000.0,0.064,0.795,485700000.0,751800000.0,0.223,751800000.0,485700000.0,256800000.0,0.77,0.77,0.77,2007700000.0,2017525000.0,2007700000.0,5754370124.0,12.0,7.654,-201700000.0,-0.958,1.0,929700000.0,0.275,59400000.0,228900000.0,9598000000.0,9283900000.0,163000000.0,307800000.0,2400000.0,305400000.0,5139700000.0,784300000.0,4355400000.0,2627870124.0,-150400000.0,13800000.0,21800000.0,102000000.0,-168600000.0,-44800000.0,-493400000.0,76100000.0,387800000.0,0.0,162400000.0,162400000.0,162400000.0,0.0,0.0,0.048,267000000.0,662700000.0,304400000.0,1.032,1.309,16.181,16.039,5221300000.0,0.0,12.35,0.779,0.771,285900000.0,322600000.0,3375300000.0,3375300000.0,0.0,0.023,0.08,0.052,0.144,9700000.0,0.0,1.0,212783006.0,210600000,211400000.0,16.027,7088000000.0,337300000.0,94400000.0,32400000.0,33.656,-18900000.0
30,TE,MRT,2008-09-30,2008-09-30,2008-09-30,2019-04-23,-35200000.0,6975100000.0,6884075000.0,856000000.0,6119100000.0,0.503,9.667,-537300000.0,100000000.0,100000000.0,2522200000.0,232100000.0,1.21,2.416,3226500000.0,19900000.0,3206600000.0,3226500000.0,0.0,262100000.0,144200000.0,0.05,0.79,720000000.0,982100000.0,0.284,982100000.0,720000000.0,487900000.0,1.49,1.48,1.49,2041700000.0,2019850000.0,2041700000.0,6357595986.0,9.0,6.473,-71800000.0,-0.34,1.0,941100000.0,0.272,59400000.0,232100000.0,9334500000.0,9163425000.0,163200000.0,311600000.0,2500000.0,309100000.0,4933400000.0,707700000.0,4225700000.0,3317695986.0,-43600000.0,381400000.0,25100000.0,-323200000.0,-167200000.0,-465100000.0,-44000000.0,103500000.0,465500000.0,0.0,314300000.0,314300000.0,314300000.0,0.0,-82200000.0,0.091,20500000.0,920600000.0,293200000.0,0.53,1.625,10.556,10.557,5083200000.0,0.0,15.73,0.958,0.959,340500000.0,348500000.0,3463300000.0,3463300000.0,0.0,0.046,0.156,0.079,0.208,9600000.0,0.0,1.0,210915193.0,211200000,212600000.0,16.398,6915700000.0,355500000.0,173600000.0,67600000.0,32.745,148300000.0
31,TE,MRT,2008-06-30,2008-06-30,2008-06-30,2019-04-23,-30800000.0,7053600000.0,6931600000.0,981000000.0,6072600000.0,0.509,9.637,-488000000.0,179300000.0,179300000.0,2560600000.0,266700000.0,1.237,2.479,3219200000.0,7100000.0,3212100000.0,3219200000.0,0.0,255200000.0,142900000.0,0.037,0.785,780100000.0,1035300000.0,0.294,1035300000.0,780100000.0,541500000.0,1.66,1.65,1.66,2027700000.0,1976775000.0,2027700000.0,7494167498.0,10.0,7.239,70800000.0,0.337,1.0,966600000.0,0.274,59400000.0,238600000.0,9241300000.0,9261025000.0,161900000.0,461200000.0,145200000.0,316000000.0,5025900000.0,792800000.0,4233100000.0,4532567498.0,-48100000.0,379900000.0,25600000.0,-526800000.0,-165700000.0,-654600000.0,47700000.0,122000000.0,558800000.0,0.0,348900000.0,348900000.0,348900000.0,0.0,-82200000.0,0.099,18500000.0,948100000.0,356600000.0,0.473,2.235,12.991,12.946,5009300000.0,0.0,21.49,1.285,1.282,330800000.0,332900000.0,3527200000.0,3527200000.0,0.0,0.05,0.176,0.084,0.221,10300000.0,0.0,1.0,210915193.0,210400000,212100000.0,16.764,6994200000.0,385000000.0,192600000.0,59600000.0,33.242,188200000.0
32,TE,MRT,2008-03-31,2008-03-31,2008-03-31,2019-04-23,-34600000.0,6742400000.0,6982875000.0,734700000.0,6007700000.0,0.502,9.504,-496800000.0,125600000.0,125600000.0,2542700000.0,289000000.0,1.076,2.383,3087200000.0,25100000.0,3062100000.0,3087200000.0,0.0,257100000.0,141100000.0,0.049,0.78,815100000.0,1072200000.0,0.306,1072200000.0,815100000.0,566700000.0,1.77,1.76,1.77,1993000000.0,1923975000.0,1993000000.0,6384597328.0,8.0,5.955,51300000.0,0.245,1.0,963800000.0,0.275,59400000.0,248400000.0,8961800000.0,9371175000.0,146800000.0,350900000.0,74500000.0,276400000.0,4749400000.0,682800000.0,4066600000.0,3364097328.0,-243500000.0,417500000.0,11700000.0,-750900000.0,-164300000.0,-865200000.0,73600000.0,119700000.0,548100000.0,0.0,371200000.0,371200000.0,371200000.0,0.0,-82200000.0,0.106,33900000.0,929900000.0,282200000.0,0.441,1.688,9.063,9.011,4952300000.0,0.0,15.95,0.959,0.954,309900000.0,323800000.0,3506500000.0,3506500000.0,0.0,0.053,0.193,0.087,0.232,11500000.0,0.0,1.0,210915193.0,209700000,210600000.0,16.722,6683000000.0,417000000.0,195500000.0,45900000.0,31.869,51900000.0
33,TE,MRT,2007-12-31,2007-12-31,2007-12-31,2019-04-23,-17200000.0,6765200000.0,7122000000.0,782400000.0,5982800000.0,0.497,9.646,-494400000.0,162600000.0,162600000.0,2576700000.0,331000000.0,1.267,2.354,3190500000.0,32100000.0,3158400000.0,3190500000.0,0.0,263700000.0,138100000.0,0.045,0.775,885200000.0,1148900000.0,0.325,1148900000.0,885200000.0,627400000.0,1.97,1.96,1.97,2017000000.0,1868025000.0,2017000000.0,6968581575.0,8.0,6.065,59600000.0,0.285,1.0,959400000.0,0.271,59400000.0,257800000.0,9116100000.0,9465325000.0,154000000.0,300600000.0,300000.0,300300000.0,4748200000.0,617600000.0,4130600000.0,3607581575.0,-279000000.0,432700000.0,14000000.0,-716400000.0,-163000000.0,-805300000.0,-27700000.0,-400000.0,554000000.0,0.0,413200000.0,413200000.0,413200000.0,0.0,-82200000.0,0.117,42400000.0,917000000.0,302100000.0,0.393,1.789,8.731,8.736,4888200000.0,0.0,17.21,1.02,1.018,374400000.0,334100000.0,3536100000.0,3536100000.0,0.0,0.058,0.221,0.094,0.25,11600000.0,0.0,1.0,209621242.0,209100000,209900000.0,16.911,6705800000.0,425600000.0,214200000.0,45400000.0,32.07,164800000.0
34,TE,MRT,2007-09-30,2007-09-30,2007-09-30,2019-04-23,-26700000.0,7165200000.0,7271150000.0,1002500000.0,6162700000.0,0.482,8.949,-513600000.0,173500000.0,173500000.0,2550800000.0,288200000.0,1.351,2.833,3534500000.0,80100000.0,3454400000.0,3534500000.0,0.0,269400000.0,136800000.0,0.047,0.77,684800000.0,954200000.0,0.272,954200000.0,684800000.0,418900000.0,1.39,1.37,1.39,1869400000.0,1796025000.0,1869400000.0,6804377006.0,10.0,7.131,-50500000.0,-0.242,1.0,953200000.0,0.272,59400000.0,265900000.0,9724900000.0,9529575000.0,179100000.0,365300000.0,90400000.0,274900000.0,5295800000.0,741900000.0,4553900000.0,3444077006.0,-425700000.0,119500000.0,16000000.0,-429400000.0,-161600000.0,-496900000.0,-391900000.0,-35500000.0,463100000.0,0.0,288200000.0,288200000.0,288200000.0,-500000.0,0.0,0.082,285600000.0,667600000.0,259700000.0,0.554,1.842,11.95,11.82,4815400000.0,0.0,16.43,0.983,0.98,356000000.0,201400000.0,3504000000.0,3504000000.0,0.0,0.04,0.16,0.072,0.195,12100000.0,0.0,1.0,209621242.0,208900000,209800000.0,16.774,7105800000.0,528900000.0,130700000.0,73400000.0,34.015,260600000.0
35,TE,MRT,2007-06-30,2007-06-30,2007-06-30,2019-04-23,-24100000.0,7258700000.0,7329450000.0,1084500000.0,6174200000.0,0.469,8.696,-548600000.0,257300000.0,257300000.0,2494000000.0,275100000.0,1.236,2.996,3617600000.0,157500000.0,3460100000.0,3617600000.0,0.0,279700000.0,134400000.0,0.045,0.765,673000000.0,952700000.0,0.277,952700000.0,673000000.0,400900000.0,1.32,1.32,1.32,1816500000.0,1751200000.0,1816500000.0,6922092938.0,10.0,7.266,-26000000.0,-0.124,1.0,942900000.0,0.274,59400000.0,272100000.0,9681900000.0,9417225000.0,212500000.0,368500000.0,72600000.0,295900000.0,5442200000.0,877700000.0,4564500000.0,3601292938.0,-247500000.0,117900000.0,17100000.0,-239000000.0,-160200000.0,-311600000.0,-458500000.0,-54000000.0,522600000.0,0.0,275100000.0,275100000.0,275100000.0,-500000.0,0.0,0.08,286000000.0,656900000.0,259900000.0,0.58,1.983,13.091,13.015,4755800000.0,0.0,17.18,1.048,1.044,297200000.0,149600000.0,3436900000.0,3436900000.0,0.0,0.038,0.157,0.071,0.196,11900000.0,0.0,1.0,209621242.0,208900000,210000000.0,16.452,7199300000.0,574000000.0,125800000.0,69400000.0,34.463,206800000.0
36,TE,MRT,2007-03-31,2007-03-31,2007-03-31,2019-04-23,-28200000.0,7298900000.0,7326375000.0,1208600000.0,6090300000.0,0.469,8.481,-512000000.0,398900000.0,398900000.0,2477000000.0,263900000.0,0.989,3.126,3719700000.0,508400000.0,3211300000.0,3719700000.0,0.0,283500000.0,132800000.0,0.044,0.76,668100000.0,951600000.0,0.277,951600000.0,668100000.0,391700000.0,1.27,1.27,1.27,1769200000.0,1708700000.0,1769200000.0,7028125726.0,11.0,7.386,25500000.0,0.122,1.0,956000000.0,0.278,59400000.0,276400000.0,9338400000.0,9483275000.0,189700000.0,362200000.0,84400000.0,277800000.0,5529700000.0,1221900000.0,4307800000.0,3607025726.0,-31900000.0,90400000.0,14500000.0,-39800000.0,-158900000.0,-121600000.0,-447800000.0,-51600000.0,537500000.0,0.0,263900000.0,263900000.0,263900000.0,-1900000.0,0.0,0.077,265600000.0,690400000.0,267600000.0,0.598,2.039,13.668,13.551,4694500000.0,0.0,17.21,1.051,1.046,310200000.0,116900000.0,3433000000.0,3433000000.0,0.0,0.036,0.154,0.07,0.195,11300000.0,0.0,1.0,209588944.0,208600000,209600000.0,16.457,7239500000.0,580200000.0,127800000.0,56500000.0,34.705,-13300000.0
37,TE,MRT,2006-12-31,2006-12-31,2006-12-31,2019-04-23,-30500000.0,7361800000.0,7276600000.0,1285700000.0,6076100000.0,0.474,8.316,-455700000.0,478900000.0,478900000.0,2474400000.0,246300000.0,0.952,3.258,3900000000.0,687400000.0,3212600000.0,3900000000.0,0.0,282200000.0,129500000.0,0.044,0.76,643300000.0,925500000.0,0.268,925500000.0,643300000.0,365000000.0,1.19,1.18,1.19,1729000000.0,1670700000.0,1729000000.0,6958318881.0,11.0,7.518,111200000.0,0.535,1.0,973700000.0,0.282,59400000.0,278300000.0,9373100000.0,9561175000.0,159600000.0,308100000.0,7100000.0,301000000.0,5632800000.0,1350400000.0,4282400000.0,3599318881.0,95900000.0,100400000.0,12500000.0,-38800000.0,-158700000.0,-119300000.0,-351700000.0,-6700000.0,566900000.0,0.0,246300000.0,246300000.0,246300000.0,-1900000.0,0.0,0.071,261500000.0,712200000.0,326500000.0,0.639,2.082,14.614,14.479,4766900000.0,0.0,17.23,1.044,1.039,338300000.0,83700000.0,3448100000.0,3448100000.0,0.0,0.034,0.147,0.067,0.187,11500000.0,0.0,1.0,208898368.0,207900000,208700000.0,16.585,7302400000.0,649000000.0,118700000.0,40000000.0,35.125,-64700000.0
38,TE,MRT,2006-09-30,2006-09-30,2006-09-30,2019-04-23,-51400000.0,7398400000.0,7228675000.0,1452400000.0,5946000000.0,0.469,8.137,-383200000.0,599100000.0,599100000.0,2410100000.0,249400000.0,1.021,3.377,3958100000.0,639400000.0,3318700000.0,3958100000.0,0.0,282000000.0,125700000.0,0.049,0.76,650600000.0,932600000.0,0.275,932600000.0,650600000.0,373000000.0,1.2,1.21,1.2,1690100000.0,1636375000.0,1690100000.0,6728459459.0,10.0,7.215,73700000.0,0.355,1.0,981800000.0,0.289,59400000.0,277600000.0,9275500000.0,9651125000.0,162300000.0,302100000.0,6300000.0,295800000.0,5708300000.0,1422500000.0,4285800000.0,3269259459.0,207500000.0,82100000.0,-172200000.0,114300000.0,-158500000.0,28500000.0,-277900000.0,-2200000.0,456900000.0,0.0,249400000.0,249400000.0,249400000.0,-700000.0,0.0,0.074,269500000.0,712300000.0,299000000.0,0.633,1.934,13.108,13.042,4679400000.0,0.0,15.65,0.964,0.958,363600000.0,74600000.0,3391900000.0,3391900000.0,0.0,0.035,0.152,0.067,0.192,10700000.0,0.0,1.0,208898368.0,207700000,208600000.0,16.331,7339000000.0,703400000.0,123600000.0,94500000.0,35.335,29900000.0
39,TE,MRT,2006-06-30,2006-06-30,2006-06-30,2019-04-23,-50000000.0,7246400000.0,7177075000.0,1321600000.0,5924800000.0,0.461,7.927,-332200000.0,504600000.0,504600000.0,2354500000.0,264300000.0,1.888,3.401,3963800000.0,7200000.0,3956600000.0,3963800000.0,0.0,283100000.0,120600000.0,0.051,0.76,660200000.0,943300000.0,0.285,943300000.0,660200000.0,384400000.0,1.28,1.27,1.28,1646500000.0,1609675000.0,1646500000.0,6553413080.0,10.0,6.947,67500000.0,0.325,1.0,950900000.0,0.288,59400000.0,275800000.0,9946100000.0,9810475000.0,164200000.0,324600000.0,14800000.0,309800000.0,5599900000.0,700100000.0,4899800000.0,3118913080.0,279200000.0,183200000.0,-170900000.0,77800000.0,-158300000.0,7500000.0,-128000000.0,-2200000.0,399700000.0,0.0,264300000.0,264300000.0,264300000.0,-900000.0,0.0,0.08,275600000.0,675300000.0,293800000.0,0.594,1.894,11.801,11.672,4620200000.0,0.0,14.94,0.944,0.939,333500000.0,34500000.0,3305400000.0,3305400000.0,0.0,0.037,0.164,0.067,0.2,8700000.0,0.0,1.0,208762589.0,207700000,208600000.0,15.914,7187000000.0,728400000.0,120100000.0,76700000.0,34.603,621500000.0
40,TE,MRT,2006-03-31,2006-03-31,2006-03-31,2019-04-23,-50700000.0,7099800000.0,7068675000.0,1191200000.0,5908600000.0,0.447,7.794,-311000000.0,430700000.0,430700000.0,2232300000.0,297000000.0,1.444,3.39,3865200000.0,157200000.0,3708000000.0,3865200000.0,0.0,282400000.0,118500000.0,0.047,0.76,676000000.0,958400000.0,0.303,958400000.0,676000000.0,393800000.0,1.44,1.41,1.44,1617200000.0,1577725000.0,1617200000.0,6906386177.0,10.0,7.206,-44000000.0,-0.212,1.0,929500000.0,0.294,59400000.0,282200000.0,9650000000.0,9784525000.0,149300000.0,307200000.0,10200000.0,297000000.0,5482600000.0,824900000.0,4657700000.0,3358286177.0,80900000.0,267200000.0,-166500000.0,-108600000.0,-158000000.0,-166800000.0,-19300000.0,-2200000.0,267000000.0,0.0,297000000.0,297000000.0,297000000.0,-82300000.0,0.0,0.094,285600000.0,643900000.0,262700000.0,0.528,2.077,11.307,11.194,4584300000.0,0.0,16.12,1.062,1.058,323400000.0,-27900000.0,3161800000.0,3161800000.0,0.0,0.042,0.188,0.069,0.214,7400000.0,0.0,1.0,208330408.0,207500000,208700000.0,15.238,7040400000.0,748100000.0,96800000.0,66700000.0,33.93,366300000.0
41,TE,MRT,2005-12-31,2005-12-31,2005-12-31,2019-04-23,-51100000.0,7170100000.0,7723550000.0,1249200000.0,5920900000.0,0.39,7.715,-295300000.0,383300000.0,383300000.0,2097700000.0,274500000.0,1.349,3.505,3931400000.0,222200000.0,3709200000.0,3931400000.0,0.0,282200000.0,115200000.0,0.044,0.76,665100000.0,947300000.0,0.315,947300000.0,665100000.0,376400000.0,1.33,1.31,1.33,1591700000.0,1538825000.0,1591700000.0,7000030188.0,11.0,7.389,-118200000.0,-0.573,1.0,912400000.0,0.303,59400000.0,288700000.0,9732900000.0,10118150000.0,153800000.0,374000000.0,64000000.0,310000000.0,5578400000.0,925900000.0,4652500000.0,3575530188.0,249000000.0,278300000.0,16200000.0,-82200000.0,-157700000.0,37600000.0,34300000.0,900000.0,177100000.0,0.0,274500000.0,274500000.0,274500000.0,-63500000.0,0.0,0.091,285400000.0,627000000.0,354700000.0,0.571,2.246,13.026,12.917,4566900000.0,0.0,17.18,1.188,1.177,323300000.0,-83100000.0,3010100000.0,3010100000.0,0.0,0.036,0.178,0.066,0.221,5500000.0,0.0,1.0,208121664.0,206300000,208200000.0,14.591,7110700000.0,759900000.0,101900000.0,52200000.0,34.468,323300000.0
42,TE,MRT,2005-09-30,2005-09-30,2005-09-30,2019-04-23,-43200000.0,7192000000.0,8174125000.0,1067300000.0,6124700000.0,0.354,7.645,-314700000.0,411700000.0,411700000.0,2043500000.0,-265100000.0,1.657,3.542,3836200000.0,26800000.0,3809400000.0,3836200000.0,0.0,283400000.0,112800000.0,0.042,0.76,-155600000.0,127800000.0,0.044,127800000.0,-155600000.0,-453700000.0,-1.44,-1.47,-1.44,1583300000.0,1461875000.0,1583300000.0,7378892312.0,-47.0,57.738,-99600000.0,-0.481,1.0,853000000.0,0.294,59400000.0,298100000.0,9912900000.0,10315650000.0,154100000.0,451900000.0,136800000.0,315100000.0,5608700000.0,644200000.0,4964500000.0,3745592312.0,251800000.0,400400000.0,196900000.0,-214400000.0,-156100000.0,-96200000.0,132900000.0,11900000.0,215100000.0,0.0,-265100000.0,-265100000.0,-265100000.0,72300000.0,0.0,-0.092,905600000.0,-52600000.0,348100000.0,-0.528,2.366,-14.129,-12.514,4550200000.0,0.0,18.02,1.293,1.288,336400000.0,-135100000.0,2896500000.0,2896500000.0,0.0,-0.032,-0.181,-0.015,-0.054,7500000.0,0.0,1.0,207857509.0,207100000,209300000.0,13.986,7132600000.0,715400000.0,-188600000.0,88000000.0,34.44,423100000.0
43,TE,MRT,2005-06-30,2005-06-30,2005-06-30,2019-04-23,-43300000.0,6812800000.0,8909350000.0,762900000.0,6049900000.0,0.31,7.347,-291600000.0,245300000.0,245300000.0,1939800000.0,-318400000.0,1.401,3.486,3878600000.0,75500000.0,3803100000.0,3878600000.0,0.0,284000000.0,110100000.0,0.04,0.76,-221700000.0,62300000.0,0.023,62300000.0,-221700000.0,-526700000.0,-1.69,-1.71,-1.69,1518700000.0,1516250000.0,1518700000.0,7501970110.0,-34.0,120.417,-156600000.0,-0.758,1.0,818400000.0,0.297,59400000.0,305000000.0,9842300000.0,10771675000.0,143800000.0,307800000.0,24000000.0,283800000.0,5294100000.0,544400000.0,4749700000.0,3913970110.0,102600000.0,331300000.0,194600000.0,-188100000.0,-152400000.0,-92800000.0,60400000.0,16100000.0,135000000.0,0.0,-318400000.0,-318400000.0,-318400000.0,77000000.0,0.0,-0.115,902500000.0,-84100000.0,247900000.0,-0.45,2.577,-12.293,-11.189,4548800000.0,0.0,18.91,1.419,1.417,307400000.0,-229800000.0,2758200000.0,2758200000.0,0.0,-0.036,-0.21,-0.021,-0.08,10600000.0,0.0,1.0,206978853.0,206700000,208900000.0,13.344,6753400000.0,804900000.0,-208300000.0,74100000.0,32.672,218500000.0
44,TE,MRT,2005-03-31,2005-03-31,2005-03-31,2019-04-23,-42900000.0,9719300000.0,9729425000.0,1018400000.0,8700900000.0,0.278,7.126,-276200000.0,369700000.0,369700000.0,1903600000.0,-521800000.0,0.45,5.65,3957700000.0,89600000.0,3868100000.0,3957700000.0,0.0,287600000.0,108600000.0,0.048,0.76,-438100000.0,-150500000.0,-0.056,-150500000.0,-438100000.0,-749300000.0,-2.72,-2.72,-2.72,1461600000.0,1515425000.0,1461600000.0,7098842852.0,-16.0,-47.168,-90900000.0,-0.443,1.0,804500000.0,0.297,59400000.0,311200000.0,10984500000.0,11299000000.0,137200000.0,310400000.0,40500000.0,269900000.0,8257700000.0,2263400000.0,5994300000.0,3244042852.0,205000000.0,268900000.0,189700000.0,-122000000.0,-148800000.0,-36900000.0,56600000.0,20500000.0,185300000.0,0.0,-521800000.0,-521800000.0,-521800000.0,186100000.0,0.0,-0.193,902700000.0,-98200000.0,251100000.0,-0.279,2.22,-6.217,-5.765,4556200000.0,0.0,15.68,1.198,1.188,300400000.0,-324900000.0,2708100000.0,2708100000.0,0.0,-0.054,-0.344,-0.039,-0.162,10700000.0,0.0,1.0,206890488.0,205100000,206000000.0,13.204,9659900000.0,1362400000.0,-227500000.0,593800000.0,47.098,-1245000000.0
45,TE,MRT,2004-12-31,2004-12-31,2004-12-31,2019-04-23,-43800000.0,8972400000.0,9856000000.0,784700000.0,8187700000.0,0.268,6.666,-273200000.0,153800000.0,153800000.0,1853400000.0,-552000000.0,0.35,5.988,4008600000.0,128600000.0,3880000000.0,4008600000.0,0.0,289600000.0,105800000.0,0.05,0.76,-474200000.0,-184600000.0,-0.07,-184600000.0,-474200000.0,-797100000.0,-2.87,-2.87,-2.87,1283900000.0,1561325000.0,1283900000.0,6945371739.0,-15.0,-37.624,-133600000.0,-0.694,1.0,786000000.0,0.298,59400000.0,322900000.0,10522900000.0,11586400000.0,120800000.0,274800000.0,3800000.0,271000000.0,7688500000.0,2244900000.0,5443600000.0,3064971739.0,-11500000.0,326800000.0,10200000.0,-147500000.0,-145200000.0,-241500000.0,90400000.0,24700000.0,139600000.0,0.0,-552000000.0,-552000000.0,-552000000.0,196500000.0,0.0,-0.209,908100000.0,-122100000.0,257800000.0,-0.265,2.387,-5.552,-5.348,4657900000.0,0.0,15.35,1.161,1.12,286800000.0,-357600000.0,2639400000.0,2639400000.0,0.0,-0.056,-0.354,-0.041,-0.18,13600000.0,0.0,1.0,199672426.0,192600000,192600000.0,13.704,8913000000.0,875000000.0,-245100000.0,56300000.0,46.277,-1460200000.0
46,TE,MRT,2004-09-30,2004-09-30,2004-09-30,2019-04-23,-47800000.0,10132900000.0,10228475000.0,961900000.0,9171000000.0,0.239,9.278,-302400000.0,159700000.0,159700000.0,1658600000.0,-855100000.0,0.436,4.627,4040100000.0,38200000.0,4001900000.0,4040100000.0,0.0,318800000.0,104000000.0,0.056,0.76,-508100000.0,-189300000.0,-0.078,-189300000.0,-508100000.0,-838900000.0,-4.73,-4.72,-4.73,1800800000.0,1659775000.0,1800800000.0,6735336662.0,-13.0,-35.58,-98300000.0,-0.506,1.0,781100000.0,0.32,71200000.0,330800000.0,11737000000.0,12067175000.0,146200000.0,285800000.0,19500000.0,266300000.0,8332100000.0,2205100000.0,6127000000.0,2551036662.0,-306700000.0,292800000.0,8800000.0,-475300000.0,-143000000.0,-548600000.0,37800000.0,21300000.0,204100000.0,0.0,-855100000.0,-855100000.0,-855100000.0,962100000.0,0.0,-0.35,236100000.0,545000000.0,256400000.0,-0.161,1.417,-2.983,-2.86,5501300000.0,0.0,13.53,1.046,1.076,324000000.0,167900000.0,2439700000.0,2439700000.0,0.0,-0.084,-0.515,-0.042,-0.208,15900000.0,0.0,1.0,188546686.0,194100000,194400000.0,12.569,10061700000.0,967700000.0,16200000.0,650800000.0,51.838,-1243200000.0
47,TE,MRT,2004-06-30,2004-06-30,2004-06-30,2019-04-23,-52400000.0,10093100000.0,10469900000.0,874800000.0,9218300000.0,0.239,8.048,-403800000.0,135100000.0,135100000.0,1668300000.0,-915900000.0,0.388,5.66,4319400000.0,43900000.0,4275500000.0,4319400000.0,0.0,351400000.0,104400000.0,0.063,0.76,-582100000.0,-230700000.0,-0.092,-230700000.0,-582100000.0,-929200000.0,-5.05,-5.04,-5.05,1515400000.0,1834950000.0,1515400000.0,6454275472.0,-11.0,-27.977,-86500000.0,-0.459,1.0,832400000.0,0.333,71200000.0,347100000.0,11951600000.0,12673800000.0,156100000.0,274800000.0,15400000.0,259400000.0,8577700000.0,2254600000.0,6323100000.0,2258575472.0,-182300000.0,265400000.0,138500000.0,-495000000.0,-140700000.0,-435500000.0,-64100000.0,46900000.0,317300000.0,0.0,-915900000.0,-915900000.0,-915900000.0,978500000.0,0.0,-0.366,265900000.0,566500000.0,299400000.0,-0.15,1.49,-2.466,-2.374,5521900000.0,0.0,11.99,0.903,0.903,331400000.0,162400000.0,2500700000.0,2500700000.0,0.0,-0.087,-0.499,-0.046,-0.233,16600000.0,0.0,1.0,188371599.0,188300000,188300000.0,13.28,10021900000.0,1000300000.0,-13300000.0,605300000.0,53.223,-1379800000.0
48,TE,MRT,2004-03-31,2004-03-31,2004-03-31,2019-04-23,-59300000.0,10225600000.0,10734575000.0,782400000.0,9443200000.0,0.235,8.751,-547900000.0,144400000.0,144400000.0,1669200000.0,-909600000.0,0.353,5.215,4340100000.0,66100000.0,4274000000.0,4340100000.0,0.0,374300000.0,103400000.0,0.052,0.76,-588600000.0,-214300000.0,-0.085,-214300000.0,-588600000.0,-927900000.0,-5.06,-5.05,-5.06,1645200000.0,2050375000.0,1645200000.0,6406013797.0,-11.0,-29.893,-255900000.0,-1.361,1.0,857900000.0,0.339,71200000.0,339300000.0,12134100000.0,13655275000.0,157100000.0,481500000.0,19400000.0,462100000.0,8580400000.0,2216000000.0,6364400000.0,2753013797.0,-290000000.0,259500000.0,138800000.0,-253600000.0,-138500000.0,-246800000.0,-335200000.0,20100000.0,292000000.0,0.0,-909600000.0,-909600000.0,-909600000.0,1059100000.0,0.0,-0.36,373600000.0,484300000.0,290800000.0,-0.15,1.673,-3.027,-2.891,5532400000.0,0.0,14.63,1.089,1.088,271900000.0,306400000.0,2527100000.0,2527100000.0,0.0,-0.085,-0.444,-0.043,-0.233,17600000.0,0.0,1.0,188175926.0,188000000,188600000.0,13.442,10154400000.0,1015700000.0,-18300000.0,592800000.0,54.013,-1433600000.0
49,TE,MRT,2003-12-31,2003-12-31,2003-12-31,2019-04-23,-55800000.0,10462300000.0,10337450000.0,869800000.0,9592500000.0,0.248,9.326,-590600000.0,159600000.0,159600000.0,1665700000.0,-909400000.0,0.387,5.236,4461700000.0,69100000.0,4392600000.0,4461700000.0,0.0,382000000.0,101400000.0,0.064,0.925,-660800000.0,-278800000.0,-0.109,-278800000.0,-660800000.0,-977300000.0,-5.05,-5.04,-5.05,1677700000.0,2276575000.0,1677700000.0,8446770219.0,-13.0,-30.297,-279300000.0,-1.553,1.0,897200000.0,0.35,71200000.0,316500000.0,12446000000.0,13290325000.0,170700000.0,381100000.0,21100000.0,360000000.0,8784600000.0,2247200000.0,6537400000.0,2706470219.0,-302900000.0,296500000.0,136600000.0,-194400000.0,-165200000.0,-238300000.0,-375900000.0,-32400000.0,311300000.0,0.0,-909400000.0,-909400000.0,-909400000.0,1005800000.0,0.0,-0.355,477600000.0,419600000.0,313800000.0,-0.183,1.613,-2.976,-2.853,5679000000.0,0.0,14.41,1.056,1.011,280400000.0,339500000.0,2562900000.0,2562900000.0,0.0,-0.088,-0.399,-0.05,-0.258,18300000.0,0.0,1.0,187818891.0,179900000,180200000.0,14.246,10391100000.0,1051500000.0,-67900000.0,670700000.0,57.76,-1377400000.0
50,TE,MRT,2003-09-30,2003-09-30,2003-09-30,2019-04-23,-86700000.0,11098600000.0,9991475000.0,1360700000.0,9737900000.0,0.261,13.936,-733900000.0,523100000.0,523100000.0,1694900000.0,-68600000.0,0.531,3.437,6263400000.0,1845700000.0,4417700000.0,6263400000.0,0.0,354000000.0,99000000.0,0.079,1.09,83200000.0,437200000.0,0.168,437200000.0,83200000.0,-188200000.0,-0.41,-0.41,-0.41,2501500000.0,2510075000.0,2501500000.0,8485665898.0,102.0,19.409,-307700000.0,-1.714,1.0,911900000.0,0.35,111500000.0,271400000.0,14163500000.0,12972500000.0,193700000.0,1075300000.0,28400000.0,1046900000.0,8597100000.0,2563900000.0,6033200000.0,2441565898.0,221700000.0,271200000.0,345500000.0,446500000.0,-191900000.0,546200000.0,-750700000.0,-220600000.0,426200000.0,0.0,-68600000.0,-68600000.0,-68600000.0,60700000.0,0.0,-0.026,536100000.0,375800000.0,421000000.0,-2.659,0.976,-35.591,-33.707,7716600000.0,0.0,13.82,0.937,0.952,546800000.0,1200300000.0,2606800000.0,2606800000.0,0.0,-0.007,-0.027,0.006,0.032,17800000.0,0.0,1.0,176669023.0,179500000,179800000.0,14.523,10987100000.0,507500000.0,-119600000.0,607900000.0,61.209,-1203200000.0
51,TE,MRT,2003-06-30,2003-06-30,2003-06-30,2019-04-23,-94500000.0,11151800000.0,9231800000.0,1297400000.0,9854400000.0,0.279,13.468,-797100000.0,359300000.0,359300000.0,1638900000.0,69800000.0,1.071,3.691,6403400000.0,465700000.0,5937700000.0,6403400000.0,0.0,324500000.0,99000000.0,0.105,1.255,187200000.0,511700000.0,0.199,511700000.0,187200000.0,-32900000.0,0.46,0.46,0.46,2377100000.0,2490000000.0,2377100000.0,5521935464.0,29.0,10.791,-409800000.0,-2.322,1.0,934400000.0,0.363,106600000.0,220100000.0,15877500000.0,11942125000.0,219500000.0,1109800000.0,68000000.0,1041800000.0,8774700000.0,1211800000.0,7562900000.0,2116335464.0,127700000.0,251600000.0,217100000.0,663900000.0,-213800000.0,759500000.0,-1019100000.0,-445400000.0,387300000.0,0.0,69800000.0,69800000.0,69800000.0,31500000.0,0.0,0.027,516300000.0,418100000.0,363500000.0,2.728,0.89,30.32,26.065,7858700000.0,0.0,11.99,0.822,0.822,547500000.0,1218800000.0,2573300000.0,2573300000.0,0.0,0.008,0.028,0.016,0.073,15700000.0,0.0,1.0,176508379.0,176500000,176500000.0,14.58,11045200000.0,482800000.0,-102700000.0,590600000.0,62.579,85600000.0
52,TE,MRT,2003-03-31,2003-03-31,2003-03-31,2019-04-23,-50100000.0,8637100000.0,8385975000.0,1232600000.0,7404500000.0,0.305,14.497,-850700000.0,399200000.0,399200000.0,1618200000.0,257400000.0,1.056,2.387,3804800000.0,486300000.0,3318500000.0,3804800000.0,0.0,305000000.0,96900000.0,0.134,1.42,356100000.0,661100000.0,0.259,661100000.0,356100000.0,169200000.0,1.63,1.63,1.63,2550000000.0,2484700000.0,2550000000.0,5270610937.0,15.0,7.972,-326600000.0,-1.857,1.0,937500000.0,0.367,201700000.0,186900000.0,10674300000.0,10256900000.0,203600000.0,1231500000.0,80300000.0,1151200000.0,6087100000.0,1166700000.0,4920400000.0,1871410937.0,314700000.0,217700000.0,570700000.0,623200000.0,-230000000.0,943500000.0,-1152900000.0,-551300000.0,524100000.0,0.0,257400000.0,257400000.0,257400000.0,-80200000.0,0.0,0.101,415400000.0,522100000.0,398200000.0,0.871,0.734,7.27,6.521,5390500000.0,0.0,10.63,0.732,0.732,480300000.0,1354100000.0,2555700000.0,2555700000.0,0.0,0.031,0.104,0.035,0.139,13800000.0,0.0,1.0,176049947.0,175900000,175900000.0,14.529,8435400000.0,335900000.0,-88200000.0,553700000.0,47.956,65900000.0
53,TE,MRT,2002-12-31,2002-12-31,2002-12-31,2019-04-23,-41200000.0,9078400000.0,8030450000.0,1323200000.0,7755200000.0,0.313,17.048,-1065200000.0,412700000.0,412700000.0,1574100000.0,330100000.0,1.193,2.476,3811900000.0,487600000.0,3324300000.0,3811900000.0,0.0,303200000.0,94600000.0,0.091,1.41,442500000.0,745700000.0,0.297,745700000.0,442500000.0,273200000.0,2.15,2.15,2.15,2611700000.0,2805650000.0,2611700000.0,6053257311.0,14.0,8.118,-409500000.0,-2.673,1.0,936400000.0,0.373,193700000.0,169300000.0,11174700000.0,9642750000.0,209800000.0,1007000000.0,12500000.0,994500000.0,6466700000.0,1109200000.0,5357500000.0,2717257311.0,302600000.0,93400000.0,572600000.0,530300000.0,-215800000.0,1307400000.0,-1660500000.0,-715600000.0,655700000.0,0.0,330100000.0,330100000.0,330100000.0,-61600000.0,0.0,0.131,313900000.0,622500000.0,377400000.0,0.656,1.04,8.232,7.195,5904600000.0,0.0,15.47,1.082,0.944,657800000.0,1413700000.0,2510500000.0,2510500000.0,0.0,0.041,0.118,0.046,0.176,13900000.0,0.0,1.0,175646885.0,153200000,153300000.0,16.387,8884700000.0,340200000.0,-56900000.0,618400000.0,57.994,214000000.0
54,TE,MRT,2002-09-30,2002-09-30,2002-09-30,2019-04-23,-26000000.0,8059900000.0,7451700000.0,1018900000.0,7041000000.0,0.338,15.511,-1046500000.0,189000000.0,189000000.0,1583100000.0,344800000.0,0.877,2.329,3525000000.0,569200000.0,2955800000.0,3525000000.0,0.0,305000000.0,93200000.0,0.088,1.4,487700000.0,792700000.0,0.314,792700000.0,487700000.0,315300000.0,2.36,2.37,2.36,2421200000.0,2645625000.0,2421200000.0,5530090389.0,11.0,6.976,-443300000.0,-2.84,1.0,937500000.0,0.372,192300000.0,172400000.0,10042000000.0,8807950000.0,205000000.0,842600000.0,0.0,842600000.0,5638700000.0,1161600000.0,4477100000.0,2478490389.0,111400000.0,-2300000.0,458700000.0,486600000.0,-201500000.0,1169300000.0,-1661100000.0,-639300000.0,603200000.0,0.0,344800000.0,344800000.0,344800000.0,-50300000.0,0.0,0.137,303300000.0,634200000.0,314200000.0,0.593,1.024,7.188,6.729,5391900000.0,0.0,15.88,0.983,0.983,586500000.0,1425600000.0,2520600000.0,2520600000.0,0.0,0.046,0.13,0.055,0.193,10000000.0,0.0,1.0,156076221.0,156100000,156100000.0,16.147,7867600000.0,301300000.0,-29500000.0,636700000.0,50.401,-142700000.0
55,TE,MRT,2002-06-30,2002-06-30,2002-06-30,2019-04-23,-18200000.0,7768500000.0,6997700000.0,1079300000.0,6689200000.0,0.351,16.338,-1114400000.0,288000000.0,288000000.0,1532200000.0,323200000.0,0.724,2.297,3339600000.0,916600000.0,2423000000.0,3339600000.0,0.0,296900000.0,89300000.0,0.056,1.39,471900000.0,768800000.0,0.313,768800000.0,471900000.0,296500000.0,2.32,2.32,2.32,2355900000.0,2508975000.0,2355900000.0,6558122913.0,14.0,8.53,-521600000.0,-3.617,1.0,922400000.0,0.376,193300000.0,175400000.0,9136600000.0,8258900000.0,203300000.0,658300000.0,0.0,658300000.0,5412600000.0,1490200000.0,3922400000.0,3475222913.0,68300000.0,-7000000.0,459000000.0,481300000.0,-193000000.0,1031600000.0,-1556100000.0,-454900000.0,592800000.0,0.0,323200000.0,323200000.0,323200000.0,-48500000.0,0.0,0.132,296900000.0,625500000.0,316000000.0,0.599,1.475,10.753,10.668,5256800000.0,0.0,24.75,1.416,1.454,552300000.0,1361800000.0,2454600000.0,2454600000.0,0.0,0.046,0.129,0.057,0.192,10700000.0,0.0,1.0,140413047.0,144200000,144700000.0,17.022,7575200000.0,284400000.0,-26700000.0,631200000.0,52.533,-410900000.0
56,TE,MRT,2002-03-31,2002-03-31,2002-03-31,2019-04-23,-9700000.0,7215000000.0,6551200000.0,818500000.0,6396500000.0,0.369,27.443,-1081900000.0,84400000.0,84400000.0,1497400000.0,309400000.0,0.428,0.882,3167300000.0,1359000000.0,1808300000.0,3167300000.0,0.0,293100000.0,87600000.0,0.048,1.38,471000000.0,764100000.0,0.316,764100000.0,471000000.0,290900000.0,2.26,2.25,2.26,3833800000.0,2374000000.0,3833800000.0,7151106402.0,15.0,9.359,-510800000.0,-3.656,1.0,921300000.0,0.381,167200000.0,180100000.0,8217700000.0,7841700000.0,196100000.0,557100000.0,0.0,557100000.0,3381200000.0,1913000000.0,1468200000.0,4001106402.0,26100000.0,33200000.0,116000000.0,422600000.0,-190000000.0,784200000.0,-1329200000.0,-294600000.0,571100000.0,0.0,309400000.0,309400000.0,309400000.0,-43700000.0,0.0,0.128,293100000.0,628200000.0,311400000.0,0.611,1.044,12.932,12.668,5072900000.0,0.0,28.63,1.654,1.654,504000000.0,1325600000.0,2418700000.0,2418700000.0,0.0,0.047,0.13,0.06,0.195,12300000.0,0.0,1.0,139752232.0,139700000,140300000.0,17.314,7047800000.0,241900000.0,-18500000.0,603000000.0,50.45,-1094500000.0
57,TE,MRT,2001-12-31,2001-12-31,2001-12-31,2019-04-23,-22400000.0,6763400000.0,6211450000.0,776300000.0,5987100000.0,0.4,14.659,-965900000.0,110100000.0,110100000.0,1550800000.0,303700000.0,0.404,2.43,3270200000.0,1427700000.0,1842500000.0,3270200000.0,0.0,284600000.0,86300000.0,0.052,1.37,472100000.0,756700000.0,0.305,756700000.0,472100000.0,293600000.0,2.26,2.24,2.26,1971600000.0,1859375000.0,1971600000.0,6623421887.0,14.0,8.753,-463200000.0,-3.444,1.0,932500000.0,0.376,165800000.0,178500000.0,7835500000.0,7471450000.0,170500000.0,383300000.0,0.0,383300000.0,4791800000.0,1922200000.0,2869600000.0,3661721887.0,10300000.0,-245000000.0,348400000.0,449400000.0,-184200000.0,613600000.0,-1106000000.0,95700000.0,502700000.0,0.0,303700000.0,303700000.0,303700000.0,-38200000.0,0.0,0.122,284600000.0,647900000.0,267400000.0,0.606,1.857,12.057,11.611,4838200000.0,0.0,26.24,1.475,1.421,451300000.0,1298000000.0,2483300000.0,2483300000.0,0.0,0.049,0.163,0.063,0.19,9700000.0,0.0,1.0,139547328.0,134500000,135400000.0,18.463,6597600000.0,242000000.0,-10100000.0,602700000.0,49.053,-1145900000.0
58,TE,MRT,2001-09-30,2001-09-30,2001-09-30,2019-04-23,0.0,6243900000.0,5954175000.0,652300000.0,5591600000.0,0.419,13.784,-977700000.0,77800000.0,77800000.0,1366900000.0,296800000.0,0.48,2.331,3039500000.0,879500000.0,2160000000.0,3039500000.0,0.0,272600000.0,85100000.0,0.05,1.36,485400000.0,758000000.0,0.304,758000000.0,485400000.0,307600000.0,2.25,2.2,2.25,1874600000.0,1743200000.0,1874600000.0,6474451889.0,13.0,8.541,-525800000.0,-3.866,1.0,1130100000.0,0.453,0.0,177800000.0,7845800000.0,7128225000.0,180700000.0,368800000.0,0.0,368800000.0,4369300000.0,1359800000.0,3009500000.0,3683651889.0,51100000.0,-217800000.0,262300000.0,514400000.0,-178300000.0,798400000.0,-1199200000.0,-9700000.0,451900000.0,0.0,296800000.0,296800000.0,296800000.0,-29900000.0,0.0,0.119,277500000.0,852600000.0,215000000.0,0.604,1.965,12.411,12.044,4666900000.0,0.0,27.1,1.475,1.476,361600000.0,,2497000000.0,2497000000.0,0.0,0.05,0.17,0.068,0.194,10800000.0,0.0,1.0,135928114.0,136000000,136900000.0,18.36,6243900000.0,121800000.0,10800000.0,551300000.0,45.911,-707500000.0
59,TE,MRT,2001-06-30,2001-06-30,2001-06-30,2019-04-23,0.0,5982500000.0,5685725000.0,637300000.0,5345200000.0,0.431,13.382,-802100000.0,73500000.0,73500000.0,1396700000.0,281500000.0,0.488,2.294,2864300000.0,847800000.0,2016500000.0,2864300000.0,0.0,274600000.0,83800000.0,0.044,1.35,467600000.0,742200000.0,0.303,742200000.0,467600000.0,284200000.0,2.18,2.14,2.18,1816000000.0,1644150000.0,1816000000.0,6830827524.0,15.0,9.203,-378500000.0,-2.789,1.0,1055400000.0,0.43,0.0,183400000.0,7467800000.0,6665350000.0,189300000.0,345900000.0,0.0,345900000.0,4166500000.0,1305500000.0,2861000000.0,4138527524.0,45600000.0,-223000000.0,262700000.0,455000000.0,-173500000.0,744200000.0,-1122200000.0,-100900000.0,423600000.0,0.0,281500000.0,281500000.0,281500000.0,-23400000.0,0.0,0.115,274600000.0,780800000.0,231200000.0,0.619,2.279,14.702,13.991,4441300000.0,0.0,30.5,1.688,1.688,352700000.0,,2452100000.0,2452100000.0,0.0,0.05,0.171,0.07,0.191,10100000.0,0.0,1.0,135689427.0,135700000,136900000.0,18.07,5982500000.0,123300000.0,2700000.0,536000000.0,44.086,-668200000.0
60,TE,MRT,2001-03-31,2001-03-31,2001-03-31,2019-04-23,0.0,5856000000.0,5423325000.0,603500000.0,5252500000.0,0.437,13.805,-744500000.0,58500000.0,58500000.0,1392400000.0,267100000.0,0.333,2.299,2750800000.0,1377100000.0,1373700000.0,2750800000.0,0.0,265500000.0,83400000.0,0.045,1.34,452400000.0,717900000.0,0.303,717900000.0,452400000.0,276000000.0,2.11,2.08,2.11,1775300000.0,1546800000.0,1775300000.0,6771342540.0,15.0,9.432,-330200000.0,-2.568,1.0,977400000.0,0.412,0.0,176400000.0,6736700000.0,6233500000.0,156500000.0,381200000.0,0.0,381200000.0,4080700000.0,1811600000.0,2269100000.0,4050142540.0,36500000.0,-256200000.0,251800000.0,469100000.0,-168700000.0,752200000.0,-1130000000.0,-132200000.0,414300000.0,0.0,267100000.0,267100000.0,267100000.0,-23400000.0,0.0,0.113,265500000.0,711900000.0,239800000.0,0.635,2.281,15.163,14.199,4298000000.0,0.0,29.96,1.709,1.626,374400000.0,,2369800000.0,2369800000.0,0.0,0.049,0.173,0.073,0.191,8700000.0,0.0,1.0,135184998.0,128600000,129800000.0,18.428,5856000000.0,117900000.0,8900000.0,554700000.0,45.537,-1208100000.0
61,TE,MRT,2000-12-31,2000-12-31,2000-12-31,2019-04-23,0.0,5734300000.0,5152075000.0,849900000.0,4884400000.0,0.431,11.969,-688400000.0,99600000.0,99600000.0,1317500000.0,250900000.0,0.447,2.805,2820800000.0,1446200000.0,1374600000.0,2820800000.0,0.0,258000000.0,82400000.0,0.041,1.33,447100000.0,705100000.0,0.317,705100000.0,447100000.0,280200000.0,1.99,1.97,1.99,1506900000.0,1454625000.0,1506900000.0,6575853822.0,15.0,9.326,-302100000.0,-2.4,1.0,905600000.0,0.407,93100000.0,166900000.0,6462600000.0,5946825000.0,144500000.0,378800000.0,0.0,378800000.0,4227400000.0,1899800000.0,2327600000.0,4077853822.0,2100000.0,-30300000.0,-11600000.0,644600000.0,-167400000.0,665600000.0,-1049800000.0,-333400000.0,386300000.0,0.0,250900000.0,250900000.0,250900000.0,-23400000.0,0.0,0.113,258000000.0,647600000.0,274800000.0,0.668,2.706,16.253,16.271,3970100000.0,0.0,32.38,1.834,1.834,583400000.0,,2223100000.0,2223100000.0,0.0,0.049,0.172,0.075,0.201,9200000.0,0.0,1.0,125937425.0,125900000,126300000.0,17.658,5641200000.0,174400000.0,29300000.0,604700000.0,44.807,-1049900000.0
62,TE,MRT,2000-09-30,2000-09-30,2000-09-30,2019-04-23,0.0,5170100000.0,4891025000.0,576200000.0,4593900000.0,0.447,11.771,-594600000.0,26400000.0,26400000.0,1514300000.0,235700000.0,0.344,2.497,2524400000.0,1164600000.0,1359800000.0,2524400000.0,0.0,254000000.0,81500000.0,0.046,1.32,435000000.0,689000000.0,0.315,689000000.0,435000000.0,278600000.0,1.86,1.87,1.86,1478400000.0,1432350000.0,1478400000.0,5992089885.0,14.0,8.697,-177100000.0,-1.41,1.0,669700000.0,0.307,0.0,156400000.0,5994300000.0,5693250000.0,150000000.0,376200000.0,0.0,376200000.0,3691700000.0,1673800000.0,2017900000.0,3611789885.0,16500000.0,-95100000.0,-122500000.0,696300000.0,-167300000.0,406500000.0,-807500000.0,-121700000.0,417500000.0,0.0,235700000.0,235700000.0,235700000.0,0.0,0.0,0.108,257800000.0,411900000.0,247200000.0,0.71,2.443,15.324,15.468,3817300000.0,0.0,28.77,1.654,1.655,371700000.0,,2184000000.0,2184000000.0,0.0,0.048,0.165,0.076,0.199,9300000.0,0.0,1.0,125540142.0,125600000,126100000.0,17.389,5170100000.0,118400000.0,42900000.0,627800000.0,41.163,-1097600000.0
63,TE,MRT,2000-06-30,2000-06-30,2000-06-30,2019-04-23,0.0,4932900000.0,4686900000.0,542900000.0,4390000000.0,0.453,11.385,-575800000.0,27700000.0,27700000.0,1448400000.0,196000000.0,0.345,2.458,2408000000.0,1193500000.0,1214500000.0,2408000000.0,0.0,243300000.0,81400000.0,0.065,1.31,414100000.0,657400000.0,0.309,657400000.0,414100000.0,269100000.0,1.53,1.54,1.53,1426600000.0,1442550000.0,1426600000.0,4768953792.0,12.0,7.254,-177400000.0,-1.416,1.0,676800000.0,0.318,0.0,145000000.0,5740400000.0,5506975000.0,184400000.0,244300000.0,0.0,244300000.0,3506300000.0,1572800000.0,1933500000.0,2513053792.0,8300000.0,-86800000.0,-139400000.0,593100000.0,-168000000.0,285700000.0,-675800000.0,-17200000.0,398400000.0,0.0,196000000.0,196000000.0,196000000.0,700000.0,0.0,0.092,247100000.0,429700000.0,200800000.0,0.856,1.762,12.822,13.111,3819600000.0,0.0,20.06,1.183,1.183,302900000.0,,2125200000.0,2125200000.0,0.0,0.042,0.136,0.075,0.195,9600000.0,0.0,1.0,125276859.0,125300000,125400000.0,16.961,4932900000.0,111200000.0,73100000.0,632300000.0,39.369,-1029900000.0
64,TE,MRT,2000-03-31,2000-03-31,2000-03-31,2019-04-23,0.0,4771000000.0,4535675000.0,485700000.0,4285300000.0,0.454,11.146,-494700000.0,21700000.0,21700000.0,1386200000.0,190400000.0,0.338,2.392,2277600000.0,1062500000.0,1215100000.0,2277600000.0,0.0,236200000.0,81200000.0,0.067,1.3,410100000.0,646300000.0,0.314,646300000.0,410100000.0,276800000.0,1.46,1.47,1.46,1406600000.0,1071025000.0,1406600000.0,4532863713.0,11.0,7.014,-78200000.0,-0.62,1.0,670900000.0,0.326,0.0,133300000.0,5590000000.0,5387700000.0,181200000.0,244000000.0,0.0,244000000.0,3364400000.0,1436900000.0,1927500000.0,2453063713.0,8000000.0,-89900000.0,-141000000.0,534100000.0,-169000000.0,224100000.0,-632600000.0,-51300000.0,416500000.0,0.0,190400000.0,190400000.0,190400000.0,1600000.0,0.0,0.093,240000000.0,430900000.0,191100000.0,0.89,1.744,12.884,13.315,3710900000.0,0.0,19.44,1.192,1.193,263000000.0,,2057100000.0,2057100000.0,0.0,0.042,0.178,0.076,0.199,9500000.0,0.0,1.0,126186405.0,126200000,126200000.0,16.3,4771000000.0,108900000.0,86400000.0,632800000.0,37.805,-951200000.0
65,TE,MRT,1999-12-31,1999-12-31,1999-12-31,2019-04-23,0.0,4690100000.0,4402425000.0,531800000.0,4158300000.0,0.449,10.823,-426100000.0,97500000.0,97500000.0,1327200000.0,186100000.0,0.402,2.308,2177300000.0,969500000.0,1207800000.0,2177300000.0,0.0,232200000.0,80700000.0,0.069,1.285,396800000.0,629000000.0,0.318,629000000.0,396800000.0,273100000.0,1.42,1.42,1.42,1417800000.0,704525000.0,1417800000.0,4165855938.0,10.0,6.623,-44800000.0,-0.342,1.0,651100000.0,0.329,0.0,123700000.0,5448300000.0,5289875000.0,153500000.0,220500000.0,0.0,220500000.0,3272300000.0,1321600000.0,1950700000.0,2402555938.0,80600000.0,-48900000.0,-114500000.0,487500000.0,-168800000.0,204200000.0,-504900000.0,-32700000.0,381300000.0,0.0,186100000.0,186100000.0,186100000.0,2500000.0,0.0,0.094,232200000.0,418900000.0,218100000.0,0.905,1.695,12.91,13.07,3627800000.0,0.0,18.56,1.214,1.229,261900000.0,,1978300000.0,1978300000.0,0.0,0.042,0.264,0.075,0.201,9100000.0,0.0,1.0,129448057.0,131000000,131200000.0,15.102,4690100000.0,106800000.0,87000000.0,601300000.0,35.802,-789800000.0
66,TE,MRT,1999-09-30,1999-09-30,1999-09-30,2019-04-23,0.0,4353600000.0,4274725000.0,438300000.0,3915300000.0,0.46,11.518,-375000000.0,9900000.0,9900000.0,1331400000.0,168200000.0,0.505,1.866,1773200000.0,504400000.0,1268800000.0,1773200000.0,0.0,233600000.0,79700000.0,0.06,1.27,374500000.0,608100000.0,0.309,608100000.0,374500000.0,256800000.0,1.28,1.28,1.28,1519200000.0,727025000.0,1519200000.0,4531062169.0,12.0,7.451,45100000.0,0.342,1.0,635500000.0,0.323,0.0,117700000.0,5249200000.0,5211875000.0,145900000.0,265600000.0,0.0,265600000.0,2834400000.0,867700000.0,1966700000.0,2790862169.0,-11600000.0,-42400000.0,-10100000.0,191700000.0,-167600000.0,14000000.0,-445700000.0,-27400000.0,420100000.0,0.0,168200000.0,168200000.0,168200000.0,4000000.0,0.0,0.086,210400000.0,425100000.0,166700000.0,0.992,1.837,16.593,16.508,3389300000.0,0.0,21.13,1.419,1.417,266700000.0,,1966900000.0,1966900000.0,0.0,0.039,0.231,0.072,0.19,9000000.0,0.0,1.0,132080557.0,131900000,132000000.0,14.912,4353600000.0,104700000.0,88600000.0,647700000.0,33.007,-429400000.0
67,TE,MRT,1999-06-30,1999-06-30,1999-06-30,2019-04-23,0.0,4328000000.0,4216425000.0,446000000.0,3882000000.0,0.459,-0.451,-346800000.0,19400000.0,19400000.0,1308600000.0,196700000.0,0.554,-73.739,1759600000.0,484300000.0,1275300000.0,1759600000.0,0.0,233600000.0,79200000.0,0.055,1.255,393000000.0,626600000.0,0.324,626600000.0,393000000.0,287000000.0,1.5,1.49,1.5,-59500000.0,331300000.0,-59500000.0,4679078796.0,12.0,7.467,110900000.0,0.84,1.0,625800000.0,0.324,0.0,106000000.0,5263300000.0,5172000000.0,176200000.0,269100000.0,0.0,269100000.0,4387500000.0,804900000.0,3582600000.0,3003978796.0,2800000.0,-139100000.0,5600000.0,224200000.0,-165700000.0,64100000.0,-519000000.0,-31600000.0,457700000.0,0.0,196700000.0,196700000.0,196700000.0,5600000.0,0.0,0.102,207700000.0,418100000.0,153200000.0,0.837,-50.487,15.272,15.167,3360600000.0,0.0,22.75,1.553,1.552,233000000.0,,1934400000.0,1934400000.0,0.0,0.047,0.594,0.076,0.203,8700000.0,0.0,1.0,132043024.0,132000000,132200000.0,14.655,4328000000.0,103300000.0,90300000.0,636600000.0,32.788,-358900000.0
68,TE,MRT,1999-03-31,1999-03-31,1999-03-31,2019-04-23,0.0,4238000000.0,4137475000.0,442400000.0,3795600000.0,0.467,-0.45,-320200000.0,13600000.0,13600000.0,1297900000.0,202700000.0,0.619,-72.347,1688700000.0,411600000.0,1277100000.0,1688700000.0,0.0,234100000.0,79100000.0,0.062,1.24,401400000.0,635500000.0,0.329,635500000.0,401400000.0,296900000.0,1.55,1.54,1.55,-59400000.0,329750000.0,-59400000.0,4240999236.0,11.0,6.673,119900000.0,0.908,1.0,635700000.0,0.329,0.0,104500000.0,5198700000.0,5059750000.0,181800000.0,226100000.0,0.0,226100000.0,4297400000.0,714400000.0,3583000000.0,2623299236.0,3100000.0,-142800000.0,5700000.0,183100000.0,-163500000.0,25300000.0,-462300000.0,2400000.0,440100000.0,0.0,202700000.0,202700000.0,202700000.0,4700000.0,0.0,0.105,208200000.0,427500000.0,143400000.0,0.8,-44.163,12.942,12.826,3326200000.0,0.0,19.88,1.357,1.357,230600000.0,,1933600000.0,1933600000.0,0.0,0.049,0.615,0.079,0.208,8300000.0,0.0,1.0,131956702.0,132000000,132200000.0,14.648,4238000000.0,100700000.0,94200000.0,627200000.0,32.106,-272000000.0
69,TE,MRT,1998-12-31,1998-12-31,1998-12-31,2019-04-23,0.0,4179300000.0,4066625000.0,413900000.0,3765400000.0,0.481,11.449,-296100000.0,16900000.0,16900000.0,1321400000.0,206500000.0,0.626,1.772,1634600000.0,355000000.0,1279600000.0,1634600000.0,0.0,233000000.0,78300000.0,0.043,1.225,394100000.0,627100000.0,0.321,627100000.0,394100000.0,289800000.0,1.57,1.56,1.57,1507800000.0,328100000.0,1507800000.0,5278351583.0,13.0,8.417,199300000.0,1.513,1.0,634300000.0,0.324,0.0,104300000.0,5136300000.0,4955825000.0,157300000.0,218100000.0,0.0,218100000.0,2671500000.0,660700000.0,2010800000.0,3718551583.0,6300000.0,-135100000.0,6700000.0,56500000.0,-161400000.0,-98200000.0,-390900000.0,2800000.0,495400000.0,0.0,206500000.0,206500000.0,206500000.0,3800000.0,0.0,0.106,233000000.0,401300000.0,208100000.0,0.78,2.466,18.008,17.955,3307600000.0,0.0,28.19,1.901,1.898,224600000.0,,1955700000.0,1955700000.0,0.0,0.051,0.629,0.08,0.202,7800000.0,0.0,1.0,131910308.0,131700000,131700000.0,14.85,4179300000.0,99100000.0,83300000.0,585700000.0,31.733,-246800000.0
70,TE,MRT,1998-09-30,1998-09-30,1998-09-30,2019-04-23,0.0,4120400000.0,4011900000.0,441400000.0,3679000000.0,0.483,-0.483,-239000000.0,21500000.0,21500000.0,1280200000.0,223000000.0,0.748,-65.684,1581300000.0,277700000.0,1303600000.0,1581300000.0,0.0,235700000.0,78200000.0,0.042,1.21,411600000.0,647300000.0,0.334,647300000.0,411600000.0,308000000.0,1.69,1.68,1.69,-63700000.0,312325000.0,-63700000.0,5282045077.0,13.0,8.16,185500000.0,1.406,1.0,656600000.0,0.339,0.0,103600000.0,5089700000.0,4861150000.0,140400000.0,93400000.0,19500000.0,73900000.0,4184100000.0,590500000.0,3593600000.0,3763445077.0,-16400000.0,-112900000.0,4800000.0,25900000.0,-159100000.0,-128400000.0,-312500000.0,100000.0,424500000.0,0.0,223000000.0,223000000.0,223000000.0,2400000.0,0.0,0.115,258900000.0,397700000.0,143800000.0,0.716,-59.081,16.876,16.899,3248600000.0,0.0,28.56,1.943,1.945,244400000.0,,1936800000.0,1936800000.0,0.0,0.056,0.714,0.085,0.213,6800000.0,0.0,1.0,131773287.0,131900000,133400000.0,14.684,4120400000.0,96000000.0,85000000.0,628600000.0,31.239,-149100000.0
71,TE,MRT,1998-06-30,1998-06-30,1998-06-30,2019-04-23,0.0,4012200000.0,,433100000.0,3579100000.0,,-0.499,-221900000.0,16600000.0,16600000.0,1256700000.0,211500000.0,0.604,-62.068,1535200000.0,427100000.0,1108100000.0,1535200000.0,0.0,234100000.0,78200000.0,0.045,1.195,398400000.0,632500000.0,0.331,632500000.0,398400000.0,294200000.0,1.6,1.61,1.6,-65700000.0,,-65700000.0,5024757956.0,13.0,7.944,171000000.0,1.299,1.0,651300000.0,0.341,0.0,104200000.0,4814300000.0,,155300000.0,116300000.0,19000000.0,97300000.0,4077900000.0,716500000.0,3361400000.0,3530157956.0,-18200000.0,-16800000.0,3400000.0,-43000000.0,-156800000.0,-216800000.0,-194300000.0,5100000.0,392900000.0,0.0,211500000.0,211500000.0,211500000.0,6600000.0,0.0,0.111,260000000.0,391300000.0,145700000.0,0.747,-53.731,16.691,16.756,3249000000.0,0.0,26.81,1.85,1.849,226000000.0,,1908000000.0,1908000000.0,0.0,,,,0.209,6500000.0,0.0,1.0,131673180.0,131600000,131600000.0,14.498,4012200000.0,94400000.0,82700000.0,603300000.0,30.488,-283400000.0
72,TE,MRT,1998-03-31,1998-03-31,1998-03-31,2019-04-23,0.0,3954600000.0,,384400000.0,3570200000.0,,-0.502,-216900000.0,10600000.0,10600000.0,1234900000.0,204100000.0,0.577,-60.918,1505200000.0,394700000.0,1110500000.0,1505200000.0,0.0,232900000.0,78700000.0,0.042,1.18,393000000.0,625900000.0,0.333,625900000.0,393000000.0,288200000.0,1.55,1.55,1.55,-66000000.0,,-66000000.0,5246852510.0,13.0,8.383,157700000.0,1.198,1.0,643400000.0,0.343,0.0,104800000.0,4783000000.0,,157800000.0,108200000.0,18500000.0,89700000.0,4020600000.0,666200000.0,3354400000.0,3717052510.0,-16100000.0,-8900000.0,5500000.0,-43000000.0,-152000000.0,-209900000.0,-180800000.0,5700000.0,374600000.0,0.0,204100000.0,204100000.0,204100000.0,6600000.0,0.0,0.109,258800000.0,384600000.0,133100000.0,0.761,-56.319,18.212,18.226,3243200000.0,0.0,28.25,1.979,1.979,186200000.0,,1878300000.0,1878300000.0,0.0,,,,0.209,6100000.0,0.0,1.0,131577080.0,131600000,131600000.0,14.273,3954600000.0,89700000.0,84100000.0,591400000.0,30.05,-281800000.0
73,TE,MRT,1997-12-31,1997-12-31,1997-12-31,2019-04-23,0.0,3960400000.0,3931000000.0,390100000.0,3570300000.0,0.473,11.045,-212600000.0,10600000.0,10600000.0,1216400000.0,201900000.0,0.532,1.741,1540400000.0,460200000.0,1080200000.0,1540400000.0,0.0,231700000.0,77900000.0,0.041,1.165,402600000.0,634300000.0,0.341,634300000.0,402600000.0,296800000.0,1.54,1.54,1.54,1444700000.0,1408100000.0,1444700000.0,,,,138200000.0,1.057,1.0,644400000.0,0.346,0.0,105800000.0,4757600000.0,4733500000.0,143900000.0,88300000.0,0.0,88300000.0,2515700000.0,732600000.0,1783100000.0,3701263260.0,-5300000.0,-4900000.0,5100000.0,16900000.0,-147300000.0,-145700000.0,-210400000.0,6900000.0,350800000.0,0.0,201900000.0,201900000.0,201900000.0,6600000.0,0.0,0.109,231700000.0,412700000.0,158700000.0,0.756,2.562,18.332,18.266,3236500000.0,0.0,28.13,1.989,1.977,222700000.0,,1860800000.0,1860800000.0,0.0,0.051,0.143,0.085,0.216,5900000.0,0.0,1.0,131577080.0,130800000,130800000.0,14.226,3960400000.0,88100000.0,94900000.0,571700000.0,30.278,-342500000.0
74,TE,MRT,1997-09-30,1997-09-30,1997-09-30,2019-04-23,,,,,,,,,,,,,,,,,,,,,,0.047,1.15,,,,,,,,,,,,,,,,,,1.0,,,,,,,,,,,,,,,,,,,,,,,,,,,,,,,,,,,,,,,,24.5,,,,,,,,,,,,,,1.0,,130900000,,,,,,,,
75,TE,MRT,1997-06-30,1997-06-30,1997-06-30,2019-04-23,,,,,,,,,,,,,,,,,,,,,,0.044,1.135,,,,,,,,,,,,,,,,,,1.0,,,,,,,,,,,,,,,,,,,,,,,,,,,,,,,,,,,,,,,,25.56,,,,,,,,,,,,,,1.0,,130600000,,,,,,,,
76,TE,MRT,1997-03-31,1997-03-31,1997-03-31,2019-04-23,,,,,,,,,,,,,,,,,,,,,,0.047,1.12,,,,,,,,,,,,,,,,,,1.0,,,,,,,,,,,,,,,,,,,,,,,,,,,,,,,,,,,,,,,,24.0,,,,,,,,,,,,,,1.0,,130600000,,,,,,,,
77,TE,MRT,1996-12-31,1996-12-31,1996-12-31,2019-04-23,0.0,3901600000.0,,377600000.0,3524000000.0,,10.607,-296300000.0,15900000.0,15900000.0,1190700000.0,216500000.0,0.555,1.845,1504000000.0,386000000.0,1118000000.0,1504000000.0,0.0,202800000.0,77700000.0,0.046,1.105,397000000.0,599800000.0,0.338,599800000.0,397000000.0,298300000.0,1.67,1.67,1.67,1371500000.0,,1371500000.0,,,,117300000.0,0.907,1.0,584600000.0,0.329,0.0,98700000.0,4709400000.0,,122200000.0,91100000.0,0.0,91100000.0,2530100000.0,680300000.0,1849800000.0,,1600000.0,0.0,13900000.0,-17900000.0,-134200000.0,-173700000.0,-238300000.0,35100000.0,413600000.0,0.0,216500000.0,216500000.0,216500000.0,900000.0,0.0,0.122,202800000.0,381800000.0,181500000.0,0.662,,,14.443,3232800000.0,0.0,24.12,,1.757,226700000.0,,1775300000.0,1775300000.0,0.0,,,,0.224,5400000.0,0.0,1.0,,129300000,129300000.0,13.73,3901600000.0,76700000.0,81800000.0,565800000.0,30.175,-302700000.0
78,TE,MRT,1995-12-31,1995-12-31,1995-12-31,2019-04-23,,,,,,,,-461200000.0,,,2282100000.0,200300000.0,,,,,,,,192700000.0,,0.041,1.048,364000000.0,556700000.0,0.336,556700000.0,364000000.0,268600000.0,1.56,1.55,1.56,,,,,,,-19000000.0,-0.148,1.0,-623200000.0,-0.376,,95400000.0,,,,,,,,,,,-25000000.0,0.0,11100000.0,3900000.0,-126200000.0,-111200000.0,-356000000.0,85900000.0,442200000.0,0.0,200300000.0,200300000.0,200300000.0,500000.0,0.0,0.121,192700000.0,-815900000.0,,0.672,,,16.429,,0.0,25.63,,1.987,,,1658900000.0,1658900000.0,0.0,,,,0.219,4900000.0,0.0,,,128600000,128600000.0,12.9,,,68300000.0,,,
