None,ticker,dimension,calendardate,datekey,reportperiod,lastupdated,accoci,assets,assetsavg,assetsc,assetsnc,assetturnover,bvps,capex,cashneq,cashnequsd,cor,consolinc,currentratio,de,debt,debtc,debtnc,debtusd,deferredrev,depamor,deposits,divyield,dps,ebit,ebitda,ebitdamargin,ebitdausd,ebitusd,ebt,eps,epsdil,epsusd,equity,equityavg,equityusd,ev,evebit,evebitda,fcf,fcfps,fxusd,gp,grossmargin,intangibles,intexp,invcap,invcapavg,inventory,investments,investmentsc,investmentsnc,liabilities,liabilitiesc,liabilitiesnc,marketcap,ncf,ncfbus,ncfcommon,ncfdebt,ncfdiv,ncff,ncfi,ncfinv,ncfo,ncfx,netinc,netinccmn,netinccmnusd,netincdis,netincnci,netmargin,opex,opinc,payables,payoutratio,pb,pe,pe1,ppnenet,prefdivis,price,ps,ps1,receivables,retearn,revenue,revenueusd,rnd,roa,roe,roic,ros,sbcomp,sgna,sharefactor,sharesbas,shareswa,shareswadil,sps,tangibles,taxassets,taxexp,taxliabilities,tbvps,workingcapital
0,TNB,MRY,2011-12-31,2011-12-31,2011-12-31,2018-10-21,-151926000.0,2823721000.0,2764435500.0,1143933000.0,1679788000.0,0.831,31.01,-43638000.0,552256000.0,552256000.0,1579011000.0,190153000.0,3.298,0.762,574755000.0,339000.0,574416000.0,574755000.0,0.0,84346000.0,0.0,0.0,0.0,290536000.0,374882000.0,0.163,374882000.0,290536000.0,258524000.0,3.68,3.6,3.68,1602287000.0,1598576500.0,1602287000.0,2951297738.0,10.0,7.873,150670000.0,2.916,1.0,718520000.0,0.313,1298851000.0,32012000.0,1200482000.0,1213473250.0,236409000.0,0.0,0.0,0.0,1221434000.0,346887000.0,874547000.0,2841922738.0,97058000.0,-29184000.0,-19024000.0,-2668000.0,0.0,-15255000.0,-72570000.0,0.0,194308000.0,-9425000.0,190153000.0,190153000.0,190153000.0,0.0,0.0,0.083,428726000.0,289794000.0,213052000.0,0.0,1.774,14.945,14.837,299218000.0,0.0,54.6,1.237,1.228,284855000.0,1710998000.0,2297531000.0,2297531000.0,0.0,0.069,0.119,0.239,0.126,9988000.0,428726000.0,1.0,52049867.0,51670000,52783000.0,44.465,1524870000.0,41915000.0,68371000.0,53022000.0,29.512,797046000.0
1,TNB,MRY,2010-12-31,2010-12-31,2010-12-31,2018-10-21,-93542000.0,2632393000.0,2572682750.0,957095000.0,1675298000.0,0.779,28.362,-33178000.0,455198000.0,455198000.0,1387334000.0,145640000.0,2.785,0.795,574412000.0,322000.0,574090000.0,574412000.0,0.0,81060000.0,0.0,0.0,0.0,228368000.0,309428000.0,0.154,309428000.0,228368000.0,193244000.0,2.82,2.76,2.82,1466782000.0,1408771500.0,1466782000.0,2704602021.0,12.0,8.741,242534000.0,4.69,1.0,617032000.0,0.308,1308433000.0,35124000.0,1099509000.0,1203214250.0,220250000.0,0.0,0.0,0.0,1165611000.0,343665000.0,821946000.0,2502921021.0,-23415000.0,-97503000.0,-46755000.0,-135781000.0,0.0,-179666000.0,-128121000.0,0.0,275712000.0,8660000.0,145640000.0,145640000.0,145640000.0,-7904000.0,0.0,0.073,396269000.0,220763000.0,190839000.0,0.0,1.706,17.186,17.128,305796000.0,0.0,48.3,1.249,1.246,230203000.0,1520845000.0,2004366000.0,2004366000.0,0.0,0.057,0.103,0.19,0.114,12005000.0,396269000.0,1.0,51820311.0,51717000,52777000.0,38.756,1323960000.0,32745000.0,47604000.0,67668000.0,25.6,613430000.0
2,TNB,MRY,2009-12-31,2009-12-31,2009-12-31,2018-10-21,-103010000.0,2453407000.0,2395154250.0,943983000.0,1509424000.0,0.765,25.672,-40157000.0,481531000.0,481531000.0,1279474000.0,107910000.0,3.463,0.829,638536000.0,522000.0,638014000.0,638536000.0,0.0,75106000.0,0.0,0.0,0.0,182848000.0,257954000.0,0.141,257954000.0,182848000.0,147365000.0,2.07,2.04,2.07,1341209000.0,1249156500.0,1341209000.0,2122146268.0,12.0,8.227,197705000.0,3.784,1.0,553234000.0,0.302,1145983000.0,35483000.0,1191848000.0,1263854250.0,209268000.0,0.0,0.0,0.0,1112198000.0,272581000.0,839617000.0,1874273268.0,186119000.0,0.0,-21933000.0,-28402000.0,0.0,-53110000.0,-35091000.0,0.0,237862000.0,36458000.0,107910000.0,107910000.0,107910000.0,-6975000.0,0.0,0.059,372816000.0,180418000.0,149556000.0,0.0,1.397,17.369,17.29,296820000.0,0.0,35.79,1.023,1.02,197640000.0,1375205000.0,1832708000.0,1832708000.0,0.0,0.045,0.086,0.145,0.1,16068000.0,367022000.0,1.0,52368630.0,52244000,52958000.0,35.08,1307424000.0,31062000.0,39455000.0,17572000.0,25.025,671402000.0
3,TNB,MRY,2008-12-31,2008-12-31,2008-12-31,2018-10-21,-196983000.0,2410602000.0,2609512250.0,866793000.0,1543809000.0,0.917,20.236,-39336000.0,300465000.0,300465000.0,1636016000.0,265331000.0,1.821,1.106,660944000.0,148751000.0,512193000.0,660944000.0,0.0,80441000.0,0.0,0.0,0.0,461352000.0,541793000.0,0.226,541793000.0,461352000.0,417926000.0,4.69,4.64,4.69,1144657000.0,1303376500.0,1144657000.0,1796017717.0,4.0,3.315,218525000.0,3.863,1.0,756077000.0,0.316,1155082000.0,43426000.0,1139998000.0,1284906500.0,278098000.0,5050000.0,0.0,5050000.0,1265945000.0,476001000.0,789944000.0,1342867717.0,142568000.0,-25193000.0,-159578000.0,-153718000.0,0.0,-312685000.0,224272000.0,280000000.0,257861000.0,-26880000.0,265331000.0,265331000.0,265331000.0,273000.0,0.0,0.111,456399000.0,299678000.0,180750000.0,0.0,1.173,5.061,5.122,299077000.0,0.0,24.02,0.561,0.568,229160000.0,1267295000.0,2392093000.0,2392093000.0,0.0,0.102,0.204,0.359,0.193,18812000.0,423699000.0,1.0,55906233.0,56566000,57159000.0,42.289,1255520000.0,43073000.0,152595000.0,17828000.0,22.196,390792000.0
4,TNB,MRY,2007-12-31,2007-12-31,2007-12-31,2018-10-21,13477000.0,2567786000.0,2054766750.0,905915000.0,1661871000.0,1.04,21.216,-40340000.0,166609000.0,166609000.0,1475347000.0,183216000.0,1.932,1.089,811205000.0,116157000.0,695048000.0,811205000.0,0.0,57766000.0,0.0,0.0,0.0,286952000.0,344718000.0,0.161,344718000.0,286952000.0,263431000.0,3.16,3.12,3.16,1228934000.0,1123482250.0,1228934000.0,3125157781.0,11.0,9.066,221020000.0,3.816,1.0,661541000.0,0.31,1172944000.0,23521000.0,1570465000.0,1191025500.0,271989000.0,115521000.0,221000.0,115300000.0,1338852000.0,468973000.0,869879000.0,2841623781.0,-221042000.0,-752912000.0,-108340000.0,418984000.0,0.0,317836000.0,-809778000.0,0.0,261360000.0,9540000.0,183216000.0,183216000.0,183216000.0,460000.0,0.0,0.086,371853000.0,289688000.0,180333000.0,0.0,2.312,15.51,15.519,305959000.0,0.0,49.04,1.33,1.329,280948000.0,1001997000.0,2136888000.0,2136888000.0,0.0,0.089,0.163,0.241,0.134,5285000.0,371853000.0,1.0,57945020.0,57926000,58720000.0,36.89,1394842000.0,64231000.0,80215000.0,59619000.0,24.08,436942000.0
5,TNB,MRY,2006-12-31,2006-12-31,2006-12-31,2018-10-21,-50848000.0,1830223000.0,1819785750.0,868370000.0,961853000.0,1.027,17.678,-43686000.0,370968000.0,370968000.0,1298347000.0,175130000.0,3.494,0.713,387631000.0,719000.0,386912000.0,387631000.0,0.0,47842000.0,0.0,0.0,0.0,248282000.0,296124000.0,0.158,296124000.0,248282000.0,233442000.0,2.9,2.85,2.9,1068359000.0,1085510750.0,1068359000.0,2924015096.0,12.0,9.874,177482000.0,2.937,1.0,570342000.0,0.305,507039000.0,14840000.0,1091318000.0,1141689250.0,218536000.0,116097000.0,371000.0,115726000.0,761864000.0,248529000.0,513335000.0,2832198096.0,154226000.0,-34031000.0,-143677000.0,-150896000.0,0.0,-283253000.0,214056000.0,291773000.0,221168000.0,2255000.0,175130000.0,175130000.0,175130000.0,0.0,0.0,0.094,323577000.0,246765000.0,144844000.0,0.0,2.651,16.172,16.303,267200000.0,0.0,47.28,1.516,1.529,204270000.0,818781000.0,1868689000.0,1868689000.0,0.0,0.096,0.161,0.217,0.133,599000.0,323577000.0,1.0,59902667.0,60434000,61447000.0,30.921,1323184000.0,103422000.0,58312000.0,16731000.0,21.895,619841000.0
6,TNB,MRY,2005-12-31,2005-12-31,2005-12-31,2018-10-21,-7057000.0,1920396000.0,1857258500.0,950142000.0,970254000.0,0.913,17.527,-35735000.0,216742000.0,216742000.0,1195256000.0,113408000.0,2.349,0.824,537959000.0,150804000.0,387155000.0,537959000.0,0.0,48404000.0,0.0,0.0,0.0,201074000.0,249478000.0,0.147,249478000.0,201074000.0,175860000.0,1.89,1.86,1.89,1052590000.0,991602000.0,1052590000.0,2660173594.0,13.0,10.663,157362000.0,2.62,1.0,500127000.0,0.295,462810000.0,25214000.0,1374392000.0,1201172750.0,198107000.0,407819000.0,292154000.0,115665000.0,867806000.0,404411000.0,463395000.0,2554155594.0,65553000.0,-16526000.0,34650000.0,-7291000.0,0.0,27359000.0,-157925000.0,-105664000.0,193097000.0,3022000.0,113408000.0,113408000.0,113408000.0,0.0,0.0,0.067,296132000.0,203995000.0,138060000.0,0.0,2.427,22.522,22.201,267026000.0,0.0,41.96,1.507,1.486,185391000.0,643651000.0,1695383000.0,1695383000.0,0.0,0.061,0.114,0.167,0.119,1923000.0,296132000.0,1.0,60871201.0,60054000,61065000.0,28.231,1457586000.0,60354000.0,62452000.0,13875000.0,24.271,545731000.0
7,TNB,MRY,2004-12-31,2004-12-31,2004-12-31,2018-10-21,541000.0,1755752000.0,1720044500.0,778895000.0,976857000.0,0.882,15.385,-19471000.0,151189000.0,151189000.0,1085150000.0,93255000.0,3.267,0.947,545915000.0,2830000.0,543085000.0,545915000.0,0.0,51805000.0,0.0,0.0,0.0,158438000.0,210243000.0,0.139,210243000.0,158438000.0,127830000.0,1.59,1.57,1.59,901719000.0,808514750.0,901719000.0,2035419612.0,13.0,9.681,44440000.0,0.758,1.0,431142000.0,0.284,463264000.0,30608000.0,1448805000.0,1318680500.0,207158000.0,301450000.0,186528000.0,114922000.0,854033000.0,238409000.0,615624000.0,1814919612.0,-91686000.0,0.0,14666000.0,-139096000.0,0.0,-124430000.0,-38846000.0,-19375000.0,63911000.0,7679000.0,93255000.0,93255000.0,93255000.0,0.0,0.0,0.062,287024000.0,144118000.0,120336000.0,0.0,2.013,19.462,19.34,276144000.0,0.0,30.75,1.197,1.189,172745000.0,530243000.0,1516292000.0,1516292000.0,0.0,0.054,0.115,0.12,0.104,2331000.0,287024000.0,1.0,59021776.0,58610000,59357000.0,25.871,1292488000.0,80355000.0,34575000.0,14551000.0,22.052,540486000.0
8,TNB,MRY,2003-12-31,2003-12-31,2003-12-31,2018-10-21,-55041000.0,1782625000.0,1707489000.0,812279000.0,970346000.0,0.774,12.516,-27334000.0,387425000.0,387425000.0,970248000.0,42813000.0,2.226,1.437,685316000.0,133344000.0,551972000.0,685316000.0,0.0,50327000.0,0.0,0.0,0.005,84624000.0,134951000.0,0.102,134951000.0,84624000.0,47745000.0,0.73,0.73,0.73,731427000.0,680561000.0,731427000.0,1717187533.0,20.0,12.725,69459000.0,1.189,1.0,352049000.0,0.266,455113000.0,36879000.0,1260443000.0,1288315000.0,190243000.0,123436000.0,1704000.0,121732000.0,1051198000.0,364960000.0,686238000.0,1338289533.0,64881000.0,0.0,175000.0,62838000.0,0.0,59152000.0,-101002000.0,-73668000.0,96793000.0,9938000.0,42813000.0,42813000.0,42813000.0,0.0,0.0,0.032,272226000.0,79823000.0,113724000.0,0.007,1.83,31.259,31.356,303710000.0,0.0,22.89,1.012,1.012,168542000.0,436988000.0,1322297000.0,1322297000.0,0.0,0.025,0.063,0.066,0.064,3761000.0,282779000.0,1.0,58466122.0,58438000,58447000.0,22.627,1327512000.0,102723000.0,4932000.0,6414000.0,22.717,447319000.0
9,TNB,MRY,2002-12-31,2002-12-29,2002-12-29,2018-10-21,-115866000.0,1619756000.0,1668024500.0,704931000.0,914825000.0,0.807,10.711,-20114000.0,177994000.0,177994000.0,1014242000.0,-53027000.0,2.372,1.595,625108000.0,65126000.0,559982000.0,625108000.0,0.0,50244000.0,0.0,0.0,0.0,-11800000.0,38444000.0,0.029,38444000.0,-11800000.0,-47025000.0,-0.91,-0.91,-0.91,624136000.0,640481500.0,624136000.0,1439341462.0,-122.0,37.44,60271000.0,1.034,1.0,331615000.0,0.246,437175000.0,35225000.0,1332536000.0,1329292500.0,182282000.0,187438000.0,65863000.0,121575000.0,995620000.0,297159000.0,698461000.0,985511462.0,-56849000.0,-4706000.0,248000.0,-57452000.0,0.0,-57204000.0,-83981000.0,-59161000.0,80385000.0,3951000.0,-53027000.0,-53027000.0,-53027000.0,0.0,0.0,-0.039,285224000.0,46391000.0,109479000.0,0.0,1.579,-18.585,-18.577,287415000.0,0.0,16.905,0.732,0.732,161091000.0,394175000.0,1345857000.0,1345857000.0,0.0,-0.032,-0.083,-0.009,-0.009,0.0,282332000.0,1.0,58296040.0,58273000,58273000.0,23.096,1182581000.0,100837000.0,6002000.0,9148000.0,20.294,407772000.0
10,TNB,MRY,2001-12-31,2001-12-30,2001-12-30,2018-10-21,-107167000.0,1761610000.0,1896561500.0,770303000.0,991307000.0,0.79,11.757,-38994000.0,234843000.0,234843000.0,1159043000.0,-146390000.0,2.166,1.578,672037000.0,54002000.0,618035000.0,672037000.0,0.0,79736000.0,0.0,0.026,0.56,-152652000.0,-72916000.0,-0.049,-72916000.0,-152652000.0,-194552000.0,-2.52,-2.52,-2.52,683285000.0,804960750.0,683285000.0,1769973810.0,-12.0,-24.274,66893000.0,1.151,1.0,338448000.0,0.226,474715000.0,41900000.0,1368380000.0,1540439250.0,192079000.0,128717000.0,6982000.0,121735000.0,1078325000.0,355709000.0,722616000.0,1254483810.0,27512000.0,30537000.0,0.0,-22417000.0,-48753000.0,-71170000.0,-4249000.0,4208000.0,105887000.0,-2956000.0,-146390000.0,-146390000.0,-146390000.0,7513000.0,0.0,-0.098,456715000.0,-118267000.0,120688000.0,-0.222,1.836,-8.569,-8.561,309080000.0,0.0,21.574,0.838,0.837,188160000.0,447202000.0,1497491000.0,1497491000.0,20721000.0,-0.077,-0.182,-0.099,-0.102,0.0,324504000.0,1.0,58147974.0,58116000,58116000.0,25.767,1286895000.0,135748000.0,-48162000.0,4060000.0,22.144,414594000.0
11,TNB,MRY,2000-12-31,2000-12-31,2000-12-31,2018-10-21,-61905000.0,2085696000.0,2480992250.0,966494000.0,1119202000.0,0.708,15.609,-69369000.0,207331000.0,207331000.0,1488502000.0,-44570000.0,2.305,1.306,692461000.0,22478000.0,669983000.0,692461000.0,0.0,94627000.0,0.0,0.069,1.12,-75523000.0,19104000.0,0.011,19104000.0,-75523000.0,-123417000.0,-0.77,-0.77,-0.77,904568000.0,1018440000.0,904568000.0,1459179481.0,-19.0,76.381,-317707000.0,-5.482,1.0,267581000.0,0.152,537502000.0,47894000.0,1614064000.0,2225241500.0,296785000.0,132989000.0,11344000.0,121645000.0,1181128000.0,419260000.0,761868000.0,938607481.0,129645000.0,721462000.0,4000.0,-255901000.0,-64889000.0,-320786000.0,646586000.0,-5507000.0,-248338000.0,-1043000.0,-44570000.0,-44570000.0,-44570000.0,-148813000.0,0.0,-0.025,515953000.0,-248372000.0,156840000.0,-1.455,1.038,-21.059,-21.017,425477000.0,0.0,16.183,0.534,0.534,360671000.0,626115000.0,1756083000.0,1756083000.0,22993000.0,-0.018,-0.044,-0.034,-0.043,0.0,444248000.0,1.0,57999633.0,57950000,57950000.0,30.303,1548194000.0,83251000.0,-78847000.0,25873000.0,26.716,547234000.0
12,TNB,MRY,1999-12-31,2000-01-02,2000-01-02,2018-10-21,-35899000.0,2468204000.0,2560043750.0,1264908000.0,1203296000.0,0.985,17.956,-123768000.0,69640000.0,69640000.0,1847262000.0,148307000.0,3.086,1.383,956028000.0,34436000.0,921592000.0,956028000.0,0.0,98047000.0,0.0,0.035,1.12,220731000.0,318778000.0,0.126,318778000.0,220731000.0,159736000.0,2.57,2.56,2.57,1035880000.0,1048963000.0,1035880000.0,2689893049.0,12.0,8.438,-43617000.0,-0.756,1.0,674746000.0,0.268,569016000.0,60995000.0,2375681000.0,2286493500.0,397692000.0,133760000.0,14217000.0,119543000.0,1432324000.0,409895000.0,1022429000.0,1842432049.0,6525000.0,-659000.0,3211000.0,83610000.0,-64857000.0,21964000.0,-96594000.0,27833000.0,80151000.0,1004000.0,148307000.0,148307000.0,148307000.0,0.0,0.0,0.059,483162000.0,191584000.0,209983000.0,0.436,1.779,12.423,12.399,476676000.0,0.0,31.866,0.731,0.729,210843000.0,736956000.0,2522008000.0,2522008000.0,47959000.0,0.058,0.141,0.097,0.088,0.0,427192000.0,1.0,57817879.0,57690000,57912000.0,43.717,1899188000.0,68455000.0,11429000.0,13969000.0,32.921,855013000.0
13,TNB,MRY,1998-12-31,1999-01-03,1999-01-03,2018-10-21,-18531000.0,2499587000.0,2284101500.0,1058402000.0,1441185000.0,0.775,17.91,-36158000.0,64028000.0,64028000.0,1271330000.0,81171000.0,1.801,1.462,888620000.0,97657000.0,790963000.0,888620000.0,0.0,78574000.0,0.0,0.026,1.12,128834000.0,207408000.0,0.117,207408000.0,128834000.0,89208000.0,1.43,1.42,1.43,1015105000.0,1011969750.0,1015105000.0,3149188421.0,24.0,15.184,103527000.0,1.827,1.0,497712000.0,0.281,621487000.0,39626000.0,2115143000.0,1943144000.0,469641000.0,184729000.0,42478000.0,142251000.0,1484482000.0,587549000.0,896933000.0,2457645421.0,18778000.0,-169349000.0,6475000.0,266382000.0,-65788000.0,207069000.0,-195472000.0,10035000.0,139685000.0,-3309000.0,81171000.0,81171000.0,81171000.0,-22228000.0,0.0,0.046,396061000.0,101651000.0,262483000.0,0.783,2.421,30.277,30.28,631022000.0,0.0,43.3,1.389,1.387,404784000.0,710474000.0,1769042000.0,1769042000.0,29341000.0,0.036,0.08,0.066,0.073,0.0,315568000.0,1.0,56757978.0,56677000,56990000.0,31.213,1878100000.0,61829000.0,8037000.0,67856000.0,33.137,470853000.0
14,TNB,MRY,1997-12-31,1997-12-28,1997-12-28,2018-10-21,-2198000.0,2094288000.0,2112762500.0,846472000.0,1247816000.0,1.001,18.263,-110621000.0,45225000.0,45225000.0,1440303000.0,154861000.0,1.789,1.096,545716000.0,42639000.0,503077000.0,545716000.0,0.0,95324000.0,0.0,0.024,1.12,224436000.0,319760000.0,0.151,319760000.0,224436000.0,224436000.0,2.83,2.81,2.83,999304000.0,933843000.0,999304000.0,,,,179191000.0,3.275,1.0,674415000.0,0.319,506225000.0,0.0,1615320000.0,1659588500.0,402601000.0,180088000.0,52382000.0,127706000.0,1094984000.0,473234000.0,621750000.0,2531425079.0,-82483000.0,-19326000.0,25945000.0,-190832000.0,-56898000.0,-221785000.0,-146505000.0,-16558000.0,289812000.0,-4005000.0,154861000.0,154861000.0,154861000.0,0.0,0.0,0.073,415297000.0,259118000.0,226542000.0,0.396,2.533,16.346,16.228,574052000.0,0.0,45.925,1.197,1.188,293722000.0,689280000.0,2114718000.0,2114718000.0,51896000.0,0.073,0.166,0.135,0.106,0.0,346046000.0,1.0,55121199.0,54717000,55090000.0,38.648,1588063000.0,43452000.0,69575000.0,72145000.0,29.023,373238000.0
15,TNB,MRY,1996-12-31,1996-12-28,1996-12-28,2018-10-21,15084000.0,2131237000.0,,957051000.0,1174186000.0,,15.928,-71573000.0,126355000.0,126355000.0,1525121000.0,73455000.0,1.946,1.454,710151000.0,65055000.0,645096000.0,710151000.0,0.0,92421000.0,0.0,0.025,1.12,106395000.0,198816000.0,0.093,198816000.0,106395000.0,106395000.0,1.35,1.34,1.35,868382000.0,,868382000.0,,,,63811000.0,1.17,1.0,609266000.0,0.285,519276000.0,0.0,1703857000.0,,363306000.0,112308000.0,35940000.0,76368000.0,1262855000.0,491900000.0,770955000.0,,50837000.0,-256390000.0,12812000.0,274663000.0,-62005000.0,225470000.0,-303212000.0,24751000.0,135384000.0,-6805000.0,73455000.0,73455000.0,73455000.0,0.0,0.0,0.034,462805000.0,146461000.0,190184000.0,0.83,,,32.861,539944000.0,0.0,44.363,,1.133,361511000.0,569869000.0,2134387000.0,2134387000.0,47482000.0,,,,0.05,0.0,344941000.0,1.0,,54520000,54973000.0,39.149,1611961000.0,62121000.0,32940000.0,60555000.0,29.566,465151000.0
16,TNB,MRY,1995-12-31,1995-12-28,1995-12-28,2018-10-21,,,,,,,,-126449000.0,,,1221463000.0,88502000.0,,,,,,,,76495000.0,,0.031,1.12,128930000.0,205425000.0,0.119,205425000.0,128930000.0,128930000.0,1.69,1.68,1.69,,,,,,,-4025000.0,-0.077,1.0,511905000.0,0.295,,0.0,,,,,,,,,,,-15051000.0,-19983000.0,10194000.0,40069000.0,-47138000.0,3125000.0,-143355000.0,-1425000.0,122424000.0,2755000.0,88502000.0,88502000.0,88502000.0,0.0,0.0,0.051,357958000.0,153947000.0,,0.663,,,21.666,,0.0,36.615,,1.109,,,1733368000.0,1733368000.0,44083000.0,,,,0.074,0.0,283861000.0,,,52494000,52722000.0,33.02,,,40428000.0,,,
0,TNB,MRQ,2012-03-31,2012-03-31,2012-03-31,2018-10-21,-126263000.0,2937410000.0,,1264203000.0,1673207000.0,,33.298,-10480000.0,598253000.0,598253000.0,407195000.0,55075000.0,3.762,0.698,574693000.0,528000.0,574165000.0,574693000.0,0.0,20220000.0,0.0,0.0,0.0,83755000.0,103975000.0,0.171,103975000.0,83755000.0,77570000.0,1.06,1.03,1.06,1730144000.0,,1730144000.0,3776297503.0,12.0,9.457,-9880000.0,-0.19,1.0,199893000.0,0.329,1299042000.0,6185000.0,1278776000.0,,266828000.0,0.0,0.0,0.0,1207266000.0,336032000.0,871234000.0,3753798503.0,45997000.0,0.0,35740000.0,-133000.0,0.0,44011000.0,-10315000.0,0.0,600000.0,11701000.0,55075000.0,55075000.0,55075000.0,0.0,0.0,0.091,115564000.0,84329000.0,204677000.0,0.0,2.17,17.901,17.756,299880000.0,0.0,71.91,1.576,1.569,326730000.0,1766073000.0,607088000.0,607088000.0,0.0,,,,,-5188000.0,115564000.0,1.0,52201342.0,51960000,53226000.0,11.684,1638368000.0,44073000.0,22495000.0,50267000.0,31.531,928171000.0
1,TNB,MRQ,2011-12-31,2011-12-31,2011-12-31,2018-10-21,-151926000.0,2823721000.0,,1143933000.0,1679788000.0,,31.195,-12854000.0,552256000.0,552256000.0,410133000.0,56837000.0,3.298,0.762,574755000.0,339000.0,574416000.0,574755000.0,0.0,20960000.0,0.0,0.0,0.0,79482000.0,100442000.0,0.166,100442000.0,79482000.0,71670000.0,1.1,1.09,1.1,1602287000.0,,1602287000.0,2951297738.0,10.0,7.873,110070000.0,2.143,1.0,193495000.0,0.321,1298851000.0,7812000.0,1200482000.0,,236409000.0,0.0,0.0,0.0,1221434000.0,346887000.0,874547000.0,2841922738.0,86807000.0,0.0,-21778000.0,-133000.0,0.0,-17934000.0,-14669000.0,0.0,122924000.0,-3514000.0,56837000.0,56837000.0,56837000.0,0.0,0.0,0.094,115070000.0,78425000.0,213052000.0,0.0,1.774,14.945,14.837,299218000.0,0.0,54.6,1.237,1.228,284855000.0,1710998000.0,603628000.0,603628000.0,0.0,,,,,3221000.0,115070000.0,1.0,52049867.0,51364000,51808000.0,11.752,1524870000.0,41915000.0,14833000.0,53022000.0,29.688,797046000.0
2,TNB,MRQ,2011-09-30,2011-09-30,2011-09-30,2018-10-21,-87033000.0,2759116000.0,,1100713000.0,1658403000.0,,31.226,-7528000.0,465449000.0,465449000.0,412927000.0,54333000.0,3.296,0.702,574824000.0,335000.0,574489000.0,574824000.0,0.0,21426000.0,0.0,0.0,0.0,82497000.0,103923000.0,0.172,103923000.0,82497000.0,74021000.0,1.05,1.03,1.05,1620646000.0,,1620646000.0,2210386003.0,8.0,6.306,67212000.0,1.295,1.0,191499000.0,0.317,1311002000.0,8476000.0,1223553000.0,,276158000.0,0.0,0.0,0.0,1138470000.0,333936000.0,804534000.0,2096817003.0,4986000.0,-29184000.0,-20679000.0,-2376000.0,0.0,-22642000.0,-34541000.0,0.0,74740000.0,-12571000.0,54333000.0,54333000.0,54333000.0,0.0,0.0,0.09,110389000.0,81110000.0,181411000.0,0.0,1.294,12.099,11.878,298149000.0,0.0,39.91,0.942,0.93,303962000.0,1654161000.0,604426000.0,604426000.0,0.0,,,,,2028000.0,110389000.0,1.0,52538637.0,51900000,52990000.0,11.646,1448114000.0,31669000.0,19688000.0,58119000.0,27.902,766777000.0
3,TNB,MRQ,2011-06-30,2011-06-30,2011-06-30,2018-10-21,-58795000.0,2767952000.0,,1097508000.0,1670444000.0,,31.035,-11145000.0,460822000.0,460822000.0,396419000.0,43457000.0,3.171,0.717,574391000.0,331000.0,574060000.0,574391000.0,0.0,20923000.0,0.0,0.0,0.0,70040000.0,90963000.0,0.161,90963000.0,70040000.0,62081000.0,0.84,0.82,0.84,1612289000.0,,1612289000.0,2962957589.0,12.0,8.811,22705000.0,0.437,1.0,169923000.0,0.3,1307231000.0,7959000.0,1228128000.0,,278364000.0,0.0,0.0,0.0,1155663000.0,346162000.0,809501000.0,2823196589.0,26180000.0,0.0,4915000.0,-81000.0,0.0,5555000.0,-11251000.0,0.0,33850000.0,-1974000.0,43457000.0,43457000.0,43457000.0,0.0,0.0,0.077,99166000.0,70757000.0,197187000.0,0.0,1.751,17.313,17.041,307489000.0,0.0,53.85,1.319,1.307,306964000.0,1599828000.0,566342000.0,566342000.0,0.0,,,,,2323000.0,99166000.0,1.0,52427049.0,51950000,53289000.0,10.902,1460721000.0,33496000.0,18624000.0,51362000.0,28.118,751346000.0
4,TNB,MRQ,2011-03-31,2011-03-31,2011-03-31,2018-10-21,-59977000.0,2706953000.0,,1021075000.0,1685878000.0,,30.246,-12111000.0,434642000.0,434642000.0,359532000.0,35526000.0,3.102,0.736,574403000.0,326000.0,574077000.0,574403000.0,0.0,21037000.0,0.0,0.0,0.0,58517000.0,79554000.0,0.152,79554000.0,58517000.0,50752000.0,0.69,0.67,0.69,1559084000.0,,1559084000.0,3224861107.0,13.0,10.009,-49317000.0,-0.957,1.0,163603000.0,0.313,1315768000.0,7765000.0,1201730000.0,,258514000.0,0.0,0.0,0.0,1147869000.0,329216000.0,818653000.0,3106005107.0,-20915000.0,0.0,18518000.0,-78000.0,0.0,19766000.0,-12109000.0,0.0,-37206000.0,8634000.0,35526000.0,35526000.0,35526000.0,0.0,0.0,0.068,104101000.0,59502000.0,185917000.0,0.0,1.992,20.272,20.024,309481000.0,0.0,59.47,1.498,1.478,276562000.0,1556371000.0,523135000.0,523135000.0,0.0,,,,,2416000.0,104101000.0,1.0,52228100.0,51546000,52917000.0,10.149,1391185000.0,32634000.0,15226000.0,56871000.0,26.989,691859000.0
5,TNB,MRQ,2010-12-31,2010-12-31,2010-12-31,2018-10-21,-93542000.0,2632393000.0,,957095000.0,1675298000.0,,28.604,-10925000.0,455198000.0,455198000.0,374024000.0,39983000.0,2.785,0.795,574412000.0,322000.0,574090000.0,574412000.0,0.0,21029000.0,0.0,0.0,0.0,55072000.0,76101000.0,0.143,76101000.0,55072000.0,46263000.0,0.78,0.76,0.78,1466782000.0,,1466782000.0,2704602021.0,12.0,8.741,119867000.0,2.338,1.0,158500000.0,0.298,1308433000.0,8809000.0,1099509000.0,,220250000.0,0.0,0.0,0.0,1165611000.0,343665000.0,821946000.0,2502921021.0,19977000.0,1407000.0,-9064000.0,-99689000.0,0.0,-106825000.0,-6995000.0,0.0,130792000.0,3005000.0,39983000.0,39983000.0,39983000.0,-3350000.0,0.0,0.075,106389000.0,52111000.0,190839000.0,0.0,1.706,17.186,17.128,305796000.0,0.0,48.3,1.249,1.246,230203000.0,1520845000.0,532524000.0,532524000.0,0.0,,,,,4217000.0,106389000.0,1.0,51820311.0,51279000,52372000.0,10.385,1323960000.0,32745000.0,6280000.0,67668000.0,25.819,613430000.0
6,TNB,MRQ,2010-09-30,2010-09-30,2010-09-30,2018-10-21,-89982000.0,2617974000.0,,1004629000.0,1613345000.0,,27.729,-8547000.0,438140000.0,438140000.0,352096000.0,44104000.0,2.992,0.83,639821000.0,718000.0,639103000.0,639821000.0,0.0,20446000.0,0.0,0.0,0.0,69202000.0,89648000.0,0.173,89648000.0,69202000.0,60160000.0,0.85,0.84,0.85,1430886000.0,,1430886000.0,2394016487.0,11.0,8.146,58920000.0,1.142,1.0,166137000.0,0.321,1235371000.0,9042000.0,1248520000.0,,243201000.0,0.0,0.0,0.0,1187088000.0,335764000.0,851324000.0,2144001487.0,49594000.0,601000.0,-19504000.0,-446000.0,0.0,-19829000.0,-7935000.0,0.0,67467000.0,9891000.0,44104000.0,44104000.0,44104000.0,-1510000.0,0.0,0.085,97470000.0,68667000.0,171702000.0,0.0,1.498,16.154,15.961,313176000.0,0.0,41.02,1.129,1.115,271678000.0,1480862000.0,518233000.0,518233000.0,0.0,,,,,2119000.0,97470000.0,1.0,52267223.0,51602000,52641000.0,10.043,1382603000.0,32975000.0,16056000.0,50792000.0,26.794,668865000.0
7,TNB,MRQ,2010-06-30,2010-06-30,2010-06-30,2018-10-21,-127213000.0,2544330000.0,,940834000.0,1603496000.0,,26.3,-8391000.0,388545000.0,388545000.0,342185000.0,33601000.0,2.869,0.862,638560000.0,400000.0,638160000.0,638560000.0,0.0,20696000.0,0.0,0.0,0.0,56206000.0,76902000.0,0.154,76902000.0,56206000.0,47304000.0,0.65,0.63,0.65,1366677000.0,,1366677000.0,2001078204.0,10.0,7.245,55411000.0,1.066,1.0,157795000.0,0.316,1227642000.0,8902000.0,1238758000.0,,234346000.0,0.0,0.0,0.0,1177653000.0,327945000.0,849708000.0,1831983204.0,-80897000.0,-78116000.0,-21513000.0,-35574000.0,0.0,-56864000.0,-86486000.0,0.0,63802000.0,-1349000.0,33601000.0,33601000.0,33601000.0,-1407000.0,0.0,0.067,103931000.0,53864000.0,174428000.0,0.0,1.34,15.174,14.829,310340000.0,0.0,34.7,0.982,0.967,265069000.0,1436758000.0,499980000.0,499980000.0,0.0,,,,,2634000.0,103931000.0,1.0,52794905.0,51965000,53041000.0,9.621,1316688000.0,34014000.0,13703000.0,43113000.0,25.338,612889000.0
8,TNB,MRQ,2010-03-31,2010-03-31,2010-03-31,2018-10-21,-107931000.0,2496034000.0,,988524000.0,1507510000.0,,26.326,-5315000.0,469442000.0,469442000.0,319029000.0,27952000.0,3.451,0.821,638537000.0,449000.0,638088000.0,638537000.0,0.0,18889000.0,0.0,0.0,0.0,47888000.0,66777000.0,0.147,66777000.0,47888000.0,39517000.0,0.54,0.53,0.54,1370741000.0,,1370741000.0,2221750584.0,12.0,8.57,8336000.0,0.16,1.0,134600000.0,0.297,1152573000.0,8371000.0,1226070000.0,,222905000.0,0.0,0.0,0.0,1125293000.0,286486000.0,838807000.0,2064745584.0,-12089000.0,-21395000.0,3326000.0,-72000.0,0.0,3852000.0,-26705000.0,0.0,13651000.0,-2887000.0,27952000.0,27952000.0,27952000.0,-1637000.0,0.0,0.062,88479000.0,46121000.0,157390000.0,0.0,1.506,18.806,18.509,291069000.0,0.0,39.24,1.13,1.119,243184000.0,1403157000.0,453629000.0,453629000.0,0.0,,,,,3035000.0,88479000.0,1.0,52618389.0,52067000,53005000.0,8.712,1343461000.0,35051000.0,11565000.0,16195000.0,25.803,702038000.0
9,TNB,MRQ,2009-12-31,2009-12-31,2009-12-31,2018-10-21,-103010000.0,2453407000.0,,943983000.0,1509424000.0,,25.838,-7907000.0,481531000.0,481531000.0,290509000.0,27069000.0,3.463,0.829,638536000.0,522000.0,638014000.0,638536000.0,0.0,18689000.0,0.0,0.0,0.0,41863000.0,60552000.0,0.142,60552000.0,41863000.0,32697000.0,0.53,0.51,0.53,1341209000.0,,1341209000.0,2122146268.0,12.0,8.227,84528000.0,1.628,1.0,136293000.0,0.319,1145983000.0,9166000.0,1191848000.0,,209268000.0,0.0,0.0,0.0,1112198000.0,272581000.0,839617000.0,1874273268.0,121184000.0,0.0,2523000.0,24886000.0,0.0,24615000.0,-8848000.0,0.0,92435000.0,12982000.0,27069000.0,27069000.0,27069000.0,-6975000.0,0.0,0.063,95211000.0,41082000.0,149556000.0,0.0,1.397,17.369,17.29,296820000.0,0.0,35.79,1.023,1.02,197640000.0,1375205000.0,426802000.0,426802000.0,0.0,,,,,7141000.0,89417000.0,1.0,52368630.0,51908000,52871000.0,8.222,1307424000.0,31062000.0,5628000.0,17572000.0,25.187,671402000.0
10,TNB,MRQ,2009-09-30,2009-09-30,2009-09-30,2018-10-21,-129605000.0,2429862000.0,,888576000.0,1541286000.0,,24.472,-11133000.0,360346000.0,360346000.0,337485000.0,32111000.0,3.363,0.903,608219000.0,593000.0,607626000.0,608219000.0,0.0,18424000.0,0.0,0.0,0.0,53532000.0,71956000.0,0.148,71956000.0,53532000.0,45054000.0,0.62,0.61,0.62,1276874000.0,,1276874000.0,1924869976.0,12.0,8.005,85864000.0,1.646,1.0,147590000.0,0.304,1153709000.0,8478000.0,1259798000.0,,231134000.0,5292000.0,126000.0,5166000.0,1152988000.0,264228000.0,888760000.0,1589812976.0,72299000.0,0.0,-13587000.0,-15070000.0,0.0,-28651000.0,-11117000.0,0.0,96997000.0,15070000.0,32111000.0,32111000.0,32111000.0,0.0,0.0,0.066,91957000.0,55633000.0,138882000.0,0.0,1.245,16.236,15.749,298595000.0,0.0,30.08,0.839,0.828,243424000.0,1348136000.0,485075000.0,485075000.0,0.0,,,,,2599000.0,91957000.0,1.0,52852825.0,52178000,52858000.0,9.297,1276153000.0,38159000.0,12943000.0,24966000.0,24.458,624348000.0
11,TNB,MRQ,2009-06-30,2009-06-30,2009-06-30,2018-10-21,-162890000.0,2365541000.0,,826082000.0,1539459000.0,,23.382,-9696000.0,288047000.0,288047000.0,329053000.0,22661000.0,3.356,0.935,623104000.0,663000.0,622441000.0,623104000.0,0.0,19205000.0,0.0,0.0,0.0,40750000.0,59955000.0,0.13,59955000.0,40750000.0,32372000.0,0.43,0.43,0.43,1222470000.0,,1222470000.0,1903116591.0,9.0,6.632,32610000.0,0.624,1.0,131943000.0,0.286,1153171000.0,8378000.0,1301307000.0,,245853000.0,5171000.0,116000.0,5055000.0,1143071000.0,246120000.0,896951000.0,1524258591.0,31616000.0,0.0,216000.0,-15069000.0,0.0,-14840000.0,-6928000.0,0.0,42306000.0,11078000.0,22661000.0,22661000.0,22661000.0,0.0,0.0,0.049,93038000.0,38905000.0,130449000.0,0.0,1.247,11.911,12.075,296583000.0,0.0,28.86,0.734,0.727,236627000.0,1316025000.0,460996000.0,460996000.0,0.0,,,,,3520000.0,93038000.0,1.0,52815613.0,52283000,53019000.0,8.817,1212370000.0,38779000.0,9711000.0,17400000.0,23.189,579962000.0
12,TNB,MRQ,2009-03-31,2009-03-31,2009-03-31,2018-10-21,-202785000.0,2331807000.0,,800231000.0,1531576000.0,,21.992,-11421000.0,259129000.0,259129000.0,322427000.0,26069000.0,3.059,1.017,637987000.0,682000.0,637305000.0,637987000.0,0.0,18788000.0,0.0,0.0,0.0,46703000.0,65491000.0,0.142,65491000.0,46703000.0,37242000.0,0.5,0.49,0.5,1156073000.0,,1156073000.0,1694206804.0,4.0,3.28,-5297000.0,-0.101,1.0,137408000.0,0.299,1146607000.0,9461000.0,1302464000.0,,267666000.0,5060000.0,103000.0,4957000.0,1175734000.0,261594000.0,914140000.0,1333727804.0,-38980000.0,0.0,-11085000.0,-23149000.0,0.0,-34234000.0,-8198000.0,0.0,6124000.0,-2672000.0,26069000.0,26069000.0,26069000.0,0.0,0.0,0.057,92610000.0,44798000.0,140577000.0,0.0,1.154,5.269,5.535,295739000.0,0.0,25.02,0.591,0.583,215995000.0,1293364000.0,459835000.0,459835000.0,0.0,,,,,2808000.0,92610000.0,1.0,53306467.0,52569000,52952000.0,8.747,1185200000.0,40346000.0,11173000.0,15485000.0,22.546,538637000.0
13,TNB,MRQ,2008-12-31,2008-12-31,2008-12-31,2018-10-21,-196983000.0,2410602000.0,,866793000.0,1543809000.0,,21.101,-9497000.0,300465000.0,300465000.0,328025000.0,17080000.0,1.821,1.106,660944000.0,148751000.0,512193000.0,660944000.0,0.0,18670000.0,0.0,0.0,0.0,24373000.0,43043000.0,0.088,43043000.0,24373000.0,14402000.0,0.36,0.35,0.36,1144657000.0,,1144657000.0,1796017717.0,4.0,3.315,161924000.0,2.985,1.0,161568000.0,0.33,1155082000.0,9971000.0,1139998000.0,,278098000.0,5050000.0,0.0,5050000.0,1265945000.0,476001000.0,789944000.0,1342867717.0,89584000.0,13759000.0,-60889000.0,-3645000.0,0.0,-64532000.0,4517000.0,0.0,171421000.0,-21822000.0,17080000.0,17080000.0,17080000.0,-833000.0,0.0,0.035,132707000.0,28861000.0,180750000.0,0.0,1.173,5.061,5.122,299077000.0,0.0,24.02,0.561,0.568,229160000.0,1267295000.0,489593000.0,489593000.0,0.0,,,,,7270000.0,100007000.0,1.0,55906233.0,54247000,55230000.0,9.025,1255520000.0,43073000.0,-2678000.0,17828000.0,23.145,390792000.0
14,TNB,MRQ,2008-09-30,2008-09-30,2008-09-30,2018-10-21,-7288000.0,2594795000.0,,978977000.0,1615818000.0,,24.18,-11149000.0,211459000.0,211459000.0,457406000.0,62159000.0,1.786,0.893,664609000.0,152130000.0,512479000.0,664609000.0,0.0,18573000.0,0.0,0.0,0.0,99889000.0,118462000.0,0.178,118462000.0,99889000.0,90534000.0,1.1,1.09,1.1,1370499000.0,,1370499000.0,2617710103.0,5.0,4.401,-9189000.0,-0.162,1.0,208273000.0,0.313,1237614000.0,9355000.0,1262276000.0,,320186000.0,5048000.0,0.0,5048000.0,1224296000.0,548055000.0,676241000.0,2249789103.0,-85175000.0,51619000.0,-99757000.0,-3666000.0,0.0,-103397000.0,20588000.0,-20000000.0,1960000.0,-4326000.0,62159000.0,62159000.0,62159000.0,997000.0,0.0,0.093,106918000.0,101355000.0,197805000.0,0.0,1.642,7.587,7.586,311754000.0,0.0,39.07,0.898,0.884,345606000.0,1250248000.0,665679000.0,665679000.0,0.0,,,,,2290000.0,106918000.0,1.0,57583545.0,56678000,57142000.0,11.745,1357181000.0,45601000.0,28375000.0,90236000.0,23.945,430922000.0
15,TNB,MRQ,2008-06-30,2008-06-30,2008-06-30,2018-10-21,17136000.0,2748048000.0,,1118223000.0,1629825000.0,,24.736,-10551000.0,296585000.0,296585000.0,441342000.0,147840000.0,1.743,0.921,664506000.0,152142000.0,512364000.0,664506000.0,0.0,21158000.0,0.0,0.0,0.0,268300000.0,289458000.0,0.451,289458000.0,268300000.0,256532000.0,2.56,2.54,2.56,1430201000.0,,1430201000.0,2931518806.0,6.0,5.129,62235000.0,1.076,1.0,199975000.0,0.312,1246676000.0,11768000.0,1227647000.0,,324839000.0,5360000.0,0.0,5360000.0,1317847000.0,641646000.0,676201000.0,2200515806.0,177905000.0,12000.0,601000.0,-192755000.0,0.0,-192060000.0,297698000.0,300000000.0,72786000.0,-519000.0,147840000.0,147840000.0,147840000.0,200000.0,0.0,0.231,100489000.0,99486000.0,206508000.0,0.0,1.539,7.704,7.662,312680000.0,0.0,37.85,0.92,0.915,339652000.0,1188089000.0,641317000.0,641317000.0,0.0,,,,,3221000.0,100489000.0,1.0,58137802.0,57819000,58246000.0,11.092,1501372000.0,39827000.0,108692000.0,136797000.0,25.967,476577000.0
16,TNB,MRQ,2008-03-31,2008-03-31,2008-03-31,2018-10-21,6514000.0,2684604000.0,,930627000.0,1753977000.0,,21.956,-8139000.0,126749000.0,126749000.0,409243000.0,38252000.0,1.43,1.117,857752000.0,267629000.0,590123000.0,857752000.0,0.0,22040000.0,0.0,0.0,0.0,68790000.0,90830000.0,0.153,90830000.0,68790000.0,56458000.0,0.66,0.66,0.66,1268149000.0,,1268149000.0,2758188941.0,9.0,7.54,3555000.0,0.062,1.0,186261000.0,0.313,1255020000.0,12332000.0,1509705000.0,,321314000.0,115881000.0,211000.0,115670000.0,1416455000.0,650882000.0,765573000.0,2113592941.0,-39746000.0,-90583000.0,467000.0,46348000.0,0.0,47304000.0,-98531000.0,0.0,11694000.0,-213000.0,38252000.0,38252000.0,38252000.0,-91000.0,0.0,0.064,116285000.0,69976000.0,193580000.0,0.0,1.667,11.466,11.401,316870000.0,0.0,36.37,0.936,0.93,318838000.0,1040249000.0,595504000.0,595504000.0,0.0,,,,,6031000.0,116285000.0,1.0,58113636.0,57759000,58192000.0,10.31,1429584000.0,47910000.0,18206000.0,48406000.0,24.751,279745000.0
17,TNB,MRQ,2007-12-31,2007-12-31,2007-12-31,2018-10-21,13477000.0,2567786000.0,,905915000.0,1661871000.0,,21.302,-13963000.0,166609000.0,166609000.0,411245000.0,48272000.0,1.932,1.089,811205000.0,116157000.0,695048000.0,811205000.0,0.0,17432000.0,0.0,0.0,0.0,78625000.0,96057000.0,0.159,96057000.0,78625000.0,67860000.0,0.83,0.82,0.83,1228934000.0,,1228934000.0,3125157781.0,11.0,9.066,83006000.0,1.439,1.0,191149000.0,0.317,1172944000.0,10765000.0,1570465000.0,,271989000.0,115521000.0,221000.0,115300000.0,1338852000.0,468973000.0,869879000.0,2841623781.0,45247000.0,-448057000.0,2388000.0,419250000.0,0.0,422726000.0,-478899000.0,0.0,96969000.0,4451000.0,48272000.0,48272000.0,48272000.0,460000.0,0.0,0.08,111233000.0,79916000.0,180333000.0,0.0,2.312,15.51,15.519,305959000.0,0.0,49.04,1.33,1.329,280948000.0,1001997000.0,602394000.0,602394000.0,0.0,,,,,831000.0,111233000.0,1.0,57945020.0,57692000,58492000.0,10.442,1394842000.0,64231000.0,19588000.0,59619000.0,24.177,436942000.0
18,TNB,MRQ,2007-09-30,2007-09-30,2007-09-30,2018-10-21,-1495000.0,1996642000.0,,732947000.0,1263695000.0,,20.159,-8749000.0,104679000.0,104679000.0,381984000.0,51251000.0,1.645,0.721,388213000.0,115692000.0,272521000.0,388213000.0,0.0,15218000.0,0.0,0.0,0.0,80036000.0,95254000.0,0.172,95254000.0,80036000.0,74277000.0,0.89,0.88,0.89,1160040000.0,,1160040000.0,3440540252.0,13.0,10.654,64852000.0,1.127,1.0,170720000.0,0.309,792810000.0,5759000.0,1041788000.0,,268509000.0,115420000.0,242000.0,115178000.0,836602000.0,445578000.0,391024000.0,3390796252.0,-233473000.0,-304855000.0,3452000.0,-69000.0,0.0,4425000.0,-313547000.0,0.0,73601000.0,2048000.0,51251000.0,51251000.0,51251000.0,0.0,0.0,0.093,88759000.0,81961000.0,192523000.0,0.0,2.923,18.247,18.44,278598000.0,0.0,58.64,1.679,1.67,295324000.0,953725000.0,552704000.0,552704000.0,0.0,,,,,1244000.0,88759000.0,1.0,57823947.0,57544000,58309000.0,9.605,1203832000.0,95774000.0,23026000.0,21919000.0,20.92,287369000.0
19,TNB,MRQ,2007-06-30,2007-06-30,2007-06-30,2018-10-21,-25232000.0,1860958000.0,,892955000.0,968003000.0,,18.7,-11236000.0,338152000.0,338152000.0,352431000.0,46553000.0,2.289,0.726,387896000.0,115537000.0,272359000.0,387896000.0,0.0,12772000.0,0.0,0.0,0.0,70915000.0,83687000.0,0.165,83687000.0,70915000.0,67469000.0,0.81,0.8,0.81,1078031000.0,,1078031000.0,3451976926.0,13.0,11.285,46381000.0,0.805,1.0,154807000.0,0.305,498396000.0,3446000.0,1022267000.0,,226247000.0,115417000.0,239000.0,115178000.0,782927000.0,390039000.0,392888000.0,3374117926.0,28286000.0,0.0,-25243000.0,-60000.0,0.0,-21244000.0,-11089000.0,0.0,57617000.0,3002000.0,46553000.0,46553000.0,46553000.0,0.0,0.0,0.092,84532000.0,70275000.0,163081000.0,0.0,3.13,18.846,19.079,264321000.0,0.0,58.0,1.739,1.723,261946000.0,902474000.0,507238000.0,507238000.0,0.0,,,,,-988000.0,84532000.0,1.0,58174447.0,57649000,58459000.0,8.799,1362562000.0,96514000.0,20916000.0,15367000.0,23.635,502916000.0
20,TNB,MRQ,2007-03-31,2007-03-31,2007-03-31,2018-10-21,-47202000.0,1793681000.0,,832841000.0,960840000.0,,17.526,-6392000.0,309866000.0,309866000.0,329687000.0,37140000.0,3.316,0.747,387725000.0,644000.0,387081000.0,387725000.0,0.0,12344000.0,0.0,0.0,0.0,57376000.0,69720000.0,0.147,69720000.0,57376000.0,53825000.0,0.63,0.63,0.63,1026924000.0,,1026924000.0,2900699569.0,12.0,9.802,26781000.0,0.457,1.0,144865000.0,0.305,490769000.0,3551000.0,1129582000.0,,220883000.0,116022000.0,314000.0,115708000.0,766757000.0,251189000.0,515568000.0,2884036569.0,-61102000.0,0.0,-88937000.0,-137000.0,0.0,-88071000.0,-6243000.0,0.0,33173000.0,39000.0,37140000.0,37140000.0,37140000.0,0.0,0.0,0.078,87329000.0,57536000.0,152000000.0,0.0,2.808,16.626,16.834,261502000.0,0.0,48.82,1.517,1.504,236627000.0,855921000.0,474552000.0,474552000.0,0.0,,,,,4198000.0,87329000.0,1.0,59074899.0,58593000,59393000.0,8.099,1302912000.0,98313000.0,16685000.0,16389000.0,22.237,581652000.0
21,TNB,MRQ,2006-12-31,2006-12-31,2006-12-31,2018-10-21,-50848000.0,1830223000.0,,868370000.0,961853000.0,,17.902,-13381000.0,370968000.0,370968000.0,340425000.0,50880000.0,3.494,0.713,387631000.0,719000.0,386912000.0,387631000.0,0.0,12274000.0,0.0,0.0,0.0,61985000.0,74259000.0,0.153,74259000.0,61985000.0,58442000.0,0.85,0.84,0.85,1068359000.0,,1068359000.0,2924015096.0,12.0,9.874,99396000.0,1.666,1.0,145182000.0,0.299,507039000.0,3543000.0,1091318000.0,,218536000.0,116097000.0,371000.0,115726000.0,761864000.0,248529000.0,513335000.0,2832198096.0,75215000.0,-745000.0,-25178000.0,-583000.0,0.0,-23528000.0,-14067000.0,59000.0,112777000.0,33000.0,50880000.0,50880000.0,50880000.0,0.0,0.0,0.105,82497000.0,62685000.0,144844000.0,0.0,2.651,16.172,16.303,267200000.0,0.0,47.28,1.516,1.529,204270000.0,818781000.0,485607000.0,485607000.0,0.0,,,,,3102000.0,82497000.0,1.0,59902667.0,59678000,60667000.0,8.137,1323184000.0,103422000.0,7562000.0,16731000.0,22.172,619841000.0
22,TNB,MRQ,2006-09-30,2006-09-30,2006-09-30,2018-10-21,12127000.0,1830879000.0,,829895000.0,1000984000.0,,18.434,-8151000.0,295753000.0,295753000.0,326396000.0,44462000.0,3.256,0.667,387570000.0,636000.0,386934000.0,387570000.0,0.0,11494000.0,0.0,0.0,0.0,66744000.0,78238000.0,0.165,78238000.0,66744000.0,62622000.0,0.75,0.74,0.75,1098184000.0,,1098184000.0,2982372902.0,12.0,10.264,70949000.0,1.191,1.0,147005000.0,0.311,499428000.0,4122000.0,1168378000.0,,238523000.0,115734000.0,430000.0,115304000.0,732695000.0,254890000.0,477805000.0,2852806902.0,40315000.0,-33286000.0,1290000.0,-58000.0,0.0,1614000.0,-41373000.0,64000.0,79100000.0,974000.0,44462000.0,44462000.0,44462000.0,0.0,0.0,0.094,80780000.0,66225000.0,142032000.0,0.0,2.598,19.016,19.238,266142000.0,0.0,47.71,1.562,1.556,237121000.0,767901000.0,473401000.0,473401000.0,0.0,,,,,2007000.0,80780000.0,1.0,59794737.0,59573000,60412000.0,7.947,1331451000.0,54959000.0,18160000.0,8506000.0,22.35,575005000.0
23,TNB,MRQ,2006-06-30,2006-06-30,2006-06-30,2018-10-21,5662000.0,1762472000.0,,786388000.0,976084000.0,,17.073,-8186000.0,255438000.0,255438000.0,326007000.0,40988000.0,3.174,0.69,385004000.0,631000.0,384373000.0,385004000.0,0.0,12289000.0,0.0,0.0,0.0,61438000.0,73727000.0,0.158,73727000.0,61438000.0,57730000.0,0.67,0.66,0.67,1043020000.0,,1043020000.0,3196406637.0,14.0,11.425,6955000.0,0.114,1.0,141872000.0,0.303,469118000.0,3708000.0,1175154000.0,,227890000.0,115790000.0,492000.0,115298000.0,719452000.0,247766000.0,471686000.0,3201914637.0,-136286000.0,0.0,-149872000.0,-143000.0,0.0,-144212000.0,-8164000.0,22000.0,15141000.0,949000.0,40988000.0,40988000.0,40988000.0,0.0,0.0,0.088,81772000.0,60100000.0,145180000.0,0.0,3.07,22.806,22.208,267472000.0,0.0,51.3,1.784,1.746,243515000.0,723439000.0,467879000.0,467879000.0,0.0,,,,,-3400000.0,81772000.0,1.0,62415490.0,61093000,62133000.0,7.658,1293354000.0,63171000.0,16742000.0,7794000.0,21.17,538622000.0
24,TNB,MRQ,2006-03-31,2006-03-31,2006-03-31,2018-10-21,-5607000.0,1855569000.0,,879580000.0,975989000.0,,18.435,-13968000.0,391724000.0,391724000.0,305519000.0,38800000.0,3.456,0.639,386216000.0,716000.0,385500000.0,386216000.0,0.0,11785000.0,0.0,0.0,0.0,58115000.0,69900000.0,0.158,69900000.0,58115000.0,54648000.0,0.63,0.62,0.63,1132480000.0,,1132480000.0,3495558434.0,16.0,13.202,182000.0,0.003,1.0,136283000.0,0.308,463657000.0,3467000.0,1131907000.0,,218480000.0,116435000.0,521000.0,115914000.0,723089000.0,254497000.0,468592000.0,3174341434.0,174982000.0,0.0,30083000.0,-150112000.0,0.0,-117127000.0,277660000.0,291628000.0,14150000.0,299000.0,38800000.0,38800000.0,38800000.0,0.0,0.0,0.088,78528000.0,57755000.0,158043000.0,0.0,2.803,24.838,24.351,269048000.0,0.0,51.38,1.819,1.809,209969000.0,682451000.0,441802000.0,441802000.0,0.0,,,,,-1110000.0,78528000.0,1.0,61781655.0,61432000,62540000.0,7.192,1391912000.0,63172000.0,15848000.0,7769000.0,22.658,625083000.0
25,TNB,MRQ,2005-12-31,2005-12-31,2005-12-31,2018-10-21,-7057000.0,1920396000.0,,950142000.0,970254000.0,,17.349,-9873000.0,216742000.0,216742000.0,308486000.0,25769000.0,2.349,0.824,537959000.0,150804000.0,387155000.0,537959000.0,0.0,9940000.0,0.0,0.0,0.0,58760000.0,68700000.0,0.155,68700000.0,58760000.0,53870000.0,0.43,0.42,0.43,1052590000.0,,1052590000.0,2660173594.0,13.0,10.663,66754000.0,1.1,1.0,134550000.0,0.304,462810000.0,4890000.0,1374392000.0,,198107000.0,407819000.0,292154000.0,115665000.0,867806000.0,404411000.0,463395000.0,2554155594.0,27213000.0,0.0,7511000.0,-2153000.0,0.0,5358000.0,-55935000.0,-46062000.0,76627000.0,1163000.0,25769000.0,25769000.0,25769000.0,0.0,0.0,0.058,75400000.0,59150000.0,138060000.0,0.0,2.427,22.522,22.201,267026000.0,0.0,41.96,1.507,1.486,185391000.0,643651000.0,443036000.0,443036000.0,0.0,,,,,1923000.0,75400000.0,1.0,60871201.0,60672000,61863000.0,7.302,1457586000.0,60354000.0,28101000.0,13875000.0,24.024,545731000.0
26,TNB,MRQ,2005-09-30,2005-09-30,2005-09-30,2018-10-21,-6898000.0,1891388000.0,,924332000.0,967056000.0,,16.858,-8040000.0,434929000.0,434929000.0,307558000.0,34838000.0,2.282,0.86,540947000.0,152737000.0,388210000.0,540947000.0,0.0,12075000.0,0.0,0.0,0.0,55364000.0,67439000.0,0.153,67439000.0,55364000.0,49068000.0,0.58,0.57,0.58,1017060000.0,,1017060000.0,2259507309.0,12.0,9.783,55315000.0,0.917,1.0,134513000.0,0.304,460671000.0,6296000.0,1131720000.0,,202683000.0,115936000.0,702000.0,115234000.0,874328000.0,405015000.0,469313000.0,2082115309.0,9096000.0,0.0,8541000.0,-4111000.0,0.0,4430000.0,-63350000.0,-55310000.0,63355000.0,4661000.0,34838000.0,34838000.0,34838000.0,0.0,0.0,0.079,77754000.0,56759000.0,138235000.0,0.0,2.047,18.609,18.401,272524000.0,0.0,34.41,1.26,1.256,230185000.0,617882000.0,442071000.0,442071000.0,0.0,,,,,0.0,77754000.0,1.0,60509018.0,60330000,61256000.0,7.328,1430717000.0,76528000.0,14230000.0,12343000.0,23.715,519317000.0
27,TNB,MRQ,2005-06-30,2005-06-30,2005-06-30,2018-10-21,-14325000.0,1827733000.0,,855779000.0,971954000.0,,16.091,-9867000.0,369783000.0,369783000.0,298072000.0,28393000.0,2.182,0.896,547175000.0,152903000.0,394272000.0,547175000.0,0.0,13331000.0,0.0,0.0,0.0,45412000.0,58743000.0,0.141,58743000.0,45412000.0,38544000.0,0.47,0.47,0.47,964179000.0,,964179000.0,1900442903.0,10.0,8.145,29523000.0,0.493,1.0,120018000.0,0.287,459556000.0,6868000.0,1153352000.0,,209533000.0,116495000.0,1450000.0,115045000.0,863554000.0,392217000.0,471337000.0,1694366903.0,5799000.0,-1323000.0,7624000.0,-754000.0,0.0,6870000.0,-39101000.0,-27911000.0,39390000.0,-1360000.0,28393000.0,28393000.0,28393000.0,0.0,0.0,0.068,73628000.0,46390000.0,131451000.0,0.0,1.757,15.337,15.183,275636000.0,0.0,28.24,1.056,1.055,217514000.0,583044000.0,418090000.0,418090000.0,0.0,,,,,0.0,73628000.0,1.0,59998828.0,59919000,60800000.0,6.978,1368177000.0,81142000.0,10151000.0,9911000.0,22.834,463562000.0
28,TNB,MRQ,2005-03-31,2005-03-31,2005-03-31,2018-10-21,-7297000.0,1789517000.0,,809945000.0,979572000.0,,15.718,-7955000.0,335984000.0,335984000.0,281140000.0,24408000.0,2.083,0.919,542060000.0,152763000.0,389297000.0,542060000.0,0.0,13058000.0,0.0,0.0,0.0,41538000.0,54596000.0,0.139,54596000.0,41538000.0,34378000.0,0.41,0.4,0.41,932579000.0,,932579000.0,2134184088.0,12.0,9.538,5770000.0,0.097,1.0,111046000.0,0.283,461478000.0,7160000.0,1145227000.0,,216917000.0,116882000.0,1544000.0,115338000.0,856938000.0,388888000.0,468050000.0,1924328088.0,23445000.0,-15203000.0,10974000.0,-273000.0,0.0,10701000.0,461000.0,23619000.0,13725000.0,-1442000.0,24408000.0,24408000.0,24408000.0,0.0,0.0,0.062,69350000.0,41696000.0,129603000.0,0.0,2.063,18.857,18.671,279520000.0,0.0,32.3,1.237,1.232,193677000.0,554651000.0,392186000.0,392186000.0,0.0,,,,,0.0,69350000.0,1.0,59576721.0,59333000,60324000.0,6.61,1328039000.0,82525000.0,9970000.0,9866000.0,22.383,421057000.0
29,TNB,MRQ,2004-12-31,2004-12-31,2004-12-31,2018-10-21,541000.0,1755752000.0,,778895000.0,976857000.0,,15.309,-8808000.0,151189000.0,151189000.0,285905000.0,24246000.0,3.267,0.947,545915000.0,2830000.0,543085000.0,545915000.0,0.0,10107000.0,0.0,0.0,0.0,40089000.0,50196000.0,0.125,50196000.0,40089000.0,32741000.0,0.41,0.4,0.41,901719000.0,,901719000.0,2035419612.0,13.0,9.681,-3919000.0,-0.067,1.0,114215000.0,0.285,463264000.0,7348000.0,1448805000.0,,207158000.0,301450000.0,186528000.0,114922000.0,854033000.0,238409000.0,615624000.0,1814919612.0,-38827000.0,0.0,7597000.0,-8305000.0,0.0,-708000.0,-49035000.0,-40227000.0,4889000.0,6027000.0,24246000.0,24246000.0,24246000.0,0.0,0.0,0.061,73713000.0,40502000.0,120336000.0,0.0,2.013,19.462,19.34,276144000.0,0.0,30.75,1.197,1.189,172745000.0,530243000.0,400120000.0,400120000.0,0.0,,,,,2331000.0,73713000.0,1.0,59021776.0,58901000,60044000.0,6.793,1292488000.0,80355000.0,8495000.0,14551000.0,21.943,540486000.0
30,TNB,MRQ,2004-09-30,2004-09-30,2004-09-30,2018-10-21,-49381000.0,1758501000.0,,831064000.0,927437000.0,,13.896,181000.0,334566000.0,334566000.0,284237000.0,33428000.0,3.106,1.155,555066000.0,8989000.0,546077000.0,555066000.0,0.0,13886000.0,0.0,0.0,0.0,55916000.0,69802000.0,0.177,69802000.0,55916000.0,47754000.0,0.57,0.56,0.57,816004000.0,,816004000.0,1864247545.0,12.0,9.151,42460000.0,0.723,1.0,109974000.0,0.279,455391000.0,8162000.0,1256082000.0,,215618000.0,116141000.0,1758000.0,114383000.0,942497000.0,267528000.0,674969000.0,1581528545.0,67040000.0,0.0,864000.0,-1485000.0,0.0,-621000.0,21245000.0,21064000.0,42279000.0,4137000.0,33428000.0,33428000.0,33428000.0,0.0,0.0,0.085,68663000.0,41311000.0,138155000.0,0.0,1.938,17.908,17.762,276473000.0,0.0,26.82,1.079,1.075,220313000.0,505997000.0,394211000.0,394211000.0,0.0,,,,,0.0,68663000.0,1.0,58968253.0,58724000,59468000.0,6.713,1303110000.0,94181000.0,14326000.0,11035000.0,22.19,563536000.0
31,TNB,MRQ,2004-06-30,2004-06-30,2004-06-30,2018-10-21,-61161000.0,1694496000.0,,746628000.0,947868000.0,,13.14,-5317000.0,267526000.0,267526000.0,261719000.0,19969000.0,3.014,1.203,550245000.0,4484000.0,545761000.0,550245000.0,0.0,13953000.0,0.0,0.0,0.0,35219000.0,49172000.0,0.133,49172000.0,35219000.0,27735000.0,0.34,0.34,0.34,769250000.0,,769250000.0,1914965095.0,16.0,11.069,16428000.0,0.281,1.0,107254000.0,0.291,454506000.0,7484000.0,1274988000.0,,205221000.0,123458000.0,1904000.0,121554000.0,925246000.0,247721000.0,677525000.0,1599893095.0,17272000.0,0.0,5460000.0,-2801000.0,0.0,2659000.0,-5677000.0,-360000.0,21745000.0,-1455000.0,19969000.0,19969000.0,19969000.0,0.0,0.0,0.054,71634000.0,35620000.0,131858000.0,0.0,2.08,24.009,23.886,286226000.0,0.0,27.23,1.135,1.131,209947000.0,472569000.0,368973000.0,368973000.0,0.0,,,,,0.0,71634000.0,1.0,58754796.0,58544000,59200000.0,6.302,1239990000.0,100521000.0,7766000.0,8895000.0,21.18,498907000.0
32,TNB,MRQ,2004-03-31,2004-03-31,2004-03-31,2018-10-21,-57251000.0,1671429000.0,,707261000.0,964168000.0,,12.817,-5527000.0,250254000.0,250254000.0,253289000.0,15612000.0,2.998,1.237,565326000.0,7076000.0,558250000.0,565326000.0,0.0,13859000.0,0.0,0.0,0.0,27214000.0,41073000.0,0.116,41073000.0,27214000.0,19600000.0,0.27,0.27,0.27,747086000.0,,747086000.0,1577530355.0,16.0,10.351,-10529000.0,-0.181,1.0,99699000.0,0.282,455749000.0,7614000.0,1294847000.0,,192775000.0,123867000.0,1559000.0,122308000.0,924343000.0,235905000.0,688438000.0,1279639355.0,-137171000.0,0.0,745000.0,-126505000.0,0.0,-125760000.0,-5379000.0,148000.0,-5002000.0,-1030000.0,15612000.0,15612000.0,15612000.0,0.0,0.0,0.044,73014000.0,26685000.0,120772000.0,0.0,1.713,23.954,23.717,295543000.0,0.0,21.82,0.938,0.933,198844000.0,452600000.0,352988000.0,352988000.0,0.0,,,,,0.0,73014000.0,1.0,58645250.0,58289000,58677000.0,6.056,1215680000.0,101256000.0,3988000.0,6361000.0,20.856,471356000.0
33,TNB,MRQ,2003-12-31,2003-12-31,2003-12-31,2018-10-21,-55041000.0,1782625000.0,,812279000.0,970346000.0,,12.51,-8208000.0,387425000.0,387425000.0,250488000.0,19303000.0,2.226,1.437,685316000.0,133344000.0,551972000.0,685316000.0,0.0,12872000.0,0.0,0.0,0.005,30797000.0,43669000.0,0.125,43669000.0,30797000.0,21019000.0,0.33,0.33,0.33,731427000.0,,731427000.0,1717187533.0,20.0,12.725,52058000.0,0.89,1.0,98975000.0,0.283,455113000.0,9778000.0,1260443000.0,,190243000.0,123436000.0,1704000.0,121732000.0,1051198000.0,364960000.0,686238000.0,1338289533.0,-62930000.0,0.0,175000.0,2988000.0,0.0,3109000.0,-130212000.0,-122004000.0,60266000.0,3907000.0,19303000.0,19303000.0,19303000.0,0.0,0.0,0.055,72576000.0,26399000.0,113724000.0,0.015,1.83,31.259,31.356,303710000.0,0.0,22.89,1.012,1.012,168542000.0,436988000.0,349463000.0,349463000.0,0.0,,,,,1686000.0,74279000.0,1.0,58466122.0,58468000,58489000.0,5.977,1327512000.0,102723000.0,1716000.0,6414000.0,22.705,447319000.0
34,TNB,MRQ,2003-09-30,2003-09-28,2003-09-28,2018-10-21,-83420000.0,1746160000.0,,787421000.0,958739000.0,,11.668,-5071000.0,305805000.0,305805000.0,254172000.0,11752000.0,2.195,1.56,684703000.0,127640000.0,557063000.0,684703000.0,0.0,13311000.0,0.0,0.0,0.0,25781000.0,39092000.0,0.115,39092000.0,25781000.0,16099000.0,0.2,0.2,0.2,682177000.0,,682177000.0,1350835718.0,17.0,10.647,34517000.0,0.59,1.0,84519000.0,0.25,447804000.0,9682000.0,1318538000.0,,191469000.0,143567000.0,21979000.0,121588000.0,1063983000.0,358716000.0,705267000.0,932859718.0,30299000.0,0.0,0.0,-1806000.0,0.0,-2222000.0,-4861000.0,210000.0,39588000.0,-2206000.0,11752000.0,11752000.0,11752000.0,0.0,0.0,0.035,58100000.0,26419000.0,111044000.0,0.0,1.367,25.082,24.931,305319000.0,0.0,15.956,0.713,0.713,197530000.0,417685000.0,338691000.0,338691000.0,0.0,,,,,696000.0,66950000.0,1.0,58466122.0,58466000,58473000.0,5.793,1298356000.0,109932000.0,4347000.0,6916000.0,22.207,428705000.0
35,TNB,MRQ,2003-06-30,2003-06-29,2003-06-29,2018-10-21,-83612000.0,1729737000.0,,760733000.0,969004000.0,,11.452,-7770000.0,275506000.0,275506000.0,239182000.0,6754000.0,2.167,1.584,693482000.0,127872000.0,565610000.0,693482000.0,0.0,12915000.0,0.0,0.0,0.0,15651000.0,28566000.0,0.089,28566000.0,15651000.0,6512000.0,0.12,0.12,0.12,669524000.0,,669524000.0,1275332132.0,28.0,13.511,-975000.0,-0.017,1.0,83479000.0,0.259,447645000.0,9139000.0,1348960000.0,,204047000.0,144720000.0,22299000.0,122421000.0,1060213000.0,351108000.0,709105000.0,827645132.0,158466000.0,0.0,0.0,123139000.0,0.0,119748000.0,25582000.0,33352000.0,6795000.0,6341000.0,6754000.0,6754000.0,6754000.0,0.0,0.0,0.021,68618000.0,14861000.0,110604000.0,0.0,1.236,55.831,54.446,312796000.0,0.0,14.156,0.638,0.638,185537000.0,405933000.0,322661000.0,322661000.0,0.0,,,,,698000.0,68618000.0,1.0,58465783.0,58461000,58463000.0,5.519,1282092000.0,109347000.0,-242000.0,4692000.0,21.931,409625000.0
36,TNB,MRQ,2003-03-31,2003-03-30,2003-03-30,2018-10-21,-106591000.0,1571434000.0,,621124000.0,950310000.0,,10.949,-6285000.0,117040000.0,117040000.0,226406000.0,5004000.0,1.752,1.459,564727000.0,128847000.0,435880000.0,564727000.0,0.0,11229000.0,0.0,0.0,0.0,12395000.0,23624000.0,0.076,23624000.0,12395000.0,4115000.0,0.09,0.09,0.09,639116000.0,,639116000.0,1314860787.0,37.0,15.777,-16141000.0,-0.277,1.0,85076000.0,0.273,439248000.0,8280000.0,1225319000.0,,207749000.0,175759000.0,53186000.0,122573000.0,932318000.0,354554000.0,577764000.0,867746787.0,-60954000.0,0.0,0.0,-61483000.0,0.0,-61483000.0,8489000.0,14774000.0,-9856000.0,1896000.0,5004000.0,5004000.0,5004000.0,0.0,0.0,0.016,72932000.0,12144000.0,120729000.0,0.0,1.358,102.826,98.972,313009000.0,0.0,14.846,0.66,0.659,167287000.0,399179000.0,311482000.0,311482000.0,0.0,,,,,681000.0,72932000.0,1.0,58450383.0,58373000,58378000.0,5.336,1132186000.0,105531000.0,-889000.0,5176000.0,19.396,266570000.0
37,TNB,MRQ,2002-12-31,2002-12-29,2002-12-29,2018-10-21,-115866000.0,1619756000.0,,704931000.0,914825000.0,,10.707,-6719000.0,177994000.0,177994000.0,246486000.0,13683000.0,2.372,1.595,625108000.0,65126000.0,559982000.0,625108000.0,0.0,12195000.0,0.0,0.0,0.0,23399000.0,35594000.0,0.106,35594000.0,23399000.0,16870000.0,0.23,0.23,0.23,624136000.0,,624136000.0,1439341462.0,-122.0,37.44,19482000.0,0.334,1.0,88572000.0,0.264,437175000.0,6529000.0,1332536000.0,,182282000.0,187438000.0,65863000.0,121575000.0,995620000.0,297159000.0,698461000.0,985511462.0,-39151000.0,373000.0,0.0,-47930000.0,0.0,-47930000.0,-18134000.0,-11788000.0,26201000.0,712000.0,13683000.0,13683000.0,13683000.0,0.0,0.0,0.041,68792000.0,19780000.0,109479000.0,0.0,1.579,-18.585,-18.577,287415000.0,0.0,16.905,0.732,0.732,161091000.0,394175000.0,335058000.0,335058000.0,0.0,,,,,0.0,67585000.0,1.0,58296040.0,58294000,58294000.0,5.748,1182581000.0,100837000.0,3187000.0,9148000.0,20.286,407772000.0
38,TNB,MRQ,2002-09-30,2002-09-29,2002-09-29,2018-10-21,-99044000.0,1677012000.0,,783719000.0,893293000.0,,10.75,-3218000.0,217145000.0,217145000.0,245704000.0,-10617000.0,2.013,1.676,670975000.0,110292000.0,560683000.0,670975000.0,0.0,11780000.0,0.0,0.0,0.0,-5172000.0,6608000.0,0.02,6608000.0,-5172000.0,-15388000.0,-0.18,-0.18,-0.18,626699000.0,,626699000.0,1279508696.0,-8.0,-13.548,24485000.0,0.42,1.0,81765000.0,0.25,436872000.0,10216000.0,1304687000.0,,198494000.0,174118000.0,53280000.0,120838000.0,1050313000.0,389283000.0,661030000.0,816533696.0,11571000.0,-5079000.0,0.0,-1546000.0,0.0,-1546000.0,-14371000.0,-6074000.0,27703000.0,-215000.0,-10617000.0,-10617000.0,-10617000.0,0.0,0.0,-0.032,68401000.0,13364000.0,125042000.0,0.0,1.303,-5.196,-5.187,291462000.0,0.0,14.006,0.604,0.604,190791000.0,380492000.0,327469000.0,327469000.0,0.0,,,,,0.0,68342000.0,1.0,58298434.0,58298000,58298000.0,5.617,1240140000.0,86046000.0,-4771000.0,8392000.0,21.272,394436000.0
39,TNB,MRQ,2002-06-30,2002-06-30,2002-06-30,2018-10-21,-96501000.0,1671029000.0,,782239000.0,888790000.0,,10.967,-6405000.0,205574000.0,205574000.0,263780000.0,369000.0,2.117,1.614,668549000.0,110742000.0,557807000.0,668549000.0,0.0,12585000.0,0.0,0.0,0.0,4927000.0,17512000.0,0.051,17512000.0,4927000.0,-2654000.0,0.01,0.01,0.01,639276000.0,,639276000.0,1563884701.0,-8.0,-13.013,59728000.0,1.025,1.0,77499000.0,0.227,434035000.0,7581000.0,1330387000.0,,186182000.0,169734000.0,48433000.0,121301000.0,1031753000.0,369582000.0,662171000.0,1083976701.0,19633000.0,0.0,244000.0,-1920000.0,0.0,-1676000.0,-48261000.0,-41856000.0,66133000.0,3437000.0,369000.0,369000.0,369000.0,0.0,0.0,0.001,74170000.0,3329000.0,125451000.0,0.0,1.696,-5.641,-5.635,300291000.0,0.0,18.595,0.775,0.775,195141000.0,391109000.0,341279000.0,341279000.0,0.0,,,,,0.0,73809000.0,1.0,58294552.0,58292000,58459000.0,5.855,1236994000.0,93861000.0,-3023000.0,5629000.0,21.221,412657000.0
40,TNB,MRQ,2002-03-31,2002-03-31,2002-03-31,2018-10-21,-107540000.0,1704301000.0,,773488000.0,930813000.0,,11.539,-3772000.0,185941000.0,185941000.0,258272000.0,-56462000.0,2.143,1.537,665849000.0,107885000.0,557964000.0,665849000.0,0.0,13684000.0,0.0,0.013,0.0,-34954000.0,-21270000.0,-0.062,-21270000.0,-34954000.0,-45853000.0,-0.97,-0.97,-0.97,671815000.0,,671815000.0,1670139111.0,-9.0,-14.575,-43424000.0,-0.746,1.0,83779000.0,0.245,473656000.0,10899000.0,1349560000.0,,193527000.0,128790000.0,6364000.0,122426000.0,1032486000.0,360993000.0,671493000.0,1232945111.0,-48902000.0,0.0,4000.0,-6056000.0,0.0,-6052000.0,-3215000.0,557000.0,-39652000.0,17000.0,-56462000.0,-56462000.0,-56462000.0,0.0,0.0,-0.165,73861000.0,9918000.0,117611000.0,0.0,1.835,-6.231,-6.222,299760000.0,0.0,21.154,0.855,0.854,188665000.0,435556000.0,342051000.0,342051000.0,0.0,,,,,0.0,72596000.0,1.0,58283951.0,58221000,58221000.0,5.875,1230645000.0,137305000.0,10609000.0,12740000.0,21.137,412495000.0
41,TNB,MRQ,2001-12-31,2001-12-30,2001-12-30,2018-10-21,-107167000.0,1761610000.0,,770303000.0,991307000.0,,11.751,-12066000.0,234843000.0,234843000.0,293851000.0,-90448000.0,2.166,1.578,672037000.0,54002000.0,618035000.0,672037000.0,0.0,21068000.0,0.0,0.026,0.0,-118364000.0,-97296000.0,-0.285,-97296000.0,-118364000.0,-128411000.0,-1.56,-1.56,-1.56,683285000.0,,683285000.0,1769973810.0,-12.0,-24.274,47285000.0,0.813,1.0,48062000.0,0.141,474715000.0,10047000.0,1368380000.0,,192079000.0,128717000.0,6982000.0,121735000.0,1078325000.0,355709000.0,722616000.0,1254483810.0,77940000.0,24537000.0,0.0,4194000.0,0.0,4194000.0,15710000.0,3239000.0,59351000.0,-1315000.0,-90448000.0,-90448000.0,-90448000.0,7513000.0,0.0,-0.265,132150000.0,-84088000.0,120688000.0,0.0,1.836,-8.569,-8.561,309080000.0,0.0,21.574,0.838,0.837,188160000.0,447202000.0,341913000.0,341913000.0,0.0,,,,,0.0,73840000.0,1.0,58147974.0,58149000,58149000.0,5.88,1286895000.0,135748000.0,-37963000.0,4060000.0,22.131,414594000.0
42,TNB,MRQ,2001-09-30,2001-09-30,2001-09-30,2018-10-21,-73733000.0,1879563000.0,,803317000.0,1076246000.0,,13.879,-7609000.0,155545000.0,155545000.0,288738000.0,-45611000.0,2.577,1.329,671035000.0,6691000.0,664344000.0,671035000.0,0.0,20689000.0,0.0,0.048,0.0,-39814000.0,-19125000.0,-0.051,-19125000.0,-39814000.0,-51169000.0,-0.78,-0.78,-0.78,807082000.0,,807082000.0,1512129093.0,-18.0,121.466,828000.0,0.014,1.0,84448000.0,0.226,483280000.0,11355000.0,1600075000.0,,254353000.0,133837000.0,11655000.0,122182000.0,1072481000.0,311698000.0,760783000.0,1016187093.0,-16345000.0,0.0,0.0,-1671000.0,-16269000.0,-17940000.0,-7390000.0,219000.0,8437000.0,548000.0,-45611000.0,-45611000.0,-45611000.0,0.0,0.0,-0.122,122237000.0,-37789000.0,130595000.0,0.0,1.259,-9.475,-9.446,390581000.0,0.0,17.475,0.639,0.639,292801000.0,538992000.0,373186000.0,373186000.0,0.0,,,,,0.0,85600000.0,1.0,58150474.0,58150000,58150000.0,6.418,1396283000.0,103623000.0,-5558000.0,23949000.0,24.012,491619000.0
43,TNB,MRQ,2001-06-30,2001-07-01,2001-07-01,2018-10-21,-68199000.0,1955372000.0,,869717000.0,1085655000.0,,14.752,-9608000.0,172131000.0,172131000.0,292112000.0,-5365000.0,2.561,1.279,668073000.0,6300000.0,661773000.0,668073000.0,0.0,20349000.0,0.0,0.051,0.28,2754000.0,23103000.0,0.06,23103000.0,2754000.0,-7775000.0,-0.09,-0.09,-0.09,857828000.0,,857828000.0,1785396877.0,-29.0,50.65,20724000.0,0.356,1.0,93332000.0,0.242,522281000.0,10529000.0,1589390000.0,,283705000.0,134295000.0,11613000.0,122682000.0,1097544000.0,339643000.0,757901000.0,1282976877.0,289000.0,0.0,0.0,-3913000.0,-16270000.0,-20183000.0,-9177000.0,431000.0,30332000.0,-683000.0,-5365000.0,-5365000.0,-5365000.0,0.0,0.0,-0.014,88577000.0,4755000.0,136541000.0,-3.111,1.496,-15.867,-15.76,410005000.0,0.0,22.064,0.773,0.773,296033000.0,584603000.0,385444000.0,385444000.0,0.0,,,,,0.0,88577000.0,1.0,58148342.0,58149000,58149000.0,6.629,1433091000.0,96087000.0,-2410000.0,20211000.0,24.645,530074000.0
44,TNB,MRQ,2001-03-31,2001-04-01,2001-04-01,2018-10-21,-75739000.0,1989701000.0,,893711000.0,1095990000.0,,15.018,-9711000.0,171609000.0,171609000.0,305063000.0,-4966000.0,2.462,1.283,674029000.0,6163000.0,667866000.0,674029000.0,0.0,20574000.0,0.0,0.065,0.28,2772000.0,23346000.0,0.059,23346000.0,2772000.0,-7197000.0,-0.09,-0.09,-0.09,871648000.0,,871648000.0,1502350361.0,-19.0,91.534,-6395000.0,-0.11,1.0,91885000.0,0.231,525193000.0,9969000.0,1603912000.0,,299658000.0,137597000.0,12364000.0,125233000.0,1118053000.0,363016000.0,755037000.0,1009174361.0,-34372000.0,6000000.0,0.0,-16576000.0,-16214000.0,-32790000.0,-3392000.0,319000.0,3316000.0,-1506000.0,-4966000.0,-4966000.0,-4966000.0,0.0,0.0,-0.013,93030000.0,-1145000.0,157625000.0,-3.111,1.158,-18.641,-18.463,415229000.0,0.0,17.355,0.601,0.6,318602000.0,606250000.0,396948000.0,396948000.0,0.0,,,,,0.0,93030000.0,1.0,58148342.0,58039000,58039000.0,6.839,1464508000.0,80795000.0,-2231000.0,11420000.0,25.233,530695000.0
45,TNB,MRQ,2000-12-31,2000-12-31,2000-12-31,2018-10-21,-61905000.0,2085696000.0,,966494000.0,1119202000.0,,15.597,-14539000.0,207331000.0,207331000.0,363843000.0,-51304000.0,2.305,1.306,692461000.0,22478000.0,669983000.0,692461000.0,0.0,36926000.0,0.0,0.069,0.28,-51801000.0,-14875000.0,-0.034,-14875000.0,-51801000.0,-59209000.0,-0.89,-0.89,-0.89,904568000.0,,904568000.0,1459179481.0,-19.0,76.381,37797000.0,0.652,1.0,70286000.0,0.162,537502000.0,7408000.0,1614064000.0,,296785000.0,132989000.0,11344000.0,121645000.0,1181128000.0,419260000.0,761868000.0,938607481.0,47800000.0,10302000.0,1000.0,14305000.0,-16284000.0,-1978000.0,-3124000.0,1113000.0,52336000.0,566000.0,-51304000.0,-51304000.0,-51304000.0,-4041000.0,0.0,-0.118,140634000.0,-70348000.0,156840000.0,-0.315,1.038,-21.059,-21.017,425477000.0,0.0,16.183,0.534,0.534,360671000.0,626115000.0,434129000.0,434129000.0,-17902000.0,,,,,0.0,147246000.0,1.0,57999633.0,57995000,57995000.0,7.486,1548194000.0,83251000.0,-7905000.0,25873000.0,26.695,547234000.0
46,TNB,MRQ,2000-09-30,2000-10-01,2000-10-01,2018-10-21,-62776000.0,2221449000.0,,1023309000.0,1198140000.0,,17.302,-18197000.0,159531000.0,159531000.0,346560000.0,-19223000.0,2.395,1.215,680103000.0,7302000.0,672801000.0,680103000.0,0.0,19401000.0,0.0,0.064,0.28,-15725000.0,3676000.0,0.008,3676000.0,-15725000.0,-27461000.0,-0.33,-0.33,-0.33,1003066000.0,,1003066000.0,2179193484.0,-270.0,25.634,-35347000.0,-0.61,1.0,96617000.0,0.218,551287000.0,11736000.0,1763472000.0,,341365000.0,133105000.0,12515000.0,120590000.0,1218383000.0,427262000.0,791121000.0,1010522484.0,127504000.0,701113000.0,0.0,-519999000.0,-16117000.0,-536116000.0,683164000.0,248000.0,-17150000.0,-2394000.0,-19223000.0,-19223000.0,-19223000.0,0.0,0.0,-0.043,118289000.0,-21672000.0,196729000.0,-0.848,1.007,80.207,79.239,484029000.0,0.0,17.433,0.562,0.562,406878000.0,726430000.0,443177000.0,443177000.0,5383000.0,,,,,0.0,108259000.0,1.0,57967233.0,57974000,57974000.0,7.644,1670162000.0,86753000.0,-8238000.0,56977000.0,28.809,596047000.0
47,TNB,MRQ,2000-06-30,2000-07-02,2000-07-02,2018-10-21,-46181000.0,2868491000.0,,1666315000.0,1202176000.0,,18.249,-10525000.0,32027000.0,32027000.0,428727000.0,21356000.0,3.042,1.712,1200698000.0,56078000.0,1144620000.0,1200698000.0,0.0,19448000.0,0.0,0.059,0.28,-15182000.0,4266000.0,0.011,4266000.0,-15182000.0,-29646000.0,0.37,0.37,0.37,1057725000.0,,1057725000.0,2098231839.0,54.0,15.924,-210735000.0,-3.636,1.0,-25082000.0,-0.062,560957000.0,14464000.0,2928450000.0,,357065000.0,130302000.0,12637000.0,117665000.0,1810766000.0,547755000.0,1263011000.0,1108200839.0,-18558000.0,0.0,-1137000.0,176181000.0,-16299000.0,158745000.0,-10678000.0,16000.0,-200210000.0,1185000.0,21356000.0,21356000.0,21356000.0,-134089000.0,0.0,0.053,126393000.0,-151475000.0,211837000.0,0.757,1.048,14.072,14.059,482589000.0,0.0,19.12,0.61,0.61,1139013000.0,766047000.0,403645000.0,403645000.0,6337000.0,,,,,0.0,115614000.0,1.0,57961265.0,57962000,57962000.0,6.964,2307534000.0,107995000.0,-51002000.0,92834000.0,39.811,1118560000.0
48,TNB,MRQ,2000-03-31,2000-04-02,2000-04-02,2018-10-21,-42160000.0,2748333000.0,,1256144000.0,1492189000.0,,19.149,-26108000.0,51490000.0,51490000.0,355695000.0,23339000.0,2.341,1.48,1041521000.0,49868000.0,991653000.0,1041521000.0,0.0,24350000.0,0.0,0.04,0.28,34068000.0,58418000.0,0.123,58418000.0,34068000.0,19782000.0,0.4,0.4,0.4,1108401000.0,,1108401000.0,2537060623.0,22.0,12.402,-109422000.0,-1.89,1.0,119437000.0,0.251,606745000.0,14286000.0,2594980000.0,,548273000.0,173693000.0,12869000.0,160824000.0,1639932000.0,536639000.0,1103293000.0,1636187623.0,-19055000.0,10047000.0,1140000.0,73612000.0,-16189000.0,58563000.0,-14730000.0,1162000.0,-83314000.0,-400000.0,23339000.0,23339000.0,23339000.0,-14724000.0,0.0,0.049,101472000.0,17965000.0,309855000.0,0.7,1.476,16.184,16.138,673422000.0,0.0,28.242,0.863,0.862,563393000.0,814851000.0,475132000.0,475132000.0,6182000.0,,,,,0.0,91285000.0,1.0,57934265.0,57884000,57889000.0,8.208,2141588000.0,51548000.0,-3557000.0,39753000.0,36.998,719505000.0
49,TNB,MRQ,1999-12-31,2000-01-02,2000-01-02,2018-10-21,-35899000.0,2468204000.0,,1264908000.0,1203296000.0,,17.92,-18772000.0,69640000.0,69640000.0,386824000.0,-12873000.0,3.086,1.383,956028000.0,34436000.0,921592000.0,956028000.0,0.0,29879000.0,0.0,0.035,0.28,-11226000.0,18653000.0,0.039,18653000.0,-11226000.0,-25559000.0,-0.22,-0.22,-0.22,1035880000.0,,1035880000.0,2689893049.0,12.0,8.438,2862000.0,0.05,1.0,90756000.0,0.19,569016000.0,14333000.0,2375681000.0,,397692000.0,133760000.0,14217000.0,119543000.0,1432324000.0,409895000.0,1022429000.0,1842432049.0,895000.0,0.0,-3251000.0,50197000.0,-16169000.0,30777000.0,-17044000.0,1728000.0,21634000.0,1909000.0,-12873000.0,-12873000.0,-12873000.0,231000.0,0.0,-0.027,107696000.0,-16940000.0,209983000.0,-1.273,1.779,12.423,12.399,476676000.0,0.0,31.866,0.731,0.729,210843000.0,736956000.0,477580000.0,477580000.0,5476000.0,,,,,0.0,91861000.0,1.0,57817879.0,57807000,57975000.0,8.262,1899188000.0,68455000.0,-12686000.0,13969000.0,32.854,855013000.0
50,TNB,MRQ,1999-09-30,1999-10-03,1999-10-03,2018-10-21,-27892000.0,2639284000.0,,1140202000.0,1499082000.0,,18.89,-9183000.0,69675000.0,69675000.0,351212000.0,46930000.0,1.919,1.421,917136000.0,80033000.0,837103000.0,917136000.0,0.0,19355000.0,0.0,0.022,0.28,31072000.0,50427000.0,0.11,50427000.0,31072000.0,19401000.0,0.81,0.81,0.81,1090265000.0,,1090265000.0,3676582819.0,16.0,12.703,48054000.0,0.833,1.0,109004000.0,0.237,614728000.0,11671000.0,2277853000.0,,491217000.0,171905000.0,16065000.0,155840000.0,1549019000.0,594164000.0,954855000.0,2840829819.0,-2661000.0,12421000.0,1358000.0,-27871000.0,-16880000.0,-43393000.0,5877000.0,2639000.0,57237000.0,-1308000.0,46930000.0,46930000.0,46930000.0,-4565000.0,0.0,0.102,95140000.0,13864000.0,315139000.0,0.346,2.606,17.225,17.395,667695000.0,0.0,49.924,1.684,1.708,473784000.0,784723000.0,460216000.0,460216000.0,6625000.0,,,,,0.0,89674000.0,1.0,56903545.0,57718000,58017000.0,7.974,2024556000.0,59903000.0,-27529000.0,39851000.0,35.077,546038000.0
51,TNB,MRQ,1999-06-30,1999-07-04,1999-07-04,2018-10-21,-36498000.0,2578600000.0,,1111207000.0,1467393000.0,,18.215,-11751000.0,72321000.0,72321000.0,332881000.0,43706000.0,1.946,1.455,908074000.0,67169000.0,840905000.0,908074000.0,0.0,13235000.0,0.0,0.023,0.28,63832000.0,77067000.0,0.16,77067000.0,63832000.0,52046000.0,0.76,0.75,0.76,1050195000.0,,1050195000.0,3623145901.0,26.0,17.297,-2949000.0,-0.051,1.0,150212000.0,0.311,619729000.0,11786000.0,2223580000.0,,486172000.0,169475000.0,19001000.0,150474000.0,1528405000.0,571044000.0,957361000.0,2735889901.0,35119000.0,-1000.0,1291000.0,1124000.0,-15940000.0,-13525000.0,-4080000.0,7672000.0,8802000.0,255000.0,43706000.0,43706000.0,43706000.0,-8830000.0,0.0,0.09,98236000.0,51976000.0,280159000.0,0.368,2.605,33.976,34.365,646618000.0,0.0,48.112,1.549,1.57,454916000.0,759843000.0,483093000.0,483093000.0,7126000.0,,,,,0.0,86705000.0,1.0,56865494.0,57657000,57893000.0,8.379,1958871000.0,54442000.0,8340000.0,64381000.0,33.975,540163000.0
52,TNB,MRQ,1999-03-31,1999-04-04,1999-04-04,2018-10-21,-32779000.0,2554087000.0,,1084477000.0,1469610000.0,,17.705,-31394000.0,37055000.0,37055000.0,435550000.0,34493000.0,1.918,1.505,937956000.0,87284000.0,850672000.0,937956000.0,0.0,25841000.0,0.0,0.029,0.28,60570000.0,86411000.0,0.141,86411000.0,60570000.0,47880000.0,0.6,0.6,0.6,1019512000.0,,1019512000.0,3009325196.0,22.0,14.117,-54313000.0,-0.943,1.0,176461000.0,0.288,620589000.0,12690000.0,2268860000.0,,492506000.0,177039000.0,26666000.0,150373000.0,1534575000.0,565539000.0,969036000.0,2184733196.0,-26973000.0,-13079000.0,3449000.0,36961000.0,-15868000.0,24542000.0,-28679000.0,15794000.0,-22919000.0,83000.0,34493000.0,34493000.0,34493000.0,0.0,0.0,0.056,122582000.0,53879000.0,274220000.0,0.467,2.143,27.88,28.049,646804000.0,0.0,38.427,1.19,1.205,452335000.0,727147000.0,612011000.0,612011000.0,12475000.0,,,,,0.0,106995000.0,1.0,56854414.0,57582000,57778000.0,10.629,1933498000.0,51570000.0,13387000.0,49469000.0,33.578,518938000.0
53,TNB,MRQ,1998-12-31,1999-01-03,1999-01-03,2018-10-21,-18531000.0,2499587000.0,,1058402000.0,1441185000.0,,17.885,55397000.0,64028000.0,64028000.0,92871000.0,39793000.0,1.801,1.462,888620000.0,97657000.0,790963000.0,888620000.0,0.0,6639000.0,0.0,0.026,0.28,68892000.0,75531000.0,0.574,75531000.0,68892000.0,29266000.0,0.7,0.69,0.7,1015105000.0,,1015105000.0,3149188421.0,24.0,15.184,166570000.0,2.935,1.0,38696000.0,0.294,621487000.0,39626000.0,2115143000.0,,469641000.0,184729000.0,42478000.0,142251000.0,1484482000.0,587549000.0,896933000.0,2457645421.0,38473000.0,-94100000.0,797000.0,94376000.0,-15822000.0,79351000.0,-20441000.0,18262000.0,111173000.0,-2415000.0,39793000.0,39793000.0,39793000.0,-22228000.0,0.0,0.302,15746000.0,22950000.0,262483000.0,0.4,2.421,30.277,30.28,631022000.0,0.0,43.3,1.389,1.387,404784000.0,710474000.0,131567000.0,131567000.0,-8280000.0,,,,,0.0,47576000.0,1.0,56757978.0,56758000,56942000.0,2.318,1878100000.0,61829000.0,-10527000.0,67856000.0,33.09,470853000.0
54,TNB,MRQ,1998-09-30,1998-10-04,1998-10-04,2018-10-21,-13451000.0,2278448000.0,,954388000.0,1324060000.0,,17.414,-29234000.0,25530000.0,25530000.0,410186000.0,-37468000.0,1.835,1.306,717073000.0,57300000.0,659773000.0,717073000.0,0.0,23150000.0,0.0,0.03,0.28,-52695000.0,-29545000.0,-0.055,-29545000.0,-52695000.0,-52695000.0,-0.66,-0.66,-0.66,987951000.0,,987951000.0,2827523981.0,,,21776000.0,0.384,1.0,129611000.0,0.24,558560000.0,0.0,1891190000.0,,419647000.0,200531000.0,60830000.0,139701000.0,1290497000.0,520241000.0,770256000.0,2116182981.0,4383000.0,-6554000.0,57000.0,-15682000.0,-40000.0,-15665000.0,-30348000.0,5440000.0,51010000.0,-614000.0,-37468000.0,-37468000.0,-37468000.0,0.0,0.0,-0.069,177959000.0,-48348000.0,221574000.0,-0.424,2.142,,,583101000.0,0.0,37.302,,,364627000.0,680247000.0,539797000.0,539797000.0,11810000.0,,,,,0.0,99939000.0,1.0,56730919.0,56732000,56732000.0,9.515,1719888000.0,70528000.0,-15227000.0,68717000.0,30.316,434147000.0
55,TNB,MRQ,1998-06-30,1998-07-05,1998-07-05,2018-10-21,-9864000.0,2282235000.0,,947364000.0,1334871000.0,,18.406,-27737000.0,21147000.0,21147000.0,384842000.0,41543000.0,2.189,1.187,732488000.0,40204000.0,692284000.0,732488000.0,0.0,21892000.0,0.0,0.023,0.28,58885000.0,80777000.0,0.146,80777000.0,58885000.0,58885000.0,0.73,0.73,0.73,1043760000.0,,1043760000.0,3298980848.0,,,-39568000.0,-0.698,1.0,168328000.0,0.304,558556000.0,0.0,2002269000.0,,436324000.0,198788000.0,66268000.0,132520000.0,1238475000.0,432751000.0,805724000.0,2740857848.0,-39107000.0,-67597000.0,1016000.0,99562000.0,-18072000.0,82506000.0,-109691000.0,-14357000.0,-11831000.0,-91000.0,41543000.0,41543000.0,41543000.0,0.0,0.0,0.075,98963000.0,69365000.0,222872000.0,0.384,2.626,,,601389000.0,0.0,49.611,,,375917000.0,733601000.0,553170000.0,553170000.0,12508000.0,,,,,0.0,82340000.0,1.0,55246778.0,56709000,57191000.0,9.755,1723679000.0,35419000.0,17342000.0,60845000.0,30.395,514613000.0
56,TNB,MRQ,1998-03-31,1998-04-05,1998-04-05,2018-10-21,-4573000.0,2076136000.0,,823155000.0,1252981000.0,,17.706,-34584000.0,59909000.0,59909000.0,383412000.0,37303000.0,2.23,1.074,618032000.0,32452000.0,585580000.0,618032000.0,0.0,26893000.0,0.0,0.018,0.28,53752000.0,80645000.0,0.148,80645000.0,53752000.0,53752000.0,0.66,0.65,0.66,1001063000.0,,1001063000.0,3913644891.0,,,-45251000.0,-0.8,1.0,161096000.0,0.296,501146000.0,0.0,1763974000.0,,400441000.0,183732000.0,51692000.0,132040000.0,1075073000.0,369139000.0,705934000.0,3423450891.0,15029000.0,-1098000.0,4605000.0,88126000.0,-31854000.0,60877000.0,-34992000.0,690000.0,-10667000.0,-189000.0,37303000.0,37303000.0,37303000.0,0.0,0.0,0.069,103015000.0,58081000.0,170844000.0,0.424,3.42,,,581510000.0,0.0,62.108,,,260369000.0,688024000.0,544508000.0,544508000.0,13303000.0,,,,,0.0,85330000.0,1.0,55121199.0,56539000,57008000.0,9.631,1574990000.0,38524000.0,16449000.0,63823000.0,27.857,454016000.0
57,TNB,MRQ,1997-12-31,1997-12-28,1997-12-28,2018-10-21,-2198000.0,2094288000.0,,846472000.0,1247816000.0,,18.263,,45225000.0,45225000.0,,,1.789,1.096,545716000.0,42639000.0,503077000.0,545716000.0,0.0,,0.0,0.024,0.28,,,,,,,,,,999304000.0,,999304000.0,,,,,,1.0,,,506225000.0,,1615320000.0,,402601000.0,180088000.0,52382000.0,127706000.0,1094984000.0,473234000.0,621750000.0,2531425079.0,,,,,,,,,,,,,,,,,,,226542000.0,,2.533,16.346,16.228,574052000.0,,45.925,1.197,1.188,293722000.0,689280000.0,,,,,,,,,,1.0,55121199.0,54717000,,,1588063000.0,43452000.0,,72145000.0,29.023,373238000.0
58,TNB,MRQ,1997-09-30,1997-09-28,1997-09-28,2018-10-21,,,,,,,,-31207000.0,,,384844000.0,42232000.0,,,,,,,,24736000.0,,0.021,0.28,59602000.0,84338000.0,0.152,84338000.0,59602000.0,59602000.0,0.75,0.74,0.75,,,,,,,-11819000.0,-0.21,1.0,169112000.0,0.305,,0.0,,,,,,,,,,,-67631000.0,0.0,1824000.0,-4780000.0,-15896000.0,-18852000.0,-68423000.0,-37216000.0,19388000.0,256000.0,42232000.0,42232000.0,42232000.0,0.0,0.0,0.076,101062000.0,68050000.0,,0.373,,,,,0.0,54.297,,,,,553956000.0,553956000.0,12848000.0,,,,,0.0,83929000.0,1.0,,56413000,56883000.0,9.82,,,17370000.0,,,
59,TNB,MRQ,1997-06-30,1997-06-29,1997-06-29,2018-10-21,,,,,,,,-24867000.0,,,404133000.0,40199000.0,,,,,,,,23265000.0,,0.021,0.28,59118000.0,82383000.0,0.142,82383000.0,59118000.0,59118000.0,0.72,0.71,0.72,,,,,,,20514000.0,0.365,1.0,177020000.0,0.305,,0.0,,,,,,,,,,,45891000.0,-1829000.0,8392000.0,40044000.0,-20043000.0,28393000.0,-26911000.0,372000.0,45381000.0,-972000.0,40199000.0,40199000.0,40199000.0,0.0,0.0,0.069,108568000.0,68452000.0,,0.389,,,,,0.0,53.61,,,,,581153000.0,581153000.0,14588000.0,,,,,0.0,89775000.0,1.0,,56159000,56516000.0,10.348,,,18919000.0,,,
60,TNB,MRQ,1997-03-31,1997-03-30,1997-03-30,2018-10-21,,,,,,,,-25046000.0,,,356898000.0,30334000.0,,,,,,,,24243000.0,,0.025,0.28,45063000.0,69306000.0,0.134,69306000.0,45063000.0,45063000.0,0.56,0.56,0.56,,,,,,,-36745000.0,-0.677,1.0,159021000.0,0.308,,0.0,,,,,,,,,,,-29356000.0,-17497000.0,9610000.0,24895000.0,-11328000.0,23177000.0,-38333000.0,3623000.0,-11699000.0,-2501000.0,30334000.0,30334000.0,30334000.0,0.0,0.0,0.059,105457000.0,53564000.0,,0.5,,,,,0.0,44.613,,,,,515919000.0,515919000.0,12434000.0,,,,,0.0,88607000.0,1.0,,54279000,54583000.0,9.505,,,14729000.0,,,
61,TNB,MRQ,1996-12-31,1996-12-28,1996-12-28,2018-10-21,15084000.0,2131237000.0,,957051000.0,1174186000.0,,15.928,,126355000.0,126355000.0,,,1.946,1.454,710151000.0,65055000.0,645096000.0,710151000.0,0.0,,0.0,0.025,0.28,,,,,,,,,,868382000.0,,868382000.0,,,,,,1.0,,,519276000.0,,1703857000.0,,363306000.0,112308000.0,35940000.0,76368000.0,1262855000.0,491900000.0,770955000.0,,,,,,,,,,,,,,,,,,,,190184000.0,,,,32.861,539944000.0,,44.363,,1.133,361511000.0,569869000.0,,,,,,,,,,1.0,,54520000,,,1611961000.0,62121000.0,,60555000.0,29.566,465151000.0
0,TNB,MRT,2012-03-31,2012-03-31,2012-03-31,2018-10-21,-126263000.0,2937410000.0,2822049750.0,1264203000.0,1673207000.0,0.844,33.298,-42007000.0,598253000.0,598253000.0,1626674000.0,209702000.0,3.762,0.698,574693000.0,528000.0,574165000.0,574693000.0,0.0,83529000.0,0.0,0.0,0.0,315774000.0,399303000.0,0.168,399303000.0,315774000.0,285342000.0,4.05,3.97,4.05,1730144000.0,1641341500.0,1730144000.0,3776297503.0,12.0,9.457,190107000.0,3.659,1.0,754810000.0,0.317,1299042000.0,30432000.0,1278776000.0,1232734750.0,266828000.0,0.0,0.0,0.0,1207266000.0,336032000.0,871234000.0,3753798503.0,163970000.0,-29184000.0,-1802000.0,-2723000.0,0.0,8990000.0,-70776000.0,0.0,232114000.0,-6358000.0,209702000.0,209702000.0,209702000.0,0.0,0.0,0.088,440189000.0,314621000.0,204677000.0,0.0,2.17,17.901,17.756,299880000.0,0.0,71.91,1.576,1.569,326730000.0,1766073000.0,2381484000.0,2381484000.0,0.0,0.074,0.128,0.256,0.133,2384000.0,440189000.0,1.0,52201342.0,51960000,53226000.0,45.833,1638368000.0,44073000.0,75640000.0,50267000.0,31.531,928171000.0
1,TNB,MRT,2011-12-31,2011-12-31,2011-12-31,2018-10-21,-151926000.0,2823721000.0,2764435500.0,1143933000.0,1679788000.0,0.831,31.01,-43638000.0,552256000.0,552256000.0,1579011000.0,190153000.0,3.298,0.762,574755000.0,339000.0,574416000.0,574755000.0,0.0,84346000.0,0.0,0.0,0.0,290536000.0,374882000.0,0.163,374882000.0,290536000.0,258524000.0,3.68,3.6,3.68,1602287000.0,1598576500.0,1602287000.0,2951297738.0,10.0,7.873,150670000.0,2.916,1.0,718520000.0,0.313,1298851000.0,32012000.0,1200482000.0,1213473250.0,236409000.0,0.0,0.0,0.0,1221434000.0,346887000.0,874547000.0,2841922738.0,97058000.0,-29184000.0,-19024000.0,-2668000.0,0.0,-15255000.0,-72570000.0,0.0,194308000.0,-9425000.0,190153000.0,190153000.0,190153000.0,0.0,0.0,0.083,428726000.0,289794000.0,213052000.0,0.0,1.774,14.945,14.837,299218000.0,0.0,54.6,1.237,1.228,284855000.0,1710998000.0,2297531000.0,2297531000.0,0.0,0.069,0.119,0.239,0.126,9988000.0,428726000.0,1.0,52049867.0,51670000,52783000.0,44.465,1524870000.0,41915000.0,68371000.0,53022000.0,29.512,797046000.0
2,TNB,MRT,2011-09-30,2011-09-30,2011-09-30,2018-10-21,-87033000.0,2759116000.0,2716603500.0,1100713000.0,1658403000.0,0.82,31.226,-41709000.0,465449000.0,465449000.0,1542902000.0,173299000.0,3.296,0.702,574824000.0,335000.0,574489000.0,574824000.0,0.0,84415000.0,0.0,0.0,0.0,266126000.0,350541000.0,0.157,350541000.0,266126000.0,233117000.0,3.36,3.28,3.36,1620646000.0,1564700250.0,1620646000.0,2210386003.0,8.0,6.306,160467000.0,3.092,1.0,683525000.0,0.307,1311002000.0,33009000.0,1223553000.0,1188230000.0,276158000.0,0.0,0.0,0.0,1138470000.0,333936000.0,804534000.0,2096817003.0,30228000.0,-27777000.0,-6310000.0,-102224000.0,0.0,-104146000.0,-64896000.0,0.0,202176000.0,-2906000.0,173299000.0,173299000.0,173299000.0,-3350000.0,0.0,0.078,420045000.0,263480000.0,181411000.0,0.0,1.294,12.099,11.878,298149000.0,0.0,39.91,0.942,0.93,303962000.0,1654161000.0,2226427000.0,2226427000.0,0.0,0.064,0.111,0.224,0.12,10984000.0,420045000.0,1.0,52538637.0,51900000,52990000.0,42.898,1448114000.0,31669000.0,59818000.0,58119000.0,27.902,766777000.0
3,TNB,MRT,2011-06-30,2011-06-30,2011-06-30,2018-10-21,-58795000.0,2767952000.0,2681318000.0,1097508000.0,1670444000.0,0.798,31.035,-42728000.0,460822000.0,460822000.0,1482071000.0,163070000.0,3.171,0.717,574391000.0,331000.0,574060000.0,574391000.0,0.0,83435000.0,0.0,0.0,0.0,252831000.0,336266000.0,0.157,336266000.0,252831000.0,219256000.0,3.16,3.09,3.16,1612289000.0,1517260250.0,1612289000.0,2962957589.0,12.0,8.811,152175000.0,2.929,1.0,658163000.0,0.308,1307231000.0,33575000.0,1228128000.0,1194471750.0,278364000.0,0.0,0.0,0.0,1155663000.0,346162000.0,809501000.0,2823196589.0,74836000.0,2008000.0,-5135000.0,-100294000.0,0.0,-101333000.0,-38290000.0,0.0,194903000.0,19556000.0,163070000.0,163070000.0,163070000.0,-4860000.0,0.0,0.076,407126000.0,251037000.0,197187000.0,0.0,1.751,17.313,17.041,307489000.0,0.0,53.85,1.319,1.307,306964000.0,1599828000.0,2140234000.0,2140234000.0,0.0,0.061,0.107,0.212,0.118,11075000.0,407126000.0,1.0,52427049.0,51950000,53289000.0,41.198,1460721000.0,33496000.0,56186000.0,51362000.0,28.118,751346000.0
4,TNB,MRT,2011-03-31,2011-03-31,2011-03-31,2018-10-21,-59977000.0,2706953000.0,2625412500.0,1021075000.0,1685878000.0,0.79,30.246,-39974000.0,434642000.0,434642000.0,1427837000.0,153214000.0,3.102,0.736,574403000.0,326000.0,574077000.0,574403000.0,0.0,83208000.0,0.0,0.0,0.0,238997000.0,322205000.0,0.155,322205000.0,238997000.0,204479000.0,2.97,2.9,2.97,1559084000.0,1455857250.0,1559084000.0,3224861107.0,13.0,10.009,184881000.0,3.587,1.0,646035000.0,0.312,1315768000.0,34518000.0,1201730000.0,1197129250.0,258514000.0,0.0,0.0,0.0,1147869000.0,329216000.0,818653000.0,3106005107.0,-32241000.0,-76108000.0,-31563000.0,-135787000.0,0.0,-163752000.0,-113525000.0,0.0,224855000.0,20181000.0,153214000.0,153214000.0,153214000.0,-6267000.0,0.0,0.074,411891000.0,234144000.0,185917000.0,0.0,1.992,20.272,20.024,309481000.0,0.0,59.47,1.498,1.478,276562000.0,1556371000.0,2073872000.0,2073872000.0,0.0,0.058,0.105,0.2,0.115,11386000.0,411891000.0,1.0,52228100.0,51546000,52917000.0,40.233,1391185000.0,32634000.0,51265000.0,56871000.0,26.989,691859000.0
5,TNB,MRT,2010-12-31,2010-12-31,2010-12-31,2018-10-21,-93542000.0,2632393000.0,2572682750.0,957095000.0,1675298000.0,0.779,28.362,-33178000.0,455198000.0,455198000.0,1387334000.0,145640000.0,2.785,0.795,574412000.0,322000.0,574090000.0,574412000.0,0.0,81060000.0,0.0,0.0,0.0,228368000.0,309428000.0,0.154,309428000.0,228368000.0,193244000.0,2.82,2.76,2.82,1466782000.0,1408771500.0,1466782000.0,2704602021.0,12.0,8.741,242534000.0,4.69,1.0,617032000.0,0.308,1308433000.0,35124000.0,1099509000.0,1203214250.0,220250000.0,0.0,0.0,0.0,1165611000.0,343665000.0,821946000.0,2502921021.0,-23415000.0,-97503000.0,-46755000.0,-135781000.0,0.0,-179666000.0,-128121000.0,0.0,275712000.0,8660000.0,145640000.0,145640000.0,145640000.0,-7904000.0,0.0,0.073,396269000.0,220763000.0,190839000.0,0.0,1.706,17.186,17.128,305796000.0,0.0,48.3,1.249,1.246,230203000.0,1520845000.0,2004366000.0,2004366000.0,0.0,0.057,0.103,0.19,0.114,12005000.0,396269000.0,1.0,51820311.0,51717000,52777000.0,38.756,1323960000.0,32745000.0,47604000.0,67668000.0,25.6,613430000.0
6,TNB,MRT,2010-09-30,2010-09-30,2010-09-30,2018-10-21,-89982000.0,2617974000.0,2527936250.0,1004629000.0,1613345000.0,0.751,27.729,-30160000.0,438140000.0,438140000.0,1303819000.0,132726000.0,2.992,0.83,639821000.0,718000.0,639103000.0,639821000.0,0.0,78720000.0,0.0,0.0,0.0,215159000.0,293879000.0,0.155,293879000.0,215159000.0,179678000.0,2.57,2.51,2.57,1430886000.0,1377378250.0,1430886000.0,2394016487.0,11.0,8.146,207195000.0,4.015,1.0,594825000.0,0.313,1235371000.0,35481000.0,1248520000.0,1226299000.0,243201000.0,0.0,0.0,0.0,1187088000.0,335764000.0,851324000.0,2144001487.0,77792000.0,-98910000.0,-35168000.0,-11206000.0,0.0,-48226000.0,-129974000.0,0.0,237355000.0,18637000.0,132726000.0,132726000.0,132726000.0,-11529000.0,0.0,0.07,385091000.0,209734000.0,171702000.0,0.0,1.498,16.154,15.961,313176000.0,0.0,41.02,1.129,1.115,271678000.0,1480862000.0,1898644000.0,1898644000.0,0.0,0.053,0.096,0.175,0.113,14929000.0,379297000.0,1.0,52267223.0,51602000,52641000.0,36.794,1382603000.0,32975000.0,46952000.0,50792000.0,26.794,668865000.0
7,TNB,MRT,2010-06-30,2010-06-30,2010-06-30,2018-10-21,-127213000.0,2544330000.0,2480908250.0,940834000.0,1603496000.0,0.752,26.3,-32746000.0,388545000.0,388545000.0,1289208000.0,120733000.0,2.869,0.862,638560000.0,400000.0,638160000.0,638560000.0,0.0,76698000.0,0.0,0.0,0.0,199489000.0,276187000.0,0.148,276187000.0,199489000.0,164572000.0,2.34,2.28,2.34,1366677000.0,1338875250.0,1366677000.0,2001078204.0,10.0,7.245,234139000.0,4.506,1.0,576278000.0,0.309,1227642000.0,34917000.0,1238758000.0,1229118500.0,234346000.0,0.0,0.0,0.0,1177653000.0,327945000.0,849708000.0,1831983204.0,100497000.0,-99511000.0,-29251000.0,-25830000.0,0.0,-57048000.0,-133156000.0,0.0,266885000.0,23816000.0,120733000.0,120733000.0,120733000.0,-10019000.0,0.0,0.065,379578000.0,196700000.0,174428000.0,0.0,1.34,15.174,14.829,310340000.0,0.0,34.7,0.982,0.967,265069000.0,1436758000.0,1865486000.0,1865486000.0,0.0,0.049,0.09,0.162,0.107,15409000.0,373784000.0,1.0,52794905.0,51965000,53041000.0,35.899,1316688000.0,34014000.0,43839000.0,43113000.0,25.338,612889000.0
8,TNB,MRT,2010-03-31,2010-03-31,2010-03-31,2018-10-21,-107931000.0,2496034000.0,2436211000.0,988524000.0,1507510000.0,0.75,26.326,-34051000.0,469442000.0,469442000.0,1276076000.0,109793000.0,3.451,0.821,638537000.0,449000.0,638088000.0,638537000.0,0.0,75207000.0,0.0,0.0,0.0,184033000.0,259240000.0,0.142,259240000.0,184033000.0,149640000.0,2.12,2.08,2.12,1370741000.0,1302823500.0,1370741000.0,2221750584.0,12.0,8.57,211338000.0,4.059,1.0,550426000.0,0.301,1152573000.0,34393000.0,1226070000.0,1244755750.0,222905000.0,0.0,0.0,0.0,1125293000.0,286486000.0,838807000.0,2064745584.0,213010000.0,-21395000.0,-7522000.0,-5325000.0,0.0,-15024000.0,-53598000.0,0.0,245389000.0,36243000.0,109793000.0,109793000.0,109793000.0,-8612000.0,0.0,0.06,368685000.0,181741000.0,157390000.0,0.0,1.506,18.806,18.509,291069000.0,0.0,39.24,1.13,1.119,243184000.0,1403157000.0,1826502000.0,1826502000.0,0.0,0.045,0.084,0.148,0.101,16295000.0,362891000.0,1.0,52618389.0,52067000,53005000.0,35.08,1343461000.0,35051000.0,39847000.0,16195000.0,25.803,702038000.0
9,TNB,MRT,2009-12-31,2009-12-31,2009-12-31,2018-10-21,-103010000.0,2453407000.0,2395154250.0,943983000.0,1509424000.0,0.765,25.672,-40157000.0,481531000.0,481531000.0,1279474000.0,107910000.0,3.463,0.829,638536000.0,522000.0,638014000.0,638536000.0,0.0,75106000.0,0.0,0.0,0.0,182848000.0,257954000.0,0.141,257954000.0,182848000.0,147365000.0,2.07,2.04,2.07,1341209000.0,1249156500.0,1341209000.0,2122146268.0,12.0,8.227,197705000.0,3.784,1.0,553234000.0,0.302,1145983000.0,35483000.0,1191848000.0,1263854250.0,209268000.0,0.0,0.0,0.0,1112198000.0,272581000.0,839617000.0,1874273268.0,186119000.0,0.0,-21933000.0,-28402000.0,0.0,-53110000.0,-35091000.0,0.0,237862000.0,36458000.0,107910000.0,107910000.0,107910000.0,-6975000.0,0.0,0.059,372816000.0,180418000.0,149556000.0,0.0,1.397,17.369,17.29,296820000.0,0.0,35.79,1.023,1.02,197640000.0,1375205000.0,1832708000.0,1832708000.0,0.0,0.045,0.086,0.145,0.1,16068000.0,367022000.0,1.0,52368630.0,52244000,52958000.0,35.08,1307424000.0,31062000.0,39455000.0,17572000.0,25.025,671402000.0
10,TNB,MRT,2009-09-30,2009-09-30,2009-09-30,2018-10-21,-129605000.0,2429862000.0,2384453000.0,888576000.0,1541286000.0,0.795,24.472,-41747000.0,360346000.0,360346000.0,1316990000.0,97921000.0,3.363,0.903,608219000.0,593000.0,607626000.0,608219000.0,0.0,75087000.0,0.0,0.0,0.0,165358000.0,240445000.0,0.127,240445000.0,165358000.0,129070000.0,1.91,1.88,1.91,1276874000.0,1200018500.0,1276874000.0,1924869976.0,12.0,8.005,275101000.0,5.272,1.0,578509000.0,0.305,1153709000.0,36288000.0,1259798000.0,1250891750.0,231134000.0,5292000.0,126000.0,5166000.0,1152988000.0,264228000.0,888760000.0,1589812976.0,154519000.0,13759000.0,-85345000.0,-56933000.0,0.0,-142257000.0,-21726000.0,0.0,316848000.0,1654000.0,97921000.0,97921000.0,97921000.0,-833000.0,0.0,0.052,410312000.0,168197000.0,138882000.0,0.0,1.245,16.236,15.749,298595000.0,0.0,30.08,0.839,0.828,243424000.0,1348136000.0,1895499000.0,1895499000.0,0.0,0.041,0.082,0.132,0.087,16197000.0,377612000.0,1.0,52852825.0,52178000,52858000.0,36.328,1276153000.0,38159000.0,31149000.0,24966000.0,24.458,624348000.0
11,TNB,MRT,2009-06-30,2009-06-30,2009-06-30,2018-10-21,-162890000.0,2365541000.0,2425686250.0,826082000.0,1539459000.0,0.856,23.382,-41763000.0,288047000.0,288047000.0,1436911000.0,127969000.0,3.356,0.935,623104000.0,663000.0,622441000.0,623104000.0,0.0,75236000.0,0.0,0.0,0.0,211715000.0,286951000.0,0.138,286951000.0,211715000.0,174550000.0,2.39,2.36,2.39,1222470000.0,1223424750.0,1222470000.0,1903116591.0,9.0,6.632,180048000.0,3.444,1.0,639192000.0,0.308,1153171000.0,37165000.0,1301307000.0,1251511250.0,245853000.0,5171000.0,116000.0,5055000.0,1143071000.0,246120000.0,896951000.0,1524258591.0,-2955000.0,65378000.0,-171515000.0,-45529000.0,0.0,-217003000.0,9979000.0,-20000000.0,221811000.0,-17742000.0,127969000.0,127969000.0,127969000.0,164000.0,0.0,0.062,425273000.0,213919000.0,130449000.0,0.0,1.247,11.911,12.075,296583000.0,0.0,28.86,0.734,0.727,236627000.0,1316025000.0,2076103000.0,2076103000.0,0.0,0.053,0.105,0.169,0.102,15888000.0,392573000.0,1.0,52815613.0,52283000,53019000.0,39.709,1212370000.0,38779000.0,46581000.0,17400000.0,23.189,579962000.0
12,TNB,MRT,2009-03-31,2009-03-31,2009-03-31,2018-10-21,-202785000.0,2331807000.0,2521313000.0,800231000.0,1531576000.0,0.895,21.992,-42618000.0,259129000.0,259129000.0,1549200000.0,253148000.0,3.059,1.017,637987000.0,682000.0,637305000.0,637987000.0,0.0,77189000.0,0.0,0.0,0.0,439265000.0,516454000.0,0.229,516454000.0,439265000.0,398710000.0,4.52,4.47,4.52,1156073000.0,1275357500.0,1156073000.0,1694206804.0,4.0,3.28,209673000.0,3.989,1.0,707224000.0,0.313,1146607000.0,40555000.0,1302464000.0,1233096250.0,267666000.0,5060000.0,103000.0,4957000.0,1175734000.0,261594000.0,914140000.0,1333727804.0,143334000.0,65390000.0,-171130000.0,-223215000.0,0.0,-394223000.0,314605000.0,280000000.0,252291000.0,-29339000.0,253148000.0,253148000.0,253148000.0,364000.0,0.0,0.112,432724000.0,274500000.0,140577000.0,0.0,1.154,5.269,5.535,295739000.0,0.0,25.02,0.591,0.583,215995000.0,1293364000.0,2256424000.0,2256424000.0,0.0,0.1,0.198,0.356,0.195,15589000.0,400024000.0,1.0,53306467.0,52569000,52952000.0,42.923,1185200000.0,40346000.0,145562000.0,15485000.0,22.546,538637000.0
13,TNB,MRT,2008-12-31,2008-12-31,2008-12-31,2018-10-21,-196983000.0,2410602000.0,2609512250.0,866793000.0,1543809000.0,0.917,20.236,-39336000.0,300465000.0,300465000.0,1636016000.0,265331000.0,1.821,1.106,660944000.0,148751000.0,512193000.0,660944000.0,0.0,80441000.0,0.0,0.0,0.0,461352000.0,541793000.0,0.226,541793000.0,461352000.0,417926000.0,4.69,4.64,4.69,1144657000.0,1303376500.0,1144657000.0,1796017717.0,4.0,3.315,218525000.0,3.863,1.0,756077000.0,0.316,1155082000.0,43426000.0,1139998000.0,1284906500.0,278098000.0,5050000.0,0.0,5050000.0,1265945000.0,476001000.0,789944000.0,1342867717.0,142568000.0,-25193000.0,-159578000.0,-153718000.0,0.0,-312685000.0,224272000.0,280000000.0,257861000.0,-26880000.0,265331000.0,265331000.0,265331000.0,273000.0,0.0,0.111,456399000.0,299678000.0,180750000.0,0.0,1.173,5.061,5.122,299077000.0,0.0,24.02,0.561,0.568,229160000.0,1267295000.0,2392093000.0,2392093000.0,0.0,0.102,0.204,0.359,0.193,18812000.0,423699000.0,1.0,55906233.0,56566000,57159000.0,42.289,1255520000.0,43073000.0,152595000.0,17828000.0,22.196,390792000.0
14,TNB,MRT,2008-09-30,2008-09-30,2008-09-30,2018-10-21,-7288000.0,2594795000.0,2648808250.0,978977000.0,1615818000.0,0.946,24.18,-43802000.0,211459000.0,211459000.0,1719236000.0,296523000.0,1.786,0.893,664609000.0,152130000.0,512479000.0,664609000.0,0.0,79203000.0,0.0,0.0,0.0,515604000.0,594807000.0,0.237,594807000.0,515604000.0,471384000.0,5.15,5.11,5.15,1370499000.0,1324445750.0,1370499000.0,2617710103.0,5.0,4.401,139607000.0,2.463,1.0,785658000.0,0.314,1237614000.0,44220000.0,1262276000.0,1392523250.0,320186000.0,5048000.0,0.0,5048000.0,1224296000.0,548055000.0,676241000.0,2249789103.0,98231000.0,-487009000.0,-96301000.0,269177000.0,0.0,174573000.0,-259144000.0,280000000.0,183409000.0,-607000.0,296523000.0,296523000.0,296523000.0,1566000.0,0.0,0.118,434925000.0,350733000.0,197805000.0,0.0,1.642,7.587,7.586,311754000.0,0.0,39.07,0.898,0.884,345606000.0,1250248000.0,2504894000.0,2504894000.0,0.0,0.112,0.224,0.37,0.206,12373000.0,434925000.0,1.0,57583545.0,56678000,57142000.0,44.195,1357181000.0,45601000.0,174861000.0,90236000.0,23.945,430922000.0
15,TNB,MRT,2008-06-30,2008-06-30,2008-06-30,2018-10-21,17136000.0,2748048000.0,2499270000.0,1118223000.0,1629825000.0,0.957,24.736,-41402000.0,296585000.0,296585000.0,1643814000.0,285615000.0,1.743,0.921,664506000.0,152142000.0,512364000.0,664506000.0,0.0,75848000.0,0.0,0.0,0.0,495751000.0,571599000.0,0.239,571599000.0,495751000.0,455127000.0,4.94,4.9,4.94,1430201000.0,1271831000.0,1430201000.0,2931518806.0,6.0,5.129,213648000.0,3.695,1.0,748105000.0,0.313,1246676000.0,40624000.0,1227647000.0,1337401250.0,324839000.0,5360000.0,0.0,5360000.0,1317847000.0,641646000.0,676201000.0,2200515806.0,-50067000.0,-843483000.0,6908000.0,272774000.0,0.0,282395000.0,-593279000.0,300000000.0,255050000.0,5767000.0,285615000.0,285615000.0,285615000.0,569000.0,0.0,0.119,416766000.0,331339000.0,206508000.0,0.0,1.539,7.704,7.662,312680000.0,0.0,37.85,0.92,0.915,339652000.0,1188089000.0,2391919000.0,2391919000.0,0.0,0.114,0.225,0.371,0.207,11327000.0,416766000.0,1.0,58137802.0,57819000,58246000.0,41.369,1501372000.0,39827000.0,169512000.0,136797000.0,25.967,476577000.0
16,TNB,MRT,2008-03-31,2008-03-31,2008-03-31,2018-10-21,6514000.0,2684604000.0,2277497500.0,930627000.0,1753977000.0,0.991,21.956,-42087000.0,126749000.0,126749000.0,1554903000.0,184328000.0,1.43,1.117,857752000.0,267629000.0,590123000.0,857752000.0,0.0,67462000.0,0.0,0.0,0.0,298366000.0,365828000.0,0.162,365828000.0,298366000.0,266064000.0,3.19,3.16,3.19,1268149000.0,1183788500.0,1268149000.0,2758188941.0,9.0,7.54,197794000.0,3.424,1.0,702937000.0,0.311,1255020000.0,32302000.0,1509705000.0,1286056250.0,321314000.0,115881000.0,211000.0,115670000.0,1416455000.0,650882000.0,765573000.0,2113592941.0,-199686000.0,-843495000.0,-18936000.0,465469000.0,0.0,453211000.0,-902066000.0,0.0,239881000.0,9288000.0,184328000.0,184328000.0,184328000.0,369000.0,0.0,0.082,400809000.0,302128000.0,193580000.0,0.0,1.667,11.466,11.401,316870000.0,0.0,36.37,0.936,0.93,318838000.0,1040249000.0,2257840000.0,2257840000.0,0.0,0.081,0.156,0.232,0.132,7118000.0,400809000.0,1.0,58113636.0,57759000,58192000.0,39.091,1429584000.0,47910000.0,81736000.0,48406000.0,24.751,279745000.0
17,TNB,MRT,2007-12-31,2007-12-31,2007-12-31,2018-10-21,13477000.0,2567786000.0,2054766750.0,905915000.0,1661871000.0,1.04,21.216,-40340000.0,166609000.0,166609000.0,1475347000.0,183216000.0,1.932,1.089,811205000.0,116157000.0,695048000.0,811205000.0,0.0,57766000.0,0.0,0.0,0.0,286952000.0,344718000.0,0.161,344718000.0,286952000.0,263431000.0,3.16,3.12,3.16,1228934000.0,1123482250.0,1228934000.0,3125157781.0,11.0,9.066,221020000.0,3.816,1.0,661541000.0,0.31,1172944000.0,23521000.0,1570465000.0,1191025500.0,271989000.0,115521000.0,221000.0,115300000.0,1338852000.0,468973000.0,869879000.0,2841623781.0,-221042000.0,-752912000.0,-108340000.0,418984000.0,0.0,317836000.0,-809778000.0,0.0,261360000.0,9540000.0,183216000.0,183216000.0,183216000.0,460000.0,0.0,0.086,371853000.0,289688000.0,180333000.0,0.0,2.312,15.51,15.519,305959000.0,0.0,49.04,1.33,1.329,280948000.0,1001997000.0,2136888000.0,2136888000.0,0.0,0.089,0.163,0.241,0.134,5285000.0,371853000.0,1.0,57945020.0,57926000,58720000.0,36.89,1394842000.0,64231000.0,80215000.0,59619000.0,24.08,436942000.0
18,TNB,MRT,2007-09-30,2007-09-30,2007-09-30,2018-10-21,-1495000.0,1996642000.0,1870376000.0,732947000.0,1263695000.0,1.08,20.159,-39758000.0,104679000.0,104679000.0,1404527000.0,185824000.0,1.645,0.721,388213000.0,115692000.0,272521000.0,388213000.0,0.0,52608000.0,0.0,0.0,0.0,270312000.0,322920000.0,0.16,322920000.0,270312000.0,254013000.0,3.18,3.15,3.18,1160040000.0,1083338500.0,1160040000.0,3440540252.0,13.0,10.654,237410000.0,4.126,1.0,615574000.0,0.305,792810000.0,16299000.0,1041788000.0,1071238750.0,268509000.0,115420000.0,242000.0,115178000.0,836602000.0,445578000.0,391024000.0,3390796252.0,-191074000.0,-305600000.0,-135906000.0,-849000.0,0.0,-128418000.0,-344946000.0,59000.0,277168000.0,5122000.0,185824000.0,185824000.0,185824000.0,0.0,0.0,0.092,343117000.0,272457000.0,192523000.0,0.0,2.923,18.247,18.44,278598000.0,0.0,58.64,1.679,1.67,295324000.0,953725000.0,2020101000.0,2020101000.0,0.0,0.099,0.172,0.252,0.134,7556000.0,343117000.0,1.0,57823947.0,57544000,58309000.0,35.105,1203832000.0,95774000.0,68189000.0,21919000.0,20.92,287369000.0
19,TNB,MRT,2007-06-30,2007-06-30,2007-06-30,2018-10-21,-25232000.0,1860958000.0,1828935250.0,892955000.0,968003000.0,1.061,18.7,-39160000.0,338152000.0,338152000.0,1348939000.0,179035000.0,2.289,0.726,387896000.0,115537000.0,272359000.0,387896000.0,0.0,48884000.0,0.0,0.0,0.0,257020000.0,305904000.0,0.158,305904000.0,257020000.0,242358000.0,3.04,3.01,3.04,1078031000.0,1067874500.0,1078031000.0,3451976926.0,13.0,11.285,243507000.0,4.224,1.0,591859000.0,0.305,498396000.0,14662000.0,1022267000.0,1102886250.0,226247000.0,115417000.0,239000.0,115178000.0,782927000.0,390039000.0,392888000.0,3374117926.0,82714000.0,-34031000.0,-138068000.0,-838000.0,0.0,-131229000.0,-72772000.0,123000.0,282667000.0,4048000.0,179035000.0,179035000.0,179035000.0,0.0,0.0,0.092,335138000.0,256721000.0,163081000.0,0.0,3.13,18.846,19.079,264321000.0,0.0,58.0,1.739,1.723,261946000.0,902474000.0,1940798000.0,1940798000.0,0.0,0.098,0.168,0.233,0.132,8319000.0,335138000.0,1.0,58174447.0,57649000,58459000.0,33.666,1362562000.0,96514000.0,63323000.0,15367000.0,23.635,502916000.0
20,TNB,MRT,2007-03-31,2007-03-31,2007-03-31,2018-10-21,-47202000.0,1793681000.0,1804313750.0,832841000.0,960840000.0,1.054,17.526,-36110000.0,309866000.0,309866000.0,1322515000.0,173470000.0,3.316,0.747,387725000.0,644000.0,387081000.0,387725000.0,0.0,48401000.0,0.0,0.0,0.0,247543000.0,295944000.0,0.156,295944000.0,247543000.0,232619000.0,2.9,2.87,2.9,1026924000.0,1059121750.0,1026924000.0,2900699569.0,12.0,9.802,204081000.0,3.483,1.0,578924000.0,0.304,490769000.0,14924000.0,1129582000.0,1141108000.0,220883000.0,116022000.0,314000.0,115708000.0,766757000.0,251189000.0,515568000.0,2884036569.0,-81858000.0,-34031000.0,-262697000.0,-921000.0,0.0,-254197000.0,-69847000.0,145000.0,240191000.0,1995000.0,173470000.0,173470000.0,173470000.0,0.0,0.0,0.091,332378000.0,246546000.0,152000000.0,0.0,2.808,16.626,16.834,261502000.0,0.0,48.82,1.517,1.504,236627000.0,855921000.0,1901439000.0,1901439000.0,0.0,0.096,0.164,0.217,0.13,5907000.0,332378000.0,1.0,59074899.0,58593000,59393000.0,32.452,1302912000.0,98313000.0,59149000.0,16389000.0,22.237,581652000.0
21,TNB,MRT,2006-12-31,2006-12-31,2006-12-31,2018-10-21,-50848000.0,1830223000.0,1819785750.0,868370000.0,961853000.0,1.027,17.678,-43686000.0,370968000.0,370968000.0,1298347000.0,175130000.0,3.494,0.713,387631000.0,719000.0,386912000.0,387631000.0,0.0,47842000.0,0.0,0.0,0.0,248282000.0,296124000.0,0.158,296124000.0,248282000.0,233442000.0,2.9,2.85,2.9,1068359000.0,1085510750.0,1068359000.0,2924015096.0,12.0,9.874,177482000.0,2.937,1.0,570342000.0,0.305,507039000.0,14840000.0,1091318000.0,1141689250.0,218536000.0,116097000.0,371000.0,115726000.0,761864000.0,248529000.0,513335000.0,2832198096.0,154226000.0,-34031000.0,-143677000.0,-150896000.0,0.0,-283253000.0,214056000.0,291773000.0,221168000.0,2255000.0,175130000.0,175130000.0,175130000.0,0.0,0.0,0.094,323577000.0,246765000.0,144844000.0,0.0,2.651,16.172,16.303,267200000.0,0.0,47.28,1.516,1.529,204270000.0,818781000.0,1868689000.0,1868689000.0,0.0,0.096,0.161,0.217,0.133,599000.0,323577000.0,1.0,59902667.0,60434000,61447000.0,30.921,1323184000.0,103422000.0,58312000.0,16731000.0,21.895,619841000.0
22,TNB,MRT,2006-09-30,2006-09-30,2006-09-30,2018-10-21,12127000.0,1830879000.0,1842329000.0,829895000.0,1000984000.0,0.991,18.434,-40178000.0,295753000.0,295753000.0,1266408000.0,150019000.0,3.256,0.667,387570000.0,636000.0,386934000.0,387570000.0,0.0,45508000.0,0.0,0.0,0.0,245057000.0,290565000.0,0.159,290565000.0,245057000.0,228870000.0,2.48,2.44,2.48,1098184000.0,1081568500.0,1098184000.0,2982372902.0,12.0,10.264,144840000.0,2.431,1.0,559710000.0,0.307,499428000.0,16187000.0,1168378000.0,1212457750.0,238523000.0,115734000.0,430000.0,115304000.0,732695000.0,254890000.0,477805000.0,2852806902.0,106224000.0,-33286000.0,-110988000.0,-152466000.0,0.0,-254367000.0,172188000.0,245652000.0,185018000.0,3385000.0,150019000.0,150019000.0,150019000.0,0.0,0.0,0.082,316480000.0,243230000.0,142032000.0,0.0,2.598,19.016,19.238,266142000.0,0.0,47.71,1.562,1.556,237121000.0,767901000.0,1826118000.0,1826118000.0,0.0,0.081,0.139,0.202,0.134,-580000.0,316480000.0,1.0,59794737.0,59573000,60412000.0,30.653,1331451000.0,54959000.0,78851000.0,8506000.0,22.35,575005000.0
23,TNB,MRT,2006-06-30,2006-06-30,2006-06-30,2018-10-21,5662000.0,1762472000.0,1857456250.0,786388000.0,976084000.0,0.966,17.073,-40067000.0,255438000.0,255438000.0,1247570000.0,140395000.0,3.174,0.69,385004000.0,631000.0,384373000.0,385004000.0,0.0,46089000.0,0.0,0.0,0.0,233677000.0,279766000.0,0.156,279766000.0,233677000.0,215316000.0,2.31,2.27,2.31,1043020000.0,1061287500.0,1043020000.0,3196406637.0,14.0,11.425,129206000.0,2.115,1.0,547218000.0,0.305,469118000.0,18361000.0,1175154000.0,1203293250.0,227890000.0,115790000.0,492000.0,115298000.0,719452000.0,247766000.0,471686000.0,3201914637.0,75005000.0,0.0,-103737000.0,-156519000.0,0.0,-251551000.0,150211000.0,190278000.0,169273000.0,7072000.0,140395000.0,140395000.0,140395000.0,0.0,0.0,0.078,313454000.0,233764000.0,145180000.0,0.0,3.07,22.806,22.208,267472000.0,0.0,51.3,1.784,1.746,243515000.0,723439000.0,1794788000.0,1794788000.0,0.0,0.076,0.132,0.194,0.13,-2587000.0,313454000.0,1.0,62415490.0,61093000,62133000.0,29.378,1293354000.0,63171000.0,74921000.0,7794000.0,21.17,538622000.0
24,TNB,MRT,2006-03-31,2006-03-31,2006-03-31,2018-10-21,-5607000.0,1855569000.0,1873771500.0,879580000.0,975989000.0,0.931,18.435,-41748000.0,391724000.0,391724000.0,1219635000.0,127800000.0,3.456,0.639,386216000.0,716000.0,385500000.0,386216000.0,0.0,47131000.0,0.0,0.0,0.0,217651000.0,264782000.0,0.152,264782000.0,217651000.0,196130000.0,2.11,2.08,2.11,1132480000.0,1041577250.0,1132480000.0,3495558434.0,16.0,13.202,151774000.0,2.471,1.0,525364000.0,0.301,463657000.0,21521000.0,1131907000.0,1197842750.0,218480000.0,116435000.0,521000.0,115914000.0,723089000.0,254497000.0,468592000.0,3174341434.0,217090000.0,-1323000.0,53759000.0,-157130000.0,0.0,-100469000.0,119274000.0,162345000.0,193522000.0,4763000.0,127800000.0,127800000.0,127800000.0,0.0,0.0,0.073,305310000.0,220054000.0,158043000.0,0.0,2.803,24.838,24.351,269048000.0,0.0,51.38,1.819,1.809,209969000.0,682451000.0,1744999000.0,1744999000.0,0.0,0.068,0.123,0.182,0.125,813000.0,305310000.0,1.0,61781655.0,61432000,62540000.0,28.405,1391912000.0,63172000.0,68330000.0,7769000.0,22.658,625083000.0
25,TNB,MRT,2005-12-31,2005-12-31,2005-12-31,2018-10-21,-7057000.0,1920396000.0,1857258500.0,950142000.0,970254000.0,0.913,17.527,-35735000.0,216742000.0,216742000.0,1195256000.0,113408000.0,2.349,0.824,537959000.0,150804000.0,387155000.0,537959000.0,0.0,48404000.0,0.0,0.0,0.0,201074000.0,249478000.0,0.147,249478000.0,201074000.0,175860000.0,1.89,1.86,1.89,1052590000.0,991602000.0,1052590000.0,2660173594.0,13.0,10.663,157362000.0,2.62,1.0,500127000.0,0.295,462810000.0,25214000.0,1374392000.0,1201172750.0,198107000.0,407819000.0,292154000.0,115665000.0,867806000.0,404411000.0,463395000.0,2554155594.0,65553000.0,-16526000.0,34650000.0,-7291000.0,0.0,27359000.0,-157925000.0,-105664000.0,193097000.0,3022000.0,113408000.0,113408000.0,113408000.0,0.0,0.0,0.067,296132000.0,203995000.0,138060000.0,0.0,2.427,22.522,22.201,267026000.0,0.0,41.96,1.507,1.486,185391000.0,643651000.0,1695383000.0,1695383000.0,0.0,0.061,0.114,0.167,0.119,1923000.0,296132000.0,1.0,60871201.0,60054000,61065000.0,28.231,1457586000.0,60354000.0,62452000.0,13875000.0,24.271,545731000.0
26,TNB,MRT,2005-09-30,2005-09-30,2005-09-30,2018-10-21,-6898000.0,1891388000.0,1816097500.0,924332000.0,967056000.0,0.91,16.858,-34670000.0,434929000.0,434929000.0,1172675000.0,111885000.0,2.282,0.86,540947000.0,152737000.0,388210000.0,540947000.0,0.0,48571000.0,0.0,0.0,0.0,182403000.0,230974000.0,0.14,230974000.0,182403000.0,154731000.0,1.87,1.84,1.87,1017060000.0,953884250.0,1017060000.0,2259507309.0,12.0,9.783,86689000.0,1.437,1.0,479792000.0,0.29,460671000.0,27672000.0,1131720000.0,1219776000.0,202683000.0,115936000.0,702000.0,115234000.0,874328000.0,405015000.0,469313000.0,2082115309.0,-487000.0,-16526000.0,34736000.0,-13443000.0,0.0,21293000.0,-151025000.0,-99829000.0,121359000.0,7886000.0,111885000.0,111885000.0,111885000.0,0.0,0.0,0.068,294445000.0,185347000.0,138235000.0,0.0,2.047,18.609,18.401,272524000.0,0.0,34.41,1.26,1.256,230185000.0,617882000.0,1652467000.0,1652467000.0,0.0,0.062,0.117,0.15,0.11,2331000.0,294445000.0,1.0,60509018.0,60330000,61256000.0,27.39,1430717000.0,76528000.0,42846000.0,12343000.0,23.715,519317000.0
27,TNB,MRT,2005-06-30,2005-06-30,2005-06-30,2018-10-21,-14325000.0,1827733000.0,1782875750.0,855779000.0,971954000.0,0.9,16.091,-26449000.0,369783000.0,369783000.0,1149354000.0,110475000.0,2.182,0.896,547175000.0,152903000.0,394272000.0,547175000.0,0.0,50382000.0,0.0,0.0,0.0,182955000.0,233337000.0,0.145,233337000.0,182955000.0,153417000.0,1.86,1.83,1.86,964179000.0,903620250.0,964179000.0,1900442903.0,10.0,8.145,73834000.0,1.232,1.0,455253000.0,0.284,459556000.0,29538000.0,1153352000.0,1250866500.0,209533000.0,116495000.0,1450000.0,115045000.0,863554000.0,392217000.0,471337000.0,1694366903.0,57457000.0,-16526000.0,27059000.0,-10817000.0,0.0,16242000.0,-66430000.0,-23455000.0,100283000.0,7362000.0,110475000.0,110475000.0,110475000.0,0.0,0.0,0.069,285354000.0,169899000.0,131451000.0,0.0,1.757,15.337,15.183,275636000.0,0.0,28.24,1.056,1.055,217514000.0,583044000.0,1604607000.0,1604607000.0,0.0,0.062,0.122,0.146,0.114,2331000.0,285354000.0,1.0,59998828.0,59919000,60800000.0,26.78,1368177000.0,81142000.0,42942000.0,9911000.0,22.834,463562000.0
28,TNB,MRT,2005-03-31,2005-03-31,2005-03-31,2018-10-21,-7297000.0,1789517000.0,1749566500.0,809945000.0,979572000.0,0.889,15.718,-21899000.0,335984000.0,335984000.0,1113001000.0,102051000.0,2.083,0.919,542060000.0,152763000.0,389297000.0,542060000.0,0.0,51004000.0,0.0,0.0,0.0,172762000.0,223766000.0,0.144,223766000.0,172762000.0,142608000.0,1.73,1.7,1.73,932579000.0,854888000.0,932579000.0,2134184088.0,12.0,9.538,60739000.0,1.024,1.0,442489000.0,0.284,461478000.0,30154000.0,1145227000.0,1281275500.0,216917000.0,116882000.0,1544000.0,115338000.0,856938000.0,388888000.0,468050000.0,1924328088.0,68930000.0,-15203000.0,24895000.0,-12864000.0,0.0,12031000.0,-33006000.0,4096000.0,82638000.0,7267000.0,102051000.0,102051000.0,102051000.0,0.0,0.0,0.066,283360000.0,159129000.0,129603000.0,0.0,2.063,18.857,18.671,279520000.0,0.0,32.3,1.237,1.232,193677000.0,554651000.0,1555490000.0,1555490000.0,0.0,0.058,0.119,0.135,0.111,2331000.0,283360000.0,1.0,59576721.0,59333000,60324000.0,26.216,1328039000.0,82525000.0,40557000.0,9866000.0,22.383,421057000.0
29,TNB,MRT,2004-12-31,2004-12-31,2004-12-31,2018-10-21,541000.0,1755752000.0,1720044500.0,778895000.0,976857000.0,0.882,15.385,-19471000.0,151189000.0,151189000.0,1085150000.0,93255000.0,3.267,0.947,545915000.0,2830000.0,543085000.0,545915000.0,0.0,51805000.0,0.0,0.0,0.0,158438000.0,210243000.0,0.139,210243000.0,158438000.0,127830000.0,1.59,1.57,1.59,901719000.0,808514750.0,901719000.0,2035419612.0,13.0,9.681,44440000.0,0.758,1.0,431142000.0,0.284,463264000.0,30608000.0,1448805000.0,1318680500.0,207158000.0,301450000.0,186528000.0,114922000.0,854033000.0,238409000.0,615624000.0,1814919612.0,-91686000.0,0.0,14666000.0,-139096000.0,0.0,-124430000.0,-38846000.0,-19375000.0,63911000.0,7679000.0,93255000.0,93255000.0,93255000.0,0.0,0.0,0.062,287024000.0,144118000.0,120336000.0,0.0,2.013,19.462,19.34,276144000.0,0.0,30.75,1.197,1.189,172745000.0,530243000.0,1516292000.0,1516292000.0,0.0,0.054,0.115,0.12,0.104,2331000.0,287024000.0,1.0,59021776.0,58610000,59357000.0,25.871,1292488000.0,80355000.0,34575000.0,14551000.0,22.052,540486000.0
30,TNB,MRT,2004-09-30,2004-09-30,2004-09-30,2018-10-21,-49381000.0,1758501000.0,1726762750.0,831064000.0,927437000.0,0.849,13.896,-18871000.0,334566000.0,334566000.0,1049733000.0,88312000.0,3.106,1.155,555066000.0,8989000.0,546077000.0,555066000.0,0.0,54570000.0,0.0,0.0,0.005,149146000.0,203716000.0,0.139,203716000.0,149146000.0,116108000.0,1.51,1.5,1.51,816004000.0,765941750.0,816004000.0,1864247545.0,12.0,9.151,100417000.0,1.71,1.0,415902000.0,0.284,455391000.0,33038000.0,1256082000.0,1271590000.0,215618000.0,116141000.0,1758000.0,114383000.0,942497000.0,267528000.0,674969000.0,1581528545.0,-115789000.0,0.0,7244000.0,-127803000.0,0.0,-120613000.0,-120023000.0,-101152000.0,119288000.0,5559000.0,88312000.0,88312000.0,88312000.0,0.0,0.0,0.06,285887000.0,130015000.0,138155000.0,0.003,1.938,17.908,17.762,276473000.0,0.0,26.82,1.079,1.075,220313000.0,505997000.0,1465635000.0,1465635000.0,0.0,0.051,0.115,0.117,0.102,1686000.0,287590000.0,1.0,58968253.0,58724000,59468000.0,24.958,1303110000.0,94181000.0,27796000.0,11035000.0,22.19,563536000.0
31,TNB,MRT,2004-06-30,2004-06-30,2004-06-30,2018-10-21,-61161000.0,1694496000.0,1723677500.0,746628000.0,947868000.0,0.818,13.14,-24123000.0,267526000.0,267526000.0,1019668000.0,66636000.0,3.014,1.203,550245000.0,4484000.0,545761000.0,550245000.0,0.0,53995000.0,0.0,0.0,0.005,119011000.0,173006000.0,0.123,173006000.0,119011000.0,84453000.0,1.14,1.14,1.14,769250000.0,732485000.0,769250000.0,1914965095.0,16.0,11.069,92474000.0,1.58,1.0,390447000.0,0.277,454506000.0,34558000.0,1274988000.0,1287204000.0,205221000.0,123458000.0,1904000.0,121554000.0,925246000.0,247721000.0,677525000.0,1599893095.0,-152530000.0,0.0,6380000.0,-128124000.0,0.0,-122214000.0,-146129000.0,-122006000.0,116597000.0,-784000.0,66636000.0,66636000.0,66636000.0,0.0,0.0,0.047,275324000.0,115123000.0,131858000.0,0.004,2.08,24.009,23.886,286226000.0,0.0,27.23,1.135,1.131,209947000.0,472569000.0,1410115000.0,1410115000.0,0.0,0.039,0.091,0.092,0.084,2382000.0,285877000.0,1.0,58754796.0,58544000,59200000.0,24.086,1239990000.0,100521000.0,17817000.0,8895000.0,21.18,498907000.0
32,TNB,MRT,2004-03-31,2004-03-31,2004-03-31,2018-10-21,-57251000.0,1671429000.0,1732487750.0,707261000.0,964168000.0,0.787,12.817,-26576000.0,250254000.0,250254000.0,997131000.0,53421000.0,2.998,1.237,565326000.0,7076000.0,558250000.0,565326000.0,0.0,52957000.0,0.0,0.0,0.005,99443000.0,152400000.0,0.112,152400000.0,99443000.0,63230000.0,0.92,0.92,0.92,747086000.0,707553500.0,747086000.0,1577530355.0,16.0,10.351,75071000.0,1.288,1.0,366672000.0,0.269,455749000.0,36213000.0,1294847000.0,1305697000.0,192775000.0,123867000.0,1559000.0,122308000.0,924343000.0,235905000.0,688438000.0,1279639355.0,-11336000.0,0.0,920000.0,-2184000.0,0.0,-5125000.0,-114870000.0,-88294000.0,101647000.0,7012000.0,53421000.0,53421000.0,53421000.0,0.0,0.0,0.039,272308000.0,94364000.0,120772000.0,0.005,1.713,23.954,23.717,295543000.0,0.0,21.82,0.938,0.933,198844000.0,452600000.0,1363803000.0,1363803000.0,0.0,0.031,0.076,0.076,0.073,3080000.0,282861000.0,1.0,58645250.0,58289000,58677000.0,23.397,1215680000.0,101256000.0,9809000.0,6361000.0,20.856,471356000.0
33,TNB,MRT,2003-12-31,2003-12-31,2003-12-31,2018-10-21,-55041000.0,1782625000.0,1707489000.0,812279000.0,970346000.0,0.774,12.516,-27334000.0,387425000.0,387425000.0,970248000.0,42813000.0,2.226,1.437,685316000.0,133344000.0,551972000.0,685316000.0,0.0,50327000.0,0.0,0.0,0.005,84624000.0,134951000.0,0.102,134951000.0,84624000.0,47745000.0,0.73,0.73,0.73,731427000.0,680561000.0,731427000.0,1717187533.0,20.0,12.725,69459000.0,1.189,1.0,352049000.0,0.266,455113000.0,36879000.0,1260443000.0,1288315000.0,190243000.0,123436000.0,1704000.0,121732000.0,1051198000.0,364960000.0,686238000.0,1338289533.0,64881000.0,0.0,175000.0,62838000.0,0.0,59152000.0,-101002000.0,-73668000.0,96793000.0,9938000.0,42813000.0,42813000.0,42813000.0,0.0,0.0,0.032,272226000.0,79823000.0,113724000.0,0.007,1.83,31.259,31.356,303710000.0,0.0,22.89,1.012,1.012,168542000.0,436988000.0,1322297000.0,1322297000.0,0.0,0.025,0.063,0.066,0.064,3761000.0,282779000.0,1.0,58466122.0,58438000,58447000.0,22.627,1327512000.0,102723000.0,4932000.0,6414000.0,22.717,447319000.0
34,TNB,MRT,2003-09-30,2003-09-28,2003-09-28,2018-10-21,-83420000.0,1746160000.0,1666771750.0,787421000.0,958739000.0,0.785,11.668,-25845000.0,305805000.0,305805000.0,966246000.0,37193000.0,2.195,1.56,684703000.0,127640000.0,557063000.0,684703000.0,0.0,49650000.0,0.0,0.0,0.0,77226000.0,126876000.0,0.097,126876000.0,77226000.0,43596000.0,0.64,0.64,0.64,682177000.0,653738250.0,682177000.0,1350835718.0,17.0,10.647,36883000.0,0.631,1.0,341646000.0,0.261,447804000.0,33630000.0,1318538000.0,1306338250.0,191469000.0,143567000.0,21979000.0,121588000.0,1063983000.0,358716000.0,705267000.0,932859718.0,88660000.0,373000.0,0.0,11920000.0,0.0,8113000.0,11076000.0,36548000.0,62728000.0,6743000.0,37193000.0,37193000.0,37193000.0,0.0,0.0,0.028,268442000.0,73204000.0,111044000.0,0.0,1.367,25.082,24.931,305319000.0,0.0,15.956,0.713,0.713,197530000.0,417685000.0,1307892000.0,1307892000.0,0.0,0.022,0.057,0.059,0.059,2075000.0,276085000.0,1.0,58466122.0,58466000,58473000.0,22.37,1298356000.0,109932000.0,6403000.0,6916000.0,22.207,428705000.0
35,TNB,MRT,2003-06-30,2003-06-29,2003-06-29,2018-10-21,-83612000.0,1729737000.0,1649484750.0,760733000.0,969004000.0,0.786,11.452,-23992000.0,275506000.0,275506000.0,957778000.0,14824000.0,2.167,1.584,693482000.0,127872000.0,565610000.0,693482000.0,0.0,48119000.0,0.0,0.0,0.0,46273000.0,94392000.0,0.073,94392000.0,46273000.0,12109000.0,0.26,0.26,0.26,669524000.0,639868750.0,669524000.0,1275332132.0,28.0,13.511,26851000.0,0.459,1.0,338892000.0,0.261,447645000.0,34164000.0,1348960000.0,1302875500.0,204047000.0,144720000.0,22299000.0,122421000.0,1060213000.0,351108000.0,709105000.0,827645132.0,69932000.0,-4706000.0,0.0,12180000.0,0.0,8789000.0,1566000.0,30264000.0,50843000.0,8734000.0,14824000.0,14824000.0,14824000.0,0.0,0.0,0.011,278743000.0,60149000.0,110604000.0,0.0,1.236,55.831,54.446,312796000.0,0.0,14.156,0.638,0.638,185537000.0,405933000.0,1296670000.0,1296670000.0,0.0,0.009,0.023,0.036,0.036,1379000.0,277477000.0,1.0,58465783.0,58461000,58463000.0,22.18,1282092000.0,109347000.0,-2715000.0,4692000.0,21.931,409625000.0
36,TNB,MRT,2003-03-31,2003-03-30,2003-03-30,2018-10-21,-106591000.0,1571434000.0,1634807750.0,621124000.0,950310000.0,0.805,10.949,-22627000.0,117040000.0,117040000.0,982376000.0,8439000.0,1.752,1.459,564727000.0,128847000.0,435880000.0,564727000.0,0.0,47789000.0,0.0,0.0,0.0,35549000.0,83338000.0,0.063,83338000.0,35549000.0,2943000.0,0.15,0.15,0.15,639116000.0,632306750.0,639116000.0,1314860787.0,37.0,15.777,87554000.0,1.5,1.0,332912000.0,0.253,439248000.0,32606000.0,1225319000.0,1298232250.0,207749000.0,175759000.0,53186000.0,122573000.0,932318000.0,354554000.0,577764000.0,867746787.0,-68901000.0,-4706000.0,244000.0,-112879000.0,0.0,-112635000.0,-72277000.0,-44944000.0,110181000.0,5830000.0,8439000.0,8439000.0,8439000.0,0.0,0.0,0.006,284295000.0,48617000.0,120729000.0,0.0,1.358,102.826,98.972,313009000.0,0.0,14.846,0.66,0.659,167287000.0,399179000.0,1315288000.0,1315288000.0,0.0,0.005,0.013,0.027,0.027,681000.0,282668000.0,1.0,58450383.0,58373000,58378000.0,22.532,1132186000.0,105531000.0,-5496000.0,5176000.0,19.396,266570000.0
37,TNB,MRT,2002-12-31,2002-12-29,2002-12-29,2018-10-21,-115866000.0,1619756000.0,1668024500.0,704931000.0,914825000.0,0.807,10.711,-20114000.0,177994000.0,177994000.0,1014242000.0,-53027000.0,2.372,1.595,625108000.0,65126000.0,559982000.0,625108000.0,0.0,50244000.0,0.0,0.0,0.0,-11800000.0,38444000.0,0.029,38444000.0,-11800000.0,-47025000.0,-0.91,-0.91,-0.91,624136000.0,640481500.0,624136000.0,1439341462.0,-122.0,37.44,60271000.0,1.034,1.0,331615000.0,0.246,437175000.0,35225000.0,1332536000.0,1329292500.0,182282000.0,187438000.0,65863000.0,121575000.0,995620000.0,297159000.0,698461000.0,985511462.0,-56849000.0,-4706000.0,248000.0,-57452000.0,0.0,-57204000.0,-83981000.0,-59161000.0,80385000.0,3951000.0,-53027000.0,-53027000.0,-53027000.0,0.0,0.0,-0.039,285224000.0,46391000.0,109479000.0,0.0,1.579,-18.585,-18.577,287415000.0,0.0,16.905,0.732,0.732,161091000.0,394175000.0,1345857000.0,1345857000.0,0.0,-0.032,-0.083,-0.009,-0.009,0.0,282332000.0,1.0,58296040.0,58273000,58273000.0,23.096,1182581000.0,100837000.0,6002000.0,9148000.0,20.294,407772000.0
38,TNB,MRT,2002-09-30,2002-09-29,2002-09-29,2018-10-21,-99044000.0,1677012000.0,1703488000.0,783719000.0,893293000.0,0.794,10.75,-25461000.0,217145000.0,217145000.0,1061607000.0,-157158000.0,2.013,1.676,670975000.0,110292000.0,560683000.0,670975000.0,0.0,59117000.0,0.0,0.0,0.0,-153563000.0,-94446000.0,-0.07,-94446000.0,-153563000.0,-192306000.0,-2.7,-2.7,-2.7,626699000.0,655268750.0,626699000.0,1279508696.0,-8.0,-13.548,88074000.0,1.511,1.0,291105000.0,0.215,436872000.0,38743000.0,1304687000.0,1338253500.0,198494000.0,174118000.0,53280000.0,120838000.0,1050313000.0,389283000.0,661030000.0,816533696.0,60242000.0,19458000.0,248000.0,-5328000.0,0.0,-5080000.0,-50137000.0,-44134000.0,113535000.0,1924000.0,-157158000.0,-157158000.0,-157158000.0,7513000.0,0.0,-0.116,348582000.0,-57477000.0,125042000.0,0.0,1.303,-5.196,-5.187,291462000.0,0.0,14.006,0.604,0.604,190791000.0,380492000.0,1352712000.0,1352712000.0,0.0,-0.092,-0.24,-0.115,-0.114,0.0,288587000.0,1.0,58298434.0,58298000,58298000.0,23.203,1240140000.0,86046000.0,-35148000.0,8392000.0,21.272,394436000.0
39,TNB,MRT,2002-06-30,2002-06-30,2002-06-30,2018-10-21,-96501000.0,1671029000.0,1754125750.0,782239000.0,888790000.0,0.797,10.967,-29852000.0,205574000.0,205574000.0,1104641000.0,-192152000.0,2.117,1.614,668549000.0,110742000.0,557807000.0,668549000.0,0.0,68026000.0,0.0,0.0,0.0,-188205000.0,-120179000.0,-0.086,-120179000.0,-188205000.0,-228087000.0,-3.3,-3.3,-3.3,639276000.0,700364500.0,639276000.0,1563884701.0,-8.0,-13.013,64417000.0,1.105,1.0,293788000.0,0.21,434035000.0,39882000.0,1330387000.0,1412100500.0,186182000.0,169734000.0,48433000.0,121301000.0,1031753000.0,369582000.0,662171000.0,1083976701.0,32326000.0,24537000.0,248000.0,-5453000.0,-16269000.0,-21474000.0,-43156000.0,-37841000.0,94269000.0,2687000.0,-192152000.0,-192152000.0,-192152000.0,7513000.0,0.0,-0.137,402418000.0,-108630000.0,125451000.0,0.0,1.696,-5.641,-5.635,300291000.0,0.0,18.595,0.775,0.775,195141000.0,391109000.0,1398429000.0,1398429000.0,0.0,-0.11,-0.274,-0.133,-0.135,0.0,305845000.0,1.0,58294552.0,58292000,58459000.0,23.99,1236994000.0,93861000.0,-35935000.0,5629000.0,21.221,412657000.0
40,TNB,MRT,2002-03-31,2002-03-31,2002-03-31,2018-10-21,-107540000.0,1704301000.0,1825211500.0,773488000.0,930813000.0,0.79,11.539,-33055000.0,185941000.0,185941000.0,1132973000.0,-197886000.0,2.143,1.537,665849000.0,107885000.0,557964000.0,665849000.0,0.0,75790000.0,0.0,0.013,0.28,-190378000.0,-114588000.0,-0.079,-114588000.0,-190378000.0,-233208000.0,-3.4,-3.4,-3.4,671815000.0,755002500.0,671815000.0,1670139111.0,-9.0,-14.575,25413000.0,0.436,1.0,309621000.0,0.215,473656000.0,42830000.0,1349560000.0,1476851250.0,193527000.0,128790000.0,6364000.0,122426000.0,1032486000.0,360993000.0,671493000.0,1232945111.0,12982000.0,24537000.0,4000.0,-7446000.0,-32539000.0,-39981000.0,-4072000.0,4446000.0,58468000.0,-1433000.0,-197886000.0,-197886000.0,-197886000.0,7513000.0,0.0,-0.137,416825000.0,-107204000.0,117611000.0,-0.082,1.835,-6.231,-6.222,299760000.0,0.0,21.154,0.855,0.854,188665000.0,435556000.0,1442594000.0,1442594000.0,0.0,-0.108,-0.262,-0.129,-0.132,0.0,320613000.0,1.0,58283951.0,58221000,58221000.0,24.778,1230645000.0,137305000.0,-35322000.0,12740000.0,21.137,412495000.0
41,TNB,MRT,2001-12-31,2001-12-30,2001-12-30,2018-10-21,-107167000.0,1761610000.0,1896561500.0,770303000.0,991307000.0,0.79,11.757,-38994000.0,234843000.0,234843000.0,1159043000.0,-146390000.0,2.166,1.578,672037000.0,54002000.0,618035000.0,672037000.0,0.0,79736000.0,0.0,0.026,0.56,-152652000.0,-72916000.0,-0.049,-72916000.0,-152652000.0,-194552000.0,-2.52,-2.52,-2.52,683285000.0,804960750.0,683285000.0,1769973810.0,-12.0,-24.274,66893000.0,1.151,1.0,338448000.0,0.226,474715000.0,41900000.0,1368380000.0,1540439250.0,192079000.0,128717000.0,6982000.0,121735000.0,1078325000.0,355709000.0,722616000.0,1254483810.0,27512000.0,30537000.0,0.0,-22417000.0,-48753000.0,-71170000.0,-4249000.0,4208000.0,105887000.0,-2956000.0,-146390000.0,-146390000.0,-146390000.0,7513000.0,0.0,-0.098,456715000.0,-118267000.0,120688000.0,-0.222,1.836,-8.569,-8.561,309080000.0,0.0,21.574,0.838,0.837,188160000.0,447202000.0,1497491000.0,1497491000.0,20721000.0,-0.077,-0.182,-0.099,-0.102,0.0,324504000.0,1.0,58147974.0,58116000,58116000.0,25.767,1286895000.0,135748000.0,-48162000.0,4060000.0,22.144,414594000.0
42,TNB,MRT,2001-09-30,2001-09-30,2001-09-30,2018-10-21,-73733000.0,1879563000.0,1977583000.0,803317000.0,1076246000.0,0.804,13.879,-41467000.0,155545000.0,155545000.0,1249756000.0,-107246000.0,2.577,1.329,671035000.0,6691000.0,664344000.0,671035000.0,0.0,98538000.0,0.0,0.048,0.84,-86089000.0,12449000.0,0.008,12449000.0,-86089000.0,-125350000.0,-1.85,-1.85,-1.85,807082000.0,860281500.0,807082000.0,1512129093.0,-18.0,121.466,52954000.0,0.911,1.0,339951000.0,0.214,483280000.0,39261000.0,1600075000.0,1601860250.0,254353000.0,133837000.0,11655000.0,122182000.0,1072481000.0,311698000.0,760783000.0,1016187093.0,-2628000.0,16302000.0,1000.0,-7855000.0,-65037000.0,-72891000.0,-23083000.0,2082000.0,94421000.0,-1075000.0,-107246000.0,-107246000.0,-107246000.0,-4041000.0,0.0,-0.067,444478000.0,-104527000.0,130595000.0,-0.454,1.259,-9.475,-9.446,390581000.0,0.0,17.475,0.639,0.639,292801000.0,538992000.0,1589707000.0,1589707000.0,-17902000.0,-0.054,-0.125,-0.054,-0.054,0.0,414453000.0,1.0,58150474.0,58150000,58150000.0,27.338,1396283000.0,103623000.0,-18104000.0,23949000.0,24.012,491619000.0
43,TNB,MRT,2001-06-30,2001-07-01,2001-07-01,2018-10-21,-68199000.0,1955372000.0,2063054500.0,869717000.0,1085655000.0,0.804,14.752,-52055000.0,172131000.0,172131000.0,1307578000.0,-80858000.0,2.561,1.279,668073000.0,6300000.0,661773000.0,668073000.0,0.0,97250000.0,0.0,0.051,1.12,-62000000.0,35250000.0,0.021,35250000.0,-62000000.0,-101642000.0,-1.4,-1.4,-1.4,857828000.0,909277500.0,857828000.0,1785396877.0,-29.0,50.65,16779000.0,0.289,1.0,352120000.0,0.212,522281000.0,39642000.0,1589390000.0,1642709500.0,283705000.0,134295000.0,11613000.0,122682000.0,1097544000.0,339643000.0,757901000.0,1282976877.0,141221000.0,717415000.0,1000.0,-526183000.0,-64885000.0,-591067000.0,667471000.0,2111000.0,68834000.0,-4017000.0,-80858000.0,-80858000.0,-80858000.0,-4041000.0,0.0,-0.049,440530000.0,-88410000.0,136541000.0,-0.8,1.496,-15.867,-15.76,410005000.0,0.0,22.064,0.773,0.773,296033000.0,584603000.0,1659698000.0,1659698000.0,-12519000.0,-0.039,-0.089,-0.038,-0.037,0.0,437112000.0,1.0,58148342.0,58149000,58149000.0,28.542,1433091000.0,96087000.0,-20784000.0,20211000.0,24.645,530074000.0
44,TNB,MRT,2001-03-31,2001-04-01,2001-04-01,2018-10-21,-75739000.0,1989701000.0,2291334250.0,893711000.0,1095990000.0,0.732,15.018,-52972000.0,171609000.0,171609000.0,1444193000.0,-54137000.0,2.462,1.283,674029000.0,6163000.0,667866000.0,674029000.0,0.0,96349000.0,0.0,0.065,1.12,-79936000.0,16413000.0,0.01,16413000.0,-79936000.0,-123513000.0,-0.94,-0.94,-0.94,871648000.0,959251750.0,871648000.0,1502350361.0,-19.0,91.534,-214680000.0,-3.699,1.0,233706000.0,0.139,525193000.0,43577000.0,1603912000.0,1977474500.0,299658000.0,137597000.0,12364000.0,125233000.0,1118053000.0,363016000.0,755037000.0,1009174361.0,122374000.0,717415000.0,-1136000.0,-346089000.0,-64914000.0,-412139000.0,665970000.0,1696000.0,-161708000.0,-2149000.0,-54137000.0,-54137000.0,-54137000.0,-138130000.0,0.0,-0.032,478346000.0,-244640000.0,157625000.0,-1.191,1.158,-18.641,-18.463,415229000.0,0.0,17.355,0.601,0.6,318602000.0,606250000.0,1677899000.0,1677899000.0,-6182000.0,-0.024,-0.056,-0.04,-0.048,0.0,464149000.0,1.0,58148342.0,58039000,58039000.0,28.91,1464508000.0,80795000.0,-69376000.0,11420000.0,25.233,530695000.0
45,TNB,MRT,2000-12-31,2000-12-31,2000-12-31,2018-10-21,-61905000.0,2085696000.0,2480992250.0,966494000.0,1119202000.0,0.708,15.609,-69369000.0,207331000.0,207331000.0,1488502000.0,-44570000.0,2.305,1.306,692461000.0,22478000.0,669983000.0,692461000.0,0.0,94627000.0,0.0,0.069,1.12,-75523000.0,19104000.0,0.011,19104000.0,-75523000.0,-123417000.0,-0.77,-0.77,-0.77,904568000.0,1018440000.0,904568000.0,1459179481.0,-19.0,76.381,-317707000.0,-5.482,1.0,267581000.0,0.152,537502000.0,47894000.0,1614064000.0,2225241500.0,296785000.0,132989000.0,11344000.0,121645000.0,1181128000.0,419260000.0,761868000.0,938607481.0,129645000.0,721462000.0,4000.0,-255901000.0,-64889000.0,-320786000.0,646586000.0,-5507000.0,-248338000.0,-1043000.0,-44570000.0,-44570000.0,-44570000.0,-148813000.0,0.0,-0.025,515953000.0,-248372000.0,156840000.0,-1.455,1.038,-21.059,-21.017,425477000.0,0.0,16.183,0.534,0.534,360671000.0,626115000.0,1756083000.0,1756083000.0,22993000.0,-0.018,-0.044,-0.034,-0.043,0.0,444248000.0,1.0,57999633.0,57950000,57950000.0,30.303,1548194000.0,83251000.0,-78847000.0,25873000.0,26.716,547234000.0
46,TNB,MRT,2000-09-30,2000-10-01,2000-10-01,2018-10-21,-62776000.0,2221449000.0,2576619250.0,1023309000.0,1198140000.0,0.698,17.302,-73602000.0,159531000.0,159531000.0,1517806000.0,12599000.0,2.395,1.215,680103000.0,7302000.0,672801000.0,680103000.0,0.0,93078000.0,0.0,0.064,1.12,-8065000.0,85013000.0,0.047,85013000.0,-8065000.0,-62884000.0,0.22,0.22,0.22,1003066000.0,1051268000.0,1003066000.0,2179193484.0,-270.0,25.634,-352642000.0,-6.083,1.0,281728000.0,0.157,551287000.0,54819000.0,1763472000.0,2415645750.0,341365000.0,133105000.0,12515000.0,120590000.0,1218383000.0,427262000.0,791121000.0,1010522484.0,90786000.0,711160000.0,-3248000.0,-220009000.0,-64774000.0,-288031000.0,640712000.0,3154000.0,-279040000.0,300000.0,12599000.0,12599000.0,12599000.0,-148582000.0,0.0,0.007,453850000.0,-172122000.0,196729000.0,5.091,1.007,80.207,79.239,484029000.0,0.0,17.433,0.562,0.562,406878000.0,726430000.0,1799534000.0,1799534000.0,23378000.0,0.005,0.012,-0.003,-0.004,0.0,407019000.0,1.0,57967233.0,57974000,57974000.0,31.04,1670162000.0,86753000.0,-75483000.0,56977000.0,28.809,596047000.0
47,TNB,MRT,2000-06-30,2000-07-02,2000-07-02,2018-10-21,-46181000.0,2868491000.0,2681078000.0,1666315000.0,1202176000.0,0.678,18.249,-64588000.0,32027000.0,32027000.0,1522458000.0,78752000.0,3.042,1.712,1200698000.0,56078000.0,1144620000.0,1200698000.0,0.0,93032000.0,0.0,0.059,1.12,38732000.0,131764000.0,0.073,131764000.0,38732000.0,-16022000.0,1.36,1.36,1.36,1057725000.0,1073067750.0,1057725000.0,2098231839.0,54.0,15.924,-269241000.0,-4.645,1.0,294115000.0,0.162,560957000.0,54754000.0,2928450000.0,2544241000.0,357065000.0,130302000.0,12637000.0,117665000.0,1810766000.0,547755000.0,1263011000.0,1108200839.0,-39379000.0,22468000.0,-1890000.0,272119000.0,-65537000.0,204692000.0,-36575000.0,5545000.0,-204653000.0,1386000.0,78752000.0,78752000.0,78752000.0,-153147000.0,0.0,0.043,430701000.0,-136586000.0,211837000.0,0.824,1.048,14.072,14.059,482589000.0,0.0,19.12,0.61,0.61,1139013000.0,766047000.0,1816573000.0,1816573000.0,24620000.0,0.029,0.073,0.015,0.021,0.0,388434000.0,1.0,57961265.0,57962000,57962000.0,31.341,2307534000.0,107995000.0,-94774000.0,92834000.0,39.811,1118560000.0
48,TNB,MRT,2000-03-31,2000-04-02,2000-04-02,2018-10-21,-42160000.0,2748333000.0,2608605250.0,1256144000.0,1492189000.0,0.727,19.149,-65814000.0,51490000.0,51490000.0,1426612000.0,101102000.0,2.341,1.48,1041521000.0,49868000.0,991653000.0,1041521000.0,0.0,86819000.0,0.0,0.04,1.12,117746000.0,204565000.0,0.108,204565000.0,117746000.0,65670000.0,1.75,1.74,1.75,1108401000.0,1071185250.0,1108401000.0,2537060623.0,22.0,12.402,-61455000.0,-1.062,1.0,469409000.0,0.248,606745000.0,52076000.0,2594980000.0,2368023500.0,548273000.0,173693000.0,12869000.0,160824000.0,1639932000.0,536639000.0,1103293000.0,1636187623.0,14298000.0,22467000.0,538000.0,97062000.0,-65178000.0,32422000.0,-29977000.0,13201000.0,4359000.0,456000.0,101102000.0,101102000.0,101102000.0,-27888000.0,0.0,0.053,402544000.0,66865000.0,309855000.0,0.64,1.476,16.184,16.138,673422000.0,0.0,28.242,0.863,0.862,563393000.0,814851000.0,1896021000.0,1896021000.0,25409000.0,0.039,0.094,0.05,0.062,0.0,359525000.0,1.0,57934265.0,57884000,57889000.0,32.756,2141588000.0,51548000.0,-35432000.0,39753000.0,36.998,719505000.0
49,TNB,MRT,1999-12-31,2000-01-02,2000-01-02,2018-10-21,-35899000.0,2468204000.0,2560043750.0,1264908000.0,1203296000.0,0.985,17.956,-123768000.0,69640000.0,69640000.0,1847262000.0,148307000.0,3.086,1.383,956028000.0,34436000.0,921592000.0,956028000.0,0.0,98047000.0,0.0,0.035,1.12,220731000.0,318778000.0,0.126,318778000.0,220731000.0,159736000.0,2.57,2.56,2.57,1035880000.0,1048963000.0,1035880000.0,2689893049.0,12.0,8.438,-43617000.0,-0.756,1.0,674746000.0,0.268,569016000.0,60995000.0,2375681000.0,2286493500.0,397692000.0,133760000.0,14217000.0,119543000.0,1432324000.0,409895000.0,1022429000.0,1842432049.0,6525000.0,-659000.0,3211000.0,83610000.0,-64857000.0,21964000.0,-96594000.0,27833000.0,80151000.0,1004000.0,148307000.0,148307000.0,148307000.0,0.0,0.0,0.059,483162000.0,191584000.0,209983000.0,0.436,1.779,12.423,12.399,476676000.0,0.0,31.866,0.731,0.729,210843000.0,736956000.0,2522008000.0,2522008000.0,47959000.0,0.058,0.141,0.097,0.088,0.0,427192000.0,1.0,57817879.0,57690000,57912000.0,43.717,1899188000.0,68455000.0,11429000.0,13969000.0,32.921,855013000.0
50,TNB,MRT,1999-09-30,1999-10-03,1999-10-03,2018-10-21,-27892000.0,2639284000.0,2567889500.0,1140202000.0,1499082000.0,0.657,18.89,3069000.0,69675000.0,69675000.0,1212514000.0,164922000.0,1.919,1.421,917136000.0,80033000.0,837103000.0,917136000.0,0.0,65070000.0,0.0,0.022,1.12,224366000.0,289436000.0,0.172,289436000.0,224366000.0,148593000.0,2.87,2.85,2.87,1090265000.0,1043769250.0,1090265000.0,3676582819.0,16.0,12.703,157362000.0,2.726,1.0,474373000.0,0.281,614728000.0,75773000.0,2277853000.0,2221359000.0,491217000.0,171905000.0,16065000.0,155840000.0,1549019000.0,594164000.0,954855000.0,2840829819.0,43958000.0,-94759000.0,6895000.0,104590000.0,-64510000.0,46975000.0,-47323000.0,44367000.0,154293000.0,-3385000.0,164922000.0,164922000.0,164922000.0,-35623000.0,0.0,0.098,331704000.0,142669000.0,315139000.0,0.39,2.606,17.225,17.395,667695000.0,0.0,49.924,1.684,1.708,473784000.0,784723000.0,1686887000.0,1686887000.0,17946000.0,0.064,0.158,0.101,0.133,0.0,330950000.0,1.0,56903545.0,57718000,58017000.0,29.226,2024556000.0,59903000.0,-16329000.0,39851000.0,35.077,546038000.0
51,TNB,MRT,1999-06-30,1999-07-04,1999-07-04,2018-10-21,-36498000.0,2578600000.0,2477680500.0,1111207000.0,1467393000.0,0.713,18.215,-16982000.0,72321000.0,72321000.0,1271488000.0,80524000.0,1.946,1.455,908074000.0,67169000.0,840905000.0,908074000.0,0.0,68865000.0,0.0,0.023,1.12,140599000.0,209464000.0,0.119,209464000.0,140599000.0,76497000.0,1.4,1.38,1.4,1050195000.0,1018190750.0,1050195000.0,3623145901.0,26.0,17.297,131084000.0,2.274,1.0,494980000.0,0.28,619729000.0,64102000.0,2223580000.0,2124693250.0,486172000.0,169475000.0,19001000.0,150474000.0,1528405000.0,571044000.0,957361000.0,2735889901.0,51002000.0,-113734000.0,5594000.0,116779000.0,-47670000.0,74703000.0,-83548000.0,47168000.0,148066000.0,-2691000.0,80524000.0,80524000.0,80524000.0,-31058000.0,0.0,0.046,414523000.0,80457000.0,280159000.0,0.8,2.605,33.976,34.365,646618000.0,0.0,48.112,1.549,1.57,454916000.0,759843000.0,1766468000.0,1766468000.0,23131000.0,0.032,0.079,0.066,0.08,0.0,341215000.0,1.0,56865494.0,57657000,57893000.0,30.638,1958871000.0,54442000.0,-4027000.0,64381000.0,33.975,540163000.0
52,TNB,MRT,1999-03-31,1999-04-04,1999-04-04,2018-10-21,-32779000.0,2554087000.0,2403589250.0,1084477000.0,1469610000.0,0.764,17.705,-32968000.0,37055000.0,37055000.0,1323449000.0,78361000.0,1.918,1.505,937956000.0,87284000.0,850672000.0,937956000.0,0.0,77522000.0,0.0,0.029,1.12,135652000.0,213174000.0,0.116,213174000.0,135652000.0,83336000.0,1.37,1.36,1.37,1019512000.0,1016582000.0,1019512000.0,3009325196.0,22.0,14.117,94465000.0,1.641,1.0,513096000.0,0.279,620589000.0,52316000.0,2268860000.0,2069365500.0,492506000.0,177039000.0,26666000.0,150373000.0,1534575000.0,565539000.0,969036000.0,2184733196.0,-23224000.0,-181330000.0,5319000.0,215217000.0,-49802000.0,170734000.0,-189159000.0,25139000.0,127433000.0,-3037000.0,78361000.0,78361000.0,78361000.0,-22228000.0,0.0,0.043,415250000.0,97846000.0,274220000.0,0.818,2.143,27.88,28.049,646804000.0,0.0,38.427,1.19,1.205,452335000.0,727147000.0,1836545000.0,1836545000.0,28513000.0,0.033,0.077,0.066,0.074,0.0,336850000.0,1.0,56854414.0,57582000,57778000.0,31.894,1933498000.0,51570000.0,4975000.0,49469000.0,33.578,518938000.0
53,TNB,MRT,1998-12-31,1999-01-03,1999-01-03,2018-10-21,-18531000.0,2499587000.0,2284101500.0,1058402000.0,1441185000.0,0.775,17.91,-36158000.0,64028000.0,64028000.0,1271330000.0,81171000.0,1.801,1.462,888620000.0,97657000.0,790963000.0,888620000.0,0.0,78574000.0,0.0,0.026,1.12,128834000.0,207408000.0,0.117,207408000.0,128834000.0,89208000.0,1.43,1.42,1.43,1015105000.0,1011969750.0,1015105000.0,3149188421.0,24.0,15.184,103527000.0,1.827,1.0,497712000.0,0.281,621487000.0,39626000.0,2115143000.0,1943144000.0,469641000.0,184729000.0,42478000.0,142251000.0,1484482000.0,587549000.0,896933000.0,2457645421.0,18778000.0,-169349000.0,6475000.0,266382000.0,-65788000.0,207069000.0,-195472000.0,10035000.0,139685000.0,-3309000.0,81171000.0,81171000.0,81171000.0,-22228000.0,0.0,0.046,396061000.0,101651000.0,262483000.0,0.783,2.421,30.277,30.28,631022000.0,0.0,43.3,1.389,1.387,404784000.0,710474000.0,1769042000.0,1769042000.0,29341000.0,0.036,0.08,0.066,0.073,0.0,315568000.0,1.0,56757978.0,56677000,56990000.0,31.213,1878100000.0,61829000.0,8037000.0,67856000.0,33.137,470853000.0
54,TNB,MRT,1998-09-30,1998-10-04,1998-10-04,2018-10-21,-13451000.0,2278448000.0,2182776750.0,954388000.0,1324060000.0,,17.414,,25530000.0,25530000.0,,,1.835,1.306,717073000.0,57300000.0,659773000.0,717073000.0,0.0,,0.0,0.03,1.12,,,,,,,,,,987951000.0,1008019500.0,987951000.0,2827523981.0,,,,,1.0,,,558560000.0,,1891190000.0,1818188250.0,419647000.0,200531000.0,60830000.0,139701000.0,1290497000.0,520241000.0,770256000.0,2116182981.0,,,,,,,,,,,,,,,,,,,221574000.0,,2.142,,,583101000.0,,37.302,,,364627000.0,680247000.0,,,,,,,,,,1.0,56730919.0,56732000,,,1719888000.0,70528000.0,,68717000.0,30.316,434147000.0
55,TNB,MRT,1998-06-30,1998-07-05,1998-07-05,2018-10-21,-9864000.0,2282235000.0,,947364000.0,1334871000.0,,18.406,,21147000.0,21147000.0,,,2.189,1.187,732488000.0,40204000.0,692284000.0,732488000.0,0.0,,0.0,0.023,1.12,,,,,,,,,,1043760000.0,,1043760000.0,3298980848.0,,,,,1.0,,,558556000.0,,2002269000.0,,436324000.0,198788000.0,66268000.0,132520000.0,1238475000.0,432751000.0,805724000.0,2740857848.0,,,,,,,,,,,,,,,,,,,222872000.0,,2.626,,,601389000.0,,49.611,,,375917000.0,733601000.0,,,,,,,,,,1.0,55246778.0,56709000,,,1723679000.0,35419000.0,,60845000.0,30.395,514613000.0
56,TNB,MRT,1998-03-31,1998-04-05,1998-04-05,2018-10-21,-4573000.0,2076136000.0,,823155000.0,1252981000.0,,17.706,,59909000.0,59909000.0,,,2.23,1.074,618032000.0,32452000.0,585580000.0,618032000.0,0.0,,0.0,0.018,1.12,,,,,,,,,,1001063000.0,,1001063000.0,3913644891.0,,,,,1.0,,,501146000.0,,1763974000.0,,400441000.0,183732000.0,51692000.0,132040000.0,1075073000.0,369139000.0,705934000.0,3423450891.0,,,,,,,,,,,,,,,,,,,170844000.0,,3.42,,,581510000.0,,62.108,,,260369000.0,688024000.0,,,,,,,,,,1.0,55121199.0,56539000,,,1574990000.0,38524000.0,,63823000.0,27.857,454016000.0
57,TNB,MRT,1997-12-31,1997-12-28,1997-12-28,2018-10-21,-2198000.0,2094288000.0,2112762500.0,846472000.0,1247816000.0,1.001,18.263,-110621000.0,45225000.0,45225000.0,1440303000.0,154861000.0,1.789,1.096,545716000.0,42639000.0,503077000.0,545716000.0,0.0,95324000.0,0.0,0.024,1.12,224436000.0,319760000.0,0.151,319760000.0,224436000.0,224436000.0,2.83,2.81,2.83,999304000.0,933843000.0,999304000.0,,,,179191000.0,3.275,1.0,674415000.0,0.319,506225000.0,0.0,1615320000.0,1659588500.0,402601000.0,180088000.0,52382000.0,127706000.0,1094984000.0,473234000.0,621750000.0,2531425079.0,-82483000.0,-19326000.0,25945000.0,-190832000.0,-56898000.0,-221785000.0,-146505000.0,-16558000.0,289812000.0,-4005000.0,154861000.0,154861000.0,154861000.0,0.0,0.0,0.073,415297000.0,259118000.0,226542000.0,0.396,2.533,16.346,16.228,574052000.0,0.0,45.925,1.197,1.188,293722000.0,689280000.0,2114718000.0,2114718000.0,51896000.0,0.073,0.166,0.135,0.106,0.0,346046000.0,1.0,55121199.0,54717000,55090000.0,38.648,1588063000.0,43452000.0,69575000.0,72145000.0,29.023,373238000.0
58,TNB,MRT,1997-09-30,1997-09-28,1997-09-28,2018-10-21,,,,,,,,,,,,,,,,,,,,,,0.021,1.12,,,,,,,,,,,,,,,,,,1.0,,,,,,,,,,,,,,,,,,,,,,,,,,,,,,,,,,,,,,,,54.297,,,,,,,,,,,,,,1.0,,56413000,,,,,,,,
59,TNB,MRT,1997-06-30,1997-06-29,1997-06-29,2018-10-21,,,,,,,,,,,,,,,,,,,,,,0.021,1.12,,,,,,,,,,,,,,,,,,1.0,,,,,,,,,,,,,,,,,,,,,,,,,,,,,,,,,,,,,,,,53.61,,,,,,,,,,,,,,1.0,,56159000,,,,,,,,
60,TNB,MRT,1997-03-31,1997-03-30,1997-03-30,2018-10-21,,,,,,,,,,,,,,,,,,,,,,0.025,1.12,,,,,,,,,,,,,,,,,,1.0,,,,,,,,,,,,,,,,,,,,,,,,,,,,,,,,,,,,,,,,44.613,,,,,,,,,,,,,,1.0,,54279000,,,,,,,,
61,TNB,MRT,1996-12-31,1996-12-28,1996-12-28,2018-10-21,15084000.0,2131237000.0,,957051000.0,1174186000.0,,15.928,-71573000.0,126355000.0,126355000.0,1525121000.0,73455000.0,1.946,1.454,710151000.0,65055000.0,645096000.0,710151000.0,0.0,92421000.0,0.0,0.025,1.12,106395000.0,198816000.0,0.093,198816000.0,106395000.0,106395000.0,1.35,1.34,1.35,868382000.0,,868382000.0,,,,63811000.0,1.17,1.0,609266000.0,0.285,519276000.0,0.0,1703857000.0,,363306000.0,112308000.0,35940000.0,76368000.0,1262855000.0,491900000.0,770955000.0,,50837000.0,-256390000.0,12812000.0,274663000.0,-62005000.0,225470000.0,-303212000.0,24751000.0,135384000.0,-6805000.0,73455000.0,73455000.0,73455000.0,0.0,0.0,0.034,462805000.0,146461000.0,190184000.0,0.83,,,32.861,539944000.0,0.0,44.363,,1.133,361511000.0,569869000.0,2134387000.0,2134387000.0,47482000.0,,,,0.05,0.0,344941000.0,1.0,,54520000,54973000.0,39.149,1611961000.0,62121000.0,32940000.0,60555000.0,29.566,465151000.0
62,TNB,MRT,1995-12-31,1995-12-28,1995-12-28,2018-10-21,,,,,,,,-126449000.0,,,1221463000.0,88502000.0,,,,,,,,76495000.0,,0.031,1.12,128930000.0,205425000.0,0.119,205425000.0,128930000.0,128930000.0,1.69,1.68,1.69,,,,,,,-4025000.0,-0.077,1.0,511905000.0,0.295,,0.0,,,,,,,,,,,-15051000.0,-19983000.0,10194000.0,40069000.0,-47138000.0,3125000.0,-143355000.0,-1425000.0,122424000.0,2755000.0,88502000.0,88502000.0,88502000.0,0.0,0.0,0.051,357958000.0,153947000.0,,0.663,,,21.666,,0.0,36.615,,1.109,,,1733368000.0,1733368000.0,44083000.0,,,,0.074,0.0,283861000.0,,,52494000,52722000.0,33.02,,,40428000.0,,,
