None,ticker,dimension,calendardate,datekey,reportperiod,lastupdated,accoci,assets,assetsavg,assetsc,assetsnc,assetturnover,bvps,capex,cashneq,cashnequsd,cor,consolinc,currentratio,de,debt,debtc,debtnc,debtusd,deferredrev,depamor,deposits,divyield,dps,ebit,ebitda,ebitdamargin,ebitdausd,ebitusd,ebt,eps,epsdil,epsusd,equity,equityavg,equityusd,ev,evebit,evebitda,fcf,fcfps,fxusd,gp,grossmargin,intangibles,intexp,invcap,invcapavg,inventory,investments,investmentsc,investmentsnc,liabilities,liabilitiesc,liabilitiesnc,marketcap,ncf,ncfbus,ncfcommon,ncfdebt,ncfdiv,ncff,ncfi,ncfinv,ncfo,ncfx,netinc,netinccmn,netinccmnusd,netincdis,netincnci,netmargin,opex,opinc,payables,payoutratio,pb,pe,pe1,ppnenet,prefdivis,price,ps,ps1,receivables,retearn,revenue,revenueusd,rnd,roa,roe,roic,ros,sbcomp,sgna,sharefactor,sharesbas,shareswa,shareswadil,sps,tangibles,taxassets,taxexp,taxliabilities,tbvps,workingcapital
0,WELL,MRY,2020-12-31,2020-12-31,2020-12-31,2021-07-30,-148504000.0,32483642000.0,32777729750.0,,,0.141,38.447,3853703000.0,2021043000.0,2021043000.0,2597823000.0,1038852000.0,,0.955,14216986000.0,,,14216986000.0,0.0,1038437000.0,0.0,0.042,2.7,1503200000.0,2541637000.0,0.552,2541637000.0,1503200000.0,988812000.0,2.36,2.33,2.36,15972719000.0,16065379000.0,15972719000.0,39019981053.0,26.0,15.352,5218459000.0,12.561,1.0,2008144000.0,0.436,68321000.0,514388000.0,44611264000.0,45545203250.0,0.0,1389606000.0,,,15258580000.0,,,26966240053.0,1635277000.0,-1266715000.0,587657000.0,-1198236000.0,-1119232000.0,-2080858000.0,2347928000.0,-221588000.0,1364756000.0,3451000.0,978844000.0,978844000.0,978844000.0,0.0,60008000.0,0.213,1383823000.0,624321000.0,0.0,1.144,1.688,27.549,27.381,28031575000.0,0.0,64.62,5.855,5.829,973097000.0,-5016123000.0,4605967000.0,4605967000.0,0.0,0.03,0.061,0.033,0.326,28318000.0,128394000.0,1.0,417304860.0,415451000,417387000.0,11.087,32415321000.0,0.0,9968000.0,0.0,78.024,
1,WELL,MRY,2019-12-31,2019-12-31,2019-12-31,2021-07-30,-112157000.0,33380751000.0,32257684750.0,,,0.159,38.673,1998338000.0,385766000.0,385766000.0,2690042000.0,1330410000.0,,1.055,15388765000.0,,,15388765000.0,0.0,1027073000.0,0.0,0.043,3.48,1790948000.0,2818021000.0,0.55,2818021000.0,1790948000.0,1235389000.0,3.07,3.05,3.07,15540444000.0,15219863750.0,15540444000.0,46997737043.0,26.0,16.678,3534306000.0,8.795,1.0,2431264000.0,0.475,68321000.0,555559000.0,48315429000.0,46390677000.0,0.0,853805000.0,,,16398247000.0,,,33186291043.0,69637000.0,-4023083000.0,1056125000.0,1139129000.0,-1400712000.0,577150000.0,-2048791000.0,-8774000.0,1535968000.0,5310000.0,1232432000.0,1232432000.0,1232432000.0,0.0,97978000.0,0.241,1229968000.0,1201296000.0,0.0,1.134,2.135,26.927,26.638,30848889000.0,0.0,81.78,6.48,6.417,1223970000.0,-4869568000.0,5121306000.0,5121306000.0,0.0,0.038,0.081,0.039,0.35,25047000.0,126549000.0,1.0,405799597.0,401845000,403808000.0,12.744,33312430000.0,0.0,2957000.0,0.0,82.899,
2,WELL,MRY,2018-12-31,2018-12-31,2018-12-31,2021-07-30,-129769000.0,30342072000.0,28989208000.0,,,0.162,39.164,1114981000.0,316129000.0,316129000.0,2433017000.0,829750000.0,,0.979,13297144000.0,,,13297144000.0,0.0,950459000.0,0.0,0.05,3.48,1340220000.0,2290679000.0,0.487,2290679000.0,1340220000.0,813628000.0,2.03,2.02,2.03,14632334000.0,14460094250.0,14632334000.0,39296253845.0,29.0,17.155,2698925000.0,7.224,1.0,2267482000.0,0.482,68321000.0,526592000.0,43254766000.0,41034058750.0,0.0,482914000.0,,,14331427000.0,,,26073478845.0,6826000.0,-3606298000.0,789575000.0,1484782000.0,-1348863000.0,818368000.0,-2386471000.0,112751000.0,1583944000.0,-9015000.0,804954000.0,758250000.0,758250000.0,0.0,24796000.0,0.161,1301303000.0,966179000.0,0.0,1.714,1.782,34.386,34.192,28420769000.0,46704000.0,69.41,5.547,5.517,1053939000.0,-4697023000.0,4700499000.0,4700499000.0,0.0,0.026,0.052,0.033,0.285,27646000.0,126383000.0,1.0,375644415.0,373620000,375250000.0,12.581,30273751000.0,0.0,8674000.0,0.0,81.028,
3,WELL,MRY,2017-12-31,2017-12-31,2017-12-31,2021-07-30,-111465000.0,27944445000.0,27966971750.0,,,0.154,39.275,895023000.0,309303000.0,309303000.0,2083925000.0,540613000.0,,0.877,11731936000.0,,,11731936000.0,0.0,921720000.0,0.0,0.055,3.48,1027524000.0,1949244000.0,0.452,1949244000.0,1027524000.0,542902000.0,1.26,1.26,1.26,14423147000.0,14654526750.0,14423147000.0,34843936368.0,34.0,17.876,2329200000.0,6.342,1.0,2232716000.0,0.517,68321000.0,484622000.0,39298757000.0,39041717500.0,0.0,873084000.0,,,12643799000.0,,,23617655368.0,-297917000.0,-849342000.0,621987000.0,-826074000.0,-1325617000.0,-1913527000.0,154581000.0,122389000.0,1434177000.0,26852000.0,522774000.0,463595000.0,463595000.0,0.0,17839000.0,0.107,1348271000.0,884445000.0,0.0,2.762,1.637,50.945,50.611,25743578000.0,59179000.0,63.77,5.471,5.425,950159000.0,-4155132000.0,4316641000.0,4316641000.0,0.0,0.017,0.032,0.026,0.238,19102000.0,122008000.0,1.0,370356835.0,367237000,369001000.0,11.754,27876124000.0,0.0,20128000.0,0.0,75.908,
4,WELL,MRY,2016-12-31,2016-12-31,2016-12-31,2021-07-30,-169531000.0,28865184000.0,29193579250.0,,,0.147,41.327,1727791000.0,607220000.0,607220000.0,1876983000.0,1082070000.0,,0.891,12358245000.0,,,12358245000.0,0.0,901242000.0,0.0,0.051,3.44,1580020000.0,2481262000.0,0.58,2481262000.0,1580020000.0,1058675000.0,2.83,2.81,2.83,14806393000.0,14627301500.0,14806393000.0,37183377937.0,24.0,14.986,3366855000.0,9.397,1.0,2404177000.0,0.562,68321000.0,521345000.0,40547888000.0,41566241750.0,0.0,1073203000.0,,,13185279000.0,,,24264243937.0,184530000.0,-2127066000.0,534194000.0,-466047000.0,-1298925000.0,-1250817000.0,-183443000.0,232775000.0,1639064000.0,-20274000.0,1077803000.0,1012397000.0,1012397000.0,0.0,4267000.0,0.236,1146150000.0,1258027000.0,0.0,1.216,1.639,23.967,23.65,25947564000.0,65406000.0,66.93,5.668,5.601,1168876000.0,-3341406000.0,4281160000.0,4281160000.0,0.0,0.035,0.069,0.038,0.369,28869000.0,155241000.0,1.0,362531659.0,358275000,360227000.0,11.949,28796863000.0,0.0,-19128000.0,0.0,80.376,
5,WELL,MRY,2015-12-31,2015-12-31,2015-12-31,2021-07-30,-88243000.0,29023845000.0,27629272000.0,,,0.14,41.898,-2961436000.0,422690000.0,422690000.0,1622257000.0,888549000.0,,0.937,12967686000.0,,,12967686000.0,0.0,826240000.0,0.0,0.049,3.3,1382370000.0,2208610000.0,0.572,2208610000.0,1382370000.0,890201000.0,2.35,2.34,2.35,14590560000.0,14619553250.0,14590560000.0,35175398065.0,25.0,15.926,-1578837000.0,-4.534,1.0,2237569000.0,0.58,68321000.0,492169000.0,41500520000.0,38969708000.0,0.0,1361773000.0,,,13664877000.0,,,24074423065.0,-130733000.0,-29443000.0,1755722000.0,1382899000.0,-1210133000.0,1997318000.0,-3502075000.0,-502526000.0,1382599000.0,-8575000.0,883750000.0,818344000.0,818344000.0,0.0,4799000.0,0.212,1133033000.0,1104536000.0,0.0,1.404,1.65,29.418,28.949,26069193000.0,65406000.0,68.03,6.237,6.138,1101868000.0,-3120284000.0,3859826000.0,3859826000.0,0.0,0.03,0.056,0.035,0.358,30844000.0,147416000.0,1.0,353879510.0,348240000,349424000.0,11.084,28955524000.0,0.0,6451000.0,0.0,83.148,
6,WELL,MRY,2014-12-31,2014-12-31,2014-12-31,2021-07-30,-77009000.0,24962923000.0,24072394250.0,,,0.139,43.018,-1630196000.0,553423000.0,553423000.0,1403358000.0,512300000.0,,0.866,10776640000.0,,,10776640000.0,0.0,844130000.0,0.0,0.042,3.18,991925000.0,1836055000.0,0.549,1836055000.0,991925000.0,510886000.0,1.46,1.45,1.46,13175153000.0,12461971500.0,13175153000.0,33961095844.0,34.0,18.497,-491526000.0,-1.605,1.0,1940188000.0,0.58,68321000.0,481039000.0,35117819000.0,34041489750.0,0.0,1124320000.0,,,11403465000.0,,,24795098844.0,314946000.0,-296313000.0,2343868000.0,46468000.0,-1035069000.0,1303172000.0,-2126206000.0,-186475000.0,1138670000.0,-690000.0,512153000.0,446745000.0,446745000.0,-7135000.0,147000.0,0.134,1066873000.0,873315000.0,0.0,2.178,1.882,55.502,51.829,22471027000.0,65408000.0,75.67,7.416,6.931,745832000.0,-2793901000.0,3343546000.0,3343546000.0,0.0,0.019,0.036,0.029,0.297,32075000.0,142943000.0,1.0,327674096.0,306272000,307747000.0,10.917,24894602000.0,0.0,-1267000.0,0.0,81.283,
7,WELL,MRY,2013-12-31,2013-12-31,2013-12-31,2021-07-30,-24531000.0,23083957000.0,22279781750.0,,,0.129,41.218,-3499324000.0,231601000.0,231601000.0,1206813000.0,138280000.0,,0.989,10652014000.0,,,10652014000.0,0.0,873960000.0,0.0,0.057,3.06,610901000.0,1484861000.0,0.515,1484861000.0,610901000.0,152541000.0,0.28,0.28,0.28,11414583000.0,11199994750.0,11414583000.0,25661599756.0,42.0,17.282,-2510827000.0,-9.067,1.0,1673795000.0,0.581,68321000.0,458360000.0,33436049000.0,31914318750.0,0.0,811775000.0,,,11292587000.0,,,15464088756.0,-874984000.0,-68916000.0,1854637000.0,783672000.0,-906275000.0,1667670000.0,-3531593000.0,-36610000.0,988497000.0,442000.0,145050000.0,78714000.0,78714000.0,-51713000.0,-6770000.0,0.027,1107519000.0,566276000.0,0.0,10.929,1.355,196.459,191.321,21348075000.0,66336000.0,53.57,5.368,5.15,553310000.0,-2270985000.0,2880608000.0,2880608000.0,0.0,0.004,0.007,0.019,0.212,20177000.0,108318000.0,1.0,288670688.0,276929000,278761000.0,10.402,23015636000.0,0.0,7491000.0,0.0,83.11,
8,WELL,MRY,2012-12-31,2012-12-31,2012-12-31,2021-07-30,-11028000.0,19549109000.0,17509636000.0,,,0.103,45.889,-2734840000.0,1141421000.0,1141421000.0,567989000.0,294840000.0,,0.874,8531899000.0,,,8531899000.0,0.0,533585000.0,0.0,0.048,2.96,666432000.0,1200017000.0,0.665,1200017000.0,666432000.0,304867000.0,0.99,0.98,0.99,10294801000.0,9276321500.0,10294801000.0,21712300783.0,33.0,18.093,-1916707000.0,-8.544,1.0,1237055000.0,0.685,68321000.0,361565000.0,26871266000.0,24169589000.0,0.0,1334601000.0,,,8993998000.0,,,15915931783.0,870282000.0,-214599000.0,3581292000.0,796392000.0,-722450000.0,3645128000.0,-3592979000.0,-597997000.0,818133000.0,0.0,297255000.0,221884000.0,221884000.0,-114058000.0,-2415000.0,0.123,665170000.0,571885000.0,0.0,2.99,1.546,71.731,61.909,16527344000.0,75371000.0,61.29,8.817,7.618,411095000.0,-1509760000.0,1805044000.0,1805044000.0,0.0,0.013,0.024,0.028,0.369,18521000.0,97341000.0,1.0,259682359.0,224343000,225953000.0,8.046,19480788000.0,0.0,7612000.0,0.0,86.835,
9,WELL,MRY,2011-12-31,2011-12-31,2011-12-31,2021-07-30,-11928000.0,14924606000.0,13881100000.0,,,0.095,41.008,-4657912000.0,233102000.0,233102000.0,375064000.0,212716000.0,,1.068,7240752000.0,,,7240752000.0,0.0,423605000.0,0.0,0.052,2.835,509979000.0,933584000.0,0.711,933584000.0,509979000.0,218998000.0,0.9,0.9,0.9,7124764000.0,6730472000.0,7124764000.0,16355614185.0,32.0,17.519,-4069688000.0,-23.424,1.0,938118000.0,0.714,68321000.0,290981000.0,21863935000.0,19591753250.0,0.0,534229000.0,,,7612309000.0,,,9755918185.0,31912000.0,6351000.0,2137594000.0,1726115000.0,-544248000.0,3963817000.0,-4520129000.0,114348000.0,588224000.0,0.0,217610000.0,157108000.0,157108000.0,-96129000.0,-4894000.0,0.12,533903000.0,404215000.0,0.0,3.15,1.369,62.097,60.589,13649843000.0,60502000.0,54.53,7.429,7.215,380527000.0,-1078323000.0,1313182000.0,1313182000.0,0.0,0.011,0.023,0.026,0.388,10786000.0,77201000.0,1.0,178909191.0,173741000,174401000.0,7.558,14856285000.0,0.0,1388000.0,0.0,85.508,
10,WELL,MRY,2010-12-31,2010-12-31,2010-12-31,2021-07-30,-11099000.0,9451734000.0,7799627500.0,,,0.074,36.057,-1855149000.0,210639000.0,210639000.0,77787000.0,128884000.0,,1.024,4469736000.0,,,4469736000.0,0.0,202543000.0,0.0,0.058,2.74,262869000.0,465412000.0,0.804,465412000.0,262869000.0,128891000.0,0.84,0.83,0.84,4602851000.0,4052455000.0,4602851000.0,9666636897.0,37.0,20.77,-1490408000.0,-11.675,1.0,500784000.0,0.866,51207000.0,133978000.0,13659624000.0,11112351250.0,0.0,672411000.0,,,4714081000.0,,,6437552897.0,96094000.0,-196310000.0,995438000.0,1422736000.0,-370223000.0,2043392000.0,-2312039000.0,-187664000.0,364741000.0,0.0,128527000.0,106882000.0,106882000.0,-86075000.0,357000.0,0.185,266451000.0,234333000.0,0.0,3.262,1.399,60.23,56.714,8155529000.0,21645000.0,47.64,11.127,10.511,328988000.0,-751685000.0,578571000.0,578571000.0,0.0,0.014,0.026,0.024,0.454,11823000.0,54626000.0,1.0,135129154.0,127656000,128208000.0,4.532,9400527000.0,0.0,364000.0,0.0,73.64,
11,WELL,MRY,2009-12-31,2009-12-31,2009-12-31,2021-07-30,-2891000.0,6367186000.0,6284833000.0,,,0.083,33.247,-374952000.0,58713000.0,58713000.0,42501000.0,192927000.0,,0.674,2414022000.0,,,2414022000.0,0.0,164923000.0,0.0,0.061,2.72,290293000.0,455216000.0,0.87,455216000.0,290293000.0,193437000.0,1.5,1.49,1.5,3797039000.0,3628378500.0,3797039000.0,7752529161.0,27.0,17.03,6307000.0,0.055,1.0,480787000.0,0.919,0.0,96856000.0,8722495000.0,8737177750.0,0.0,427996000.0,,,2559735000.0,,,5451888161.0,12106000.0,0.0,704533000.0,-462507000.0,-333839000.0,-99093000.0,-270060000.0,15229000.0,381259000.0,0.0,193269000.0,171190000.0,171190000.0,-47915000.0,-342000.0,0.327,190383000.0,290404000.0,0.0,1.813,1.436,31.847,29.547,5658440000.0,22079000.0,44.32,10.419,9.673,199339000.0,-509989000.0,523288000.0,523288000.0,0.0,0.027,0.047,0.033,0.555,9633000.0,49691000.0,1.0,123011917.0,114207000,114612000.0,4.582,6367186000.0,0.0,168000.0,0.0,55.751,
12,WELL,MRY,2008-12-31,2008-12-31,2008-12-31,2021-07-30,-1113000.0,6215031000.0,5857364000.0,,,0.086,34.435,-785329000.0,177440000.0,177440000.0,42634000.0,283425000.0,,0.922,2847676000.0,,,2847676000.0,0.0,163045000.0,0.0,0.064,2.7,409881000.0,572926000.0,1.136,572926000.0,409881000.0,284605000.0,2.77,2.76,2.77,3227682000.0,2892742250.0,3227682000.0,6950744584.0,17.0,12.132,-424646000.0,-4.53,1.0,461891000.0,0.915,0.0,125276000.0,8885267000.0,8573255500.0,0.0,476415000.0,,,2976746000.0,,,4365751584.0,-6899000.0,0.0,782285000.0,162076000.0,-276860000.0,667943000.0,-1035525000.0,-86665000.0,360683000.0,0.0,283299000.0,260098000.0,260098000.0,-154838000.0,126000.0,0.516,185329000.0,276562000.0,0.0,0.975,1.353,16.785,15.235,5378794000.0,23201000.0,42.2,8.653,7.84,158803000.0,-369419000.0,504525000.0,504525000.0,0.0,0.044,0.09,0.048,0.812,8530000.0,47193000.0,1.0,103453829.0,93732000,94309000.0,5.383,6215031000.0,0.0,1306000.0,0.0,66.306,
13,WELL,MRY,2007-12-31,2007-12-31,2007-12-31,2021-07-30,-7381000.0,5213856000.0,4867285250.0,,,0.088,30.489,-532895000.0,47844000.0,47844000.0,33410000.0,138593000.0,,1.164,2704668000.0,,,2704668000.0,0.0,149626000.0,0.0,0.051,2.279,269814000.0,419440000.0,0.977,419440000.0,269814000.0,138543000.0,1.44,1.43,1.44,2404356000.0,2235207000.0,2404356000.0,6159164153.0,23.0,14.684,-248908000.0,-3.156,1.0,396076000.0,0.922,0.0,131271000.0,7870680000.0,7319411000.0,0.0,375396000.0,,,2799813000.0,,,3642202153.0,-5947000.0,-141963000.0,491593000.0,380685000.0,-208099000.0,615506000.0,-905440000.0,-210478000.0,283987000.0,0.0,138355000.0,113225000.0,113225000.0,-20155000.0,238000.0,0.264,161697000.0,234379000.0,0.0,1.583,1.515,32.168,31.035,4638632000.0,25130000.0,44.69,8.48,8.206,121485000.0,-372704000.0,429486000.0,429486000.0,0.0,0.023,0.051,0.037,0.628,7050000.0,37465000.0,1.0,81499265.0,78861000,79409000.0,5.446,5213856000.0,0.0,188000.0,0.0,66.115,
14,WELL,MRY,2006-12-31,2006-12-31,2006-12-31,2021-07-30,-135000.0,4280610000.0,3389047750.0,,,0.085,32.091,-359296000.0,36216000.0,36216000.0,1039000.0,102750000.0,,1.162,2145786000.0,,,2145786000.0,0.0,97564000.0,0.0,0.059,2.54,191215000.0,288779000.0,1.002,288779000.0,191215000.0,102832000.0,1.32,1.31,1.32,1978793000.0,1626654250.0,1978793000.0,4300964063.0,22.0,14.894,-142977000.0,-2.319,1.0,287203000.0,0.996,0.0,88383000.0,6390180000.0,5052868000.0,0.0,191742000.0,,,2299589000.0,,,2713152063.0,-21000.0,-182571000.0,182069000.0,364484000.0,-199828000.0,344348000.0,-560688000.0,-16496000.0,216319000.0,0.0,102750000.0,81287000.0,81287000.0,-11508000.0,0.0,0.282,107750000.0,179453000.0,0.0,1.924,1.371,33.377,32.591,3935851000.0,21463000.0,43.02,9.413,9.203,96144000.0,-306007000.0,288242000.0,288242000.0,0.0,0.024,0.05,0.038,0.663,6980000.0,25922000.0,1.0,63067226.0,61661000,62045000.0,4.675,4280610000.0,0.0,82000.0,0.0,69.422,
15,WELL,MRY,2005-12-31,2005-12-31,2005-12-31,2021-07-30,0.0,2972164000.0,2752340750.0,,,0.096,26.442,-507966000.0,36237000.0,36237000.0,0.0,84286000.0,,1.077,1500818000.0,,,1500818000.0,0.0,84828000.0,0.0,0.073,2.46,159164000.0,243992000.0,0.922,243992000.0,159164000.0,84286000.0,1.16,1.15,1.16,1430756000.0,1349705500.0,1430756000.0,3198045121.0,20.0,13.107,-313549000.0,-5.795,1.0,264622000.0,1.0,0.0,74878000.0,4436745000.0,4094277250.0,0.0,190563000.0,,,1541408000.0,,,1852010121.0,16474000.0,0.0,165062000.0,262227000.0,-154142000.0,271126000.0,-449069000.0,58579000.0,194417000.0,0.0,84286000.0,62692000.0,62692000.0,-3828000.0,0.0,0.237,89829000.0,174793000.0,0.0,2.121,1.294,29.541,29.224,2661925000.0,21594000.0,33.9,6.999,6.932,71211000.0,-208929000.0,264622000.0,264622000.0,0.0,0.023,0.046,0.039,0.601,2948000.0,16163000.0,1.0,54631567.0,54110000,54499000.0,4.89,2972164000.0,0.0,0.0,0.0,54.928,
16,WELL,MRY,2004-12-31,2004-12-31,2004-12-31,2021-07-30,1000.0,2552171000.0,2345346750.0,,,0.098,25.906,-504980000.0,19763000.0,19763000.0,0.0,85371000.0,,0.911,1192958000.0,,,1192958000.0,0.0,74015000.0,0.0,0.063,2.385,151259000.0,225274000.0,0.977,225274000.0,151259000.0,85371000.0,1.41,1.39,1.41,1335279000.0,1247685250.0,1335279000.0,3085610178.0,20.0,13.697,-360955000.0,-7.003,1.0,230482000.0,1.0,0.0,65888000.0,3725366000.0,3396250750.0,0.0,254843000.0,,,1216892000.0,,,1999688178.0,-104733000.0,0.0,66281000.0,159194000.0,-135724000.0,258604000.0,-507362000.0,-6415000.0,144025000.0,0.0,85371000.0,72634000.0,72634000.0,-3306000.0,0.0,0.315,81186000.0,149296000.0,0.0,1.691,1.498,27.531,27.057,2190427000.0,12737000.0,38.15,8.676,8.532,77652000.0,-139073000.0,230482000.0,230482000.0,0.0,0.031,0.058,0.045,0.656,2887000.0,15798000.0,1.0,52416466.0,51544000,52082000.0,4.472,2552171000.0,0.0,0.0,0.0,49.514,
17,WELL,MRY,2003-12-31,2003-12-31,2003-12-31,2021-07-30,1000.0,2182731000.0,1900570500.0,,,0.097,26.386,-344958000.0,124496000.0,124496000.0,0.0,82740000.0,,0.899,1013184000.0,,,1013184000.0,0.0,56827000.0,0.0,0.065,2.34,128689000.0,185516000.0,1.006,185516000.0,128689000.0,82740000.0,1.62,1.6,1.62,1149679000.0,1014871500.0,1149679000.0,2667600608.0,21.0,14.379,-215437000.0,-4.944,1.0,184345000.0,1.0,0.0,45949000.0,3071419000.0,2729617250.0,0.0,254208000.0,,,1033052000.0,,,1772608608.0,114946000.0,0.0,231435000.0,236079000.0,-111081000.0,374171000.0,-388746000.0,-43937000.0,129521000.0,0.0,82740000.0,70732000.0,70732000.0,-6822000.0,0.0,0.384,63747000.0,120598000.0,0.0,1.444,1.542,25.061,22.222,1741537000.0,12008000.0,36.0,9.616,8.509,52159000.0,-88720000.0,184345000.0,184345000.0,0.0,0.037,0.07,0.047,0.698,0.0,11483000.0,1.0,49239128.0,43572000,44201000.0,4.231,2182731000.0,0.0,0.0,0.0,50.095,
18,WELL,MRY,2002-12-31,2002-12-31,2002-12-31,2021-07-30,-170000.0,1594110000.0,1490565250.0,,,0.101,24.446,-357427000.0,9550000.0,9550000.0,0.0,67659000.0,,0.777,676331000.0,,,676331000.0,0.0,44278000.0,0.0,0.087,2.34,105849000.0,150127000.0,0.999,150127000.0,105849000.0,67659000.0,1.5,1.48,1.5,897232000.0,857397750.0,897232000.0,1674576434.0,16.0,11.154,-252060000.0,-6.868,1.0,150320000.0,1.0,0.0,38190000.0,2260891000.0,2094291750.0,0.0,225133000.0,,,696878000.0,,,1056479434.0,-276000.0,0.0,166534000.0,182867000.0,-97139000.0,247787000.0,-353430000.0,4226000.0,105367000.0,0.0,67659000.0,55191000.0,55191000.0,-7207000.0,0.0,0.367,49243000.0,101077000.0,0.0,1.56,1.177,19.142,18.033,1306818000.0,12468000.0,27.05,7.028,6.605,43318000.0,-57589000.0,150320000.0,150320000.0,0.0,0.037,0.064,0.051,0.704,0.0,9665000.0,1.0,39056541.0,36702000,37301000.0,4.096,1594110000.0,0.0,0.0,0.0,43.434,
19,WELL,MRY,2001-12-31,2001-12-31,2001-12-31,2021-07-30,-923000.0,1269843000.0,1189791000.0,,,0.102,24.821,-124502000.0,9826000.0,9826000.0,0.0,60549000.0,,0.676,491216000.0,,,491216000.0,0.0,33441000.0,0.0,0.096,2.34,88959000.0,122400000.0,1.011,122400000.0,88959000.0,60549000.0,1.54,1.52,1.54,757870000.0,745284500.0,757870000.0,1166192806.0,13.0,9.528,-35820000.0,-1.173,1.0,121061000.0,1.0,0.0,28410000.0,1751233000.0,1601525750.0,0.0,263211000.0,,,511973000.0,,,793705806.0,6982000.0,0.0,82999000.0,6260000.0,-85270000.0,-2076000.0,-79624000.0,45140000.0,88682000.0,0.0,60549000.0,47044000.0,47044000.0,-6019000.0,0.0,0.389,35658000.0,85403000.0,0.0,1.519,1.047,16.872,15.812,956851000.0,13505000.0,24.35,6.556,6.142,32765000.0,-28109000.0,121061000.0,121061000.0,0.0,0.04,0.063,0.056,0.735,0.0,8078000.0,1.0,32595721.0,30534000,31027000.0,3.965,1269843000.0,0.0,0.0,0.0,41.588,
20,WELL,MRY,2000-12-31,2000-12-31,2000-12-31,2021-07-30,-744000.0,1156904000.0,1187594750.0,,,0.109,24.583,62417000.0,2844000.0,2844000.0,0.0,68056000.0,,0.656,439752000.0,,,439752000.0,0.0,25216000.0,0.0,0.036,0.585,100911000.0,126127000.0,0.974,126127000.0,100911000.0,68056000.0,1.92,1.91,1.92,698607000.0,703060000.0,698607000.0,901462429.0,9.0,7.147,143432000.0,5.047,1.0,129480000.0,1.0,0.0,32855000.0,1593812000.0,1648746500.0,0.0,322882000.0,,,458297000.0,,,466261429.0,715000.0,0.0,4129000.0,-99091000.0,-80327000.0,-176083000.0,95783000.0,34108000.0,81015000.0,0.0,68056000.0,54566000.0,54566000.0,-2500000.0,0.0,0.421,29753000.0,99727000.0,0.0,0.305,0.667,8.545,8.464,803987000.0,13490000.0,16.25,3.601,3.567,24252000.0,-3388000.0,129480000.0,129480000.0,0.0,0.046,0.078,0.061,0.779,0.0,7405000.0,1.0,28693011.0,28418000,28643000.0,4.556,1156904000.0,0.0,0.0,0.0,40.71,
21,WELL,MRY,1999-12-31,1999-12-31,1999-12-31,2021-07-30,593000.0,1271171000.0,1232147000.0,,,0.104,25.135,-196676000.0,2129000.0,2129000.0,0.0,75638000.0,,0.798,538842000.0,,,538842000.0,0.0,20104000.0,0.0,0.0,0.0,102554000.0,122658000.0,0.954,122658000.0,102554000.0,75638000.0,2.23,2.23,2.23,706996000.0,707292000.0,706996000.0,952747778.0,9.0,7.768,-101311000.0,-3.602,1.0,128604000.0,1.0,0.0,26916000.0,1807884000.0,1729860500.0,0.0,421656000.0,,,564175000.0,,,431062778.0,860000.0,0.0,4552000.0,119863000.0,-77189000.0,117932000.0,-212437000.0,-15382000.0,95365000.0,0.0,75638000.0,62824000.0,62824000.0,0.0,0.0,0.489,25450000.0,103154000.0,0.0,0.0,0.61,6.861,6.785,826779000.0,12814000.0,15.13,3.352,3.309,17296000.0,8883000.0,128604000.0,128604000.0,0.0,0.051,0.089,0.059,0.797,0.0,7359000.0,1.0,28490600.0,28128000,28384000.0,4.572,1271171000.0,0.0,0.0,0.0,45.192,
22,WELL,MRY,1998-12-31,1998-12-31,1998-12-31,2021-07-30,3982000.0,1073424000.0,955442750.0,,,0.101,24.777,-258637000.0,1269000.0,1269000.0,0.0,62309000.0,,0.694,418979000.0,,,418979000.0,0.0,11654000.0,0.0,0.0,0.0,80339000.0,91993000.0,0.949,91993000.0,80339000.0,62309000.0,2.27,2.24,2.27,633759000.0,568400000.0,633759000.0,1115471196.0,14.0,12.126,-182891000.0,-7.15,1.0,96943000.0,1.0,0.0,18030000.0,1491134000.0,1320754000.0,0.0,438003000.0,,,439665000.0,,,725694196.0,-112000.0,0.0,90120000.0,169909000.0,-60716000.0,270725000.0,-346583000.0,-87618000.0,75746000.0,0.0,62309000.0,58149000.0,58149000.0,0.0,0.0,0.6,17053000.0,79890000.0,0.0,0.0,1.145,12.48,11.401,619989000.0,4160000.0,25.88,7.486,6.829,11774000.0,10434000.0,96943000.0,96943000.0,0.0,0.061,0.102,0.061,0.829,0.0,6114000.0,1.0,28040734.0,25579000,25954000.0,3.79,1073424000.0,0.0,0.0,0.0,41.965,
23,WELL,MRY,1997-12-31,1997-12-31,1997-12-31,2021-07-30,4671000.0,734327000.0,627079000.0,,,0.117,21.762,-133266000.0,1381000.0,1381000.0,0.0,46478000.0,,0.563,249070000.0,,,249070000.0,0.0,6341000.0,0.0,0.0,0.0,61843000.0,68184000.0,0.93,68184000.0,61843000.0,46478000.0,2.15,2.12,2.15,469924000.0,397730000.0,469924000.0,,,,-77258000.0,-3.578,1.0,73308000.0,1.0,0.0,15365000.0,982016000.0,842830500.0,0.0,425917000.0,,,264403000.0,,,684917116.0,800000.0,0.0,139554000.0,64675000.0,-45804000.0,156861000.0,-212069000.0,-78590000.0,56008000.0,0.0,46478000.0,46478000.0,46478000.0,0.0,0.0,0.634,10865000.0,62443000.0,0.0,0.0,1.458,14.736,13.084,297275000.0,0.0,28.13,9.343,8.286,7478000.0,8841000.0,73308000.0,73308000.0,0.0,0.074,0.117,0.073,0.844,0.0,4858000.0,1.0,24348280.0,21594000,21929000.0,3.395,734327000.0,0.0,0.0,0.0,34.006,
24,WELL,MRY,1996-12-31,1996-12-31,1996-12-31,2021-07-30,768000.0,519831000.0,,,,,23.099,-56575000.0,581000.0,581000.0,0.0,30676000.0,,0.597,184395000.0,,,184395000.0,0.0,3271000.0,0.0,0.0,0.0,45311000.0,48582000.0,0.893,48582000.0,45311000.0,30676000.0,2.18,2.17,2.18,325536000.0,,325536000.0,,,,-20355000.0,-1.444,1.0,54402000.0,1.0,0.0,14635000.0,703645000.0,,0.0,360039000.0,,,194295000.0,,,,-279000.0,0.0,135767000.0,21635000.0,-28427000.0,128483000.0,-164982000.0,-108186000.0,36220000.0,0.0,30676000.0,30676000.0,30676000.0,0.0,0.0,0.564,7683000.0,46719000.0,0.0,0.0,,,11.239,153623000.0,0.0,24.5,,6.347,4156000.0,8167000.0,54402000.0,54402000.0,0.0,,,,0.833,0.0,4448000.0,1.0,,14093000,14150000.0,3.86,519831000.0,0.0,0.0,0.0,36.886,
25,WELL,MRY,1995-12-31,1995-12-31,1995-12-31,2021-07-30,,,,,,,,-2976000.0,,,0.0,13635000.0,,,,,,,,2329000.0,,0.0,0.0,26386000.0,28715000.0,0.644,28715000.0,26386000.0,13635000.0,1.16,1.16,1.16,,,,,,,24177000.0,2.065,1.0,44596000.0,1.0,,12751000.0,,,,,,,,,,,-75000.0,0.0,3104000.0,34487000.0,-24215000.0,13351000.0,-40579000.0,-37600000.0,27153000.0,0.0,13635000.0,13635000.0,13635000.0,0.0,0.0,0.306,18210000.0,26386000.0,,0.0,,,15.517,,0.0,18.0,,4.726,,,44596000.0,44596000.0,0.0,,,,0.592,0.0,2899000.0,1.0,,11710000,11728000.0,3.808,,,0.0,,,
0,WELL,MRQ,2021-06-30,2021-06-30,2021-06-30,2021-07-30,-127948000.0,32176116000.0,,,,,38.137,36030000.0,808704000.0,808704000.0,642657000.0,45757000.0,,0.938,13871538000.0,,,13871538000.0,0.0,240885000.0,0.0,0.029,0.61,146377000.0,387262000.0,0.339,387262000.0,146377000.0,24036000.0,0.06,0.06,0.06,15920446000.0,,15920446000.0,47059231550.0,43.0,22.776,371285000.0,0.889,1.0,498335000.0,0.437,68321000.0,122341000.0,45170629000.0,,0.0,2117411000.0,,,14932908000.0,,,34695953550.0,-1750118000.0,-463063000.0,366464000.0,-1079793000.0,-254750000.0,-1020017000.0,-1065994000.0,-634099000.0,335255000.0,638000.0,26257000.0,26257000.0,26257000.0,0.0,19500000.0,0.023,307341000.0,190994000.0,0.0,10.167,2.179,59.095,58.936,28179237000.0,0.0,83.1,7.973,7.971,1002443000.0,-5428744000.0,1140992000.0,1140992000.0,0.0,,,,,4757000.0,31436000.0,1.0,417520500.0,417452000,419305000.0,2.733,32107795000.0,0.0,-2221000.0,0.0,76.914,
1,WELL,MRQ,2021-03-31,2021-03-31,2021-03-31,2021-07-30,-128136000.0,32992251000.0,,,,,37.865,171823000.0,2558822000.0,2558822000.0,617326000.0,72192000.0,,1.009,14922100000.0,,,14922100000.0,0.0,244426000.0,0.0,0.034,0.61,198631000.0,443057000.0,0.421,443057000.0,198631000.0,75489000.0,0.17,0.17,0.17,15798878000.0,,15798878000.0,42093090084.0,34.0,18.69,475481000.0,1.14,1.0,434736000.0,0.413,68321000.0,123142000.0,45287208000.0,,0.0,1507684000.0,,,15945319000.0,,,29897147084.0,537779000.0,-260268000.0,0.0,656019000.0,-254915000.0,371903000.0,-139140000.0,-46199000.0,303658000.0,1358000.0,71546000.0,71546000.0,71546000.0,0.0,646000.0,0.068,310848000.0,123888000.0,0.0,3.588,1.892,40.396,40.242,27919785000.0,0.0,71.63,6.796,6.793,937639000.0,-5199529000.0,1052062000.0,1052062000.0,0.0,,,,,5576000.0,29926000.0,1.0,417383039.0,417241000,419079000.0,2.521,32923930000.0,0.0,3943000.0,0.0,78.909,
2,WELL,MRQ,2020-12-31,2020-12-31,2020-12-31,2021-07-30,-148504000.0,32483642000.0,,,,,38.273,640777000.0,2021043000.0,2021043000.0,620561000.0,155278000.0,,0.955,14216986000.0,,,14216986000.0,0.0,242733000.0,0.0,0.042,0.61,285192000.0,527925000.0,0.471,527925000.0,285192000.0,164019000.0,0.4,0.39,0.4,15972719000.0,,15972719000.0,39019981053.0,26.0,15.352,895949000.0,2.147,1.0,501455000.0,0.447,68321000.0,121173000.0,44611264000.0,,0.0,1389606000.0,,,15258580000.0,,,26966240053.0,-134291000.0,-614194000.0,0.0,-139770000.0,-255117000.0,-414663000.0,18183000.0,-4162000.0,255172000.0,7017000.0,163729000.0,163729000.0,163729000.0,0.0,-8451000.0,0.146,313555000.0,187900000.0,0.0,1.525,1.688,27.549,27.381,28031575000.0,0.0,64.62,5.855,5.829,973097000.0,-5016123000.0,1122016000.0,1122016000.0,0.0,,,,,7380000.0,27848000.0,1.0,417304860.0,417338000,418968000.0,2.689,32415321000.0,0.0,290000.0,0.0,77.672,
3,WELL,MRQ,2020-09-30,2020-09-30,2020-09-30,2021-07-30,-126469000.0,32541597000.0,,,,,38.625,1429973000.0,2155333000.0,2155333000.0,634717000.0,394978000.0,,0.947,14209074000.0,,,14209074000.0,0.0,255532000.0,0.0,0.054,0.61,452439000.0,707971000.0,0.683,707971000.0,452439000.0,327588000.0,0.78,0.77,0.78,16107874000.0,,16107874000.0,36045926563.0,23.0,13.719,1727941000.0,4.143,1.0,402157000.0,0.388,68321000.0,124851000.0,44527017000.0,,0.0,1237292000.0,,,15250442000.0,,,22989095563.0,329091000.0,-44791000.0,0.0,-758999000.0,-253268000.0,-1161886000.0,1187565000.0,-193670000.0,297968000.0,5444000.0,325585000.0,325585000.0,325585000.0,0.0,69393000.0,0.314,322787000.0,79370000.0,0.0,0.782,1.427,22.117,21.861,27933401000.0,0.0,55.09,4.843,4.84,1147250000.0,-4925022000.0,1036874000.0,1036874000.0,0.0,,,,,6565000.0,31003000.0,1.0,417300700.0,417027000,418987000.0,2.486,32473276000.0,0.0,2003000.0,0.0,77.869,
4,WELL,MRQ,2020-06-30,2020-06-30,2020-06-30,2021-07-30,-116856000.0,33162652000.0,,,,,38.477,1099718000.0,1826243000.0,1826243000.0,660764000.0,159216000.0,,0.991,14883074000.0,,,14883074000.0,0.0,265371000.0,0.0,0.062,0.61,307836000.0,573207000.0,0.482,573207000.0,307836000.0,181479000.0,0.43,0.42,0.43,16048140000.0,,16048140000.0,35641216620.0,19.0,12.193,1499477000.0,3.595,1.0,527711000.0,0.444,68321000.0,126357000.0,46151162000.0,,0.0,1011792000.0,,,15898980000.0,,,21604553620.0,1433177000.0,-83354000.0,-3344000.0,429790000.0,-256169000.0,39986000.0,992432000.0,-19391000.0,399759000.0,1000000.0,179246000.0,179246000.0,179246000.0,0.0,-20030000.0,0.151,395429000.0,132282000.0,0.0,1.419,1.346,16.571,16.172,28930323000.0,0.0,51.75,4.342,4.338,1325973000.0,-4996097000.0,1188475000.0,1188475000.0,0.0,,,,,7290000.0,34062000.0,1.0,417479297.0,417084000,419121000.0,2.849,33094331000.0,0.0,2233000.0,0.0,79.347,
5,WELL,MRQ,2020-03-31,2020-03-31,2020-03-31,2021-07-30,-96213000.0,32923028000.0,,,,,39.319,683235000.0,393066000.0,393066000.0,681781000.0,329380000.0,,0.956,14429729000.0,,,14429729000.0,0.0,274801000.0,0.0,0.076,0.87,457733000.0,732534000.0,0.582,732534000.0,457733000.0,315726000.0,0.76,0.75,0.76,16132783000.0,,16132783000.0,33787972369.0,19.0,11.737,1095092000.0,2.669,1.0,576821000.0,0.458,68321000.0,142007000.0,46891370000.0,,0.0,923725000.0,,,15427332000.0,,,18784973369.0,7300000.0,-524376000.0,591001000.0,-729257000.0,-354678000.0,-544295000.0,149748000.0,-4365000.0,411857000.0,-10010000.0,310284000.0,310284000.0,310284000.0,0.0,19096000.0,0.247,352052000.0,224769000.0,0.0,1.145,1.164,14.882,14.72,30153890000.0,0.0,45.78,3.678,3.678,1384026000.0,-4920497000.0,1258602000.0,1258602000.0,0.0,,,,,7083000.0,35481000.0,1.0,410331441.0,410306000,412420000.0,3.067,32854707000.0,0.0,5442000.0,0.0,80.074,
6,WELL,MRQ,2019-12-31,2019-12-31,2019-12-31,2021-07-30,-112157000.0,33380751000.0,,,,,38.272,-138207000.0,385766000.0,385766000.0,662520000.0,240136000.0,,1.055,15388765000.0,,,15388765000.0,0.0,262644000.0,0.0,0.043,0.87,351140000.0,613784000.0,0.486,613784000.0,351140000.0,219492000.0,0.55,0.54,0.55,15540444000.0,,15540444000.0,46997737043.0,26.0,16.678,187861000.0,0.463,1.0,600302000.0,0.475,68321000.0,131648000.0,48315429000.0,,0.0,853805000.0,,,16398247000.0,,,33186291043.0,55031000.0,-922705000.0,370020000.0,720625000.0,-352744000.0,709683000.0,-990466000.0,75314000.0,326068000.0,9746000.0,224324000.0,224324000.0,224324000.0,0.0,15812000.0,0.178,300222000.0,300080000.0,0.0,1.582,2.135,26.927,26.638,30848889000.0,0.0,81.78,6.48,6.417,1223970000.0,-4869568000.0,1262822000.0,1262822000.0,0.0,,,,,4546000.0,26507000.0,1.0,405799597.0,406057000,407996000.0,3.11,33312430000.0,0.0,-4832000.0,0.0,82.039,
7,WELL,MRQ,2019-09-30,2019-09-30,2019-09-30,2021-07-30,-117676000.0,31863955000.0,,,,,37.692,1799310000.0,330735000.0,330735000.0,655588000.0,647932000.0,,0.994,14142181000.0,,,14142181000.0,0.0,272445000.0,0.0,0.038,0.87,731187000.0,1003632000.0,0.793,1003632000.0,731187000.0,593844000.0,1.46,1.45,1.46,15266065000.0,,15266065000.0,51995735870.0,31.0,19.212,2154728000.0,5.32,1.0,610545000.0,0.482,68321000.0,137343000.0,45607080000.0,,0.0,556854000.0,,,15167885000.0,,,36735623870.0,-28983000.0,-333413000.0,38949000.0,-1407917000.0,-352869000.0,-1853337000.0,1473039000.0,11290000.0,355418000.0,-4103000.0,589876000.0,589876000.0,589876000.0,0.0,58056000.0,0.466,328990000.0,281555000.0,0.0,0.596,2.406,33.099,32.491,29705375000.0,0.0,90.65,7.203,7.199,1202670000.0,-4740602000.0,1266133000.0,1266133000.0,0.0,,,,,5309000.0,31019000.0,1.0,405246816.0,405023000,406891000.0,3.126,31795634000.0,0.0,3968000.0,0.0,78.503,
8,WELL,MRQ,2019-06-30,2019-06-30,2019-06-30,2021-07-30,-100622000.0,33148697000.0,,,,,37.059,-153171000.0,359718000.0,359718000.0,701127000.0,150040000.0,,1.113,15619830000.0,,,15619830000.0,0.0,248052000.0,0.0,0.043,0.87,280697000.0,528749000.0,0.401,528749000.0,280697000.0,139361000.0,0.34,0.34,0.34,14994455000.0,,14994455000.0,45745507194.0,39.0,21.161,357416000.0,0.883,1.0,618979000.0,0.469,68321000.0,141336000.0,48340488000.0,,0.0,519387000.0,,,16695891000.0,,,33014811194.0,-47721000.0,-2522225000.0,113613000.0,2448114000.0,-352296000.0,2173009000.0,-2728632000.0,-49307000.0,510587000.0,-2685000.0,137762000.0,137762000.0,137762000.0,0.0,12278000.0,0.104,315273000.0,303706000.0,0.0,2.559,2.202,56.496,54.353,31064913000.0,0.0,81.53,6.512,6.506,1136358000.0,-4977228000.0,1320106000.0,1320106000.0,0.0,,,,,7663000.0,33741000.0,1.0,404940650.0,404607000,406673000.0,3.263,33080376000.0,0.0,1599000.0,0.0,81.759,
9,WELL,MRQ,2019-03-31,2019-03-31,2019-03-31,2021-07-30,-144618000.0,30637336000.0,,,,,38.517,490406000.0,407439000.0,407439000.0,670807000.0,292302000.0,,0.938,13138135000.0,,,13138135000.0,0.0,243932000.0,0.0,0.045,0.87,427924000.0,671856000.0,0.528,671856000.0,427924000.0,282692000.0,0.72,0.71,0.72,15078491000.0,,15078491000.0,42962643577.0,36.0,19.884,834301000.0,2.131,1.0,601438000.0,0.473,68321000.0,145232000.0,43299711000.0,,0.0,484265000.0,,,14138960000.0,,,29981628577.0,91310000.0,-244740000.0,533543000.0,-621693000.0,-342803000.0,-452205000.0,197268000.0,-46071000.0,343895000.0,2352000.0,280470000.0,280470000.0,280470000.0,0.0,11832000.0,0.22,285483000.0,315955000.0,0.0,1.208,1.988,49.882,49.114,28592908000.0,0.0,77.6,6.149,6.23,1084403000.0,-4761313000.0,1272245000.0,1272245000.0,0.0,,,,,7529000.0,35282000.0,1.0,386361193.0,391474000,393452000.0,3.25,30569015000.0,0.0,2222000.0,0.0,78.087,
10,WELL,MRQ,2018-12-31,2018-12-31,2018-12-31,2021-07-30,-129769000.0,30342072000.0,,,,,38.677,3358795000.0,316129000.0,316129000.0,650644000.0,124696000.0,,0.979,13297144000.0,,,13297144000.0,0.0,242834000.0,0.0,0.05,0.87,259312000.0,502146000.0,0.405,502146000.0,259312000.0,114943000.0,0.27,0.26,0.27,14632334000.0,,14632334000.0,39296253845.0,29.0,17.155,3731591000.0,9.863,1.0,590599000.0,0.476,68321000.0,144369000.0,43254766000.0,,0.0,482914000.0,,,14331427000.0,,,26073478845.0,34844000.0,-3624854000.0,547164000.0,-289855000.0,-342589000.0,-81191000.0,-253178000.0,14429000.0,372796000.0,-3583000.0,113439000.0,101763000.0,101763000.0,0.0,11257000.0,0.082,362085000.0,228514000.0,0.0,3.222,1.782,34.386,34.192,28420769000.0,11676000.0,69.41,5.547,5.517,1053939000.0,-4697023000.0,1241243000.0,1241243000.0,0.0,,,,,4846000.0,31101000.0,1.0,375644415.0,378324000,380086000.0,3.281,30273751000.0,0.0,1504000.0,0.0,80.021,
11,WELL,MRQ,2018-09-30,2018-09-30,2018-09-30,2021-07-30,-138491000.0,30249119000.0,,,,,38.356,-2421126000.0,281285000.0,281285000.0,657157000.0,84226000.0,,1.019,13504060000.0,,,13504060000.0,0.0,243149000.0,0.0,0.054,0.87,215833000.0,458982000.0,0.371,458982000.0,215833000.0,77801000.0,0.17,0.17,0.17,14307685000.0,,14307685000.0,35092003067.0,31.0,16.871,-2048402000.0,-5.491,1.0,579222000.0,0.468,68321000.0,138032000.0,43403573000.0,,0.0,764016000.0,,,14579054000.0,,,23928827067.0,8902000.0,28427000.0,232223000.0,2038915000.0,-335415000.0,1899849000.0,-2263544000.0,131076000.0,372724000.0,-127000.0,76060000.0,64384000.0,64384000.0,0.0,8166000.0,0.052,376252000.0,202970000.0,0.0,5.118,1.672,43.909,44.055,28097245000.0,11676000.0,64.32,5.244,5.258,1038252000.0,-4469925000.0,1236379000.0,1236379000.0,0.0,,,,,6075000.0,28746000.0,1.0,372027784.0,373023000,374487000.0,3.314,30180798000.0,0.0,1741000.0,0.0,80.909,
12,WELL,MRQ,2018-06-30,2018-06-30,2018-06-30,2021-07-30,-132631000.0,27618982000.0,,,,,38.591,-240006000.0,272383000.0,272383000.0,568751000.0,167273000.0,,0.866,11435559000.0,,,11435559000.0,0.0,236275000.0,0.0,0.056,0.87,291365000.0,527640000.0,0.469,527640000.0,291365000.0,169949000.0,0.42,0.41,0.42,14341923000.0,,14341923000.0,34405242363.0,31.0,16.7,229774000.0,0.618,1.0,557161000.0,0.495,68321000.0,121416000.0,38713837000.0,,0.0,831122000.0,,,12420338000.0,,,23319521363.0,8264000.0,-10385000.0,2974000.0,217051000.0,-335351000.0,-164941000.0,-290826000.0,-38335000.0,469780000.0,-5749000.0,166108000.0,154432000.0,154432000.0,0.0,1165000.0,0.137,276336000.0,280825000.0,0.0,2.071,1.626,42.046,42.074,25357869000.0,11676000.0,62.69,5.278,5.273,1089287000.0,-4210127000.0,1125912000.0,1125912000.0,0.0,,,,,5168000.0,32831000.0,1.0,371981518.0,371640000,373075000.0,3.03,27550661000.0,0.0,3841000.0,0.0,74.133,
13,WELL,MRQ,2018-03-31,2018-03-31,2018-03-31,2021-07-30,-91253000.0,27746659000.0,,,,,39.196,417318000.0,264119000.0,264119000.0,556465000.0,453555000.0,,0.845,11349840000.0,,,11349840000.0,0.0,228201000.0,0.0,0.064,0.87,573710000.0,801911000.0,0.731,801911000.0,573710000.0,450935000.0,1.18,1.17,1.18,14558435000.0,,14558435000.0,31652605355.0,28.0,15.326,785962000.0,2.116,1.0,540500000.0,0.493,68321000.0,122775000.0,38764059000.0,,0.0,808246000.0,,,12298458000.0,,,20229972355.0,-45184000.0,514000.0,7214000.0,-481329000.0,-335508000.0,-835349000.0,421077000.0,5581000.0,368644000.0,444000.0,449347000.0,437671000.0,437671000.0,0.0,4208000.0,0.399,286630000.0,253870000.0,0.0,0.737,1.39,34.368,34.449,25573303000.0,11676000.0,54.43,4.649,4.646,1032670000.0,-4041187000.0,1096965000.0,1096965000.0,0.0,,,,,11557000.0,33705000.0,1.0,371669527.0,371426000,373257000.0,2.953,27678338000.0,0.0,1588000.0,0.0,74.519,
14,WELL,MRQ,2017-12-31,2017-12-31,2017-12-31,2021-07-30,-111465000.0,27944445000.0,,,,,38.912,588384000.0,309303000.0,309303000.0,547904000.0,-89743000.0,,0.877,11731936000.0,,,11731936000.0,0.0,238458000.0,0.0,0.055,0.87,53033000.0,291491000.0,0.264,291491000.0,53033000.0,-74184000.0,-0.31,-0.3,-0.31,14423147000.0,,14423147000.0,34843936368.0,34.0,17.876,860097000.0,2.32,1.0,556354000.0,0.504,68321000.0,127217000.0,39298757000.0,,0.0,873084000.0,,,12643799000.0,,,23617655368.0,13992000.0,-834294000.0,90995000.0,256846000.0,-332996000.0,-14420000.0,-245837000.0,3529000.0,271713000.0,2536000.0,-99847000.0,-111523000.0,-111523000.0,0.0,10104000.0,-0.101,426812000.0,129542000.0,0.0,-2.806,1.637,50.945,50.611,25743578000.0,11676000.0,63.77,5.471,5.425,950159000.0,-4155132000.0,1104258000.0,1104258000.0,0.0,,,,,2643000.0,28365000.0,1.0,370356835.0,370660000,372322000.0,2.979,27876124000.0,0.0,25663000.0,0.0,75.207,
15,WELL,MRQ,2017-09-30,2017-09-30,2017-09-30,2021-07-30,-141240000.0,28180379000.0,,,,,39.909,-417831000.0,295311000.0,295311000.0,523997000.0,89299000.0,,0.852,11521592000.0,,,11521592000.0,0.0,230138000.0,0.0,0.049,0.87,208966000.0,439104000.0,0.402,439104000.0,208966000.0,86388000.0,0.2,0.2,0.2,14729925000.0,,14729925000.0,36817098982.0,26.0,15.701,-99476000.0,-0.27,1.0,567486000.0,0.52,68321000.0,122578000.0,39338339000.0,,0.0,898951000.0,,,12548967000.0,,,25924793982.0,-192330000.0,3199000.0,106541000.0,35410000.0,-332266000.0,-167130000.0,-356222000.0,60955000.0,318355000.0,12667000.0,85719000.0,74043000.0,74043000.0,0.0,3580000.0,0.068,359970000.0,207516000.0,0.0,4.35,1.76,28.547,28.112,25898548000.0,11676000.0,70.28,6.042,6.046,1019248000.0,-3721919000.0,1091483000.0,1091483000.0,0.0,,,,,6790000.0,29913000.0,1.0,368878685.0,369089000,370740000.0,2.957,28112058000.0,0.0,669000.0,0.0,76.166,
16,WELL,MRQ,2017-06-30,2017-06-30,2017-06-30,2021-07-30,-163624000.0,27975786000.0,,,,,40.458,-148799000.0,487641000.0,487641000.0,501855000.0,203441000.0,,0.828,11379946000.0,,,11379946000.0,0.0,224848000.0,0.0,0.046,0.87,307892000.0,532740000.0,0.503,532740000.0,307892000.0,191661000.0,0.51,0.51,0.51,14828832000.0,,14828832000.0,38438618384.0,23.0,14.759,309784000.0,0.845,1.0,556747000.0,0.526,68321000.0,116231000.0,38799770000.0,,0.0,940157000.0,,,12273387000.0,,,27407570384.0,64504000.0,-29335000.0,304800000.0,-185428000.0,-330561000.0,-239351000.0,-163534000.0,17959000.0,458583000.0,8806000.0,200109000.0,188429000.0,188429000.0,0.0,3332000.0,0.178,278185000.0,278562000.0,0.0,1.706,1.848,23.445,23.173,25476268000.0,11680000.0,74.85,6.406,6.412,1003399000.0,-3474634000.0,1058602000.0,1058602000.0,0.0,,,,,4763000.0,32632000.0,1.0,366166605.0,366524000,368149000.0,2.888,27907465000.0,0.0,-8448000.0,0.0,76.141,
17,WELL,MRQ,2017-03-31,2017-03-31,2017-03-31,2021-07-30,-177200000.0,27767277000.0,,,,,40.372,873269000.0,423137000.0,423137000.0,510169000.0,337610000.0,,0.838,11454185000.0,,,11454185000.0,0.0,228276000.0,0.0,0.049,0.87,457629000.0,685905000.0,0.646,685905000.0,457629000.0,339032000.0,0.86,0.86,0.86,14636203000.0,,14636203000.0,37427414925.0,21.0,14.167,1258795000.0,3.472,1.0,552129000.0,0.52,68321000.0,118597000.0,38730004000.0,,0.0,983994000.0,,,12271596000.0,,,25676389925.0,-184083000.0,11088000.0,119651000.0,-932902000.0,-329794000.0,-1492626000.0,920174000.0,39946000.0,385526000.0,2843000.0,336787000.0,312639000.0,312639000.0,0.0,823000.0,0.294,283307000.0,268822000.0,0.0,1.012,1.754,21.832,21.657,25235502000.0,24148000.0,70.82,5.976,5.976,1056323000.0,-3344182000.0,1062298000.0,1062298000.0,0.0,,,,,4906000.0,31101000.0,1.0,362558457.0,362534000,364652000.0,2.93,27698956000.0,0.0,2245000.0,0.0,76.404,
18,WELL,MRQ,2016-12-31,2016-12-31,2016-12-31,2021-07-30,-169531000.0,28865184000.0,,,,,40.86,3104457000.0,607220000.0,607220000.0,494835000.0,351109000.0,,0.891,12358245000.0,,,12358245000.0,0.0,227916000.0,0.0,0.051,0.86,459170000.0,687086000.0,0.637,687086000.0,459170000.0,332810000.0,0.93,0.92,0.93,14806393000.0,,14806393000.0,37183377937.0,24.0,14.986,3463353000.0,9.558,1.0,583487000.0,0.541,68321000.0,126360000.0,40547888000.0,,0.0,1073203000.0,,,13185279000.0,,,24264243937.0,116821000.0,-2157883000.0,14127000.0,-996250000.0,-328489000.0,-1339184000.0,1107693000.0,144735000.0,358896000.0,-10584000.0,349395000.0,333044000.0,333044000.0,0.0,1714000.0,0.309,290003000.0,293484000.0,0.0,0.925,1.639,23.967,23.65,25947564000.0,16351000.0,66.93,5.668,5.601,1168876000.0,-3341406000.0,1078322000.0,1078322000.0,0.0,,,,,8251000.0,32807000.0,1.0,362531659.0,362367000,364652000.0,2.976,28796863000.0,0.0,-16585000.0,0.0,79.469,
19,WELL,MRQ,2016-09-30,2016-09-30,2016-09-30,2021-07-30,-151184000.0,29856339000.0,,,,,41.205,-882113000.0,511754000.0,511754000.0,473680000.0,354741000.0,,0.96,13430888000.0,,,13430888000.0,0.0,218061000.0,0.0,0.046,0.86,480656000.0,698717000.0,0.647,698717000.0,480656000.0,350957000.0,0.93,0.93,0.93,14789845000.0,,14789845000.0,39210018364.0,28.0,17.047,-457602000.0,-1.275,1.0,605453000.0,0.561,68321000.0,129699000.0,42707152000.0,,0.0,1109402000.0,,,14198571000.0,,,26761316364.0,-37968000.0,51160000.0,361035000.0,445702000.0,-324570000.0,468460000.0,-929701000.0,-69422000.0,424511000.0,-1238000.0,351262000.0,334910000.0,334910000.0,0.0,3479000.0,0.31,284436000.0,321017000.0,0.0,0.925,1.809,32.946,32.938,26898125000.0,16352000.0,74.77,6.323,6.341,1268737000.0,-3362312000.0,1079133000.0,1079133000.0,0.0,,,,,5401000.0,36828000.0,1.0,357915158.0,358932000,361237000.0,3.007,29788018000.0,0.0,-305000.0,0.0,82.991,
20,WELL,MRQ,2016-06-30,2016-06-30,2016-06-30,2021-07-30,-159638000.0,28964501000.0,,,,,40.358,-221307000.0,525025000.0,525025000.0,458832000.0,210749000.0,,0.952,12973727000.0,,,12973727000.0,0.0,226569000.0,0.0,0.044,0.86,343639000.0,570208000.0,0.53,570208000.0,343639000.0,211313000.0,0.55,0.54,0.55,14393374000.0,,14393374000.0,39837388472.0,32.0,18.762,253741000.0,0.711,1.0,617825000.0,0.574,68321000.0,132326000.0,41344882000.0,,0.0,1190745000.0,,,13701807000.0,,,27192315472.0,110636000.0,-19306000.0,65599000.0,41148000.0,-323744000.0,-236166000.0,-119471000.0,121712000.0,475048000.0,-8775000.0,211826000.0,195474000.0,195474000.0,0.0,-1077000.0,0.182,274801000.0,343024000.0,0.0,1.564,1.889,41.237,40.952,26042749000.0,16352000.0,76.17,6.581,6.574,1137661000.0,-3389003000.0,1076657000.0,1076657000.0,0.0,,,,,7031000.0,39914000.0,1.0,356995083.0,356646000,358891000.0,3.019,28896180000.0,0.0,-513000.0,0.0,81.022,
21,WELL,MRQ,2016-03-31,2016-03-31,2016-03-31,2021-07-30,-109053000.0,29088293000.0,,,,,40.892,-273246000.0,418125000.0,418125000.0,449636000.0,165474000.0,,0.946,13063198000.0,,,13063198000.0,0.0,228696000.0,0.0,0.048,0.86,296556000.0,525252000.0,0.502,525252000.0,296556000.0,163596000.0,0.42,0.42,0.42,14519594000.0,,14519594000.0,37170468502.0,28.0,16.765,107363000.0,0.302,1.0,597414000.0,0.571,68321000.0,132960000.0,41665045000.0,,0.0,1270361000.0,,,13728843000.0,,,24625472502.0,-4959000.0,-1037000.0,93433000.0,43353000.0,-322122000.0,-143927000.0,-241964000.0,35750000.0,380609000.0,323000.0,165321000.0,148969000.0,148969000.0,0.0,153000.0,0.142,296909000.0,300505000.0,0.0,2.048,1.696,31.713,31.518,26213333000.0,16352000.0,69.34,6.137,6.136,1118153000.0,-3277085000.0,1047050000.0,1047050000.0,0.0,,,,,8186000.0,45691000.0,1.0,355140936.0,355076000,356051000.0,2.949,29019972000.0,0.0,-1725000.0,0.0,81.729,
22,WELL,MRQ,2015-12-31,2015-12-31,2015-12-31,2021-07-30,-88243000.0,29023845000.0,,,,,41.253,-851901000.0,422690000.0,422690000.0,438738000.0,149415000.0,,0.937,12967686000.0,,,12967686000.0,0.0,222809000.0,0.0,0.049,0.825,283062000.0,505871000.0,0.491,505871000.0,283062000.0,151964000.0,0.37,0.37,0.37,14590560000.0,,14590560000.0,35175398065.0,25.0,15.926,-505626000.0,-1.43,1.0,590746000.0,0.574,68321000.0,131098000.0,41500520000.0,,0.0,1361773000.0,,,13664877000.0,,,24074423065.0,50951000.0,-29705000.0,113741000.0,938715000.0,-308515000.0,707373000.0,-996433000.0,-101956000.0,346275000.0,-6264000.0,149282000.0,132931000.0,132931000.0,0.0,133000.0,0.129,335858000.0,254888000.0,0.0,2.23,1.65,29.418,28.949,26069193000.0,16351000.0,68.03,6.237,6.138,1101868000.0,-3120284000.0,1029484000.0,1029484000.0,0.0,,,,,5189000.0,36854000.0,1.0,353879510.0,353685000,355055000.0,2.911,28955524000.0,0.0,2682000.0,0.0,81.868,
23,WELL,MRQ,2015-09-30,2015-09-30,2015-09-30,2021-07-30,-94359000.0,27456366000.0,,,,,41.633,-297176000.0,366800000.0,366800000.0,408703000.0,199257000.0,,0.83,11467775000.0,,,11467775000.0,0.0,205800000.0,0.0,0.048,0.825,316181000.0,521981000.0,0.533,521981000.0,316181000.0,195051000.0,0.52,0.52,0.52,14645093000.0,,14645093000.0,35091363022.0,25.0,15.744,119802000.0,0.341,1.0,570294000.0,0.583,68321000.0,121130000.0,38489020000.0,,0.0,1311266000.0,,,12154426000.0,,,23829645022.0,74100000.0,1021000.0,79631000.0,20761000.0,-307001000.0,-54772000.0,-283200000.0,16730000.0,416978000.0,-4906000.0,198395000.0,182043000.0,182043000.0,0.0,862000.0,0.186,252082000.0,318212000.0,0.0,1.587,1.627,27.263,26.248,24596880000.0,16352000.0,67.72,6.444,6.442,1048909000.0,-2961051000.0,978997000.0,978997000.0,0.0,,,,,5477000.0,36950000.0,1.0,351884894.0,351765000,353107000.0,2.783,27388045000.0,0.0,-3344000.0,0.0,77.859,
24,WELL,MRQ,2015-06-30,2015-06-30,2015-06-30,2021-07-30,-81670000.0,27407482000.0,,,,,41.916,-399250000.0,290648000.0,290648000.0,398354000.0,330459000.0,,0.831,11552366000.0,,,11552366000.0,0.0,208802000.0,0.0,0.049,0.825,455203000.0,664005000.0,0.694,664005000.0,455203000.0,336342000.0,0.89,0.89,0.89,14687173000.0,,14687173000.0,33738964530.0,25.0,15.557,-6086000.0,-0.017,1.0,558815000.0,0.584,68321000.0,118861000.0,38600879000.0,,0.0,1330164000.0,,,12202803000.0,,,23011625530.0,15669000.0,-5990000.0,72803000.0,293410000.0,-305696000.0,31894000.0,-412674000.0,-19457000.0,393164000.0,3285000.0,328925000.0,312573000.0,312573000.0,0.0,1534000.0,0.327,270350000.0,288465000.0,0.0,0.927,1.567,27.783,26.252,24704270000.0,16352000.0,65.63,6.452,6.448,948352000.0,-2852444000.0,957169000.0,957169000.0,0.0,,,,,11124000.0,38474000.0,1.0,350626627.0,350399000,351366000.0,2.732,27339161000.0,0.0,7417000.0,0.0,78.023,
25,WELL,MRQ,2015-03-31,2015-03-31,2015-03-31,2021-07-30,-107496000.0,26629395000.0,,,,,43.223,-1413109000.0,287450000.0,287450000.0,376461000.0,209422000.0,,0.798,11014789000.0,,,11014789000.0,0.0,188829000.0,0.0,0.041,0.825,327927000.0,516756000.0,0.578,516756000.0,327927000.0,206847000.0,0.57,0.56,0.57,14555387000.0,,14555387000.0,35796638329.0,32.0,18.547,-1186927000.0,-3.525,1.0,517716000.0,0.579,68321000.0,121080000.0,37288413000.0,,0.0,1460735000.0,,,11618938000.0,,,25522048329.0,-271453000.0,5231000.0,1489547000.0,130013000.0,-288921000.0,1312823000.0,-1809768000.0,-397843000.0,226182000.0,-690000.0,207151000.0,190799000.0,190799000.0,0.0,2271000.0,0.213,274741000.0,242975000.0,0.0,1.447,1.753,43.44,41.816,23800480000.0,16352000.0,77.36,7.428,7.582,949031000.0,-2875671000.0,894177000.0,894177000.0,0.0,,,,,9054000.0,35138000.0,1.0,329912724.0,336754000,337812000.0,2.655,26561074000.0,0.0,-304000.0,0.0,78.874,
26,WELL,MRQ,2014-12-31,2014-12-31,2014-12-31,2021-07-30,-77009000.0,24962923000.0,,,,,40.208,-854461000.0,553423000.0,553423000.0,363016000.0,206475000.0,,0.866,10776640000.0,,,10776640000.0,0.0,195393000.0,0.0,0.042,0.795,330796000.0,526189000.0,0.606,526189000.0,330796000.0,210091000.0,0.6,0.59,0.6,13175153000.0,,13175153000.0,33961095844.0,34.0,18.497,-569960000.0,-1.739,1.0,504753000.0,0.582,68321000.0,120705000.0,35117819000.0,,0.0,1124320000.0,,,11403465000.0,,,24795098844.0,-524952000.0,-87780000.0,82960000.0,412121000.0,-277089000.0,210682000.0,-1019310000.0,-114277000.0,284501000.0,-825000.0,204989000.0,188638000.0,188638000.0,-724000.0,1486000.0,0.217,271001000.0,233752000.0,0.0,1.325,1.882,55.502,51.829,22471027000.0,16351000.0,75.67,7.416,6.931,745832000.0,-2793901000.0,867769000.0,867769000.0,0.0,,,,,5967000.0,27616000.0,1.0,327674096.0,327677000,329053000.0,2.648,24894602000.0,0.0,5102000.0,0.0,75.973,
27,WELL,MRQ,2014-09-30,2014-09-30,2014-09-30,2021-07-30,-52704000.0,24541722000.0,,,,,42.414,-278599000.0,1116845000.0,1116845000.0,355157000.0,152771000.0,,0.831,10282842000.0,,,10282842000.0,0.0,200971000.0,0.0,0.051,0.795,260844000.0,461815000.0,0.545,461815000.0,260844000.0,142409000.0,0.44,0.44,0.44,13195609000.0,,13195609000.0,29316644796.0,36.0,17.187,-19964000.0,-0.064,1.0,492366000.0,0.581,68321000.0,118435000.0,33639398000.0,,0.0,974434000.0,,,10959884000.0,,,19243941796.0,791324000.0,15336000.0,1158939000.0,-26362000.0,-262724000.0,839969000.0,-308474000.0,9596000.0,258635000.0,1194000.0,152607000.0,136255000.0,136255000.0,0.0,164000.0,0.161,255589000.0,236777000.0,0.0,1.807,1.458,71.386,70.875,21641051000.0,16352000.0,62.37,5.895,5.944,668988000.0,-2721801000.0,847523000.0,847523000.0,0.0,,,,,4271000.0,30803000.0,1.0,308544842.0,311117000,312812000.0,2.724,24473401000.0,0.0,-10198000.0,0.0,78.663,
28,WELL,MRQ,2014-06-30,2014-06-30,2014-06-30,2021-07-30,-18642000.0,23573890000.0,,,,,41.122,-361972000.0,272493000.0,272493000.0,343754000.0,87854000.0,,0.905,10345196000.0,,,10345196000.0,0.0,214448000.0,0.0,0.05,0.795,210815000.0,425263000.0,0.515,425263000.0,210815000.0,89750000.0,0.24,0.24,0.24,12182769000.0,,12182769000.0,28953424868.0,41.0,17.619,-25099000.0,-0.085,1.0,482692000.0,0.584,68321000.0,121065000.0,33578272000.0,,0.0,1047744000.0,,,11023596000.0,,,18265675868.0,21426000.0,-21499000.0,1038214000.0,-652441000.0,-248102000.0,132924000.0,-447031000.0,-64518000.0,336873000.0,-1340000.0,88181000.0,71829000.0,71829000.0,-6675000.0,-327000.0,0.087,273149000.0,209543000.0,0.0,3.312,1.499,118.6,122.882,21545126000.0,16352000.0,62.67,5.707,5.801,574727000.0,-2611685000.0,826446000.0,826446000.0,0.0,,,,,14170000.0,51660000.0,1.0,291458048.0,296256000,297995000.0,2.79,23505569000.0,0.0,1569000.0,0.0,79.342,
29,WELL,MRQ,2014-03-31,2014-03-31,2014-03-31,2021-07-30,-25419000.0,23211042000.0,,,,,38.999,-135164000.0,253725000.0,253725000.0,341431000.0,65200000.0,,1.023,10941474000.0,,,10941474000.0,0.0,233318000.0,0.0,0.052,0.795,189468000.0,422786000.0,0.527,422786000.0,189468000.0,68635000.0,0.17,0.17,0.17,11294355000.0,,11294355000.0,27702660641.0,45.0,18.021,123497000.0,0.426,1.0,460376000.0,0.574,68321000.0,120833000.0,33830470000.0,,0.0,1019572000.0,,,11554145000.0,,,17282247641.0,27148000.0,-202370000.0,63755000.0,313150000.0,-247154000.0,119597000.0,-351391000.0,-17276000.0,258661000.0,281000.0,66375000.0,50022000.0,50022000.0,-460000.0,-1175000.0,0.062,267135000.0,193241000.0,0.0,4.676,1.53,234.577,248.333,21265898000.0,16353000.0,59.6,5.661,5.654,534684000.0,-2451764000.0,801807000.0,801807000.0,0.0,,,,,7667000.0,32865000.0,1.0,289970598.0,289606000,290917000.0,2.769,23142721000.0,0.0,2260000.0,0.0,79.911,
30,WELL,MRQ,2013-12-31,2013-12-31,2013-12-31,2021-07-30,-24531000.0,23083957000.0,,,,,39.597,-530101000.0,231601000.0,231601000.0,334112000.0,25692000.0,,0.989,10652014000.0,,,10652014000.0,0.0,243381000.0,0.0,0.057,0.765,152475000.0,395856000.0,0.502,395856000.0,152475000.0,28436000.0,0.03,0.04,0.03,11414583000.0,,11414583000.0,25661599756.0,42.0,17.282,-167511000.0,-0.581,1.0,454529000.0,0.576,68321000.0,124039000.0,33436049000.0,,0.0,811775000.0,,,11292587000.0,,,15464088756.0,-6058000.0,281052000.0,62085000.0,159608000.0,-237478000.0,-25642000.0,-329039000.0,-89149000.0,362590000.0,-13967000.0,28000000.0,11469000.0,11469000.0,7886000.0,-2308000.0,0.015,286236000.0,168293000.0,0.0,25.5,1.355,196.459,191.321,21348075000.0,16531000.0,53.57,5.368,5.15,553310000.0,-2270985000.0,788641000.0,788641000.0,0.0,,,,,3527000.0,28519000.0,1.0,288670688.0,288272000,289303000.0,2.736,23015636000.0,0.0,436000.0,0.0,79.84,
31,WELL,MRQ,2013-09-30,2013-09-30,2013-09-30,2021-07-30,-23475000.0,23049805000.0,,,,,40.418,-690337000.0,245728000.0,245728000.0,341921000.0,33605000.0,,0.96,10443239000.0,,,10443239000.0,0.0,242980000.0,0.0,0.049,0.765,156390000.0,399370000.0,0.51,399370000.0,156390000.0,40370000.0,0.07,0.07,0.07,11560463000.0,,11560463000.0,26696350255.0,40.0,18.659,-471167000.0,-1.647,1.0,441790000.0,0.564,68321000.0,116020000.0,33178995000.0,,0.0,782951000.0,,,11103680000.0,,,17861568255.0,-347634000.0,-3647000.0,62317000.0,128422000.0,-235779000.0,-80555000.0,-499985000.0,44617000.0,219170000.0,13736000.0,37293000.0,20691000.0,20691000.0,-5383000.0,-3688000.0,0.026,293336000.0,148454000.0,0.0,10.929,1.545,113.179,100.613,21299166000.0,16602000.0,62.38,6.922,6.915,585070000.0,-2061507000.0,783711000.0,783711000.0,0.0,,,,,3956000.0,28718000.0,1.0,286334855.0,286020000,288029000.0,2.74,22981484000.0,0.0,3077000.0,0.0,80.349,
32,WELL,MRQ,2013-06-30,2013-06-30,2013-06-30,2021-07-30,-49174000.0,22196393000.0,,,,,42.638,-722915000.0,725284000.0,725284000.0,277958000.0,7181000.0,,0.867,9560066000.0,,,9560066000.0,0.0,200477000.0,0.0,0.045,0.765,118774000.0,319251000.0,0.471,319251000.0,118774000.0,9309000.0,-0.03,-0.03,-0.03,11644161000.0,,11644161000.0,26890460439.0,41.0,20.514,-515986000.0,-1.889,1.0,400575000.0,0.59,68321000.0,109465000.0,30962854000.0,,0.0,1081093000.0,,,10099427000.0,,,17531734439.0,242630000.0,3338000.0,1684858000.0,-693289000.0,-216870000.0,769451000.0,-733866000.0,-25451000.0,206929000.0,116000.0,8094000.0,-8508000.0,-8508000.0,29869000.0,-913000.0,-0.013,250100000.0,150475000.0,0.0,-25.5,1.506,100.529,93.097,19651760000.0,16602000.0,67.03,7.763,8.105,598717000.0,-1863024000.0,678533000.0,678533000.0,0.0,,,,,2186000.0,23902000.0,1.0,261550566.0,273091000,276481000.0,2.485,22128072000.0,0.0,1215000.0,0.0,81.028,
33,WELL,MRQ,2013-03-31,2013-03-31,2013-03-31,2021-07-30,-33091000.0,20788972000.0,,,,,39.151,-1555971000.0,495202000.0,495202000.0,252823000.0,71799000.0,,1.019,9853928000.0,,,9853928000.0,0.0,187122000.0,0.0,0.044,0.765,183261000.0,370383000.0,0.588,370383000.0,183261000.0,74423000.0,0.21,0.21,0.21,10180772000.0,,10180772000.0,25076532876.0,36.0,19.364,-1356163000.0,-5.215,1.0,376901000.0,0.599,68321000.0,108838000.0,30079377000.0,,0.0,1058668000.0,,,10372098000.0,,,17686054876.0,-763922000.0,-349659000.0,45377000.0,1188931000.0,-216148000.0,1004416000.0,-1968703000.0,33373000.0,199808000.0,557000.0,71660000.0,55058000.0,55058000.0,-84085000.0,139000.0,0.087,277847000.0,99054000.0,0.0,3.643,1.737,74.424,67.238,18602376000.0,16602000.0,67.91,8.761,8.748,490670000.0,-1654248000.0,629724000.0,629724000.0,0.0,,,,,10508000.0,27179000.0,1.0,260433734.0,260036000,260036000.0,2.422,20720651000.0,0.0,2763000.0,0.0,79.684,
34,WELL,MRQ,2012-12-31,2012-12-31,2012-12-31,2021-07-30,-11028000.0,19549109000.0,,,,,39.657,-917421000.0,1141421000.0,1141421000.0,158753000.0,107004000.0,,0.874,8531899000.0,,,8531899000.0,0.0,140342000.0,0.0,0.048,0.74,201378000.0,341720000.0,0.7,341720000.0,201378000.0,111036000.0,0.37,0.37,0.37,10294801000.0,,10294801000.0,21712300783.0,33.0,18.093,-662758000.0,-2.553,1.0,329612000.0,0.675,68321000.0,90342000.0,26871266000.0,,0.0,1334601000.0,,,8993998000.0,,,15915931783.0,-348488000.0,544000.0,45060000.0,1061279000.0,-208987000.0,892214000.0,-1495365000.0,-609867000.0,254663000.0,0.0,107178000.0,90576000.0,90576000.0,-41670000.0,-174000.0,0.185,171989000.0,157623000.0,0.0,2.0,1.546,71.731,61.909,16527344000.0,16602000.0,61.29,8.817,7.618,411095000.0,-1509760000.0,488365000.0,488365000.0,0.0,,,,,2292000.0,20039000.0,1.0,259682359.0,259596000,261587000.0,1.881,19480788000.0,0.0,3858000.0,0.0,75.043,
35,WELL,MRQ,2012-09-30,2012-09-30,2012-09-30,2021-07-30,-10432000.0,18282275000.0,,,,,46.152,-815842000.0,1522656000.0,1522656000.0,144417000.0,53506000.0,,0.746,7319025000.0,,,7319025000.0,0.0,132858000.0,0.0,0.051,0.74,146622000.0,279480000.0,0.605,279480000.0,146622000.0,54707000.0,0.17,0.16,0.17,10356027000.0,,10356027000.0,19801610004.0,34.0,18.05,-603410000.0,-2.689,1.0,317416000.0,0.687,68321000.0,91915000.0,24010323000.0,,0.0,741460000.0,,,7724823000.0,,,12400624004.0,1177357000.0,12411000.0,2415967000.0,-402881000.0,-176034000.0,1834697000.0,-869772000.0,-3001000.0,212432000.0,0.0,53871000.0,37269000.0,37269000.0,-16999000.0,-365000.0,0.081,159787000.0,157629000.0,0.0,4.353,1.197,78.191,75.974,15500949000.0,16602000.0,57.74,7.495,7.831,391350000.0,-1407951000.0,461833000.0,461833000.0,0.0,,,,,2595000.0,23679000.0,1.0,214766609.0,224391000,226258000.0,2.058,18213954000.0,0.0,836000.0,0.0,81.171,
36,WELL,MRQ,2012-06-30,2012-06-30,2012-06-30,2021-07-30,-13590000.0,16347426000.0,,,,,37.743,-463961000.0,284514000.0,284514000.0,135839000.0,76875000.0,,1.003,7685500000.0,,,7685500000.0,0.0,132963000.0,0.0,0.05,0.74,170442000.0,303405000.0,0.692,303405000.0,170442000.0,79143000.0,0.26,0.25,0.26,8058073000.0,,8058073000.0,18790876361.0,33.0,17.534,-286967000.0,-1.344,1.0,302880000.0,0.69,68321000.0,91299000.0,23680091000.0,,0.0,760962000.0,,,8085565000.0,,,12465613361.0,-264322000.0,-227554000.0,32488000.0,673608000.0,-175303000.0,248689000.0,-690005000.0,-1207000.0,176994000.0,0.0,77696000.0,54735000.0,54735000.0,-45345000.0,-821000.0,0.125,182160000.0,120720000.0,0.0,2.846,1.547,78.931,72.875,14765955000.0,22961000.0,58.3,7.973,7.961,407077000.0,-1285789000.0,438719000.0,438719000.0,0.0,,,,,2311000.0,25870000.0,1.0,213818411.0,213498000,215138000.0,2.055,16279105000.0,0.0,1447000.0,0.0,76.249,
37,WELL,MRQ,2012-03-31,2012-03-31,2012-03-31,2021-07-30,-11642000.0,15859734000.0,,,,,42.053,-537616000.0,552716000.0,552716000.0,128801000.0,57458000.0,,0.866,6877979000.0,,,6877979000.0,0.0,127422000.0,0.0,0.052,0.74,148798000.0,276220000.0,0.661,276220000.0,148798000.0,59984000.0,0.2,0.19,0.2,8396385000.0,,8396385000.0,17593977709.0,31.0,16.784,-363572000.0,-1.821,1.0,289195000.0,0.692,68321000.0,88814000.0,22116676000.0,,0.0,538122000.0,,,7271181000.0,,,10586327709.0,305735000.0,0.0,1087777000.0,-535614000.0,-162126000.0,669528000.0,-537837000.0,16078000.0,174044000.0,0.0,58514000.0,39307000.0,39307000.0,-11807000.0,-1056000.0,0.094,154237000.0,134958000.0,0.0,3.7,1.261,61.177,58.468,14262189000.0,19207000.0,54.96,7.084,7.343,381134000.0,-1181935000.0,417996000.0,417996000.0,0.0,,,,,11323000.0,27751000.0,1.0,192618772.0,199661000,201658000.0,2.094,15791413000.0,0.0,1470000.0,0.0,79.091,
38,WELL,MRQ,2011-12-31,2011-12-31,2011-12-31,2021-07-30,-11928000.0,14924606000.0,,,,,38.294,-849053000.0,233102000.0,233102000.0,108983000.0,42343000.0,,1.068,7240752000.0,,,7240752000.0,0.0,122144000.0,0.0,0.052,0.715,115795000.0,237939000.0,0.708,237939000.0,115795000.0,45341000.0,0.13,0.14,0.13,7124764000.0,,7124764000.0,16355614185.0,32.0,17.519,-678462000.0,-3.647,1.0,227014000.0,0.676,68321000.0,70454000.0,21863935000.0,,0.0,534229000.0,,,7612309000.0,,,9755918185.0,26806000.0,-6130000.0,646913000.0,214844000.0,-145329000.0,703709000.0,-847494000.0,8359000.0,170591000.0,0.0,44516000.0,27282000.0,27282000.0,-19205000.0,-2173000.0,0.081,133729000.0,93285000.0,0.0,5.5,1.369,62.097,60.589,13649843000.0,17234000.0,54.53,7.429,7.215,380527000.0,-1078323000.0,335997000.0,335997000.0,0.0,,,,,1745000.0,20192000.0,1.0,178909191.0,186056000,186701000.0,1.806,14856285000.0,0.0,825000.0,0.0,79.848,
39,WELL,MRQ,2011-09-30,2011-09-30,2011-09-30,2021-07-30,-10354000.0,13861089000.0,,,,,37.111,-646954000.0,193351000.0,193351000.0,103127000.0,52353000.0,,1.085,6793047000.0,,,6793047000.0,0.0,115640000.0,0.0,0.06,0.715,138493000.0,254133000.0,0.685,254133000.0,138493000.0,54064000.0,0.21,0.21,0.21,6578793000.0,,6578793000.0,14336919107.0,31.0,17.273,-470919000.0,-2.656,1.0,267603000.0,0.722,68321000.0,84429000.0,20392464000.0,,0.0,558772000.0,,,7135060000.0,,,8304515107.0,-192082000.0,12191000.0,69186000.0,384796000.0,-144321000.0,289619000.0,-657736000.0,-5683000.0,176035000.0,0.0,53841000.0,36607000.0,36607000.0,-5948000.0,-1488000.0,0.099,138056000.0,129547000.0,0.0,3.405,1.262,48.903,44.151,12644040000.0,17234000.0,46.8,7.557,7.549,337159000.0,-977510000.0,370730000.0,370730000.0,0.0,,,,,1767000.0,19735000.0,1.0,177446904.0,177272000,177849000.0,2.091,13792768000.0,0.0,223000.0,0.0,77.806,
40,WELL,MRQ,2011-06-30,2011-06-30,2011-06-30,2021-07-30,-10145000.0,13480661000.0,,,,,37.395,-2522601000.0,371255000.0,371255000.0,99808000.0,86208000.0,,1.02,6403659000.0,,,6403659000.0,0.0,111053000.0,0.0,0.053,0.715,168895000.0,279948000.0,0.757,279948000.0,168895000.0,87411000.0,0.4,0.39,0.4,6598190000.0,,6598190000.0,12709309377.0,34.0,18.911,-2394790000.0,-13.572,1.0,269794000.0,0.73,51207000.0,81484000.0,19461858000.0,,0.0,575892000.0,,,6729209000.0,,,9267390377.0,-2339237000.0,-88000.0,33377000.0,51295000.0,-143878000.0,-63529000.0,-2403519000.0,125258000.0,127811000.0,0.0,87200000.0,69847000.0,69847000.0,-37861000.0,-992000.0,0.189,140555000.0,129239000.0,0.0,1.788,1.405,72.038,64.728,12091345000.0,17353000.0,52.43,10.33,10.312,342154000.0,-887031000.0,369602000.0,369602000.0,0.0,,,,,1681000.0,19562000.0,1.0,176757398.0,176445000,177488000.0,2.095,13429454000.0,0.0,211000.0,0.0,76.111,
41,WELL,MRQ,2011-03-31,2011-03-31,2011-03-31,2021-07-30,-10295000.0,13258044000.0,,,,,42.726,-639304000.0,2706717000.0,2706717000.0,63563000.0,31810000.0,,0.979,6148636000.0,,,6148636000.0,0.0,74768000.0,0.0,0.052,0.69,89083000.0,163851000.0,0.667,163851000.0,89083000.0,32181000.0,0.15,0.15,0.15,6620141000.0,,6620141000.0,11987776148.0,41.0,22.775,-525517000.0,-3.392,1.0,182193000.0,0.741,51207000.0,56902000.0,16648756000.0,,0.0,695938000.0,,,6482895000.0,,,7728679148.0,2536425000.0,378000.0,1388118000.0,1075180000.0,-110720000.0,3034018000.0,-611380000.0,-13586000.0,113787000.0,0.0,32052000.0,23372000.0,23372000.0,-29875000.0,-242000.0,0.095,124522000.0,57671000.0,0.0,4.6,1.167,73.998,67.231,9433103000.0,8680000.0,52.44,11.344,11.926,322459000.0,-830353000.0,245756000.0,245756000.0,0.0,,,,,5593000.0,17714000.0,1.0,147381372.0,154945000,155485000.0,1.586,13206837000.0,0.0,129000.0,0.0,85.236,
42,WELL,MRQ,2010-12-31,2010-12-31,2010-12-31,2021-07-30,-11099000.0,9451734000.0,,,,,33.299,-1188907000.0,210639000.0,210639000.0,33698000.0,46034000.0,,1.024,4469736000.0,,,4469736000.0,0.0,59119000.0,0.0,0.058,0.69,72973000.0,132092000.0,1.171,132092000.0,72973000.0,45333000.0,0.3,0.29,0.3,4602851000.0,,4602851000.0,9666636897.0,37.0,20.77,-1112770000.0,-8.05,1.0,79140000.0,0.701,51207000.0,27640000.0,13659624000.0,,0.0,672411000.0,,,4714081000.0,,,6437552897.0,-49577000.0,-21618000.0,508873000.0,778276000.0,-98666000.0,1186075000.0,-1311789000.0,-78635000.0,76137000.0,0.0,45294000.0,39989000.0,39989000.0,-56577000.0,740000.0,0.354,63415000.0,15725000.0,0.0,2.3,1.399,60.23,56.714,8155529000.0,5305000.0,47.64,11.127,10.511,328988000.0,-751685000.0,112838000.0,112838000.0,0.0,,,,,2066000.0,14295000.0,1.0,135129154.0,138228000,138852000.0,0.816,9400527000.0,0.0,39000.0,0.0,68.007,
43,WELL,MRQ,2010-09-30,2010-09-30,2010-09-30,2021-07-30,-11459000.0,7893067000.0,,,,,32.961,-330861000.0,242371000.0,242371000.0,20327000.0,94000.0,,0.889,3471455000.0,,,3471455000.0,0.0,52392000.0,0.0,0.058,0.69,43771000.0,96163000.0,0.569,96163000.0,43771000.0,836000.0,-0.04,-0.04,-0.04,4130006000.0,,4130006000.0,8939445513.0,36.0,20.77,-233763000.0,-1.866,1.0,148616000.0,0.88,0.0,42935000.0,11122151000.0,,0.0,628543000.0,,,3672984000.0,,,5899761513.0,125724000.0,-118000.0,449005000.0,70167000.0,-91495000.0,427736000.0,-399110000.0,-66614000.0,97098000.0,0.0,784000.0,-4563000.0,-4563000.0,-12409000.0,-690000.0,-0.027,81826000.0,66790000.0,0.0,-17.25,1.429,59.838,59.924,6740294000.0,5347000.0,47.34,10.215,10.27,252330000.0,-692626000.0,168943000.0,168943000.0,0.0,,,,,1010000.0,11628000.0,1.0,124625296.0,125298000,125298000.0,1.348,7893067000.0,0.0,52000.0,0.0,62.994,
44,WELL,MRQ,2010-06-30,2010-06-30,2010-06-30,2021-07-30,-8526000.0,7079331000.0,,,,,30.101,-211629000.0,115079000.0,115079000.0,11970000.0,51064000.0,,0.897,3154763000.0,,,3154763000.0,0.0,47451000.0,0.0,0.065,0.68,86796000.0,134247000.0,0.873,134247000.0,86796000.0,51318000.0,0.37,0.37,0.37,3726729000.0,,3726729000.0,8001835030.0,32.0,18.717,-112611000.0,-0.91,1.0,141779000.0,0.922,0.0,35478000.0,10119015000.0,,0.0,648307000.0,,,3342206000.0,,,5227598030.0,18865000.0,-14593000.0,19769000.0,299853000.0,-90030000.0,229124000.0,-309277000.0,-35816000.0,99018000.0,0.0,51130000.0,45646000.0,45646000.0,-6825000.0,-66000.0,0.297,56667000.0,85112000.0,0.0,1.838,1.403,42.748,42.12,6076310000.0,5484000.0,42.12,9.526,9.502,208067000.0,-607600000.0,153749000.0,153749000.0,0.0,,,,,1197000.0,11878000.0,1.0,124112014.0,123808000,124324000.0,1.242,7079331000.0,0.0,188000.0,0.0,57.18,
45,WELL,MRQ,2010-03-31,2010-03-31,2010-03-31,2021-07-30,-4092000.0,6774378000.0,,,,,30.423,-123752000.0,54250000.0,54250000.0,12513000.0,31694000.0,,0.804,2828487000.0,,,2828487000.0,0.0,43581000.0,0.0,0.06,0.68,59830000.0,103411000.0,0.711,103411000.0,59830000.0,31405000.0,0.21,0.21,0.21,3750234000.0,,3750234000.0,7949685850.0,31.0,18.71,-31264000.0,-0.254,1.0,132864000.0,0.914,0.0,28425000.0,9548615000.0,,0.0,606086000.0,,,3014462000.0,,,5594376850.0,1082000.0,-159981000.0,17791000.0,274440000.0,-90032000.0,200457000.0,-291863000.0,-6599000.0,92488000.0,0.0,31321000.0,25812000.0,25812000.0,-9796000.0,373000.0,0.178,65187000.0,67677000.0,0.0,3.238,1.492,41.171,38.991,5895803000.0,5509000.0,45.23,10.475,10.44,192834000.0,-568700000.0,145377000.0,145377000.0,0.0,,,,,7550000.0,16821000.0,1.0,123687306.0,123270000,123790000.0,1.179,6774378000.0,0.0,84000.0,0.0,54.956,
46,WELL,MRQ,2009-12-31,2009-12-31,2009-12-31,2021-07-30,-2891000.0,6367186000.0,,,,,30.922,-111081000.0,58713000.0,58713000.0,8060000.0,36838000.0,,0.674,2414022000.0,,,2414022000.0,0.0,41780000.0,0.0,0.061,0.68,54799000.0,96579000.0,0.882,96579000.0,54799000.0,37371000.0,0.25,0.24,0.25,3797039000.0,,3797039000.0,7752529161.0,27.0,17.03,-20271000.0,-0.165,1.0,101453000.0,0.926,0.0,17428000.0,8722495000.0,,0.0,427996000.0,,,2559735000.0,,,5451888161.0,-66877000.0,0.0,20650000.0,-8101000.0,-89322000.0,-76746000.0,-80941000.0,46188000.0,90810000.0,0.0,37220000.0,31701000.0,31701000.0,-13648000.0,-382000.0,0.289,37153000.0,64300000.0,0.0,2.72,1.436,31.847,29.547,5658440000.0,5519000.0,44.32,10.419,9.673,199339000.0,-509989000.0,109513000.0,109513000.0,0.0,,,,,899000.0,10907000.0,1.0,123011917.0,122793000,123201000.0,0.892,6367186000.0,0.0,151000.0,0.0,51.853,
47,WELL,MRQ,2009-09-30,2009-09-30,2009-09-30,2021-07-30,-4942000.0,6381406000.0,,,,,33.302,-97797000.0,119846000.0,119846000.0,12153000.0,24685000.0,,0.665,2420487000.0,,,2420487000.0,0.0,41086000.0,0.0,0.065,0.68,52190000.0,93276000.0,0.666,93276000.0,52190000.0,24595000.0,0.17,0.17,0.17,3825528000.0,,3825528000.0,7255871395.0,25.0,16.018,8319000.0,0.072,1.0,127991000.0,0.913,0.0,27595000.0,8682047000.0,,0.0,490257000.0,,,2545256000.0,,,4656777395.0,22848000.0,0.0,434687000.0,-303890000.0,-81753000.0,45598000.0,-128866000.0,-22434000.0,106116000.0,0.0,24650000.0,19130000.0,19130000.0,-158000.0,35000.0,0.137,49550000.0,78441000.0,0.0,4.0,1.217,28.863,29.729,5588937000.0,5520000.0,41.62,8.784,9.019,157611000.0,-457887000.0,140144000.0,140144000.0,0.0,,,,,1075000.0,10363000.0,1.0,111887972.0,114874000,115289000.0,1.22,6381406000.0,0.0,-55000.0,0.0,55.551,
48,WELL,MRQ,2009-06-30,2009-06-30,2009-06-30,2021-07-30,-1016000.0,6247659000.0,,,,,31.127,-67682000.0,98338000.0,98338000.0,11240000.0,64759000.0,,0.808,2697432000.0,,,2697432000.0,0.0,40731000.0,0.0,0.08,0.68,90884000.0,131615000.0,0.947,131615000.0,90884000.0,64777000.0,0.53,0.53,0.53,3450826000.0,,3450826000.0,6343834787.0,19.0,12.834,22229000.0,0.201,1.0,127799000.0,0.919,0.0,26107000.0,8846753000.0,,0.0,483747000.0,,,2786722000.0,,,3789499787.0,60325000.0,0.0,25803000.0,106486000.0,-81254000.0,50747000.0,-80333000.0,850000.0,89911000.0,0.0,64756000.0,59240000.0,59240000.0,-12265000.0,3000.0,0.426,49177000.0,78622000.0,0.0,1.283,1.098,19.354,19.05,5510144000.0,5516000.0,34.1,7.159,7.142,132233000.0,-400785000.0,139039000.0,139039000.0,0.0,,,,,1080000.0,11062000.0,1.0,111129026.0,110864000,111272000.0,1.254,6247659000.0,0.0,21000.0,0.0,56.354,
49,WELL,MRQ,2009-03-31,2009-03-31,2009-03-31,2021-07-30,-1348000.0,6143081000.0,,,,,31.79,-98392000.0,35538000.0,35538000.0,11049000.0,66645000.0,,0.783,2589873000.0,,,2589873000.0,0.0,41326000.0,0.0,0.089,0.68,93372000.0,134698000.0,0.97,134698000.0,93372000.0,66693000.0,0.56,0.56,0.56,3440121000.0,,3440121000.0,6073775545.0,14.0,10.176,-3970000.0,-0.037,1.0,127797000.0,0.92,0.0,26679000.0,8697416000.0,,0.0,473915000.0,,,2692474000.0,,,3387443545.0,-4190000.0,0.0,223393000.0,-257002000.0,-81510000.0,-118692000.0,20080000.0,-9375000.0,94422000.0,0.0,66643000.0,61119000.0,61119000.0,-19598000.0,2000.0,0.44,55559000.0,72238000.0,0.0,1.214,0.985,11.602,10.197,5462126000.0,5524000.0,30.59,6.521,6.372,146405000.0,-384286000.0,138846000.0,138846000.0,0.0,,,,,6579000.0,17361000.0,1.0,110736958.0,108214000,108624000.0,1.283,6143081000.0,0.0,50000.0,0.0,56.768,
50,WELL,MRQ,2008-12-31,2008-12-31,2008-12-31,2021-07-30,-1113000.0,6215031000.0,,,,,31.207,-121612000.0,177440000.0,177440000.0,10034000.0,27389000.0,,0.922,2847676000.0,,,2847676000.0,0.0,42151000.0,0.0,0.064,0.68,51234000.0,93385000.0,0.833,93385000.0,51234000.0,27527000.0,0.14,0.15,0.14,3227682000.0,,3227682000.0,6950744584.0,17.0,12.132,-45333000.0,-0.438,1.0,102071000.0,0.91,0.0,23707000.0,8885267000.0,,0.0,476415000.0,,,2976746000.0,,,4365751584.0,5097000.0,0.0,44960000.0,177456000.0,-76120000.0,147621000.0,-218803000.0,-23179000.0,76279000.0,0.0,27391000.0,21850000.0,21850000.0,-13122000.0,-2000.0,0.195,41987000.0,60084000.0,0.0,4.857,1.353,16.785,15.235,5378794000.0,5541000.0,42.2,8.653,7.84,158803000.0,-369419000.0,112105000.0,112105000.0,0.0,,,,,1804000.0,13500000.0,1.0,103453829.0,103428000,103873000.0,1.084,6215031000.0,0.0,136000.0,0.0,60.09,
51,WELL,MRQ,2008-09-30,2008-09-30,2008-09-30,2021-07-30,-11905000.0,6021955000.0,,,,,33.336,-312820000.0,101462000.0,101462000.0,11192000.0,59320000.0,,0.878,2686455000.0,,,2686455000.0,0.0,41691000.0,0.0,0.05,0.68,92891000.0,134582000.0,0.966,134582000.0,92891000.0,59166000.0,0.56,0.55,0.56,3201556000.0,,3201556000.0,7934192541.0,18.0,13.156,-205075000.0,-2.135,1.0,128157000.0,0.92,0.0,33725000.0,8606948000.0,,0.0,496327000.0,,,2811441000.0,,,5052010541.0,-6805000.0,0.0,580231000.0,-369438000.0,-70398000.0,139702000.0,-254252000.0,228000.0,107745000.0,0.0,59319000.0,53589000.0,53589000.0,-15280000.0,1000.0,0.385,49800000.0,78357000.0,0.0,1.214,1.578,18.175,17.006,5261823000.0,5730000.0,53.23,10.337,10.46,137028000.0,-313927000.0,139349000.0,139349000.0,0.0,,,,,1472000.0,10789000.0,1.0,94909084.0,96040000,96849000.0,1.451,6021955000.0,0.0,-153000.0,0.0,62.703,
52,WELL,MRQ,2008-06-30,2008-06-30,2008-06-30,2021-07-30,-8546000.0,5805014000.0,,,,,29.488,-182582000.0,174772000.0,174772000.0,10697000.0,161259000.0,,1.202,3056954000.0,,,3056954000.0,0.0,39629000.0,0.0,0.06,0.68,194573000.0,234202000.0,1.813,234202000.0,194573000.0,161238000.0,1.74,1.73,1.74,2633124000.0,,2633124000.0,6722241294.0,16.0,11.738,-81595000.0,-0.914,1.0,118488000.0,0.917,0.0,33335000.0,8687196000.0,,0.0,491014000.0,,,3164221000.0,,,3996086294.0,-7204000.0,0.0,18840000.0,298664000.0,-67005000.0,250382000.0,-358573000.0,-31225000.0,100987000.0,0.0,161194000.0,155410000.0,155410000.0,-122162000.0,65000.0,1.203,46012000.0,72476000.0,0.0,0.391,1.518,16.054,15.505,4978211000.0,5784000.0,44.5,8.536,8.488,133950000.0,-304050000.0,129185000.0,129185000.0,0.0,,,,,1406000.0,10575000.0,1.0,89799692.0,89294000,89853000.0,1.447,5805014000.0,0.0,44000.0,0.0,65.01,
53,WELL,MRQ,2008-03-31,2008-03-31,2008-03-31,2021-07-30,-18474000.0,5387456000.0,,,,,29.136,-168315000.0,32282000.0,32282000.0,10712000.0,35458000.0,,1.144,2758437000.0,,,2758437000.0,0.0,39574000.0,0.0,0.058,0.66,71777000.0,111351000.0,0.879,111351000.0,71777000.0,36675000.0,0.34,0.34,0.34,2508607000.0,,2508607000.0,6544706055.0,23.0,14.956,-92643000.0,-1.076,1.0,115921000.0,0.915,0.0,35102000.0,8113611000.0,,0.0,382012000.0,,,2869152000.0,,,3870307055.0,2013000.0,0.0,138254000.0,55394000.0,-63337000.0,130238000.0,-203897000.0,-32489000.0,75672000.0,0.0,35396000.0,29249000.0,29249000.0,-3266000.0,62000.0,0.231,48674000.0,67247000.0,0.0,1.941,1.543,32.491,31.124,4772512000.0,6147000.0,45.13,8.568,8.603,171833000.0,-399442000.0,126633000.0,126633000.0,0.0,,,,,3848000.0,12328000.0,1.0,85759075.0,86100000,86610000.0,1.471,5387456000.0,0.0,1279000.0,0.0,62.572,
54,WELL,MRQ,2007-12-31,2007-12-31,2007-12-31,2021-07-30,-7381000.0,5213856000.0,,,,,29.184,-152932000.0,47844000.0,47844000.0,7413000.0,46137000.0,,1.164,2704668000.0,,,2704668000.0,0.0,40081000.0,0.0,0.051,0.66,82876000.0,122957000.0,1.314,122957000.0,82876000.0,46168000.0,0.49,0.49,0.49,2404356000.0,,2404356000.0,6159164153.0,23.0,14.684,-70057000.0,-0.85,1.0,86158000.0,0.921,0.0,36708000.0,7870680000.0,,0.0,375396000.0,,,2799813000.0,,,3642202153.0,-1171000.0,0.0,164174000.0,150328000.0,-60060000.0,207930000.0,-291976000.0,-132006000.0,82875000.0,0.0,45899000.0,39721000.0,39721000.0,-8610000.0,238000.0,0.425,27579000.0,58579000.0,0.0,1.347,1.515,32.168,31.035,4638632000.0,6178000.0,44.69,8.48,8.206,121485000.0,-372704000.0,93571000.0,93571000.0,0.0,,,,,1297000.0,9080000.0,1.0,81499265.0,82386000,82934000.0,1.136,5213856000.0,0.0,269000.0,0.0,63.286,
55,WELL,MRQ,2007-09-30,2007-09-30,2007-09-30,2021-07-30,3302000.0,4971827000.0,,,,,28.01,-134023000.0,31440000.0,31440000.0,10333000.0,30846000.0,,1.197,2548402000.0,,,2548402000.0,0.0,40137000.0,0.0,0.051,0.66,64044000.0,104181000.0,0.877,104181000.0,64044000.0,30823000.0,0.3,0.3,0.3,2260684000.0,,2260684000.0,5949137619.0,26.0,16.221,-51846000.0,-0.642,1.0,108412000.0,0.913,0.0,33221000.0,7488789000.0,,0.0,269196000.0,,,2706215000.0,,,3583243619.0,-7032000.0,0.0,17589000.0,115257000.0,-59881000.0,71906000.0,-161115000.0,-22725000.0,82177000.0,0.0,30846000.0,24529000.0,24529000.0,-3410000.0,0.0,0.207,47657000.0,60755000.0,0.0,2.2,1.585,39.377,36.562,4521682000.0,6317000.0,44.24,8.965,8.933,117427000.0,-361590000.0,118745000.0,118745000.0,0.0,,,,,1300000.0,8649000.0,1.0,80995561.0,80710000,81163000.0,1.471,4971827000.0,0.0,-23000.0,0.0,61.601,
56,WELL,MRQ,2007-06-30,2007-06-30,2007-06-30,2021-07-30,-135000.0,4824804000.0,,,,,28.68,-95802000.0,38472000.0,38472000.0,8657000.0,31937000.0,,1.127,2404366000.0,,,2404366000.0,0.0,35548000.0,0.0,0.055,0.66,63560000.0,99108000.0,0.879,99108000.0,63560000.0,31868000.0,0.32,0.32,0.32,2267404000.0,,2267404000.0,5518609998.0,25.0,16.366,-38225000.0,-0.483,1.0,104086000.0,0.923,0.0,31692000.0,7190698000.0,,0.0,247532000.0,,,2555106000.0,,,3249786998.0,7179000.0,-141963000.0,285363000.0,-39006000.0,-59556000.0,186076000.0,-236474000.0,9467000.0,57577000.0,0.0,31937000.0,25620000.0,25620000.0,-4106000.0,0.0,0.227,44471000.0,59615000.0,0.0,2.062,1.433,36.95,32.288,4409948000.0,6317000.0,40.36,9.034,8.87,109816000.0,-332555000.0,112743000.0,112743000.0,0.0,,,,,1276000.0,9957000.0,1.0,80519995.0,79060000,79546000.0,1.426,4824804000.0,0.0,-69000.0,0.0,61.027,
57,WELL,MRQ,2007-03-31,2007-03-31,2007-03-31,2021-07-30,-135000.0,4458654000.0,,,,,27.428,-150138000.0,31293000.0,31293000.0,7168000.0,29673000.0,,1.219,2300116000.0,,,2300116000.0,0.0,33860000.0,0.0,0.051,0.299,61014000.0,94874000.0,0.861,94874000.0,61014000.0,29684000.0,0.32,0.32,0.32,2008384000.0,,2008384000.0,5337769890.0,26.0,17.078,-88780000.0,-1.212,1.0,103069000.0,0.935,0.0,31330000.0,6727477000.0,,0.0,254239000.0,,,2447916000.0,,,3228199890.0,-4923000.0,0.0,24467000.0,154106000.0,-28602000.0,149594000.0,-215875000.0,-65214000.0,61358000.0,0.0,29673000.0,23356000.0,23356000.0,-1802000.0,0.0,0.212,43731000.0,59338000.0,0.0,0.934,1.607,37.98,33.769,4054845000.0,6317000.0,43.9,9.936,9.894,98510000.0,-304936000.0,110237000.0,110237000.0,0.0,,,,,3177000.0,9782000.0,1.0,73535305.0,73224000,73791000.0,1.505,4458654000.0,0.0,11000.0,0.0,60.891,
58,WELL,MRQ,2006-12-31,2006-12-31,2006-12-31,2021-07-30,-135000.0,4280610000.0,,,,,30.752,-103988000.0,36216000.0,36216000.0,1039000.0,22959000.0,,1.162,2145786000.0,,,2145786000.0,0.0,25646000.0,0.0,0.059,0.64,42942000.0,68588000.0,1.183,68588000.0,42942000.0,23041000.0,0.27,0.27,0.27,1978793000.0,,1978793000.0,4300964063.0,22.0,14.894,-46653000.0,-0.725,1.0,56944000.0,0.982,0.0,19901000.0,6390180000.0,,0.0,191742000.0,,,2299589000.0,,,2713152063.0,20726000.0,-182571000.0,16261000.0,285668000.0,-67558000.0,234275000.0,-270884000.0,17262000.0,57335000.0,0.0,22959000.0,17494000.0,17494000.0,-10508000.0,0.0,0.302,22924000.0,34020000.0,0.0,2.37,1.371,33.377,32.591,3935851000.0,5465000.0,43.02,9.413,9.203,96144000.0,-306007000.0,57983000.0,57983000.0,0.0,,,,,2789000.0,10134000.0,1.0,63067226.0,64346000,64874000.0,0.901,4280610000.0,0.0,82000.0,0.0,66.525,
59,WELL,MRQ,2006-09-30,2006-09-30,2006-09-30,2021-07-30,0.0,3200829000.0,,,,,24.742,-109202000.0,15490000.0,15490000.0,0.0,26813000.0,,1.069,1603302000.0,,,1603302000.0,0.0,24526000.0,0.0,0.063,0.64,50103000.0,74629000.0,0.947,74629000.0,50103000.0,26813000.0,0.34,0.34,0.34,1546969000.0,,1546969000.0,3963316199.0,20.0,13.763,-51181000.0,-0.819,1.0,78783000.0,1.0,0.0,23290000.0,4788641000.0,,0.0,214784000.0,,,1653860000.0,,,2507983199.0,290000.0,0.0,19518000.0,129227000.0,-45492000.0,101684000.0,-159415000.0,-49849000.0,58021000.0,0.0,26813000.0,21480000.0,21480000.0,-201000.0,0.0,0.273,28739000.0,50044000.0,0.0,1.882,1.621,27.749,25.981,2885114000.0,5333000.0,40.01,8.406,8.384,73132000.0,-261408000.0,78783000.0,78783000.0,0.0,,,,,840000.0,5010000.0,1.0,62683909.0,62524000,62866000.0,1.26,3200829000.0,0.0,0.0,0.0,51.194,
60,WELL,MRQ,2006-06-30,2006-06-30,2006-06-30,2021-07-30,0.0,3062112000.0,,,,,25.118,-70639000.0,15200000.0,15200000.0,0.0,28001000.0,,0.981,1470533000.0,,,1470533000.0,0.0,24130000.0,0.0,0.072,0.64,50326000.0,74456000.0,0.956,74456000.0,50326000.0,28001000.0,0.37,0.37,0.37,1545938000.0,,1545938000.0,3673539457.0,19.0,13.037,-34229000.0,-0.556,1.0,77902000.0,1.0,0.0,22325000.0,4517445000.0,,0.0,176391000.0,,,1516174000.0,,,2170973457.0,-10558000.0,0.0,127305000.0,-55768000.0,-45122000.0,26228000.0,-73196000.0,-2679000.0,36410000.0,0.0,28001000.0,22668000.0,22668000.0,-38000.0,0.0,0.291,28293000.0,49609000.0,0.0,1.73,1.404,24.446,22.261,2787121000.0,5333000.0,34.95,7.49,7.421,71877000.0,-242728000.0,77902000.0,77902000.0,0.0,,,,,837000.0,4798000.0,1.0,62116551.0,61548000,61868000.0,1.266,3062112000.0,0.0,0.0,0.0,49.752,
61,WELL,MRQ,2006-03-31,2006-03-31,2006-03-31,2021-07-30,0.0,3012640000.0,,,,,24.664,-75467000.0,25758000.0,25758000.0,0.0,24978000.0,,1.1,1528324000.0,,,1528324000.0,0.0,23262000.0,0.0,0.065,0.62,48501000.0,71763000.0,0.944,71763000.0,48501000.0,24978000.0,0.34,0.34,0.34,1434917000.0,,1434917000.0,3698559298.0,22.0,14.623,-10914000.0,-0.188,1.0,76008000.0,1.0,0.0,23523000.0,4515206000.0,,0.0,173963000.0,,,1577723000.0,,,2233978298.0,-10479000.0,0.0,18985000.0,5357000.0,-41656000.0,-17839000.0,-57193000.0,18770000.0,64553000.0,0.0,24978000.0,19645000.0,19645000.0,298000.0,0.0,0.258,28512000.0,47496000.0,0.0,1.824,1.557,34.617,32.564,2738610000.0,5333000.0,38.1,8.054,7.992,62267000.0,-225607000.0,76008000.0,76008000.0,0.0,,,,,2514000.0,5976000.0,1.0,58634601.0,58178000,58535000.0,1.306,3012640000.0,0.0,0.0,0.0,51.783,
62,WELL,MRQ,2005-12-31,2005-12-31,2005-12-31,2021-07-30,0.0,2972164000.0,,,,,25.574,-291781000.0,36237000.0,36237000.0,0.0,31920000.0,,1.077,1500818000.0,,,1500818000.0,0.0,18037000.0,0.0,0.073,0.62,49091000.0,67128000.0,1.022,67128000.0,49091000.0,31920000.0,0.49,0.48,0.49,1430756000.0,,1430756000.0,3198045121.0,20.0,13.107,-212337000.0,-3.795,1.0,65671000.0,1.0,0.0,17171000.0,4436745000.0,,0.0,190563000.0,,,1541408000.0,,,1852010121.0,9118000.0,0.0,118633000.0,97607000.0,-39295000.0,180065000.0,-250391000.0,41331000.0,79444000.0,0.0,31920000.0,26587000.0,26587000.0,-1143000.0,0.0,0.405,17748000.0,47923000.0,0.0,1.265,1.294,29.541,29.224,2661925000.0,5333000.0,33.9,6.999,6.932,71211000.0,-208929000.0,65671000.0,65671000.0,0.0,,,,,1999000.0,3170000.0,1.0,54631567.0,55946000,56395000.0,1.174,2972164000.0,0.0,0.0,0.0,53.126,
63,WELL,MRQ,2005-09-30,2005-09-30,2005-09-30,2021-07-30,1000.0,2736898000.0,,,,,24.422,-10178000.0,27119000.0,27119000.0,0.0,25297000.0,,1.074,1373154000.0,,,1373154000.0,0.0,22662000.0,0.0,0.066,0.62,45774000.0,68436000.0,0.974,68436000.0,45774000.0,25297000.0,0.37,0.37,0.37,1319696000.0,,1319696000.0,3365414698.0,23.0,14.637,38625000.0,0.715,1.0,70286000.0,1.0,0.0,20477000.0,4082933000.0,,0.0,232396000.0,,,1417202000.0,,,1998861698.0,12052000.0,0.0,19006000.0,-15171000.0,-38887000.0,-35256000.0,-1495000.0,8601000.0,48803000.0,0.0,25297000.0,19908000.0,19908000.0,-1016000.0,0.0,0.283,25228000.0,45058000.0,0.0,1.676,1.515,38.534,37.847,2387190000.0,5389000.0,37.09,7.849,7.87,81412000.0,-201554000.0,70286000.0,70286000.0,0.0,,,,,317000.0,4640000.0,1.0,53892200.0,54038000,54359000.0,1.301,2736898000.0,0.0,0.0,0.0,50.648,
64,WELL,MRQ,2005-06-30,2005-06-30,2005-06-30,2021-07-30,1000.0,2739939000.0,,,,,24.593,-179813000.0,15067000.0,15067000.0,0.0,3830000.0,,1.085,1381620000.0,,,1381620000.0,0.0,22691000.0,0.0,0.064,0.62,22903000.0,45594000.0,0.697,45594000.0,22903000.0,3830000.0,-0.03,-0.03,-0.03,1313965000.0,,1313965000.0,3206374751.0,23.0,14.536,-146103000.0,-2.735,1.0,65393000.0,1.0,0.0,19073000.0,4106492000.0,,0.0,241606000.0,,,1425974000.0,,,2015797751.0,-2362000.0,0.0,14022000.0,173614000.0,-38609000.0,144276000.0,-180348000.0,-652000.0,33710000.0,0.0,3830000.0,-1606000.0,-1606000.0,-601000.0,0.0,-0.025,24319000.0,41074000.0,0.0,-20.667,1.534,39.549,38.459,2391538000.0,5436000.0,37.69,8.188,8.18,82556000.0,-187963000.0,65393000.0,65393000.0,0.0,,,,,632000.0,4337000.0,1.0,53483623.0,53429000,53429000.0,1.224,2739939000.0,0.0,0.0,0.0,51.282,
65,WELL,MRQ,2005-03-31,2005-03-31,2005-03-31,2021-07-30,1000.0,2560362000.0,,,,,25.195,-26194000.0,17429000.0,17429000.0,0.0,23239000.0,,0.919,1208006000.0,,,1208006000.0,0.0,21438000.0,0.0,0.075,0.6,41936000.0,63374000.0,0.972,63374000.0,41936000.0,23239000.0,0.34,0.33,0.34,1334405000.0,,1334405000.0,2873524624.0,19.0,12.371,6266000.0,0.118,1.0,65198000.0,1.0,0.0,18697000.0,3750939000.0,,0.0,239247000.0,,,1225957000.0,,,1707062624.0,-2334000.0,0.0,13401000.0,6177000.0,-37351000.0,-17959000.0,-16835000.0,9299000.0,32460000.0,0.0,23239000.0,17803000.0,17803000.0,-608000.0,0.0,0.273,23460000.0,41738000.0,0.0,1.765,1.279,23.781,23.188,2217634000.0,5436000.0,32.0,7.122,7.071,79633000.0,-153185000.0,65198000.0,65198000.0,0.0,,,,,0.0,4017000.0,1.0,53345707.0,52963000,53454000.0,1.231,2560362000.0,0.0,0.0,0.0,48.342,
66,WELL,MRQ,2004-12-31,2004-12-31,2004-12-31,2021-07-30,1000.0,2552171000.0,,,,,25.397,-107994000.0,19763000.0,19763000.0,0.0,21210000.0,,0.911,1192958000.0,,,1192958000.0,0.0,17079000.0,0.0,0.063,0.6,35435000.0,52514000.0,0.976,52514000.0,35435000.0,21210000.0,0.3,0.29,0.3,1335279000.0,,1335279000.0,3085610178.0,20.0,13.697,-59267000.0,-1.127,1.0,53798000.0,1.0,0.0,14225000.0,3725366000.0,,0.0,254843000.0,,,1216892000.0,,,1999688178.0,4344000.0,0.0,17396000.0,70236000.0,-36968000.0,50351000.0,-94734000.0,10555000.0,48727000.0,0.0,21210000.0,15768000.0,15768000.0,-1136000.0,0.0,0.293,17927000.0,35871000.0,0.0,2.0,1.498,27.531,27.057,2190427000.0,5442000.0,38.15,8.676,8.532,77652000.0,-139073000.0,53798000.0,53798000.0,0.0,,,,,2887000.0,5459000.0,1.0,52416466.0,52576000,52967000.0,1.023,2552171000.0,0.0,0.0,0.0,48.543,
67,WELL,MRQ,2004-09-30,2004-09-30,2004-09-30,2021-07-30,1000.0,2451314000.0,,,,,25.884,-276516000.0,15419000.0,15419000.0,0.0,21807000.0,,0.838,1101341000.0,,,1101341000.0,0.0,19910000.0,0.0,0.067,0.6,39183000.0,59093000.0,0.956,59093000.0,39183000.0,21807000.0,0.37,0.37,0.37,1334014000.0,,1334014000.0,2796687024.0,19.0,12.726,-244062000.0,-4.736,1.0,61801000.0,1.0,0.0,17376000.0,3537236000.0,,0.0,263394000.0,,,1117300000.0,,,1817741024.0,-18571000.0,0.0,15271000.0,89206000.0,-33854000.0,239957000.0,-290982000.0,-14678000.0,32454000.0,0.0,21807000.0,19004000.0,19004000.0,-507000.0,0.0,0.308,22825000.0,38976000.0,0.0,1.622,1.363,24.63,24.444,2092346000.0,2803000.0,35.2,7.982,7.966,72649000.0,-123315000.0,61801000.0,61801000.0,0.0,,,,,0.0,3618000.0,1.0,51640370.0,51538000,52008000.0,1.199,2451314000.0,0.0,0.0,0.0,47.563,
68,WELL,MRQ,2004-06-30,2004-06-30,2004-06-30,2021-07-30,1000.0,2191581000.0,,,,,22.663,-35080000.0,33990000.0,33990000.0,0.0,21429000.0,,0.888,1012936000.0,,,1012936000.0,0.0,18774000.0,0.0,0.072,0.6,38533000.0,57307000.0,0.973,57307000.0,38533000.0,21429000.0,0.37,0.37,0.37,1161085000.0,,1161085000.0,2633888532.0,18.0,12.368,4814000.0,0.094,1.0,58901000.0,1.0,0.0,17104000.0,3170527000.0,,0.0,255899000.0,,,1030496000.0,,,1668335532.0,-13073000.0,0.0,11982000.0,320000.0,-33022000.0,-20881000.0,-32086000.0,2581000.0,39894000.0,0.0,21429000.0,19207000.0,19207000.0,-401000.0,0.0,0.326,21598000.0,37303000.0,0.0,1.622,1.437,22.127,21.104,1827843000.0,2222000.0,32.5,7.759,7.744,64894000.0,-111268000.0,58901000.0,58901000.0,0.0,,,,,0.0,3560000.0,1.0,51333401.0,51232000,51828000.0,1.15,2191581000.0,0.0,0.0,0.0,42.778,
69,WELL,MRQ,2004-03-31,2004-03-31,2004-03-31,2021-07-30,1000.0,2186321000.0,,,,,22.941,-85390000.0,47063000.0,47063000.0,0.0,20925000.0,,0.884,1012616000.0,,,1012616000.0,0.0,18252000.0,0.0,0.058,0.585,39073000.0,57325000.0,0.961,57325000.0,39073000.0,20925000.0,0.37,0.36,0.37,1160363000.0,,1160363000.0,2963305857.0,22.0,14.846,-62440000.0,-1.234,1.0,59645000.0,1.0,0.0,18148000.0,3151874000.0,,0.0,258780000.0,,,1025958000.0,,,2074617857.0,-77433000.0,0.0,21632000.0,-568000.0,-31880000.0,-10823000.0,-89560000.0,-4873000.0,22950000.0,0.0,20925000.0,18655000.0,18655000.0,-312000.0,0.0,0.313,20584000.0,39061000.0,0.0,1.581,1.788,28.444,25.696,1809534000.0,2270000.0,40.6,10.325,10.22,61390000.0,-99675000.0,59645000.0,59645000.0,0.0,,,,,0.0,3159000.0,1.0,51098962.0,50580000,51358000.0,1.179,2186321000.0,0.0,0.0,0.0,43.225,
70,WELL,MRQ,2003-12-31,2003-12-31,2003-12-31,2021-07-30,1000.0,2182731000.0,,,,,23.234,-42994000.0,124496000.0,124496000.0,0.0,19080000.0,,0.899,1013184000.0,,,1013184000.0,0.0,17200000.0,0.0,0.065,0.585,28835000.0,46035000.0,0.972,46035000.0,28835000.0,19080000.0,0.33,0.32,0.33,1149679000.0,,1149679000.0,2667600608.0,21.0,14.379,11855000.0,0.24,1.0,47375000.0,1.0,0.0,9755000.0,3071419000.0,,0.0,254208000.0,,,1033052000.0,,,1772608608.0,116324000.0,0.0,40797000.0,106990000.0,-30992000.0,113310000.0,-51835000.0,-9192000.0,54849000.0,0.0,19080000.0,16936000.0,16936000.0,-3095000.0,0.0,0.357,19342000.0,28033000.0,0.0,1.773,1.542,25.061,22.222,1741537000.0,2144000.0,36.0,9.616,8.509,52159000.0,-88720000.0,47375000.0,47375000.0,0.0,,,,,0.0,3031000.0,1.0,49239128.0,49482000,50309000.0,0.957,2182731000.0,0.0,0.0,0.0,44.112,
71,WELL,MRQ,2003-09-30,2003-09-30,2003-09-30,2021-07-30,128000.0,2031611000.0,,,,,25.376,-150038000.0,8172000.0,8172000.0,0.0,25301000.0,,0.812,903164000.0,,,903164000.0,0.0,14189000.0,0.0,0.076,0.585,38102000.0,52291000.0,1.065,52291000.0,38102000.0,25301000.0,0.47,0.46,0.47,1121124000.0,,1121124000.0,2132263977.0,17.0,12.009,-129603000.0,-2.933,1.0,49086000.0,1.0,0.0,12801000.0,2926603000.0,,0.0,247264000.0,,,910487000.0,,,1306708977.0,219000.0,0.0,179602000.0,-14107000.0,-27808000.0,157015000.0,-177231000.0,-27068000.0,20435000.0,0.0,25301000.0,20601000.0,20601000.0,-1299000.0,0.0,0.42,16311000.0,32775000.0,0.0,1.245,1.166,19.769,19.403,1713010000.0,4700000.0,30.85,7.392,7.71,55067000.0,-76808000.0,49086000.0,49086000.0,0.0,,,,,0.0,2995000.0,1.0,42356855.0,44181000,44833000.0,1.111,2031611000.0,0.0,0.0,0.0,45.984,
72,WELL,MRQ,2003-06-30,2003-06-30,2003-06-30,2021-07-30,79000.0,1746100000.0,,,,,22.081,-113274000.0,7953000.0,7953000.0,0.0,19062000.0,,0.95,833508000.0,,,833508000.0,0.0,12593000.0,0.0,0.077,0.585,31354000.0,43947000.0,0.98,43947000.0,31354000.0,19062000.0,0.41,0.41,0.41,895310000.0,,895310000.0,1937544498.0,17.0,11.683,-78340000.0,-1.932,1.0,44822000.0,1.0,0.0,12292000.0,2571655000.0,,0.0,220289000.0,,,850790000.0,,,1230592498.0,-25925000.0,0.0,8212000.0,78697000.0,-25920000.0,59746000.0,-120605000.0,-7324000.0,34934000.0,0.0,19062000.0,16744000.0,16744000.0,-1093000.0,0.0,0.374,14311000.0,30511000.0,0.0,1.427,1.374,19.726,19.551,1461689000.0,2318000.0,30.5,7.332,7.368,49982000.0,-71511000.0,44822000.0,44822000.0,0.0,,,,,0.0,2847000.0,1.0,40347295.0,40546000,41136000.0,1.105,1746100000.0,0.0,0.0,0.0,43.065,
73,WELL,MRQ,2003-03-31,2003-03-31,2003-03-31,2021-07-30,-344000.0,1641840000.0,,,,,22.351,-38652000.0,33878000.0,33878000.0,0.0,19297000.0,,0.838,740830000.0,,,740830000.0,0.0,12845000.0,0.0,0.089,0.585,30680000.0,43525000.0,0.986,43525000.0,30680000.0,19297000.0,0.41,0.41,0.41,893373000.0,,893373000.0,1722509371.0,15.0,10.804,-19349000.0,-0.484,1.0,44137000.0,1.0,0.0,11383000.0,2348792000.0,,0.0,225143000.0,,,748467000.0,,,1055728371.0,24328000.0,0.0,2824000.0,64499000.0,-26361000.0,44100000.0,-39075000.0,-353000.0,19303000.0,0.0,19297000.0,16451000.0,16451000.0,-925000.0,0.0,0.373,14166000.0,29971000.0,0.0,1.427,1.182,17.855,17.124,1333847000.0,2846000.0,26.2,6.501,6.449,43454000.0,-64653000.0,44137000.0,44137000.0,0.0,,,,,0.0,2611000.0,1.0,40294976.0,39971000,40473000.0,1.104,1641840000.0,0.0,0.0,0.0,41.076,
74,WELL,MRQ,2002-12-31,2002-12-31,2002-12-31,2021-07-30,-170000.0,1594110000.0,,,,,22.587,-115507000.0,9550000.0,9550000.0,0.0,15175000.0,,0.777,676331000.0,,,676331000.0,0.0,12655000.0,0.0,0.087,0.585,25131000.0,37786000.0,0.976,37786000.0,25131000.0,15175000.0,0.3,0.3,0.3,897232000.0,,897232000.0,1674576434.0,16.0,11.154,-81311000.0,-2.047,1.0,38731000.0,1.0,0.0,9956000.0,2260891000.0,,0.0,225133000.0,,,696878000.0,,,1056479434.0,-11890000.0,0.0,27587000.0,36794000.0,-25720000.0,38481000.0,-84567000.0,30684000.0,34196000.0,0.0,15175000.0,12303000.0,12303000.0,-2835000.0,0.0,0.318,14569000.0,24162000.0,0.0,1.95,1.177,19.142,18.033,1306818000.0,2872000.0,27.05,7.028,6.605,43318000.0,-57589000.0,38731000.0,38731000.0,0.0,,,,,0.0,2625000.0,1.0,39056541.0,39723000,39851000.0,0.975,1594110000.0,0.0,0.0,0.0,40.131,
75,WELL,MRQ,2002-09-30,2002-09-30,2002-09-30,2021-07-30,-370000.0,1532867000.0,,,,,22.772,-39249000.0,21440000.0,21440000.0,0.0,19763000.0,,0.743,639537000.0,,,639537000.0,0.0,11271000.0,0.0,0.086,0.585,29319000.0,40590000.0,1.011,40590000.0,29319000.0,19763000.0,0.44,0.43,0.44,879642000.0,,879642000.0,1633132440.0,16.0,11.47,-15698000.0,-0.406,1.0,40148000.0,1.0,0.0,9556000.0,2150964000.0,,0.0,258707000.0,,,653225000.0,,,1066355440.0,12184000.0,0.0,13827000.0,63503000.0,-25696000.0,47664000.0,-59031000.0,-19355000.0,23551000.0,0.0,19763000.0,16885000.0,16885000.0,-1299000.0,0.0,0.421,12317000.0,27831000.0,0.0,1.33,1.212,20.209,18.233,1203393000.0,2878000.0,27.35,7.585,7.515,39619000.0,-47044000.0,40148000.0,40148000.0,0.0,,,,,0.0,2496000.0,1.0,38989230.0,38628000,39324000.0,1.039,1532867000.0,0.0,0.0,0.0,39.683,
76,WELL,MRQ,2002-06-30,2002-06-30,2002-06-30,2021-07-30,-558000.0,1466304000.0,,,,,24.577,-105012000.0,9256000.0,9256000.0,0.0,16831000.0,,0.683,576033000.0,,,576033000.0,0.0,10675000.0,0.0,0.078,0.585,26857000.0,37532000.0,0.953,37532000.0,26857000.0,16831000.0,0.38,0.37,0.38,871157000.0,,871157000.0,1579967603.0,17.0,11.773,-75022000.0,-2.117,1.0,39384000.0,1.0,0.0,10026000.0,2033081000.0,,0.0,249820000.0,,,595147000.0,,,1016716603.0,1134000.0,0.0,95124000.0,4660000.0,-23196000.0,76474000.0,-105330000.0,-268000.0,29990000.0,0.0,16831000.0,13490000.0,13490000.0,-657000.0,0.0,0.343,12676000.0,26708000.0,0.0,1.539,1.167,20.551,20.236,1163203000.0,3341000.0,29.95,7.596,7.931,37667000.0,-41112000.0,39384000.0,39384000.0,0.0,,,,,0.0,2285000.0,1.0,33947132.0,35446000,36223000.0,1.111,1466304000.0,0.0,0.0,0.0,41.367,
77,WELL,MRQ,2002-03-31,2002-03-31,2002-03-31,2021-07-30,-995000.0,1368980000.0,,,,,23.722,-97659000.0,8122000.0,8122000.0,0.0,15888000.0,,0.752,571373000.0,,,571373000.0,0.0,9677000.0,0.0,0.084,0.585,25367000.0,35044000.0,0.971,35044000.0,25367000.0,15888000.0,0.38,0.37,0.38,781560000.0,,781560000.0,1429194065.0,16.0,11.21,-80029000.0,-2.429,1.0,36083000.0,1.0,0.0,9479000.0,1932231000.0,,0.0,263779000.0,,,587420000.0,,,947804065.0,-1704000.0,0.0,29996000.0,77910000.0,-22527000.0,85168000.0,-104502000.0,-6835000.0,17630000.0,0.0,15888000.0,12511000.0,12511000.0,-665000.0,0.0,0.347,11131000.0,24952000.0,0.0,1.539,1.213,19.858,18.49,1053923000.0,3377000.0,27.92,7.453,7.234,36333000.0,-34748000.0,36083000.0,36083000.0,0.0,,,,,0.0,2261000.0,1.0,33947137.0,32946000,33693000.0,1.095,1368980000.0,0.0,0.0,0.0,41.552,
78,WELL,MRQ,2001-12-31,2001-12-31,2001-12-31,2021-07-30,-923000.0,1269843000.0,,,,,23.465,-67115000.0,9826000.0,9826000.0,0.0,13258000.0,,0.676,491216000.0,,,491216000.0,0.0,10116000.0,0.0,0.096,0.585,19106000.0,29222000.0,1.17,29222000.0,19106000.0,13258000.0,0.3,0.3,0.3,757870000.0,,757870000.0,1166192806.0,13.0,9.528,-39395000.0,-1.22,1.0,24970000.0,1.0,0.0,5848000.0,1751233000.0,,0.0,263211000.0,,,511973000.0,,,793705806.0,-33738000.0,0.0,3831000.0,29961000.0,-22445000.0,10858000.0,-72316000.0,-5142000.0,27720000.0,0.0,13258000.0,9881000.0,9881000.0,-4055000.0,0.0,0.396,7545000.0,17425000.0,0.0,1.95,1.047,16.872,15.812,956851000.0,3377000.0,24.35,6.556,6.142,32765000.0,-28109000.0,24970000.0,24970000.0,0.0,,,,,0.0,2122000.0,1.0,32595721.0,32298000,33034000.0,0.773,1269843000.0,0.0,0.0,0.0,39.316,
79,WELL,MRQ,2001-09-30,2001-09-30,2001-09-30,2021-07-30,-873000.0,1195287000.0,,,,,23.692,-26041000.0,43564000.0,43564000.0,0.0,16967000.0,,0.567,416051000.0,,,416051000.0,0.0,8079000.0,0.0,0.093,0.585,24320000.0,32399000.0,0.97,32399000.0,24320000.0,16967000.0,0.42,0.41,0.42,762986000.0,,762986000.0,1181654553.0,13.0,9.658,-2790000.0,-0.087,1.0,33413000.0,1.0,0.0,7353000.0,1567774000.0,,0.0,258286000.0,,,432301000.0,,,816190553.0,37710000.0,0.0,2321000.0,44733000.0,-22323000.0,20529000.0,-6070000.0,20032000.0,23251000.0,0.0,16967000.0,13591000.0,13591000.0,-755000.0,0.0,0.407,9736000.0,23677000.0,0.0,1.393,1.07,16.794,15.366,854159000.0,3376000.0,25.2,6.475,6.438,32012000.0,-18922000.0,33413000.0,33413000.0,0.0,,,,,0.0,2070000.0,1.0,32388514.0,32205000,32762000.0,1.038,1195287000.0,0.0,0.0,0.0,37.115,
80,WELL,MRQ,2001-06-30,2001-06-30,2001-06-30,2021-07-30,-1159000.0,1152753000.0,,,,,26.408,-24489000.0,5854000.0,5854000.0,0.0,15123000.0,,0.506,371318000.0,,,371318000.0,0.0,7733000.0,0.0,0.074,0.585,23091000.0,30824000.0,0.943,30824000.0,23091000.0,15123000.0,0.41,0.4,0.41,765447000.0,,765447000.0,1113475699.0,12.0,9.121,-4602000.0,-0.159,1.0,32698000.0,1.0,0.0,7968000.0,1518217000.0,,0.0,278199000.0,,,387306000.0,,,685877699.0,3317000.0,0.0,75634000.0,-58817000.0,-20271000.0,-3477000.0,-13093000.0,11459000.0,19887000.0,0.0,15123000.0,11747000.0,11747000.0,-25000.0,0.0,0.359,9655000.0,23043000.0,0.0,1.427,0.896,14.056,13.971,835260000.0,3376000.0,23.75,5.443,5.463,29891000.0,-13564000.0,32698000.0,32698000.0,0.0,,,,,0.0,2034000.0,1.0,28879061.0,28985000,29402000.0,1.128,1152753000.0,0.0,0.0,0.0,39.771,
81,WELL,MRQ,2001-03-31,2001-03-31,2001-03-31,2021-07-30,-994000.0,1141281000.0,,,,,24.28,-6857000.0,2537000.0,2537000.0,0.0,15203000.0,,0.643,430135000.0,,,430135000.0,0.0,7513000.0,0.0,0.056,0.585,23315000.0,30828000.0,0.946,30828000.0,23315000.0,15203000.0,0.41,0.41,0.41,694835000.0,,694835000.0,1037592469.0,11.0,8.394,10967000.0,0.383,1.0,32577000.0,1.0,0.0,8112000.0,1568879000.0,,0.0,289992000.0,,,446446000.0,,,600684469.0,-307000.0,0.0,1213000.0,-9617000.0,-20231000.0,-29986000.0,11855000.0,18791000.0,17824000.0,0.0,15203000.0,11827000.0,11827000.0,0.0,0.0,0.363,9262000.0,23315000.0,0.0,1.427,0.864,11.633,11.556,817741000.0,3376000.0,20.8,4.721,4.678,27096000.0,-8416000.0,32577000.0,32577000.0,0.0,,,,,0.0,1851000.0,1.0,28879061.0,28617000,28871000.0,1.138,1141281000.0,0.0,0.0,0.0,39.881,
82,WELL,MRQ,2000-12-31,2000-12-31,2000-12-31,2021-07-30,-744000.0,1156904000.0,,,,,24.693,-6932000.0,2844000.0,2844000.0,0.0,14812000.0,,0.656,439752000.0,,,439752000.0,0.0,6728000.0,0.0,0.036,0.585,21574000.0,28302000.0,1.034,28302000.0,21574000.0,14812000.0,0.4,0.4,0.4,698607000.0,,698607000.0,901462429.0,9.0,7.147,15563000.0,0.55,1.0,27374000.0,1.0,0.0,6762000.0,1593812000.0,,0.0,322882000.0,,,458297000.0,,,466261429.0,-672000.0,0.0,782000.0,1034000.0,-20201000.0,-18546000.0,-4621000.0,2394000.0,22495000.0,0.0,14812000.0,11436000.0,11436000.0,-2500000.0,0.0,0.418,6984000.0,20390000.0,0.0,1.462,0.667,8.545,8.464,803987000.0,3376000.0,16.25,3.601,3.567,24252000.0,-3388000.0,27374000.0,27374000.0,0.0,,,,,0.0,1751000.0,1.0,28693011.0,28292000,28763000.0,0.968,1156904000.0,0.0,0.0,0.0,40.892,
83,WELL,MRQ,2000-09-30,2000-09-30,2000-09-30,2021-07-30,-715000.0,1162283000.0,,,,,24.661,4540000.0,3516000.0,3516000.0,0.0,17161000.0,,0.653,438717000.0,,,438717000.0,0.0,6557000.0,0.0,0.0,0.0,25572000.0,32129000.0,0.963,32129000.0,25572000.0,17161000.0,0.48,0.48,0.48,703012000.0,,703012000.0,947611164.0,9.0,7.291,20710000.0,0.726,1.0,33351000.0,1.0,0.0,8411000.0,1597484000.0,,0.0,341340000.0,,,459271000.0,,,507951164.0,494000.0,0.0,1325000.0,-3965000.0,-20117000.0,-22825000.0,7149000.0,2679000.0,16170000.0,0.0,17161000.0,13785000.0,13785000.0,0.0,0.0,0.413,7779000.0,25572000.0,0.0,0.0,0.723,8.795,8.744,787650000.0,3376000.0,17.75,3.737,3.723,26712000.0,2001000.0,33351000.0,33351000.0,0.0,,,,,0.0,1823000.0,1.0,28616967.0,28507000,28650000.0,1.17,1162283000.0,0.0,0.0,0.0,40.772,
84,WELL,MRQ,2000-06-30,2000-06-30,2000-06-30,2021-07-30,-413000.0,1169326000.0,,,,,24.828,48749000.0,3022000.0,3022000.0,0.0,17963000.0,,0.659,442682000.0,,,442682000.0,0.0,5814000.0,0.0,0.0,0.0,26544000.0,32358000.0,0.954,32358000.0,26544000.0,17963000.0,0.51,0.51,0.51,704712000.0,,704712000.0,997783789.0,9.0,7.665,74039000.0,2.608,1.0,33927000.0,1.0,0.0,8581000.0,1608986000.0,,0.0,344503000.0,,,464614000.0,,,464945789.0,1642000.0,0.0,1285000.0,-91536000.0,-20095000.0,-110445000.0,86797000.0,37958000.0,25290000.0,0.0,17963000.0,14587000.0,14587000.0,0.0,0.0,0.43,7383000.0,26544000.0,0.0,0.0,0.66,7.728,7.675,798174000.0,3376000.0,16.27,3.401,3.378,20354000.0,4956000.0,33927000.0,33927000.0,0.0,,,,,0.0,1930000.0,1.0,28576877.0,28384000,28613000.0,1.195,1169326000.0,0.0,0.0,0.0,41.197,
85,WELL,MRQ,2000-03-31,2000-03-31,2000-03-31,2021-07-30,248000.0,1261866000.0,,,,,24.931,16060000.0,1380000.0,1380000.0,0.0,18119000.0,,0.788,534218000.0,,,534218000.0,0.0,6117000.0,0.0,0.0,0.0,27220000.0,33337000.0,0.957,33337000.0,27220000.0,18119000.0,0.52,0.52,0.52,705909000.0,,705909000.0,936944916.0,9.0,7.283,33120000.0,1.17,1.0,34827000.0,1.0,0.0,9101000.0,1794704000.0,,0.0,430061000.0,,,555957000.0,,,400231916.0,-749000.0,0.0,737000.0,-4624000.0,-19914000.0,-24267000.0,6458000.0,-8923000.0,17060000.0,0.0,18119000.0,14757000.0,14757000.0,0.0,0.0,0.424,7730000.0,27097000.0,0.0,0.0,0.567,6.522,6.452,805455000.0,3362000.0,14.0,2.959,2.931,21509000.0,7087000.0,34827000.0,34827000.0,0.0,,,,,0.0,1900000.0,1.0,28587994.0,28315000,28546000.0,1.23,1261866000.0,0.0,0.0,0.0,44.565,
86,WELL,MRQ,1999-12-31,1999-12-31,1999-12-31,2021-07-30,593000.0,1271171000.0,,,,,25.17,-16390000.0,2129000.0,2129000.0,0.0,17975000.0,,0.798,538842000.0,,,538842000.0,0.0,5933000.0,0.0,0.0,0.0,26209000.0,32142000.0,0.951,32142000.0,26209000.0,17975000.0,0.52,0.53,0.52,706996000.0,,706996000.0,952747778.0,9.0,7.768,9109000.0,0.324,1.0,33811000.0,1.0,0.0,8234000.0,1807884000.0,,0.0,421656000.0,,,564175000.0,,,431062778.0,-5650000.0,0.0,559000.0,9377000.0,-19734000.0,-10015000.0,-21134000.0,-4749000.0,25499000.0,0.0,17975000.0,14623000.0,14623000.0,0.0,0.0,0.432,7002000.0,26809000.0,0.0,0.0,0.61,6.861,6.785,826779000.0,3352000.0,15.13,3.352,3.309,17296000.0,8883000.0,33811000.0,33811000.0,0.0,,,,,0.0,1932000.0,1.0,28490600.0,28089000,28327000.0,1.204,1271171000.0,0.0,0.0,0.0,45.255,
87,WELL,MRQ,1999-09-30,1999-09-30,1999-09-30,2021-07-30,875000.0,1261859000.0,,,,,25.114,-29870000.0,7779000.0,7779000.0,0.0,19546000.0,,0.782,529464000.0,,,529464000.0,0.0,5052000.0,0.0,0.0,0.0,27279000.0,32331000.0,0.946,32331000.0,27279000.0,19546000.0,0.57,0.57,0.57,708126000.0,,708126000.0,1070610320.0,11.0,9.177,-8799000.0,-0.312,1.0,34160000.0,1.0,0.0,7733000.0,1783544000.0,,0.0,436217000.0,,,553733000.0,,,567531320.0,6872000.0,0.0,957000.0,25479000.0,-19527000.0,6891000.0,-21090000.0,8839000.0,21071000.0,0.0,19546000.0,16195000.0,16195000.0,0.0,0.0,0.474,6881000.0,27279000.0,0.0,0.0,0.801,8.776,8.658,796660000.0,3351000.0,20.0,4.671,4.641,17861000.0,10642000.0,34160000.0,34160000.0,0.0,,,,,0.0,1881000.0,1.0,28376566.0,28196000,28418000.0,1.212,1261859000.0,0.0,0.0,0.0,44.753,
88,WELL,MRQ,1999-06-30,1999-06-30,1999-06-30,2021-07-30,1213000.0,1235513000.0,,,,,25.132,-71154000.0,907000.0,907000.0,0.0,19139000.0,,0.747,503986000.0,,,503986000.0,0.0,5026000.0,0.0,0.0,0.0,25819000.0,30845000.0,0.95,30845000.0,25819000.0,19139000.0,0.56,0.56,0.56,707352000.0,,707352000.0,1087755039.0,12.0,10.021,-44261000.0,-1.573,1.0,32469000.0,1.0,0.0,6680000.0,1738592000.0,,0.0,446591000.0,,,528161000.0,,,658378039.0,-324000.0,0.0,1442000.0,73378000.0,-19350000.0,55092000.0,-82309000.0,-11148000.0,26893000.0,0.0,19139000.0,15787000.0,15787000.0,0.0,0.0,0.486,6650000.0,25819000.0,0.0,0.0,0.931,10.477,10.065,770285000.0,3352000.0,23.25,5.817,5.781,14155000.0,10621000.0,32469000.0,32469000.0,0.0,,,,,0.0,1872000.0,1.0,28317335.0,28145000,28440000.0,1.154,1235513000.0,0.0,0.0,0.0,43.898,
89,WELL,MRQ,1999-03-31,1999-03-31,1999-03-31,2021-07-30,2109000.0,1160045000.0,,,,,25.17,-79262000.0,1231000.0,1231000.0,0.0,18978000.0,,0.642,430608000.0,,,430608000.0,0.0,4093000.0,0.0,0.0,0.0,23247000.0,27340000.0,0.971,27340000.0,23247000.0,18978000.0,0.58,0.57,0.58,706694000.0,,706694000.0,1026532702.0,12.0,10.317,-57360000.0,-2.043,1.0,28164000.0,1.0,0.0,4269000.0,1589422000.0,,0.0,436491000.0,,,453351000.0,,,608822702.0,-38000.0,0.0,1594000.0,11629000.0,-18578000.0,65964000.0,-87904000.0,-8324000.0,21902000.0,0.0,18978000.0,16219000.0,16219000.0,0.0,0.0,0.576,5545000.0,22619000.0,0.0,0.0,0.862,9.987,9.348,703582000.0,2759000.0,21.5,5.861,5.811,15301000.0,10834000.0,28164000.0,28164000.0,0.0,,,,,0.0,1674000.0,1.0,28317335.0,28077000,28393000.0,1.003,1160045000.0,0.0,0.0,0.0,41.317,
90,WELL,MRQ,1998-12-31,1998-12-31,1998-12-31,2021-07-30,3982000.0,1073424000.0,,,,,23.115,-78160000.0,1269000.0,1269000.0,0.0,18132000.0,,0.694,418979000.0,,,418979000.0,0.0,3565000.0,0.0,0.0,0.0,22583000.0,26148000.0,0.979,26148000.0,22583000.0,18132000.0,0.6,0.59,0.6,633759000.0,,633759000.0,1115471196.0,14.0,12.126,-58735000.0,-2.142,1.0,26721000.0,1.0,0.0,4451000.0,1491134000.0,,0.0,438003000.0,,,439665000.0,,,725694196.0,-204000.0,0.0,59503000.0,27729000.0,-17226000.0,69872000.0,-89501000.0,-11283000.0,19425000.0,0.0,18132000.0,16468000.0,16468000.0,0.0,0.0,0.616,4587000.0,22134000.0,0.0,0.0,1.145,12.48,11.401,619989000.0,1664000.0,25.88,7.486,6.829,11774000.0,10434000.0,26721000.0,26721000.0,0.0,,,,,0.0,1757000.0,1.0,28040734.0,27418000,27913000.0,0.975,1073424000.0,0.0,0.0,0.0,39.15,
91,WELL,MRQ,1998-09-30,1998-09-30,1998-09-30,2021-07-30,2973000.0,985354000.0,,,,,22.564,-50709000.0,1473000.0,1473000.0,0.0,16029000.0,,0.722,391250000.0,,,391250000.0,0.0,3303000.0,0.0,0.0,0.0,20907000.0,24210000.0,0.937,24210000.0,20907000.0,16029000.0,0.57,0.56,0.57,572133000.0,,572133000.0,1013711264.0,14.0,12.002,-31779000.0,-1.253,1.0,25837000.0,1.0,0.0,4878000.0,1375131000.0,,0.0,425786000.0,,,413221000.0,,,677914264.0,203000.0,0.0,1992000.0,76583000.0,-15673000.0,40188000.0,-58915000.0,-8104000.0,18930000.0,0.0,16029000.0,14365000.0,14365000.0,0.0,0.0,0.556,4930000.0,20907000.0,0.0,0.0,1.185,12.409,11.995,544958000.0,1664000.0,26.63,7.536,7.506,10730000.0,9528000.0,25837000.0,25837000.0,0.0,,,,,0.0,1640000.0,1.0,25456788.0,25356000,25637000.0,1.019,985354000.0,0.0,0.0,0.0,38.861,
92,WELL,MRQ,1998-06-30,1998-06-30,1998-06-30,2021-07-30,3644000.0,926987000.0,,,,,22.579,-61349000.0,1270000.0,1270000.0,0.0,14739000.0,,0.625,337067000.0,,,337067000.0,0.0,2598000.0,0.0,0.0,0.0,19200000.0,21798000.0,0.941,21798000.0,19200000.0,14739000.0,0.55,0.54,0.55,570607000.0,,570607000.0,965066774.0,14.0,12.463,-43250000.0,-1.711,1.0,23159000.0,1.0,0.0,4461000.0,1262784000.0,,0.0,419340000.0,,,356380000.0,,,647105774.0,-419000.0,0.0,2163000.0,-4984000.0,-14669000.0,77254000.0,-95772000.0,-34249000.0,18099000.0,0.0,14739000.0,13907000.0,13907000.0,0.0,0.0,0.601,3959000.0,19200000.0,0.0,0.0,1.134,12.435,11.644,496311000.0,832000.0,25.5,7.827,7.795,7484000.0,9172000.0,23159000.0,23159000.0,0.0,,,,,0.0,1336000.0,1.0,25376697.0,25272000,25612000.0,0.916,926987000.0,0.0,0.0,0.0,36.68,
93,WELL,MRQ,1998-03-31,1998-03-31,1998-03-31,2021-07-30,5010000.0,836006000.0,,,,,20.491,-68419000.0,1689000.0,1689000.0,0.0,13409000.0,,0.682,319650000.0,,,319650000.0,0.0,2188000.0,0.0,0.0,0.0,17649000.0,19837000.0,0.935,19837000.0,17649000.0,13409000.0,0.55,0.54,0.55,497101000.0,,497101000.0,917266700.0,14.0,12.606,-49127000.0,-2.025,1.0,21226000.0,1.0,0.0,4240000.0,1153967000.0,,0.0,446663000.0,,,338905000.0,,,669577700.0,308000.0,0.0,26462000.0,70581000.0,-13148000.0,83411000.0,-102395000.0,-33982000.0,19292000.0,0.0,13409000.0,13409000.0,13409000.0,0.0,0.0,0.632,3577000.0,17649000.0,0.0,0.0,1.347,13.375,12.557,377143000.0,0.0,27.5,8.588,8.557,7927000.0,9102000.0,21226000.0,21226000.0,0.0,,,,,0.0,1381000.0,1.0,24348280.0,24259000,24642000.0,0.875,836006000.0,0.0,0.0,0.0,34.462,
94,WELL,MRQ,1997-12-31,1997-12-31,1997-12-31,2021-07-30,4671000.0,734327000.0,,,,,20.134,-42415000.0,1381000.0,1381000.0,0.0,12951000.0,,0.563,249070000.0,,,249070000.0,0.0,1936000.0,0.0,0.0,0.0,16682000.0,18618000.0,0.944,18618000.0,16682000.0,12951000.0,0.55,0.55,0.55,469924000.0,,469924000.0,,,,-34965000.0,-1.498,1.0,19732000.0,1.0,0.0,3731000.0,982016000.0,,0.0,425917000.0,,,264403000.0,,,684917116.0,-26709000.0,0.0,57627000.0,-7223000.0,-12907000.0,37494000.0,-71653000.0,-29415000.0,7450000.0,0.0,12951000.0,12951000.0,12951000.0,0.0,0.0,0.656,2450000.0,17282000.0,0.0,0.0,1.458,14.736,13.084,297275000.0,0.0,28.13,9.343,8.286,7478000.0,8841000.0,19732000.0,19732000.0,0.0,,,,,0.0,1252000.0,1.0,24348280.0,23340000,23735000.0,0.845,734327000.0,0.0,0.0,0.0,31.462,
95,WELL,MRQ,1997-09-30,1997-09-30,1997-09-30,2021-07-30,,,,,,,,-30375000.0,,,0.0,11773000.0,,,,,,,,1537000.0,,0.0,0.0,15644000.0,17181000.0,0.926,17181000.0,15644000.0,11773000.0,0.54,0.53,0.54,,,,,,,-7369000.0,-0.335,1.0,18559000.0,1.0,,3871000.0,,,,,,,,,,,27117000.0,0.0,-772000.0,39620000.0,-11700000.0,27102000.0,-22991000.0,7425000.0,23006000.0,0.0,11773000.0,11773000.0,11773000.0,0.0,0.0,0.634,2915000.0,15644000.0,,0.0,,,,,0.0,27.44,,,,,18559000.0,18559000.0,0.0,,,,,0.0,1245000.0,1.0,,21974000,22289000.0,0.845,,,0.0,,,
96,WELL,MRQ,1997-06-30,1997-06-30,1997-06-30,2021-07-30,,,,,,,,-16260000.0,,,0.0,11928000.0,,,,,,,,1451000.0,,0.0,0.0,15680000.0,17131000.0,0.929,17131000.0,15680000.0,11928000.0,0.55,0.54,0.55,,,,,,,-2350000.0,-0.108,1.0,18448000.0,1.0,,3752000.0,,,,,,,,,,,852000.0,0.0,4424000.0,24076000.0,-11492000.0,16281000.0,-29339000.0,-12737000.0,13910000.0,0.0,11928000.0,11928000.0,11928000.0,0.0,0.0,0.647,2768000.0,15680000.0,,0.0,,,,,0.0,24.31,,,,,18448000.0,18448000.0,0.0,,,,,0.0,1181000.0,1.0,,21845000,22101000.0,0.844,,,0.0,,,
97,WELL,MRQ,1997-03-31,1997-03-31,1997-03-31,2021-07-30,,,,,,,,-44216000.0,,,0.0,9826000.0,,,,,,,,1417000.0,,0.0,0.0,13837000.0,15254000.0,0.921,15254000.0,13837000.0,9826000.0,0.51,0.51,0.51,,,,,,,-32574000.0,-1.689,1.0,16569000.0,1.0,,4011000.0,,,,,,,,,,,-460000.0,0.0,78275000.0,8202000.0,-9705000.0,75984000.0,-88086000.0,-43863000.0,11642000.0,0.0,9826000.0,9826000.0,9826000.0,0.0,0.0,0.593,2732000.0,13837000.0,,0.0,,,,,0.0,23.75,,,,,16569000.0,16569000.0,0.0,,,,,0.0,1180000.0,1.0,,19286000,19450000.0,0.859,,,0.0,,,
98,WELL,MRQ,1996-12-31,1996-12-31,1996-12-31,2021-07-30,768000.0,519831000.0,,,,,23.099,,581000.0,581000.0,,,,0.597,184395000.0,,,184395000.0,0.0,,0.0,0.0,0.0,,,,,,,,,,325536000.0,,325536000.0,,,,,,1.0,,,0.0,,703645000.0,,0.0,360039000.0,,,194295000.0,,,,,,,,,,,,,,,,,,,,,,0.0,,,,11.239,153623000.0,,24.5,,6.347,4156000.0,8167000.0,,,,,,,,,,1.0,,14093000,,,519831000.0,0.0,,0.0,36.886,
0,WELL,MRT,2021-06-30,2021-06-30,2021-06-30,2021-07-30,-127948000.0,32176116000.0,32548401500.0,,,0.134,38.137,2278603000.0,808704000.0,808704000.0,2515261000.0,668205000.0,,0.938,13871538000.0,,,13871538000.0,0.0,983576000.0,0.0,0.029,2.44,1082639000.0,2066215000.0,0.475,2066215000.0,1082639000.0,591132000.0,1.41,1.39,1.41,15920446000.0,15949979250.0,15920446000.0,47059231550.0,43.0,22.776,3470656000.0,8.314,1.0,1836683000.0,0.422,68321000.0,491507000.0,45170629000.0,44899029500.0,0.0,2117411000.0,,,14932908000.0,,,34695953550.0,-1017539000.0,-1382316000.0,366464000.0,-1322543000.0,-1018050000.0,-2224663000.0,614000.0,-878130000.0,1192053000.0,14457000.0,587117000.0,587117000.0,587117000.0,0.0,81088000.0,0.135,1254531000.0,582152000.0,0.0,1.73,2.179,59.095,58.936,28179237000.0,0.0,83.1,7.973,7.971,1002443000.0,-5428744000.0,4351944000.0,4351944000.0,0.0,0.018,0.037,0.024,0.249,24278000.0,120213000.0,1.0,417520500.0,417452000,419305000.0,10.425,32107795000.0,0.0,4015000.0,0.0,76.914,
1,WELL,MRT,2021-03-31,2021-03-31,2021-03-31,2021-07-30,-128136000.0,32992251000.0,32795035500.0,,,0.134,37.865,3342291000.0,2558822000.0,2558822000.0,2533368000.0,781664000.0,,1.009,14922100000.0,,,14922100000.0,0.0,1008062000.0,0.0,0.034,2.44,1244098000.0,2252160000.0,0.512,2252160000.0,1244098000.0,748575000.0,1.78,1.75,1.78,15798878000.0,15981902750.0,15798878000.0,42093090084.0,34.0,18.69,4598848000.0,11.022,1.0,1866059000.0,0.424,68321000.0,495523000.0,45287208000.0,45144162750.0,0.0,1507684000.0,,,15945319000.0,,,29897147084.0,2165756000.0,-1002607000.0,-3344000.0,187040000.0,-1019469000.0,-1164660000.0,2059040000.0,-263422000.0,1256557000.0,14819000.0,740106000.0,740106000.0,740106000.0,0.0,41558000.0,0.168,1342619000.0,523440000.0,0.0,1.371,1.892,40.396,40.242,27919785000.0,0.0,71.63,6.796,6.793,937639000.0,-5199529000.0,4399427000.0,4399427000.0,0.0,0.023,0.046,0.028,0.283,26811000.0,122839000.0,1.0,417383039.0,417241000,419079000.0,10.544,32923930000.0,0.0,8469000.0,0.0,78.909,
2,WELL,MRT,2020-12-31,2020-12-31,2020-12-31,2021-07-30,-148504000.0,32483642000.0,32777729750.0,,,0.141,38.447,3853703000.0,2021043000.0,2021043000.0,2597823000.0,1038852000.0,,0.955,14216986000.0,,,14216986000.0,0.0,1038437000.0,0.0,0.042,2.7,1503200000.0,2541637000.0,0.552,2541637000.0,1503200000.0,988812000.0,2.36,2.33,2.36,15972719000.0,16065379000.0,15972719000.0,39019981053.0,26.0,15.352,5218459000.0,12.561,1.0,2008144000.0,0.436,68321000.0,514388000.0,44611264000.0,45545203250.0,0.0,1389606000.0,,,15258580000.0,,,26966240053.0,1635277000.0,-1266715000.0,587657000.0,-1198236000.0,-1119232000.0,-2080858000.0,2347928000.0,-221588000.0,1364756000.0,3451000.0,978844000.0,978844000.0,978844000.0,0.0,60008000.0,0.213,1383823000.0,624321000.0,0.0,1.144,1.688,27.549,27.381,28031575000.0,0.0,64.62,5.855,5.829,973097000.0,-5016123000.0,4605967000.0,4605967000.0,0.0,0.03,0.061,0.033,0.326,28318000.0,128394000.0,1.0,417304860.0,415451000,417387000.0,11.087,32415321000.0,0.0,9968000.0,0.0,78.024,
3,WELL,MRT,2020-09-30,2020-09-30,2020-09-30,2021-07-30,-126469000.0,32541597000.0,33002007000.0,,,0.144,38.625,3074719000.0,2155333000.0,2155333000.0,2639782000.0,1123710000.0,,0.947,14209074000.0,,,14209074000.0,0.0,1058348000.0,0.0,0.054,2.96,1569148000.0,2627496000.0,0.554,2627496000.0,1569148000.0,1044285000.0,2.52,2.48,2.52,16107874000.0,15957310250.0,16107874000.0,36045926563.0,23.0,13.719,4510371000.0,10.816,1.0,2106991000.0,0.444,68321000.0,524863000.0,44527017000.0,46471244500.0,0.0,1237292000.0,,,15250442000.0,,,22989095563.0,1824599000.0,-1575226000.0,957677000.0,-337841000.0,-1216859000.0,-956512000.0,1339279000.0,-142112000.0,1435652000.0,6180000.0,1039439000.0,1039439000.0,1039439000.0,0.0,84271000.0,0.219,1370490000.0,736501000.0,0.0,1.175,1.427,22.117,21.861,27933401000.0,0.0,55.09,4.843,4.84,1147250000.0,-4925022000.0,4746773000.0,4746773000.0,0.0,0.031,0.065,0.034,0.331,25484000.0,127053000.0,1.0,417300700.0,417027000,418987000.0,11.382,32473276000.0,0.0,4846000.0,0.0,77.869,
4,WELL,MRT,2020-06-30,2020-06-30,2020-06-30,2021-07-30,-116856000.0,33162652000.0,32832596500.0,,,0.152,38.477,3444056000.0,1826243000.0,1826243000.0,2660653000.0,1376664000.0,,0.991,14883074000.0,,,14883074000.0,0.0,1075261000.0,0.0,0.062,3.22,1847896000.0,2923157000.0,0.587,2923157000.0,1847896000.0,1310541000.0,3.2,3.16,3.2,16048140000.0,15746858000.0,16048140000.0,35641216620.0,19.0,12.193,4937158000.0,11.837,1.0,2315379000.0,0.465,68321000.0,537355000.0,46151162000.0,46741260250.0,0.0,1011792000.0,,,15898980000.0,,,21604553620.0,1466525000.0,-1863848000.0,996626000.0,-986759000.0,-1316460000.0,-1647963000.0,1624753000.0,62848000.0,1493102000.0,-3367000.0,1303730000.0,1303730000.0,1303730000.0,0.0,72934000.0,0.262,1376693000.0,938686000.0,0.0,1.006,1.346,16.571,16.172,28930323000.0,0.0,51.75,4.342,4.338,1325973000.0,-4996097000.0,4976032000.0,4976032000.0,0.0,0.04,0.083,0.04,0.371,24228000.0,127069000.0,1.0,417479297.0,417084000,419121000.0,11.931,33094331000.0,0.0,6811000.0,0.0,79.347,
5,WELL,MRT,2020-03-31,2020-03-31,2020-03-31,2021-07-30,-96213000.0,32923028000.0,32829107750.0,,,0.156,39.319,2191167000.0,393066000.0,393066000.0,2701016000.0,1367488000.0,,0.956,14429729000.0,,,14429729000.0,0.0,1057942000.0,0.0,0.076,3.48,1820757000.0,2878699000.0,0.564,2878699000.0,1820757000.0,1268423000.0,3.11,3.08,3.11,16132783000.0,15483436750.0,16132783000.0,33787972369.0,19.0,11.737,3795097000.0,9.249,1.0,2406647000.0,0.471,68321000.0,552334000.0,46891370000.0,47288591750.0,0.0,923725000.0,,,15427332000.0,,,18784973369.0,-14373000.0,-4302719000.0,1113583000.0,1031565000.0,-1412587000.0,485060000.0,-2096311000.0,32932000.0,1603930000.0,-7052000.0,1262246000.0,1262246000.0,1262246000.0,0.0,105242000.0,0.247,1296537000.0,1110110000.0,0.0,1.119,1.164,14.882,14.72,30153890000.0,0.0,45.78,3.678,3.678,1384026000.0,-4920497000.0,5107663000.0,5107663000.0,0.0,0.038,0.082,0.039,0.356,24601000.0,126748000.0,1.0,410331441.0,410306000,412420000.0,12.448,32854707000.0,0.0,6177000.0,0.0,80.074,
6,WELL,MRT,2019-12-31,2019-12-31,2019-12-31,2021-07-30,-112157000.0,33380751000.0,32257684750.0,,,0.159,38.673,1998338000.0,385766000.0,385766000.0,2690042000.0,1330410000.0,,1.055,15388765000.0,,,15388765000.0,0.0,1027073000.0,0.0,0.043,3.48,1790948000.0,2818021000.0,0.55,2818021000.0,1790948000.0,1235389000.0,3.07,3.05,3.07,15540444000.0,15219863750.0,15540444000.0,46997737043.0,26.0,16.678,3534306000.0,8.795,1.0,2431264000.0,0.475,68321000.0,555559000.0,48315429000.0,46390677000.0,0.0,853805000.0,,,16398247000.0,,,33186291043.0,69637000.0,-4023083000.0,1056125000.0,1139129000.0,-1400712000.0,577150000.0,-2048791000.0,-8774000.0,1535968000.0,5310000.0,1232432000.0,1232432000.0,1232432000.0,0.0,97978000.0,0.241,1229968000.0,1201296000.0,0.0,1.134,2.135,26.927,26.638,30848889000.0,0.0,81.78,6.48,6.417,1223970000.0,-4869568000.0,5121306000.0,5121306000.0,0.0,0.038,0.081,0.039,0.35,25047000.0,126549000.0,1.0,405799597.0,401845000,403808000.0,12.744,33312430000.0,0.0,2957000.0,0.0,82.899,
7,WELL,MRT,2019-09-30,2019-09-30,2019-09-30,2021-07-30,-117676000.0,31863955000.0,31498015000.0,,,0.162,37.692,5495340000.0,330735000.0,330735000.0,2678166000.0,1214970000.0,,0.994,14142181000.0,,,14142181000.0,0.0,1007263000.0,0.0,0.038,3.48,1699120000.0,2706383000.0,0.531,2706383000.0,1699120000.0,1130840000.0,2.79,2.76,2.79,15266065000.0,14992836250.0,15266065000.0,51995735870.0,31.0,19.212,7078036000.0,17.476,1.0,2421561000.0,0.475,68321000.0,568280000.0,45607080000.0,45125511250.0,0.0,556854000.0,,,15167885000.0,,,36735623870.0,49450000.0,-6725232000.0,1233269000.0,128649000.0,-1390557000.0,-213724000.0,-1311503000.0,-69659000.0,1582696000.0,-8019000.0,1121547000.0,1109871000.0,1109871000.0,0.0,93423000.0,0.218,1291831000.0,1129730000.0,0.0,1.247,2.406,33.099,32.491,29705375000.0,11676000.0,90.65,7.203,7.199,1202670000.0,-4740602000.0,5099727000.0,5099727000.0,0.0,0.035,0.074,0.038,0.333,25347000.0,131143000.0,1.0,405246816.0,405023000,406891000.0,12.591,31795634000.0,0.0,9293000.0,0.0,78.503,
8,WELL,MRT,2019-06-30,2019-06-30,2019-06-30,2021-07-30,-100622000.0,33148697000.0,31094306000.0,,,0.163,37.059,1274904000.0,359718000.0,359718000.0,2679735000.0,651264000.0,,1.113,15619830000.0,,,15619830000.0,0.0,977967000.0,0.0,0.043,3.48,1183766000.0,2161733000.0,0.426,2161733000.0,1183766000.0,614797000.0,1.5,1.48,1.5,14994455000.0,14753241250.0,14994455000.0,45745507194.0,39.0,21.161,2874906000.0,7.105,1.0,2390238000.0,0.471,68321000.0,568969000.0,48340488000.0,44574634500.0,0.0,519387000.0,,,16695891000.0,,,33014811194.0,87335000.0,-6363392000.0,1426543000.0,3575481000.0,-1373103000.0,3539462000.0,-5048086000.0,50127000.0,1600002000.0,-4043000.0,607731000.0,584379000.0,584379000.0,0.0,43533000.0,0.115,1339093000.0,1051145000.0,0.0,2.32,2.202,56.496,54.353,31064913000.0,23352000.0,81.53,6.512,6.506,1136358000.0,-4977228000.0,5069973000.0,5069973000.0,0.0,0.019,0.04,0.027,0.233,26113000.0,128870000.0,1.0,404940650.0,404607000,406673000.0,12.531,33080376000.0,0.0,7066000.0,0.0,81.759,
9,WELL,MRT,2019-03-31,2019-03-31,2019-03-31,2021-07-30,-144618000.0,30637336000.0,29711877250.0,,,0.164,38.517,1188069000.0,407439000.0,407439000.0,2547359000.0,668497000.0,,0.938,13138135000.0,,,13138135000.0,0.0,966190000.0,0.0,0.045,3.48,1194434000.0,2160624000.0,0.443,2160624000.0,1194434000.0,645385000.0,1.58,1.55,1.58,15078491000.0,14590108250.0,15078491000.0,42962643577.0,36.0,19.884,2747264000.0,7.018,1.0,2328420000.0,0.478,68321000.0,549049000.0,43299711000.0,42167971750.0,0.0,484265000.0,,,14138960000.0,,,29981628577.0,143320000.0,-3851552000.0,1315904000.0,1344418000.0,-1356158000.0,1201512000.0,-2610280000.0,61099000.0,1559195000.0,-7107000.0,636077000.0,601049000.0,601049000.0,0.0,32420000.0,0.123,1300156000.0,1028264000.0,0.0,2.203,1.988,49.882,49.114,28592908000.0,35028000.0,77.6,6.149,6.23,1084403000.0,-4761313000.0,4875779000.0,4875779000.0,0.0,0.02,0.041,0.028,0.245,23618000.0,127960000.0,1.0,386361193.0,391474000,393452000.0,12.455,30569015000.0,0.0,9308000.0,0.0,78.087,
10,WELL,MRT,2018-12-31,2018-12-31,2018-12-31,2021-07-30,-129769000.0,30342072000.0,28989208000.0,,,0.162,39.164,1114981000.0,316129000.0,316129000.0,2433017000.0,829750000.0,,0.979,13297144000.0,,,13297144000.0,0.0,950459000.0,0.0,0.05,3.48,1340220000.0,2290679000.0,0.487,2290679000.0,1340220000.0,813628000.0,2.03,2.02,2.03,14632334000.0,14460094250.0,14632334000.0,39296253845.0,29.0,17.155,2698925000.0,7.224,1.0,2267482000.0,0.482,68321000.0,526592000.0,43254766000.0,41034058750.0,0.0,482914000.0,,,14331427000.0,,,26073478845.0,6826000.0,-3606298000.0,789575000.0,1484782000.0,-1348863000.0,818368000.0,-2386471000.0,112751000.0,1583944000.0,-9015000.0,804954000.0,758250000.0,758250000.0,0.0,24796000.0,0.161,1301303000.0,966179000.0,0.0,1.714,1.782,34.386,34.192,28420769000.0,46704000.0,69.41,5.547,5.517,1053939000.0,-4697023000.0,4700499000.0,4700499000.0,0.0,0.026,0.052,0.033,0.285,27646000.0,126383000.0,1.0,375644415.0,373620000,375250000.0,12.581,30273751000.0,0.0,8674000.0,0.0,81.028,
11,WELL,MRT,2018-09-30,2018-09-30,2018-09-30,2021-07-30,-138491000.0,30249119000.0,28389801250.0,,,0.161,38.356,-1655430000.0,281285000.0,281285000.0,2330277000.0,615311000.0,,1.019,13504060000.0,,,13504060000.0,0.0,946083000.0,0.0,0.054,3.48,1133941000.0,2080024000.0,0.456,2080024000.0,1133941000.0,624501000.0,1.46,1.45,1.46,14307685000.0,14407797500.0,14307685000.0,35092003067.0,31.0,16.871,-172569000.0,-0.463,1.0,2233237000.0,0.489,68321000.0,509440000.0,43403573000.0,40045056500.0,0.0,764016000.0,,,14579054000.0,,,23928827067.0,-14026000.0,-815738000.0,333406000.0,2031483000.0,-1339270000.0,885139000.0,-2379130000.0,101851000.0,1482861000.0,-2896000.0,591668000.0,544964000.0,544964000.0,0.0,23643000.0,0.119,1366030000.0,867207000.0,0.0,2.384,1.672,43.909,44.055,28097245000.0,46704000.0,64.32,5.244,5.258,1038252000.0,-4469925000.0,4563514000.0,4563514000.0,0.0,0.019,0.038,0.028,0.248,25443000.0,123647000.0,1.0,372027784.0,373023000,374487000.0,12.234,30180798000.0,0.0,32833000.0,0.0,80.909,
12,WELL,MRT,2018-06-30,2018-06-30,2018-06-30,2021-07-30,-132631000.0,27618982000.0,27872616250.0,,,0.159,38.591,347865000.0,272383000.0,272383000.0,2197117000.0,620384000.0,,0.866,11435559000.0,,,11435559000.0,0.0,933072000.0,0.0,0.056,3.48,1127074000.0,2060146000.0,0.466,2060146000.0,1127074000.0,633088000.0,1.49,1.48,1.49,14341923000.0,14513357500.0,14341923000.0,34405242363.0,31.0,16.7,1776357000.0,4.78,1.0,2221501000.0,0.503,68321000.0,493986000.0,38713837000.0,39028748000.0,0.0,831122000.0,,,12420338000.0,,,23319521363.0,-215258000.0,-840966000.0,207724000.0,27978000.0,-1336121000.0,-1181840000.0,-471808000.0,31730000.0,1428492000.0,9898000.0,601327000.0,554623000.0,554623000.0,0.0,19057000.0,0.126,1349748000.0,871753000.0,0.0,2.336,1.626,42.046,42.074,25357869000.0,46704000.0,62.69,5.278,5.273,1089287000.0,-4210127000.0,4418618000.0,4418618000.0,0.0,0.02,0.038,0.029,0.255,26158000.0,124814000.0,1.0,371981518.0,371640000,373075000.0,11.89,27550661000.0,0.0,31761000.0,0.0,74.133,
13,WELL,MRT,2018-03-31,2018-03-31,2018-03-31,2021-07-30,-91253000.0,27746659000.0,27961817250.0,,,0.156,39.196,439072000.0,264119000.0,264119000.0,2130221000.0,656552000.0,,0.845,11349840000.0,,,11349840000.0,0.0,921645000.0,0.0,0.064,3.48,1143601000.0,2065246000.0,0.475,2065246000.0,1143601000.0,654800000.0,1.58,1.58,1.58,14558435000.0,14635084750.0,14558435000.0,31652605355.0,28.0,15.326,1856367000.0,4.998,1.0,2221087000.0,0.51,68321000.0,488801000.0,38764059000.0,39050231250.0,0.0,808246000.0,,,12298458000.0,,,20229972355.0,-159018000.0,-859916000.0,509550000.0,-374501000.0,-1331331000.0,-1256250000.0,-344516000.0,88024000.0,1417295000.0,24453000.0,635328000.0,588620000.0,588620000.0,0.0,21224000.0,0.135,1351597000.0,869490000.0,0.0,2.203,1.39,34.368,34.449,25573303000.0,46708000.0,54.43,4.649,4.646,1032670000.0,-4041187000.0,4351308000.0,4351308000.0,0.0,0.021,0.04,0.029,0.263,25753000.0,124615000.0,1.0,371669527.0,371426000,373257000.0,11.715,27678338000.0,0.0,19472000.0,0.0,74.519,
14,WELL,MRT,2017-12-31,2017-12-31,2017-12-31,2021-07-30,-111465000.0,27944445000.0,27966971750.0,,,0.154,39.275,895023000.0,309303000.0,309303000.0,2083925000.0,540613000.0,,0.877,11731936000.0,,,11731936000.0,0.0,921720000.0,0.0,0.055,3.48,1027524000.0,1949244000.0,0.452,1949244000.0,1027524000.0,542902000.0,1.26,1.26,1.26,14423147000.0,14654526750.0,14423147000.0,34843936368.0,34.0,17.876,2329200000.0,6.342,1.0,2232716000.0,0.517,68321000.0,484622000.0,39298757000.0,39041717500.0,0.0,873084000.0,,,12643799000.0,,,23617655368.0,-297917000.0,-849342000.0,621987000.0,-826074000.0,-1325617000.0,-1913527000.0,154581000.0,122389000.0,1434177000.0,26852000.0,522774000.0,463595000.0,463595000.0,0.0,17839000.0,0.107,1348271000.0,884445000.0,0.0,2.762,1.637,50.945,50.611,25743578000.0,59179000.0,63.77,5.471,5.425,950159000.0,-4155132000.0,4316641000.0,4316641000.0,0.0,0.017,0.032,0.026,0.238,19102000.0,122008000.0,1.0,370356835.0,367237000,369001000.0,11.754,27876124000.0,0.0,20128000.0,0.0,75.908,
15,WELL,MRT,2017-09-30,2017-09-30,2017-09-30,2021-07-30,-141240000.0,28180379000.0,28197156500.0,,,0.152,39.909,3411096000.0,295311000.0,295311000.0,2030856000.0,981459000.0,,0.852,11521592000.0,,,11521592000.0,0.0,911178000.0,0.0,0.049,3.47,1433657000.0,2344835000.0,0.546,2344835000.0,1433657000.0,949891000.0,2.5,2.49,2.5,14729925000.0,14750338250.0,14729925000.0,36817098982.0,26.0,15.701,4932456000.0,13.364,1.0,2259849000.0,0.527,68321000.0,483766000.0,39338339000.0,39354000250.0,0.0,898951000.0,,,12548967000.0,,,25924793982.0,-195088000.0,-2172931000.0,545119000.0,-2079170000.0,-1321110000.0,-3238291000.0,1508111000.0,263595000.0,1521360000.0,13732000.0,972010000.0,908155000.0,908155000.0,0.0,9449000.0,0.212,1211465000.0,1048384000.0,0.0,1.388,1.76,28.547,28.112,25898548000.0,63855000.0,70.28,6.042,6.046,1019248000.0,-3721919000.0,4290705000.0,4290705000.0,0.0,0.032,0.062,0.036,0.334,24710000.0,126453000.0,1.0,368878685.0,369089000,370740000.0,11.625,28112058000.0,0.0,-22119000.0,0.0,76.166,
16,WELL,MRT,2017-06-30,2017-06-30,2017-06-30,2021-07-30,-163624000.0,27975786000.0,28616146500.0,,,0.15,40.458,2946814000.0,487641000.0,487641000.0,1980539000.0,1246901000.0,,0.828,11379946000.0,,,11379946000.0,0.0,899101000.0,0.0,0.046,3.46,1705347000.0,2604448000.0,0.609,2604448000.0,1705347000.0,1214460000.0,3.23,3.22,3.23,14828832000.0,14765318250.0,14828832000.0,38438618384.0,23.0,14.759,4574330000.0,12.48,1.0,2297816000.0,0.537,68321000.0,490887000.0,38799770000.0,40196203500.0,0.0,940157000.0,,,12273387000.0,,,27407570384.0,-40726000.0,-2124970000.0,799613000.0,-1668878000.0,-1313414000.0,-2602701000.0,934632000.0,133218000.0,1627516000.0,-173000.0,1237553000.0,1169022000.0,1169022000.0,0.0,9348000.0,0.273,1135931000.0,1161885000.0,0.0,1.071,1.848,23.445,23.173,25476268000.0,68531000.0,74.85,6.406,6.412,1003399000.0,-3474634000.0,4278355000.0,4278355000.0,0.0,0.041,0.079,0.042,0.399,23321000.0,133368000.0,1.0,366166605.0,366524000,368149000.0,11.673,27907465000.0,0.0,-23093000.0,0.0,76.141,
17,WELL,MRT,2017-03-31,2017-03-31,2017-03-31,2021-07-30,-177200000.0,27767277000.0,28863325250.0,,,0.149,40.372,2874306000.0,423137000.0,423137000.0,1937516000.0,1254209000.0,,0.838,11454185000.0,,,11454185000.0,0.0,900822000.0,0.0,0.049,3.45,1741094000.0,2641916000.0,0.615,2641916000.0,1741094000.0,1234112000.0,3.27,3.25,3.27,14636203000.0,14656453750.0,14636203000.0,37427414925.0,21.0,14.167,4518287000.0,12.463,1.0,2358894000.0,0.549,68321000.0,506982000.0,38730004000.0,40832481500.0,0.0,983994000.0,,,12271596000.0,,,25676389925.0,5406000.0,-2114941000.0,560412000.0,-1442302000.0,-1306597000.0,-2599516000.0,978695000.0,236971000.0,1643981000.0,-17754000.0,1249270000.0,1176067000.0,1176067000.0,0.0,4939000.0,0.274,1132547000.0,1226347000.0,0.0,1.055,1.754,21.832,21.657,25235502000.0,73203000.0,70.82,5.976,5.976,1056323000.0,-3344182000.0,4296410000.0,4296410000.0,0.0,0.041,0.08,0.043,0.405,25589000.0,140650000.0,1.0,362558457.0,362534000,364652000.0,11.851,27698956000.0,0.0,-15158000.0,0.0,76.404,
18,WELL,MRT,2016-12-31,2016-12-31,2016-12-31,2021-07-30,-169531000.0,28865184000.0,29193579250.0,,,0.147,41.327,1727791000.0,607220000.0,607220000.0,1876983000.0,1082070000.0,,0.891,12358245000.0,,,12358245000.0,0.0,901242000.0,0.0,0.051,3.44,1580020000.0,2481262000.0,0.58,2481262000.0,1580020000.0,1058675000.0,2.83,2.81,2.83,14806393000.0,14627301500.0,14806393000.0,37183377937.0,24.0,14.986,3366855000.0,9.397,1.0,2404177000.0,0.562,68321000.0,521345000.0,40547888000.0,41566241750.0,0.0,1073203000.0,,,13185279000.0,,,24264243937.0,184530000.0,-2127066000.0,534194000.0,-466047000.0,-1298925000.0,-1250817000.0,-183443000.0,232775000.0,1639064000.0,-20274000.0,1077803000.0,1012397000.0,1012397000.0,0.0,4267000.0,0.236,1146150000.0,1258027000.0,0.0,1.216,1.639,23.967,23.65,25947564000.0,65406000.0,66.93,5.668,5.601,1168876000.0,-3341406000.0,4281160000.0,4281160000.0,0.0,0.035,0.069,0.038,0.369,28869000.0,155241000.0,1.0,362531659.0,358275000,360227000.0,11.949,28796863000.0,0.0,-19128000.0,0.0,80.376,
19,WELL,MRT,2016-09-30,2016-09-30,2016-09-30,2021-07-30,-151184000.0,29856339000.0,29233244500.0,,,0.145,41.205,-2228567000.0,511754000.0,511754000.0,1820886000.0,880379000.0,,0.96,13430888000.0,,,13430888000.0,0.0,896135000.0,0.0,0.046,3.405,1403913000.0,2300048000.0,0.543,2300048000.0,1403913000.0,877830000.0,2.27,2.26,2.27,14789845000.0,14573343250.0,14789845000.0,39210018364.0,28.0,17.047,-602124000.0,-1.678,1.0,2411438000.0,0.57,68321000.0,526083000.0,42707152000.0,41804399750.0,0.0,1109402000.0,,,14198571000.0,,,26761316364.0,118660000.0,1112000.0,633808000.0,1468918000.0,-1278951000.0,795740000.0,-2287569000.0,-13916000.0,1626443000.0,-15954000.0,877691000.0,812284000.0,812284000.0,0.0,2688000.0,0.192,1192004000.0,1219434000.0,0.0,1.5,1.809,32.946,32.938,26898125000.0,65407000.0,74.77,6.323,6.341,1268737000.0,-3362312000.0,4232324000.0,4232324000.0,0.0,0.028,0.056,0.034,0.332,25807000.0,159287000.0,1.0,357915158.0,358932000,361237000.0,11.791,29788018000.0,0.0,139000.0,0.0,82.991,
20,WELL,MRT,2016-06-30,2016-06-30,2016-06-30,2021-07-30,-159638000.0,28964501000.0,28633251250.0,,,0.144,40.358,-1643630000.0,525025000.0,525025000.0,1755909000.0,724895000.0,,0.952,12973727000.0,,,12973727000.0,0.0,883874000.0,0.0,0.044,3.37,1239438000.0,2123312000.0,0.514,2123312000.0,1239438000.0,721924000.0,1.86,1.85,1.86,14393374000.0,14537155250.0,14393374000.0,39837388472.0,32.0,18.762,-24720000.0,-0.069,1.0,2376279000.0,0.575,68321000.0,517514000.0,41344882000.0,40749866750.0,0.0,1190745000.0,,,13701807000.0,,,27192315472.0,230728000.0,-49027000.0,352404000.0,1043977000.0,-1261382000.0,272508000.0,-1641068000.0,72236000.0,1618910000.0,-19622000.0,724824000.0,659417000.0,659417000.0,0.0,71000.0,0.16,1159650000.0,1216629000.0,0.0,1.812,1.889,41.237,40.952,26042749000.0,65407000.0,76.17,6.581,6.574,1137661000.0,-3389003000.0,4132188000.0,4132188000.0,0.0,0.023,0.045,0.03,0.3,25883000.0,159409000.0,1.0,356995083.0,356646000,358891000.0,11.586,28896180000.0,0.0,-2900000.0,0.0,81.022,
21,WELL,MRT,2016-03-31,2016-03-31,2016-03-31,2021-07-30,-109053000.0,29088293000.0,28243996500.0,,,0.142,40.892,-1821573000.0,418125000.0,418125000.0,1695431000.0,844605000.0,,0.946,13063198000.0,,,13063198000.0,0.0,866107000.0,0.0,0.048,3.335,1351002000.0,2217109000.0,0.553,2217109000.0,1351002000.0,846953000.0,2.2,2.2,2.2,14519594000.0,14610605000.0,14519594000.0,37170468502.0,28.0,16.765,-284547000.0,-0.801,1.0,2317269000.0,0.577,68321000.0,504049000.0,41665045000.0,40063866000.0,0.0,1270361000.0,,,13728843000.0,,,24625472502.0,135761000.0,-35711000.0,359608000.0,1296239000.0,-1243334000.0,540568000.0,-1934271000.0,-68933000.0,1537026000.0,-7562000.0,841923000.0,776516000.0,776516000.0,0.0,2682000.0,0.194,1155199000.0,1162070000.0,0.0,1.516,1.696,31.713,31.518,26213333000.0,65407000.0,69.34,6.137,6.136,1118153000.0,-3277085000.0,4012700000.0,4012700000.0,0.0,0.027,0.053,0.034,0.337,29976000.0,157969000.0,1.0,355140936.0,355076000,356051000.0,11.301,29019972000.0,0.0,5030000.0,0.0,81.729,
22,WELL,MRT,2015-12-31,2015-12-31,2015-12-31,2021-07-30,-88243000.0,29023845000.0,27629272000.0,,,0.14,41.898,-2961436000.0,422690000.0,422690000.0,1622257000.0,888549000.0,,0.937,12967686000.0,,,12967686000.0,0.0,826240000.0,0.0,0.049,3.3,1382370000.0,2208610000.0,0.572,2208610000.0,1382370000.0,890201000.0,2.35,2.34,2.35,14590560000.0,14619553250.0,14590560000.0,35175398065.0,25.0,15.926,-1578837000.0,-4.534,1.0,2237569000.0,0.58,68321000.0,492169000.0,41500520000.0,38969708000.0,0.0,1361773000.0,,,13664877000.0,,,24074423065.0,-130733000.0,-29443000.0,1755722000.0,1382899000.0,-1210133000.0,1997318000.0,-3502075000.0,-502526000.0,1382599000.0,-8575000.0,883750000.0,818344000.0,818344000.0,0.0,4799000.0,0.212,1133033000.0,1104536000.0,0.0,1.404,1.65,29.418,28.949,26069193000.0,65406000.0,68.03,6.237,6.138,1101868000.0,-3120284000.0,3859826000.0,3859826000.0,0.0,0.03,0.056,0.035,0.358,30844000.0,147416000.0,1.0,353879510.0,348240000,349424000.0,11.084,28955524000.0,0.0,6451000.0,0.0,83.148,
23,WELL,MRT,2015-09-30,2015-09-30,2015-09-30,2021-07-30,-94359000.0,27456366000.0,26614041500.0,,,0.139,41.633,-2963996000.0,366800000.0,366800000.0,1546534000.0,945613000.0,,0.83,11467775000.0,,,11467775000.0,0.0,798824000.0,0.0,0.048,3.27,1430107000.0,2228931000.0,0.603,2228931000.0,1430107000.0,948331000.0,2.58,2.56,2.58,14645093000.0,14265701500.0,14645093000.0,35091363022.0,25.0,15.744,-1643171000.0,-4.671,1.0,2151578000.0,0.582,68321000.0,481776000.0,38489020000.0,37374032750.0,0.0,1311266000.0,,,12154426000.0,,,23829645022.0,-706636000.0,-87518000.0,1724941000.0,856305000.0,-1178707000.0,1500627000.0,-3524952000.0,-514847000.0,1320825000.0,-3136000.0,939460000.0,874053000.0,874053000.0,-724000.0,6153000.0,0.236,1068174000.0,1083404000.0,0.0,1.267,1.627,27.263,26.248,24596880000.0,65407000.0,67.72,6.444,6.442,1048909000.0,-2961051000.0,3698112000.0,3698112000.0,0.0,0.033,0.061,0.038,0.387,31622000.0,138178000.0,1.0,351884894.0,351765000,353107000.0,10.513,27388045000.0,0.0,8871000.0,0.0,77.859,
24,WELL,MRT,2015-06-30,2015-06-30,2015-06-30,2021-07-30,-81670000.0,27407482000.0,25885380500.0,,,0.138,41.916,-2945419000.0,290648000.0,290648000.0,1492988000.0,899127000.0,,0.831,11552366000.0,,,11552366000.0,0.0,793995000.0,0.0,0.049,3.24,1374770000.0,2168765000.0,0.608,2168765000.0,1374770000.0,895689000.0,2.5,2.48,2.5,14687173000.0,13903330500.0,14687173000.0,33738964530.0,25.0,15.557,-1782937000.0,-5.088,1.0,2073650000.0,0.581,68321000.0,479081000.0,38600879000.0,36161627250.0,0.0,1330164000.0,,,12202803000.0,,,23011625530.0,10588000.0,-73203000.0,2804249000.0,809182000.0,-1134430000.0,2395368000.0,-3550226000.0,-521981000.0,1162482000.0,2964000.0,893672000.0,828265000.0,828265000.0,-724000.0,5455000.0,0.232,1071681000.0,1001969000.0,0.0,1.296,1.567,27.783,26.252,24704270000.0,65407000.0,65.63,6.452,6.448,948352000.0,-2852444000.0,3566638000.0,3566638000.0,0.0,0.032,0.06,0.038,0.385,30416000.0,132031000.0,1.0,350626627.0,350399000,351366000.0,10.179,27339161000.0,0.0,2017000.0,0.0,78.023,
25,WELL,MRT,2015-03-31,2015-03-31,2015-03-31,2021-07-30,-107496000.0,26629395000.0,24926982500.0,,,0.138,43.223,-2908141000.0,287450000.0,287450000.0,1438388000.0,656522000.0,,0.798,11014789000.0,,,11014789000.0,0.0,799641000.0,0.0,0.041,3.21,1130382000.0,1930023000.0,0.562,1930023000.0,1130382000.0,649097000.0,1.85,1.83,1.85,14555387000.0,13277229500.0,14555387000.0,35796638329.0,32.0,18.547,-1801950000.0,-5.351,1.0,1997527000.0,0.581,68321000.0,481285000.0,37288413000.0,34905975500.0,0.0,1460735000.0,,,11618938000.0,,,25522048329.0,16345000.0,-88712000.0,3769660000.0,-136669000.0,-1076836000.0,2496398000.0,-3584583000.0,-567042000.0,1106191000.0,-1661000.0,652928000.0,587521000.0,587521000.0,-7399000.0,3594000.0,0.171,1074480000.0,923047000.0,0.0,1.735,1.753,43.44,41.816,23800480000.0,65407000.0,77.36,7.428,7.582,949031000.0,-2875671000.0,3435915000.0,3435915000.0,0.0,0.024,0.044,0.032,0.329,33462000.0,145217000.0,1.0,329912724.0,336754000,337812000.0,10.203,26561074000.0,0.0,-3831000.0,0.0,78.874,
26,WELL,MRT,2014-12-31,2014-12-31,2014-12-31,2021-07-30,-77009000.0,24962923000.0,24072394250.0,,,0.139,43.018,-1630196000.0,553423000.0,553423000.0,1403358000.0,512300000.0,,0.866,10776640000.0,,,10776640000.0,0.0,844130000.0,0.0,0.042,3.18,991925000.0,1836055000.0,0.549,1836055000.0,991925000.0,510886000.0,1.46,1.45,1.46,13175153000.0,12461971500.0,13175153000.0,33961095844.0,34.0,18.497,-491526000.0,-1.605,1.0,1940188000.0,0.58,68321000.0,481039000.0,35117819000.0,34041489750.0,0.0,1124320000.0,,,11403465000.0,,,24795098844.0,314946000.0,-296313000.0,2343868000.0,46468000.0,-1035069000.0,1303172000.0,-2126206000.0,-186475000.0,1138670000.0,-690000.0,512153000.0,446745000.0,446745000.0,-7135000.0,147000.0,0.134,1066873000.0,873315000.0,0.0,2.178,1.882,55.502,51.829,22471027000.0,65408000.0,75.67,7.416,6.931,745832000.0,-2793901000.0,3343546000.0,3343546000.0,0.0,0.019,0.036,0.029,0.297,32075000.0,142943000.0,1.0,327674096.0,306272000,307747000.0,10.917,24894602000.0,0.0,-1267000.0,0.0,81.283,
27,WELL,MRT,2014-09-30,2014-09-30,2014-09-30,2021-07-30,-52704000.0,24541722000.0,23602652750.0,,,0.138,42.414,-1305836000.0,1116845000.0,1116845000.0,1374454000.0,331517000.0,,0.831,10282842000.0,,,10282842000.0,0.0,892118000.0,0.0,0.051,3.15,813602000.0,1705720000.0,0.523,1705720000.0,813602000.0,329230000.0,0.88,0.89,0.88,13195609000.0,12021829000.0,13195609000.0,29316644796.0,36.0,17.187,-89077000.0,-0.286,1.0,1889963000.0,0.579,68321000.0,484372000.0,33639398000.0,33621047250.0,0.0,974434000.0,,,10959884000.0,,,19243941796.0,833840000.0,72519000.0,2322993000.0,-206045000.0,-995458000.0,1066848000.0,-1435935000.0,-161347000.0,1216759000.0,-13832000.0,335163000.0,269575000.0,269575000.0,751000.0,-3646000.0,0.083,1082109000.0,807854000.0,0.0,3.58,1.458,71.386,70.875,21641051000.0,65588000.0,62.37,5.895,5.944,668988000.0,-2721801000.0,3264417000.0,3264417000.0,0.0,0.011,0.022,0.024,0.249,29635000.0,143847000.0,1.0,308544842.0,311117000,312812000.0,10.493,24473401000.0,0.0,-5933000.0,0.0,78.663,
28,WELL,MRT,2014-06-30,2014-06-30,2014-06-30,2021-07-30,-18642000.0,23573890000.0,23229673500.0,,,0.138,41.122,-1717574000.0,272493000.0,272493000.0,1361218000.0,212351000.0,,0.905,10345196000.0,,,10345196000.0,0.0,934127000.0,0.0,0.05,3.12,709148000.0,1643275000.0,0.513,1643275000.0,709148000.0,227191000.0,0.51,0.52,0.51,12182769000.0,11613042500.0,12182769000.0,28953424868.0,41.0,17.619,-540280000.0,-1.824,1.0,1839387000.0,0.575,68321000.0,481957000.0,33578272000.0,33505946500.0,0.0,1047744000.0,,,11023596000.0,,,18265675868.0,-305118000.0,53536000.0,1226371000.0,-51261000.0,-968513000.0,146324000.0,-1627446000.0,-126326000.0,1177294000.0,-1290000.0,219849000.0,154011000.0,154011000.0,-4632000.0,-7498000.0,0.048,1119856000.0,719531000.0,0.0,6.118,1.499,118.6,122.882,21545126000.0,65838000.0,62.67,5.707,5.801,574727000.0,-2611685000.0,3200605000.0,3200605000.0,0.0,0.007,0.013,0.021,0.222,29320000.0,141762000.0,1.0,291458048.0,296256000,297995000.0,10.804,23505569000.0,0.0,7342000.0,0.0,79.342,
29,WELL,MRT,2014-03-31,2014-03-31,2014-03-31,2021-07-30,-25419000.0,23211042000.0,22885299250.0,,,0.133,38.999,-2078517000.0,253725000.0,253725000.0,1295422000.0,131678000.0,,1.023,10941474000.0,,,10941474000.0,0.0,920156000.0,0.0,0.052,3.09,617107000.0,1537263000.0,0.504,1537263000.0,617107000.0,146750000.0,0.24,0.25,0.24,11294355000.0,11478390500.0,11294355000.0,27702660641.0,45.0,18.021,-1031167000.0,-3.561,1.0,1757270000.0,0.576,68321000.0,470357000.0,33830470000.0,32852092000.0,0.0,1019572000.0,,,11554145000.0,,,17282247641.0,-83914000.0,78373000.0,1873015000.0,-92109000.0,-937281000.0,782851000.0,-1914281000.0,-87259000.0,1047350000.0,166000.0,139762000.0,73674000.0,73674000.0,31912000.0,-8084000.0,0.024,1096807000.0,660463000.0,0.0,12.875,1.53,234.577,248.333,21265898000.0,66088000.0,59.6,5.661,5.654,534684000.0,-2451764000.0,3052692000.0,3052692000.0,0.0,0.003,0.006,0.019,0.202,17336000.0,114004000.0,1.0,289970598.0,289606000,290917000.0,10.541,23142721000.0,0.0,6988000.0,0.0,79.911,
30,WELL,MRT,2013-12-31,2013-12-31,2013-12-31,2021-07-30,-24531000.0,23083957000.0,22279781750.0,,,0.129,41.218,-3499324000.0,231601000.0,231601000.0,1206813000.0,138280000.0,,0.989,10652014000.0,,,10652014000.0,0.0,873960000.0,0.0,0.057,3.06,610901000.0,1484861000.0,0.515,1484861000.0,610901000.0,152541000.0,0.28,0.28,0.28,11414583000.0,11199994750.0,11414583000.0,25661599756.0,42.0,17.282,-2510827000.0,-9.067,1.0,1673795000.0,0.581,68321000.0,458360000.0,33436049000.0,31914318750.0,0.0,811775000.0,,,11292587000.0,,,15464088756.0,-874984000.0,-68916000.0,1854637000.0,783672000.0,-906275000.0,1667670000.0,-3531593000.0,-36610000.0,988497000.0,442000.0,145050000.0,78714000.0,78714000.0,-51713000.0,-6770000.0,0.027,1107519000.0,566276000.0,0.0,10.929,1.355,196.459,191.321,21348075000.0,66336000.0,53.57,5.368,5.15,553310000.0,-2270985000.0,2880608000.0,2880608000.0,0.0,0.004,0.007,0.019,0.212,20177000.0,108318000.0,1.0,288670688.0,276929000,278761000.0,10.402,23015636000.0,0.0,7491000.0,0.0,83.11,
31,WELL,MRT,2013-09-30,2013-09-30,2013-09-30,2021-07-30,-23475000.0,23049805000.0,21396069750.0,,,0.121,40.418,-3886644000.0,245728000.0,245728000.0,1031455000.0,219589000.0,,0.96,10443239000.0,,,10443239000.0,0.0,770921000.0,0.0,0.049,3.035,659803000.0,1430724000.0,0.554,1430724000.0,659803000.0,235138000.0,0.62,0.62,0.62,11560463000.0,10920049250.0,11560463000.0,26696350255.0,40.0,18.659,-3006074000.0,-10.51,1.0,1548878000.0,0.6,68321000.0,424665000.0,33178995000.0,30273123000.0,0.0,782951000.0,,,11103680000.0,,,17861568255.0,-1217414000.0,-349424000.0,1837612000.0,1685343000.0,-877784000.0,2585526000.0,-4697919000.0,-557328000.0,880570000.0,14409000.0,224225000.0,157817000.0,157817000.0,-101269000.0,-4636000.0,0.061,993272000.0,555606000.0,0.0,4.895,1.545,113.179,100.613,21299166000.0,66408000.0,62.38,6.922,6.915,585070000.0,-2061507000.0,2580333000.0,2580333000.0,0.0,0.007,0.014,0.022,0.256,18942000.0,99838000.0,1.0,286334855.0,286020000,288029000.0,9.022,22981484000.0,0.0,10913000.0,0.0,80.349,
32,WELL,MRT,2013-06-30,2013-06-30,2013-06-30,2021-07-30,-49174000.0,22196393000.0,20204187250.0,,,0.112,42.638,-4012149000.0,725284000.0,725284000.0,833951000.0,239490000.0,,0.867,9560066000.0,,,9560066000.0,0.0,660799000.0,0.0,0.045,3.01,650035000.0,1310834000.0,0.58,1310834000.0,650035000.0,249475000.0,0.72,0.71,0.72,11644161000.0,10618940250.0,11644161000.0,26890460439.0,41.0,20.514,-3138317000.0,-11.492,1.0,1424504000.0,0.631,68321000.0,400560000.0,30962854000.0,27980955000.0,0.0,1081093000.0,,,10099427000.0,,,17531734439.0,307577000.0,-333366000.0,4191262000.0,1154040000.0,-818039000.0,4500778000.0,-5067706000.0,-604946000.0,873832000.0,673000.0,240803000.0,174395000.0,174395000.0,-112885000.0,-1313000.0,0.077,859723000.0,564781000.0,0.0,4.181,1.506,100.529,93.097,19651760000.0,66408000.0,67.03,7.763,8.105,598717000.0,-1863024000.0,2258455000.0,2258455000.0,0.0,0.009,0.016,0.023,0.288,17581000.0,94799000.0,1.0,261550566.0,273091000,276481000.0,8.27,22128072000.0,0.0,8672000.0,0.0,81.028,
33,WELL,MRT,2013-03-31,2013-03-31,2013-03-31,2021-07-30,-33091000.0,20788972000.0,18741945500.0,,,0.108,39.151,-3753195000.0,495202000.0,495202000.0,691832000.0,309184000.0,,1.019,9853928000.0,,,9853928000.0,0.0,593285000.0,0.0,0.044,2.985,701703000.0,1294988000.0,0.642,1294988000.0,701703000.0,319309000.0,1.01,0.99,1.01,10180772000.0,9722418250.0,10180772000.0,25076532876.0,36.0,19.364,-2909298000.0,-11.188,1.0,1326809000.0,0.657,68321000.0,382394000.0,30079377000.0,26160264250.0,0.0,1058668000.0,,,10372098000.0,,,17686054876.0,-199375000.0,-564258000.0,2538892000.0,2520937000.0,-776472000.0,3980016000.0,-5023845000.0,-580702000.0,843897000.0,557000.0,310405000.0,237638000.0,237638000.0,-188099000.0,-1221000.0,0.118,791783000.0,535026000.0,0.0,2.955,1.737,74.424,67.238,18602376000.0,72767000.0,67.91,8.761,8.748,490670000.0,-1654248000.0,2018641000.0,2018641000.0,0.0,0.013,0.024,0.027,0.348,17706000.0,96767000.0,1.0,260433734.0,260036000,260036000.0,7.763,20720651000.0,0.0,8904000.0,0.0,79.684,
34,WELL,MRT,2012-12-31,2012-12-31,2012-12-31,2021-07-30,-11028000.0,19549109000.0,17509636000.0,,,0.103,45.889,-2734840000.0,1141421000.0,1141421000.0,567989000.0,294840000.0,,0.874,8531899000.0,,,8531899000.0,0.0,533585000.0,0.0,0.048,2.96,666432000.0,1200017000.0,0.665,1200017000.0,666432000.0,304867000.0,0.99,0.98,0.99,10294801000.0,9276321500.0,10294801000.0,21712300783.0,33.0,18.093,-1916707000.0,-8.544,1.0,1237055000.0,0.685,68321000.0,361565000.0,26871266000.0,24169589000.0,0.0,1334601000.0,,,8993998000.0,,,15915931783.0,870282000.0,-214599000.0,3581292000.0,796392000.0,-722450000.0,3645128000.0,-3592979000.0,-597997000.0,818133000.0,0.0,297255000.0,221884000.0,221884000.0,-114058000.0,-2415000.0,0.123,665170000.0,571885000.0,0.0,2.99,1.546,71.731,61.909,16527344000.0,75371000.0,61.29,8.817,7.618,411095000.0,-1509760000.0,1805044000.0,1805044000.0,0.0,0.013,0.024,0.028,0.369,18521000.0,97341000.0,1.0,259682359.0,224343000,225953000.0,8.046,19480788000.0,0.0,7612000.0,0.0,86.835,
35,WELL,MRT,2012-09-30,2012-09-30,2012-09-30,2021-07-30,-10432000.0,18282275000.0,16353510250.0,,,0.101,46.152,-2666472000.0,1522656000.0,1522656000.0,518040000.0,230182000.0,,0.746,7319025000.0,,,7319025000.0,0.0,515387000.0,0.0,0.051,2.935,581657000.0,1097044000.0,0.663,1097044000.0,581657000.0,239175000.0,0.76,0.74,0.76,10356027000.0,8483812250.0,10356027000.0,19801610004.0,34.0,18.05,-1932411000.0,-8.612,1.0,1136505000.0,0.687,68321000.0,342482000.0,24010323000.0,22917756250.0,0.0,741460000.0,,,7724823000.0,,,12400624004.0,1245576000.0,-221273000.0,4183145000.0,-50043000.0,-658792000.0,3456623000.0,-2945108000.0,20229000.0,734061000.0,0.0,234597000.0,158593000.0,158593000.0,-93356000.0,-4415000.0,0.096,629913000.0,506592000.0,0.0,3.862,1.197,78.191,75.974,15500949000.0,76004000.0,57.74,7.495,7.831,391350000.0,-1407951000.0,1654545000.0,1654545000.0,0.0,0.01,0.019,0.025,0.352,17974000.0,97492000.0,1.0,214766609.0,224391000,226258000.0,7.373,18213954000.0,0.0,4578000.0,0.0,81.171,
36,WELL,MRT,2012-06-30,2012-06-30,2012-06-30,2021-07-30,-13590000.0,16347426000.0,15248213750.0,,,0.103,37.743,-2497584000.0,284514000.0,284514000.0,476750000.0,229029000.0,,1.003,7685500000.0,,,7685500000.0,0.0,498169000.0,0.0,0.05,2.91,573528000.0,1071697000.0,0.685,1071697000.0,573528000.0,238532000.0,0.8,0.79,0.8,8058073000.0,7539503750.0,8058073000.0,18790876361.0,33.0,17.534,-1799920000.0,-8.431,1.0,1086692000.0,0.695,68321000.0,334996000.0,23680091000.0,22013291500.0,0.0,760962000.0,,,8085565000.0,,,12465613361.0,-123863000.0,-221493000.0,1836364000.0,737634000.0,-627079000.0,1911545000.0,-2733072000.0,17547000.0,697664000.0,0.0,234567000.0,157931000.0,157931000.0,-82305000.0,-5538000.0,0.101,608182000.0,478510000.0,0.0,3.638,1.547,78.931,72.875,14765955000.0,76636000.0,58.3,7.973,7.961,407077000.0,-1285789000.0,1563442000.0,1563442000.0,0.0,0.01,0.021,0.026,0.367,17146000.0,93548000.0,1.0,213818411.0,213498000,215138000.0,7.323,16279105000.0,0.0,3965000.0,0.0,76.249,
37,WELL,MRT,2012-03-31,2012-03-31,2012-03-31,2021-07-30,-11642000.0,15859734000.0,14531522500.0,,,0.103,42.053,-4556224000.0,552716000.0,552716000.0,440719000.0,238362000.0,,0.866,6877979000.0,,,6877979000.0,0.0,476259000.0,0.0,0.052,2.885,571981000.0,1048240000.0,0.701,1048240000.0,571981000.0,246800000.0,0.94,0.93,0.94,8396385000.0,7174533000.0,8396385000.0,17593977709.0,31.0,16.784,-3907743000.0,-19.572,1.0,1053606000.0,0.705,68321000.0,325181000.0,22116676000.0,20958733250.0,0.0,538122000.0,,,7271181000.0,,,10586327709.0,-2198778000.0,5973000.0,1837253000.0,115321000.0,-595654000.0,1599327000.0,-4446586000.0,144012000.0,648481000.0,0.0,244071000.0,173043000.0,173043000.0,-74821000.0,-5709000.0,0.116,566577000.0,487029000.0,0.0,3.069,1.261,61.177,58.468,14262189000.0,71028000.0,54.96,7.084,7.343,381134000.0,-1181935000.0,1494325000.0,1494325000.0,0.0,0.012,0.024,0.027,0.383,16516000.0,87240000.0,1.0,192618772.0,199661000,201658000.0,7.484,15791413000.0,0.0,2729000.0,0.0,79.091,
38,WELL,MRT,2011-12-31,2011-12-31,2011-12-31,2021-07-30,-11928000.0,14924606000.0,13881100000.0,,,0.095,41.008,-4657912000.0,233102000.0,233102000.0,375064000.0,212716000.0,,1.068,7240752000.0,,,7240752000.0,0.0,423605000.0,0.0,0.052,2.835,509979000.0,933584000.0,0.711,933584000.0,509979000.0,218998000.0,0.9,0.9,0.9,7124764000.0,6730472000.0,7124764000.0,16355614185.0,32.0,17.519,-4069688000.0,-23.424,1.0,938118000.0,0.714,68321000.0,290981000.0,21863935000.0,19591753250.0,0.0,534229000.0,,,7612309000.0,,,9755918185.0,31912000.0,6351000.0,2137594000.0,1726115000.0,-544248000.0,3963817000.0,-4520129000.0,114348000.0,588224000.0,0.0,217610000.0,157108000.0,157108000.0,-96129000.0,-4894000.0,0.12,533903000.0,404215000.0,0.0,3.15,1.369,62.097,60.589,13649843000.0,60502000.0,54.53,7.429,7.215,380527000.0,-1078323000.0,1313182000.0,1313182000.0,0.0,0.011,0.023,0.026,0.388,10786000.0,77201000.0,1.0,178909191.0,173741000,174401000.0,7.558,14856285000.0,0.0,1388000.0,0.0,85.508,
39,WELL,MRT,2011-09-30,2011-09-30,2011-09-30,2021-07-30,-10354000.0,13861089000.0,12512882000.0,,,0.088,37.111,-4997766000.0,193351000.0,193351000.0,300196000.0,216405000.0,,1.085,6793047000.0,,,6793047000.0,0.0,360580000.0,0.0,0.06,2.81,469444000.0,830024000.0,0.755,830024000.0,469444000.0,218989000.0,1.06,1.04,1.06,6578793000.0,6099993750.0,6578793000.0,14336919107.0,31.0,17.273,-4503996000.0,-25.407,1.0,798730000.0,0.727,68321000.0,250455000.0,20392464000.0,17540675500.0,0.0,558772000.0,,,7135060000.0,,,8304515107.0,-44471000.0,-9137000.0,1999554000.0,2289547000.0,-497585000.0,4446183000.0,-4984424000.0,27354000.0,493770000.0,0.0,218387000.0,169815000.0,169815000.0,-130261000.0,-1982000.0,0.155,466548000.0,332182000.0,0.0,2.651,1.262,48.903,44.151,12644040000.0,48572000.0,46.8,7.557,7.549,337159000.0,-977510000.0,1098926000.0,1098926000.0,0.0,0.014,0.028,0.027,0.427,11107000.0,71306000.0,1.0,177446904.0,177272000,177849000.0,6.199,13792768000.0,0.0,602000.0,0.0,77.806,
40,WELL,MRT,2011-06-30,2011-06-30,2011-06-30,2021-07-30,-10145000.0,13480661000.0,11020876500.0,,,0.081,37.395,-4681673000.0,371255000.0,371255000.0,217396000.0,164146000.0,,1.02,6403659000.0,,,6403659000.0,0.0,297332000.0,0.0,0.053,2.785,374722000.0,672054000.0,0.749,672054000.0,374722000.0,165761000.0,0.81,0.79,0.81,6598190000.0,5487797000.0,6598190000.0,12709309377.0,34.0,18.911,-4266840000.0,-24.182,1.0,679743000.0,0.758,51207000.0,208961000.0,19461858000.0,15223097250.0,0.0,575892000.0,,,6729209000.0,,,9267390377.0,273335000.0,-21446000.0,2379373000.0,1974918000.0,-444759000.0,4584300000.0,-4725798000.0,-33577000.0,414833000.0,0.0,165330000.0,128645000.0,128645000.0,-136722000.0,-1184000.0,0.143,410318000.0,269425000.0,0.0,3.438,1.405,72.038,64.728,12091345000.0,36685000.0,52.43,10.33,10.312,342154000.0,-887031000.0,897139000.0,897139000.0,0.0,0.012,0.023,0.025,0.418,10350000.0,63199000.0,1.0,176757398.0,176445000,177488000.0,5.085,13429454000.0,0.0,431000.0,0.0,76.111,
41,WELL,MRT,2011-03-31,2011-03-31,2011-03-31,2021-07-30,-10295000.0,13258044000.0,9420544000.0,,,0.072,42.726,-2370701000.0,2706717000.0,2706717000.0,129558000.0,129002000.0,,0.979,6148636000.0,,,6148636000.0,0.0,233730000.0,0.0,0.052,2.75,292623000.0,526353000.0,0.773,526353000.0,292623000.0,129668000.0,0.78,0.77,0.78,6620141000.0,4769931750.0,6620141000.0,11987776148.0,41.0,22.775,-1984661000.0,-12.809,1.0,551728000.0,0.81,51207000.0,162955000.0,16648756000.0,12887386500.0,0.0,695938000.0,,,6482895000.0,,,7728679148.0,2631437000.0,-35951000.0,2365765000.0,2223476000.0,-390911000.0,4876953000.0,-2631556000.0,-194651000.0,386040000.0,0.0,129260000.0,104444000.0,104444000.0,-105686000.0,-258000.0,0.153,326430000.0,225298000.0,0.0,3.526,1.167,73.998,67.231,9433103000.0,24816000.0,52.44,11.344,11.926,322459000.0,-830353000.0,681286000.0,681286000.0,0.0,0.011,0.022,0.023,0.43,9866000.0,55515000.0,1.0,147381372.0,154945000,155485000.0,4.397,13206837000.0,0.0,408000.0,0.0,85.236,
42,WELL,MRT,2010-12-31,2010-12-31,2010-12-31,2021-07-30,-11099000.0,9451734000.0,7799627500.0,,,0.074,36.057,-1855149000.0,210639000.0,210639000.0,77787000.0,128884000.0,,1.024,4469736000.0,,,4469736000.0,0.0,202543000.0,0.0,0.058,2.74,262869000.0,465412000.0,0.804,465412000.0,262869000.0,128891000.0,0.84,0.83,0.84,4602851000.0,4052455000.0,4602851000.0,9666636897.0,37.0,20.77,-1490408000.0,-11.675,1.0,500784000.0,0.866,51207000.0,133978000.0,13659624000.0,11112351250.0,0.0,672411000.0,,,4714081000.0,,,6437552897.0,96094000.0,-196310000.0,995438000.0,1422736000.0,-370223000.0,2043392000.0,-2312039000.0,-187664000.0,364741000.0,0.0,128527000.0,106882000.0,106882000.0,-86075000.0,357000.0,0.185,266451000.0,234333000.0,0.0,3.262,1.399,60.23,56.714,8155529000.0,21645000.0,47.64,11.127,10.511,328988000.0,-751685000.0,578571000.0,578571000.0,0.0,0.014,0.026,0.024,0.454,11823000.0,54626000.0,1.0,135129154.0,127656000,128208000.0,4.532,9400527000.0,0.0,364000.0,0.0,73.64,
43,WELL,MRT,2010-09-30,2010-09-30,2010-09-30,2021-07-30,-11459000.0,7893067000.0,7028490500.0,,,0.082,32.961,-777323000.0,242371000.0,242371000.0,52870000.0,119690000.0,,0.889,3471455000.0,,,3471455000.0,0.0,185204000.0,0.0,0.058,2.73,245196000.0,430400000.0,0.745,430400000.0,245196000.0,120930000.0,0.79,0.78,0.79,4130006000.0,3851002000.0,4130006000.0,8939445513.0,36.0,20.77,-397909000.0,-3.176,1.0,524712000.0,0.908,0.0,124266000.0,11122151000.0,9878069000.0,0.0,628543000.0,,,3672984000.0,,,5899761513.0,78794000.0,-174692000.0,507215000.0,636359000.0,-360879000.0,780571000.0,-1081191000.0,-62841000.0,379414000.0,0.0,120455000.0,98596000.0,98596000.0,-42678000.0,-765000.0,0.171,240833000.0,283879000.0,0.0,3.456,1.429,59.838,59.924,6740294000.0,21859000.0,47.34,10.215,10.27,252330000.0,-692626000.0,577582000.0,577582000.0,0.0,0.014,0.026,0.025,0.425,10656000.0,51234000.0,1.0,124625296.0,125298000,125298000.0,4.61,7893067000.0,0.0,475000.0,0.0,62.994,
44,WELL,MRT,2010-06-30,2010-06-30,2010-06-30,2021-07-30,-8526000.0,7079331000.0,6650575250.0,,,0.083,30.101,-544259000.0,115079000.0,115079000.0,44696000.0,144281000.0,,0.897,3154763000.0,,,3154763000.0,0.0,173898000.0,0.0,0.065,2.72,253615000.0,427513000.0,0.779,427513000.0,253615000.0,144689000.0,1.0,0.99,1.0,3726729000.0,3774882500.0,3726729000.0,8001835030.0,32.0,18.717,-155827000.0,-1.259,1.0,504087000.0,0.919,0.0,108926000.0,10119015000.0,9268043000.0,0.0,648307000.0,,,3342206000.0,,,5227598030.0,-24082000.0,-174574000.0,492897000.0,262302000.0,-351137000.0,398433000.0,-810947000.0,-18661000.0,388432000.0,0.0,144321000.0,122289000.0,122289000.0,-30427000.0,-40000.0,0.223,208557000.0,295530000.0,0.0,2.72,1.403,42.748,42.12,6076310000.0,22032000.0,42.12,9.526,9.502,208067000.0,-607600000.0,548783000.0,548783000.0,0.0,0.018,0.032,0.027,0.462,10721000.0,49969000.0,1.0,124112014.0,123808000,124324000.0,4.433,7079331000.0,0.0,368000.0,0.0,57.18,
45,WELL,MRT,2010-03-31,2010-03-31,2010-03-31,2021-07-30,-4092000.0,6774378000.0,6442657250.0,,,0.083,30.423,-400312000.0,54250000.0,54250000.0,43966000.0,157976000.0,,0.804,2828487000.0,,,2828487000.0,0.0,167178000.0,0.0,0.06,2.72,257703000.0,424881000.0,0.796,424881000.0,257703000.0,158148000.0,1.16,1.15,1.16,3750234000.0,3705906750.0,3750234000.0,7949685850.0,31.0,18.71,-20987000.0,-0.17,1.0,490107000.0,0.918,0.0,99555000.0,9548615000.0,8949977500.0,0.0,606086000.0,,,3014462000.0,,,5594376850.0,17378000.0,-159981000.0,498931000.0,68935000.0,-342361000.0,220056000.0,-582003000.0,18005000.0,379325000.0,0.0,157947000.0,135883000.0,135883000.0,-35867000.0,29000.0,0.254,201067000.0,289040000.0,0.0,2.345,1.492,41.171,38.991,5895803000.0,22064000.0,45.23,10.475,10.44,192834000.0,-568700000.0,534073000.0,534073000.0,0.0,0.021,0.037,0.029,0.483,10604000.0,49153000.0,1.0,123687306.0,123270000,123790000.0,4.333,6774378000.0,0.0,201000.0,0.0,54.956,
46,WELL,MRT,2009-12-31,2009-12-31,2009-12-31,2021-07-30,-2891000.0,6367186000.0,6284833000.0,,,0.083,33.247,-374952000.0,58713000.0,58713000.0,42501000.0,192927000.0,,0.674,2414022000.0,,,2414022000.0,0.0,164923000.0,0.0,0.061,2.72,290293000.0,455216000.0,0.87,455216000.0,290293000.0,193437000.0,1.5,1.49,1.5,3797039000.0,3628378500.0,3797039000.0,7752529161.0,27.0,17.03,6307000.0,0.055,1.0,480787000.0,0.919,0.0,96856000.0,8722495000.0,8737177750.0,0.0,427996000.0,,,2559735000.0,,,5451888161.0,12106000.0,0.0,704533000.0,-462507000.0,-333839000.0,-99093000.0,-270060000.0,15229000.0,381259000.0,0.0,193269000.0,171190000.0,171190000.0,-47915000.0,-342000.0,0.327,190383000.0,290404000.0,0.0,1.813,1.436,31.847,29.547,5658440000.0,22079000.0,44.32,10.419,9.673,199339000.0,-509989000.0,523288000.0,523288000.0,0.0,0.027,0.047,0.033,0.555,9633000.0,49691000.0,1.0,123011917.0,114207000,114612000.0,4.582,6367186000.0,0.0,168000.0,0.0,55.751,
47,WELL,MRT,2009-09-30,2009-09-30,2009-09-30,2021-07-30,-4942000.0,6381406000.0,6246794250.0,,,0.085,33.302,-385483000.0,119846000.0,119846000.0,44476000.0,183478000.0,,0.665,2420487000.0,,,2420487000.0,0.0,165294000.0,0.0,0.065,2.72,287680000.0,452974000.0,0.854,452974000.0,287680000.0,183592000.0,1.4,1.41,1.4,3825528000.0,3486039250.0,3825528000.0,7255871395.0,25.0,16.018,-18755000.0,-0.163,1.0,485658000.0,0.916,0.0,104088000.0,8682047000.0,8777870750.0,0.0,490257000.0,,,2545256000.0,,,4656777395.0,84080000.0,0.0,728843000.0,-276950000.0,-320637000.0,125274000.0,-407922000.0,-54138000.0,366728000.0,0.0,183440000.0,161339000.0,161339000.0,-45143000.0,38000.0,0.304,196273000.0,289385000.0,0.0,1.943,1.217,28.863,29.729,5588937000.0,22101000.0,41.62,8.784,9.019,157611000.0,-457887000.0,530134000.0,530134000.0,0.0,0.026,0.046,0.033,0.543,10538000.0,52286000.0,1.0,111887972.0,114874000,115289000.0,4.615,6381406000.0,0.0,152000.0,0.0,55.551,
48,WELL,MRT,2009-06-30,2009-06-30,2009-06-30,2021-07-30,-1016000.0,6247659000.0,6156931500.0,,,0.086,31.127,-600506000.0,98338000.0,98338000.0,43515000.0,218113000.0,,0.808,2697432000.0,,,2697432000.0,0.0,165899000.0,0.0,0.08,2.72,328381000.0,494280000.0,0.934,494280000.0,328381000.0,218163000.0,1.79,1.79,1.79,3450826000.0,3330046250.0,3450826000.0,6343834787.0,19.0,12.834,-232149000.0,-2.094,1.0,485824000.0,0.918,0.0,110218000.0,8846753000.0,8759096000.0,0.0,483747000.0,,,2786722000.0,,,3789499787.0,54427000.0,0.0,874387000.0,-342498000.0,-309282000.0,219378000.0,-533308000.0,-31476000.0,368357000.0,0.0,218109000.0,195798000.0,195798000.0,-60265000.0,4000.0,0.37,196523000.0,289301000.0,0.0,1.52,1.098,19.354,19.05,5510144000.0,22311000.0,34.1,7.159,7.142,132233000.0,-400785000.0,529339000.0,529339000.0,0.0,0.032,0.059,0.037,0.62,10935000.0,52712000.0,1.0,111129026.0,110864000,111272000.0,4.775,6247659000.0,0.0,54000.0,0.0,56.354,
49,WELL,MRT,2009-03-31,2009-03-31,2009-03-31,2021-07-30,-1348000.0,6143081000.0,6046270250.0,,,0.086,31.79,-715406000.0,35538000.0,35538000.0,42972000.0,314613000.0,,0.783,2589873000.0,,,2589873000.0,0.0,164797000.0,0.0,0.089,2.72,432070000.0,596867000.0,1.149,596867000.0,432070000.0,314624000.0,3.0,2.99,3.0,3440121000.0,3125620750.0,3440121000.0,6073775545.0,14.0,10.176,-335973000.0,-3.105,1.0,476513000.0,0.917,0.0,117446000.0,8697416000.0,8719206750.0,0.0,473915000.0,,,2692474000.0,,,3387443545.0,-13102000.0,0.0,867424000.0,-150320000.0,-295033000.0,419013000.0,-811548000.0,-63551000.0,379433000.0,0.0,314547000.0,291968000.0,291968000.0,-170162000.0,66000.0,0.562,193358000.0,283155000.0,0.0,0.907,0.985,11.602,10.197,5462126000.0,22579000.0,30.59,6.521,6.372,146405000.0,-384286000.0,519485000.0,519485000.0,0.0,0.048,0.093,0.05,0.832,11261000.0,52225000.0,1.0,110736958.0,108214000,108624000.0,4.801,6143081000.0,0.0,77000.0,0.0,56.768,
50,WELL,MRT,2008-12-31,2008-12-31,2008-12-31,2021-07-30,-1113000.0,6215031000.0,5857364000.0,,,0.086,34.435,-785329000.0,177440000.0,177440000.0,42634000.0,283425000.0,,0.922,2847676000.0,,,2847676000.0,0.0,163045000.0,0.0,0.064,2.7,409881000.0,572926000.0,1.136,572926000.0,409881000.0,284605000.0,2.77,2.76,2.77,3227682000.0,2892742250.0,3227682000.0,6950744584.0,17.0,12.132,-424646000.0,-4.53,1.0,461891000.0,0.915,0.0,125276000.0,8885267000.0,8573255500.0,0.0,476415000.0,,,2976746000.0,,,4365751584.0,-6899000.0,0.0,782285000.0,162076000.0,-276860000.0,667943000.0,-1035525000.0,-86665000.0,360683000.0,0.0,283299000.0,260098000.0,260098000.0,-154838000.0,126000.0,0.516,185329000.0,276562000.0,0.0,0.975,1.353,16.785,15.235,5378794000.0,23201000.0,42.2,8.653,7.84,158803000.0,-369419000.0,504525000.0,504525000.0,0.0,0.044,0.09,0.048,0.812,8530000.0,47193000.0,1.0,103453829.0,93732000,94309000.0,5.383,6215031000.0,0.0,1306000.0,0.0,66.306,
51,WELL,MRT,2008-09-30,2008-09-30,2008-09-30,2021-07-30,-11905000.0,6021955000.0,5607070250.0,,,0.087,33.336,-816649000.0,101462000.0,101462000.0,40014000.0,302174000.0,,0.878,2686455000.0,,,2686455000.0,0.0,160975000.0,0.0,0.05,2.68,442117000.0,603092000.0,1.234,603092000.0,442117000.0,303247000.0,3.13,3.11,3.13,3201556000.0,2686910750.0,3201556000.0,7934192541.0,18.0,13.156,-449370000.0,-4.679,1.0,448724000.0,0.918,0.0,138870000.0,8606948000.0,8319608750.0,0.0,496327000.0,,,2811441000.0,,,5052010541.0,-13167000.0,0.0,901499000.0,134948000.0,-260800000.0,728252000.0,-1108698000.0,-195492000.0,367279000.0,0.0,301808000.0,277969000.0,277969000.0,-149318000.0,366000.0,0.569,172065000.0,276659000.0,0.0,0.856,1.578,18.175,17.006,5261823000.0,23839000.0,53.23,10.337,10.46,137028000.0,-313927000.0,488738000.0,488738000.0,0.0,0.05,0.103,0.053,0.905,8023000.0,42772000.0,1.0,94909084.0,96040000,96849000.0,5.089,6021955000.0,0.0,1439000.0,0.0,62.703,
52,WELL,MRT,2008-06-30,2008-06-30,2008-06-30,2021-07-30,-8546000.0,5805014000.0,5344538250.0,,,0.088,29.488,-637852000.0,174772000.0,174772000.0,39155000.0,273700000.0,,1.202,3056954000.0,,,3056954000.0,0.0,159421000.0,0.0,0.06,2.66,413270000.0,572691000.0,1.223,572691000.0,413270000.0,274904000.0,2.87,2.86,2.87,2633124000.0,2451692750.0,2633124000.0,6722241294.0,16.0,11.738,-296141000.0,-3.316,1.0,428979000.0,0.916,0.0,138366000.0,8687196000.0,8040069000.0,0.0,491014000.0,,,3164221000.0,,,3996086294.0,-13394000.0,0.0,338857000.0,619643000.0,-250283000.0,660456000.0,-1015561000.0,-218445000.0,341711000.0,0.0,273335000.0,248909000.0,248909000.0,-137448000.0,365000.0,0.532,169922000.0,259057000.0,0.0,0.927,1.518,16.054,15.505,4978211000.0,24426000.0,44.5,8.536,8.488,133950000.0,-304050000.0,468134000.0,468134000.0,0.0,0.047,0.102,0.051,0.883,7851000.0,40632000.0,1.0,89799692.0,89294000,89853000.0,5.243,5805014000.0,0.0,1569000.0,0.0,65.01,
53,WELL,MRT,2008-03-31,2008-03-31,2008-03-31,2021-07-30,-18474000.0,5387456000.0,5099485750.0,,,0.089,29.136,-551072000.0,32282000.0,32282000.0,37115000.0,144378000.0,,1.144,2758437000.0,,,2758437000.0,0.0,155340000.0,0.0,0.058,2.64,282257000.0,437597000.0,0.969,437597000.0,282257000.0,145534000.0,1.45,1.45,1.45,2508607000.0,2360262750.0,2508607000.0,6544706055.0,23.0,14.956,-252771000.0,-2.936,1.0,414577000.0,0.918,0.0,136723000.0,8113611000.0,7665944500.0,0.0,382012000.0,,,2869152000.0,,,3870307055.0,989000.0,-141963000.0,605380000.0,281973000.0,-242834000.0,596150000.0,-893462000.0,-177753000.0,298301000.0,0.0,144078000.0,119119000.0,119119000.0,-19392000.0,300000.0,0.264,168381000.0,246196000.0,0.0,1.821,1.543,32.491,31.124,4772512000.0,24959000.0,45.13,8.568,8.603,171833000.0,-399442000.0,451692000.0,451692000.0,0.0,0.023,0.05,0.037,0.625,7721000.0,40014000.0,1.0,85759075.0,86100000,86610000.0,5.246,5387456000.0,0.0,1456000.0,0.0,62.572,
54,WELL,MRT,2007-12-31,2007-12-31,2007-12-31,2021-07-30,-7381000.0,5213856000.0,4867285250.0,,,0.088,30.489,-532895000.0,47844000.0,47844000.0,33410000.0,138593000.0,,1.164,2704668000.0,,,2704668000.0,0.0,149626000.0,0.0,0.051,2.279,269814000.0,419440000.0,0.977,419440000.0,269814000.0,138543000.0,1.44,1.43,1.44,2404356000.0,2235207000.0,2404356000.0,6159164153.0,23.0,14.684,-248908000.0,-3.156,1.0,396076000.0,0.922,0.0,131271000.0,7870680000.0,7319411000.0,0.0,375396000.0,,,2799813000.0,,,3642202153.0,-5947000.0,-141963000.0,491593000.0,380685000.0,-208099000.0,615506000.0,-905440000.0,-210478000.0,283987000.0,0.0,138355000.0,113225000.0,113225000.0,-20155000.0,238000.0,0.264,161697000.0,234379000.0,0.0,1.583,1.515,32.168,31.035,4638632000.0,25130000.0,44.69,8.48,8.206,121485000.0,-372704000.0,429486000.0,429486000.0,0.0,0.023,0.051,0.037,0.628,7050000.0,37465000.0,1.0,81499265.0,78861000,79409000.0,5.446,5213856000.0,0.0,188000.0,0.0,66.115,
55,WELL,MRT,2007-09-30,2007-09-30,2007-09-30,2021-07-30,3302000.0,4971827000.0,4633973750.0,,,0.086,28.01,-483951000.0,31440000.0,31440000.0,27197000.0,115415000.0,,1.197,2548402000.0,,,2548402000.0,0.0,135191000.0,0.0,0.051,2.259,231560000.0,366751000.0,0.918,366751000.0,231560000.0,115416000.0,1.21,1.21,1.21,2260684000.0,2128816250.0,2260684000.0,5949137619.0,26.0,16.221,-225504000.0,-2.794,1.0,372511000.0,0.932,0.0,116144000.0,7488789000.0,6949286000.0,0.0,269196000.0,,,2706215000.0,,,3583243619.0,15950000.0,-324534000.0,343680000.0,516025000.0,-215597000.0,641851000.0,-884348000.0,-61210000.0,258447000.0,0.0,115415000.0,90999000.0,90999000.0,-19826000.0,0.0,0.228,158783000.0,213728000.0,0.0,1.867,1.585,39.377,36.562,4521682000.0,24416000.0,44.24,8.965,8.933,117427000.0,-361590000.0,399708000.0,399708000.0,0.0,0.02,0.043,0.033,0.579,8542000.0,38522000.0,1.0,80995561.0,80710000,81163000.0,4.952,4971827000.0,0.0,1000.0,0.0,61.601,
56,WELL,MRT,2007-06-30,2007-06-30,2007-06-30,2021-07-30,-135000.0,4824804000.0,4191224250.0,,,0.086,28.68,-459130000.0,38472000.0,38472000.0,16864000.0,111382000.0,,1.127,2404366000.0,,,2404366000.0,0.0,119580000.0,0.0,0.055,2.239,217619000.0,337199000.0,0.937,337199000.0,217619000.0,111406000.0,1.25,1.25,1.25,2267404000.0,1950387500.0,2267404000.0,5518609998.0,25.0,16.366,-224839000.0,-2.844,1.0,342882000.0,0.953,0.0,106213000.0,7190698000.0,6274249000.0,0.0,247532000.0,,,2555106000.0,,,3249786998.0,23272000.0,-324534000.0,345609000.0,529995000.0,-201208000.0,671629000.0,-882648000.0,-88334000.0,234291000.0,0.0,111382000.0,87950000.0,87950000.0,-16617000.0,0.0,0.244,139865000.0,203017000.0,0.0,1.791,1.433,36.95,32.288,4409948000.0,23432000.0,40.36,9.034,8.87,109816000.0,-332555000.0,359746000.0,359746000.0,0.0,0.021,0.045,0.035,0.605,8082000.0,34883000.0,1.0,80519995.0,79060000,79546000.0,4.55,4824804000.0,0.0,24000.0,0.0,61.027,
57,WELL,MRT,2007-03-31,2007-03-31,2007-03-31,2021-07-30,-135000.0,4458654000.0,3750551250.0,,,0.087,27.428,-433967000.0,31293000.0,31293000.0,8207000.0,107446000.0,,1.219,2300116000.0,,,2300116000.0,0.0,108162000.0,0.0,0.051,2.219,204385000.0,312547000.0,0.962,312547000.0,204385000.0,107539000.0,1.3,1.3,1.3,2008384000.0,1770021000.0,2008384000.0,5337769890.0,26.0,17.078,-220843000.0,-3.016,1.0,316698000.0,0.975,0.0,96846000.0,6727477000.0,5605935750.0,0.0,254239000.0,,,2447916000.0,,,3228199890.0,5535000.0,-182571000.0,187551000.0,513233000.0,-186774000.0,511781000.0,-719370000.0,-100480000.0,213124000.0,0.0,107446000.0,84998000.0,84998000.0,-12549000.0,0.0,0.262,123687000.0,193011000.0,0.0,1.707,1.607,37.98,33.769,4054845000.0,22448000.0,43.9,9.936,9.894,98510000.0,-304936000.0,324905000.0,324905000.0,0.0,0.023,0.048,0.036,0.629,7643000.0,29724000.0,1.0,73535305.0,73224000,73791000.0,4.437,4458654000.0,0.0,93000.0,0.0,60.891,
58,WELL,MRT,2006-12-31,2006-12-31,2006-12-31,2021-07-30,-135000.0,4280610000.0,3389047750.0,,,0.085,32.091,-359296000.0,36216000.0,36216000.0,1039000.0,102750000.0,,1.162,2145786000.0,,,2145786000.0,0.0,97564000.0,0.0,0.059,2.54,191215000.0,288779000.0,1.002,288779000.0,191215000.0,102832000.0,1.32,1.31,1.32,1978793000.0,1626654250.0,1978793000.0,4300964063.0,22.0,14.894,-142977000.0,-2.319,1.0,287203000.0,0.996,0.0,88383000.0,6390180000.0,5052868000.0,0.0,191742000.0,,,2299589000.0,,,2713152063.0,-21000.0,-182571000.0,182069000.0,364484000.0,-199828000.0,344348000.0,-560688000.0,-16496000.0,216319000.0,0.0,102750000.0,81287000.0,81287000.0,-11508000.0,0.0,0.282,107750000.0,179453000.0,0.0,1.924,1.371,33.377,32.591,3935851000.0,21463000.0,43.02,9.413,9.203,96144000.0,-306007000.0,288242000.0,288242000.0,0.0,0.024,0.05,0.038,0.663,6980000.0,25922000.0,1.0,63067226.0,61661000,62045000.0,4.675,4280610000.0,0.0,82000.0,0.0,69.422,
59,WELL,MRT,2006-09-30,2006-09-30,2006-09-30,2021-07-30,0.0,3200829000.0,3061936250.0,,,0.097,24.742,-547089000.0,15490000.0,15490000.0,0.0,111712000.0,,1.069,1603302000.0,,,1603302000.0,0.0,89955000.0,0.0,0.063,2.52,198021000.0,287976000.0,0.965,287976000.0,198021000.0,111712000.0,1.54,1.53,1.54,1546969000.0,1489645000.0,1546969000.0,3963316199.0,20.0,13.763,-308661000.0,-4.937,1.0,298364000.0,1.0,0.0,86309000.0,4788641000.0,4564509250.0,0.0,214784000.0,,,1653860000.0,,,2507983199.0,-11629000.0,0.0,284441000.0,176423000.0,-171565000.0,290138000.0,-540195000.0,7573000.0,238428000.0,0.0,111712000.0,90380000.0,90380000.0,-1084000.0,0.0,0.303,103292000.0,195072000.0,0.0,1.636,1.621,27.749,25.981,2885114000.0,21332000.0,40.01,8.406,8.384,73132000.0,-261408000.0,298364000.0,298364000.0,0.0,0.03,0.061,0.043,0.664,6190000.0,18954000.0,1.0,62683909.0,62524000,62866000.0,4.772,3200829000.0,0.0,0.0,0.0,51.194,
60,WELL,MRT,2006-06-30,2006-06-30,2006-06-30,2021-07-30,0.0,3062112000.0,2945953500.0,,,0.098,25.118,-448065000.0,15200000.0,15200000.0,0.0,110196000.0,,0.981,1470533000.0,,,1470533000.0,0.0,88091000.0,0.0,0.072,2.5,193692000.0,281783000.0,0.972,281783000.0,193692000.0,110196000.0,1.57,1.56,1.57,1545938000.0,1432826750.0,1545938000.0,3673539457.0,19.0,13.037,-218855000.0,-3.556,1.0,289867000.0,1.0,0.0,83496000.0,4517445000.0,4388082250.0,0.0,176391000.0,,,1516174000.0,,,2170973457.0,133000.0,0.0,283929000.0,32025000.0,-164960000.0,153198000.0,-382275000.0,66023000.0,229210000.0,0.0,110196000.0,88808000.0,88808000.0,-1899000.0,0.0,0.306,99781000.0,190086000.0,0.0,1.592,1.404,24.446,22.261,2787121000.0,21388000.0,34.95,7.49,7.421,71877000.0,-242728000.0,289867000.0,289867000.0,0.0,0.03,0.062,0.044,0.668,5667000.0,18584000.0,1.0,62116551.0,61548000,61868000.0,4.71,3062112000.0,0.0,0.0,0.0,49.752,
61,WELL,MRT,2006-03-31,2006-03-31,2006-03-31,2021-07-30,0.0,3012640000.0,2865410250.0,,,0.097,24.664,-557239000.0,25758000.0,25758000.0,0.0,86025000.0,,1.1,1528324000.0,,,1528324000.0,0.0,86652000.0,0.0,0.065,2.48,166269000.0,252921000.0,0.912,252921000.0,166269000.0,86025000.0,1.17,1.16,1.17,1434917000.0,1374833500.0,1434917000.0,3698559298.0,22.0,14.623,-330729000.0,-5.685,1.0,277358000.0,1.0,0.0,80244000.0,4515206000.0,4285344000.0,0.0,173963000.0,,,1577723000.0,,,2233978298.0,8329000.0,0.0,170646000.0,261407000.0,-158447000.0,271246000.0,-489427000.0,68050000.0,226510000.0,0.0,86025000.0,64534000.0,64534000.0,-2462000.0,0.0,0.233,95807000.0,181551000.0,0.0,2.12,1.557,34.617,32.564,2738610000.0,21491000.0,38.1,8.054,7.992,62267000.0,-225607000.0,277358000.0,277358000.0,0.0,0.023,0.047,0.039,0.599,5462000.0,18123000.0,1.0,58634601.0,58178000,58535000.0,4.767,3012640000.0,0.0,0.0,0.0,51.783,
62,WELL,MRT,2005-12-31,2005-12-31,2005-12-31,2021-07-30,0.0,2972164000.0,2752340750.0,,,0.096,26.442,-507966000.0,36237000.0,36237000.0,0.0,84286000.0,,1.077,1500818000.0,,,1500818000.0,0.0,84828000.0,0.0,0.073,2.46,159164000.0,243992000.0,0.922,243992000.0,159164000.0,84286000.0,1.16,1.15,1.16,1430756000.0,1349705500.0,1430756000.0,3198045121.0,20.0,13.107,-313549000.0,-5.795,1.0,264622000.0,1.0,0.0,74878000.0,4436745000.0,4094277250.0,0.0,190563000.0,,,1541408000.0,,,1852010121.0,16474000.0,0.0,165062000.0,262227000.0,-154142000.0,271126000.0,-449069000.0,58579000.0,194417000.0,0.0,84286000.0,62692000.0,62692000.0,-3828000.0,0.0,0.237,89829000.0,174793000.0,0.0,2.121,1.294,29.541,29.224,2661925000.0,21594000.0,33.9,6.999,6.932,71211000.0,-208929000.0,264622000.0,264622000.0,0.0,0.023,0.046,0.039,0.601,2948000.0,16163000.0,1.0,54631567.0,54110000,54499000.0,4.89,2972164000.0,0.0,0.0,0.0,54.928,
63,WELL,MRT,2005-09-30,2005-09-30,2005-09-30,2021-07-30,1000.0,2736898000.0,2647342500.0,,,0.096,24.422,-324179000.0,27119000.0,27119000.0,0.0,73576000.0,,1.074,1373154000.0,,,1373154000.0,0.0,83870000.0,0.0,0.066,2.44,146048000.0,229918000.0,0.903,229918000.0,146048000.0,73576000.0,0.98,0.96,0.98,1319696000.0,1325836250.0,1319696000.0,3365414698.0,23.0,14.637,-160479000.0,-2.97,1.0,254675000.0,1.0,0.0,72472000.0,4082933000.0,3916432500.0,0.0,232396000.0,,,1417202000.0,,,1998861698.0,11700000.0,0.0,63825000.0,234856000.0,-151815000.0,141412000.0,-293412000.0,27803000.0,163700000.0,0.0,73576000.0,51873000.0,51873000.0,-3361000.0,0.0,0.204,90934000.0,163741000.0,0.0,2.49,1.515,38.534,37.847,2387190000.0,21703000.0,37.09,7.849,7.87,81412000.0,-201554000.0,254675000.0,254675000.0,0.0,0.02,0.039,0.037,0.573,3836000.0,18453000.0,1.0,53892200.0,54038000,54359000.0,4.713,2736898000.0,0.0,0.0,0.0,50.648,
64,WELL,MRT,2005-06-30,2005-06-30,2005-06-30,2021-07-30,1000.0,2739939000.0,2575946500.0,,,0.096,24.593,-590517000.0,15067000.0,15067000.0,0.0,70086000.0,,1.085,1381620000.0,,,1381620000.0,0.0,81118000.0,0.0,0.064,2.42,139457000.0,220575000.0,0.896,220575000.0,139457000.0,70086000.0,0.98,0.96,0.98,1313965000.0,1329415750.0,1313965000.0,3206374751.0,23.0,14.536,-443166000.0,-8.294,1.0,246190000.0,1.0,0.0,69371000.0,4106492000.0,3780008250.0,0.0,241606000.0,,,1425974000.0,,,2015797751.0,-18923000.0,0.0,60090000.0,339233000.0,-146782000.0,416625000.0,-582899000.0,4524000.0,147351000.0,0.0,70086000.0,50969000.0,50969000.0,-2852000.0,0.0,0.207,88531000.0,157659000.0,0.0,2.469,1.534,39.549,38.459,2391538000.0,19117000.0,37.69,8.188,8.18,82556000.0,-187963000.0,246190000.0,246190000.0,0.0,0.02,0.038,0.037,0.566,3519000.0,17431000.0,1.0,53483623.0,53429000,53429000.0,4.608,2739939000.0,0.0,0.0,0.0,51.282,
65,WELL,MRT,2005-03-31,2005-03-31,2005-03-31,2021-07-30,1000.0,2560362000.0,2438857000.0,,,0.098,25.195,-445784000.0,17429000.0,17429000.0,0.0,87685000.0,,0.919,1208006000.0,,,1208006000.0,0.0,77201000.0,0.0,0.075,2.4,155087000.0,232288000.0,0.969,232288000.0,155087000.0,87685000.0,1.38,1.36,1.38,1334405000.0,1291195750.0,1334405000.0,2873524624.0,19.0,12.371,-292249000.0,-5.518,1.0,239698000.0,1.0,0.0,67402000.0,3750939000.0,3546017000.0,0.0,239247000.0,,,1225957000.0,,,1707062624.0,-29634000.0,0.0,58050000.0,165939000.0,-141195000.0,251468000.0,-434637000.0,7757000.0,153535000.0,0.0,87685000.0,71782000.0,71782000.0,-2652000.0,0.0,0.299,85810000.0,153888000.0,0.0,1.739,1.279,23.781,23.188,2217634000.0,15903000.0,32.0,7.122,7.071,79633000.0,-153185000.0,239698000.0,239698000.0,0.0,0.029,0.056,0.044,0.647,2887000.0,16654000.0,1.0,53345707.0,52963000,53454000.0,4.526,2560362000.0,0.0,0.0,0.0,48.342,
66,WELL,MRT,2004-12-31,2004-12-31,2004-12-31,2021-07-30,1000.0,2552171000.0,2345346750.0,,,0.098,25.906,-504980000.0,19763000.0,19763000.0,0.0,85371000.0,,0.911,1192958000.0,,,1192958000.0,0.0,74015000.0,0.0,0.063,2.385,151259000.0,225274000.0,0.977,225274000.0,151259000.0,85371000.0,1.41,1.39,1.41,1335279000.0,1247685250.0,1335279000.0,3085610178.0,20.0,13.697,-360955000.0,-7.003,1.0,230482000.0,1.0,0.0,65888000.0,3725366000.0,3396250750.0,0.0,254843000.0,,,1216892000.0,,,1999688178.0,-104733000.0,0.0,66281000.0,159194000.0,-135724000.0,258604000.0,-507362000.0,-6415000.0,144025000.0,0.0,85371000.0,72634000.0,72634000.0,-3306000.0,0.0,0.315,81186000.0,149296000.0,0.0,1.691,1.498,27.531,27.057,2190427000.0,12737000.0,38.15,8.676,8.532,77652000.0,-139073000.0,230482000.0,230482000.0,0.0,0.031,0.058,0.045,0.656,2887000.0,15798000.0,1.0,52416466.0,51544000,52082000.0,4.472,2552171000.0,0.0,0.0,0.0,49.514,
67,WELL,MRT,2004-09-30,2004-09-30,2004-09-30,2021-07-30,1000.0,2451314000.0,2252986750.0,,,0.101,25.884,-439980000.0,15419000.0,15419000.0,0.0,83241000.0,,0.838,1101341000.0,,,1101341000.0,0.0,74136000.0,0.0,0.067,2.37,145624000.0,219760000.0,0.965,219760000.0,145624000.0,83241000.0,1.44,1.42,1.44,1334014000.0,1201285250.0,1334014000.0,2796687024.0,19.0,12.726,-289833000.0,-5.624,1.0,227722000.0,1.0,0.0,62383000.0,3537236000.0,3232764000.0,0.0,263394000.0,,,1117300000.0,,,1817741024.0,7247000.0,0.0,89682000.0,195948000.0,-129748000.0,321563000.0,-464463000.0,-26162000.0,150147000.0,0.0,83241000.0,73802000.0,73802000.0,-4315000.0,0.0,0.324,84349000.0,143373000.0,0.0,1.646,1.363,24.63,24.444,2092346000.0,9439000.0,35.2,7.982,7.966,72649000.0,-123315000.0,227722000.0,227722000.0,0.0,0.033,0.061,0.045,0.639,0.0,13368000.0,1.0,51640370.0,51538000,52008000.0,4.419,2451314000.0,0.0,0.0,0.0,47.563,
68,WELL,MRT,2004-06-30,2004-06-30,2004-06-30,2021-07-30,1000.0,2191581000.0,2148061000.0,,,0.1,22.663,-313502000.0,33990000.0,33990000.0,0.0,86735000.0,,0.888,1012936000.0,,,1012936000.0,0.0,68415000.0,0.0,0.072,2.355,144543000.0,212958000.0,0.99,212958000.0,144543000.0,86735000.0,1.54,1.51,1.54,1161085000.0,1148062750.0,1161085000.0,2633888532.0,18.0,12.368,-175374000.0,-3.423,1.0,215007000.0,1.0,0.0,57808000.0,3170527000.0,3080105750.0,0.0,255899000.0,,,1030496000.0,,,1668335532.0,26037000.0,0.0,254013000.0,92635000.0,-123702000.0,238621000.0,-350712000.0,-38552000.0,138128000.0,0.0,86735000.0,75399000.0,75399000.0,-5107000.0,0.0,0.351,77835000.0,137172000.0,0.0,1.529,1.437,22.127,21.104,1827843000.0,11336000.0,32.5,7.759,7.744,64894000.0,-111268000.0,215007000.0,215007000.0,0.0,0.035,0.066,0.047,0.672,0.0,12745000.0,1.0,51333401.0,51232000,51828000.0,4.197,2191581000.0,0.0,0.0,0.0,42.778,
69,WELL,MRT,2004-03-31,2004-03-31,2004-03-31,2021-07-30,1000.0,2186321000.0,2036690750.0,,,0.099,22.941,-391696000.0,47063000.0,47063000.0,0.0,84368000.0,,0.884,1012616000.0,,,1012616000.0,0.0,62234000.0,0.0,0.058,2.34,137364000.0,199598000.0,0.993,199598000.0,137364000.0,84368000.0,1.58,1.55,1.58,1160363000.0,1081619000.0,1160363000.0,2963305857.0,22.0,14.846,-258528000.0,-5.111,1.0,200928000.0,1.0,0.0,52996000.0,3151874000.0,2930387750.0,0.0,258780000.0,,,1025958000.0,,,2074617857.0,13185000.0,0.0,250243000.0,171012000.0,-116600000.0,319248000.0,-439231000.0,-48457000.0,133168000.0,0.0,84368000.0,72936000.0,72936000.0,-5799000.0,0.0,0.363,70548000.0,130380000.0,0.0,1.481,1.788,28.444,25.696,1809534000.0,11432000.0,40.6,10.325,10.22,61390000.0,-99675000.0,200928000.0,200928000.0,0.0,0.036,0.067,0.047,0.684,0.0,12032000.0,1.0,51098962.0,50580000,51358000.0,3.972,2186321000.0,0.0,0.0,0.0,43.225,
70,WELL,MRT,2003-12-31,2003-12-31,2003-12-31,2021-07-30,1000.0,2182731000.0,1900570500.0,,,0.097,26.386,-344958000.0,124496000.0,124496000.0,0.0,82740000.0,,0.899,1013184000.0,,,1013184000.0,0.0,56827000.0,0.0,0.065,2.34,128689000.0,185516000.0,1.006,185516000.0,128689000.0,82740000.0,1.62,1.6,1.62,1149679000.0,1014871500.0,1149679000.0,2667600608.0,21.0,14.379,-215437000.0,-4.944,1.0,184345000.0,1.0,0.0,45949000.0,3071419000.0,2729617250.0,0.0,254208000.0,,,1033052000.0,,,1772608608.0,114946000.0,0.0,231435000.0,236079000.0,-111081000.0,374171000.0,-388746000.0,-43937000.0,129521000.0,0.0,82740000.0,70732000.0,70732000.0,-6822000.0,0.0,0.384,63747000.0,120598000.0,0.0,1.444,1.542,25.061,22.222,1741537000.0,12008000.0,36.0,9.616,8.509,52159000.0,-88720000.0,184345000.0,184345000.0,0.0,0.037,0.07,0.047,0.698,0.0,11483000.0,1.0,49239128.0,43572000,44201000.0,4.231,2182731000.0,0.0,0.0,0.0,50.095,
71,WELL,MRT,2003-09-30,2003-09-30,2003-09-30,2021-07-30,128000.0,2031611000.0,1753415250.0,,,0.101,25.376,-417471000.0,8172000.0,8172000.0,0.0,78835000.0,,0.812,903164000.0,,,903164000.0,0.0,52282000.0,0.0,0.076,2.34,125267000.0,177549000.0,1.004,177549000.0,125267000.0,78835000.0,1.59,1.58,1.59,1121124000.0,951759750.0,1121124000.0,2132263977.0,17.0,12.009,-308603000.0,-6.985,1.0,176776000.0,1.0,0.0,46432000.0,2926603000.0,2526985250.0,0.0,247264000.0,,,910487000.0,,,1306708977.0,-13268000.0,0.0,218225000.0,165883000.0,-105809000.0,299342000.0,-421478000.0,-4061000.0,108868000.0,0.0,78835000.0,66099000.0,66099000.0,-6152000.0,0.0,0.374,59357000.0,117419000.0,0.0,1.472,1.166,19.769,19.403,1713010000.0,12736000.0,30.85,7.392,7.71,55067000.0,-76808000.0,176776000.0,176776000.0,0.0,0.038,0.069,0.05,0.709,0.0,11078000.0,1.0,42356855.0,44181000,44833000.0,4.001,2031611000.0,0.0,0.0,0.0,45.984,
72,WELL,MRT,2003-06-30,2003-06-30,2003-06-30,2021-07-30,79000.0,1746100000.0,1628729250.0,,,0.103,22.081,-306682000.0,7953000.0,7953000.0,0.0,73297000.0,,0.95,833508000.0,,,833508000.0,0.0,49364000.0,0.0,0.077,2.34,116484000.0,165848000.0,0.988,165848000.0,116484000.0,73297000.0,1.56,1.55,1.56,895310000.0,891389250.0,895310000.0,1937544498.0,17.0,11.683,-194698000.0,-4.802,1.0,167838000.0,1.0,0.0,43187000.0,2571655000.0,2333075500.0,0.0,220289000.0,,,850790000.0,,,1230592498.0,-1303000.0,0.0,52450000.0,243493000.0,-103697000.0,189991000.0,-303278000.0,3652000.0,111984000.0,0.0,73297000.0,62383000.0,62383000.0,-6152000.0,0.0,0.372,55363000.0,112475000.0,0.0,1.5,1.374,19.726,19.551,1461689000.0,10914000.0,30.5,7.332,7.368,49982000.0,-71511000.0,167838000.0,167838000.0,0.0,0.038,0.07,0.05,0.694,0.0,10579000.0,1.0,40347295.0,40546000,41136000.0,4.139,1746100000.0,0.0,0.0,0.0,43.065,
73,WELL,MRT,2003-03-31,2003-03-31,2003-03-31,2021-07-30,-344000.0,1641840000.0,1558780250.0,,,0.104,22.351,-298420000.0,33878000.0,33878000.0,0.0,71066000.0,,0.838,740830000.0,,,740830000.0,0.0,47446000.0,0.0,0.089,2.34,111987000.0,159433000.0,0.982,159433000.0,111987000.0,71066000.0,1.53,1.51,1.53,893373000.0,885351000.0,893373000.0,1722509371.0,15.0,10.804,-191380000.0,-4.788,1.0,162400000.0,1.0,0.0,40921000.0,2348792000.0,2198432000.0,0.0,225143000.0,,,748467000.0,,,1055728371.0,25756000.0,0.0,139362000.0,169456000.0,-100973000.0,206719000.0,-288003000.0,10708000.0,107040000.0,0.0,71066000.0,59129000.0,59129000.0,-5716000.0,0.0,0.364,53728000.0,108672000.0,0.0,1.529,1.182,17.855,17.124,1333847000.0,11937000.0,26.2,6.501,6.449,43454000.0,-64653000.0,162400000.0,162400000.0,0.0,0.038,0.067,0.051,0.69,0.0,10017000.0,1.0,40294976.0,39971000,40473000.0,4.063,1641840000.0,0.0,0.0,0.0,41.076,
74,WELL,MRT,2002-12-31,2002-12-31,2002-12-31,2021-07-30,-170000.0,1594110000.0,1490565250.0,,,0.101,24.446,-357427000.0,9550000.0,9550000.0,0.0,67659000.0,,0.777,676331000.0,,,676331000.0,0.0,44278000.0,0.0,0.087,2.34,105849000.0,150127000.0,0.999,150127000.0,105849000.0,67659000.0,1.5,1.48,1.5,897232000.0,857397750.0,897232000.0,1674576434.0,16.0,11.154,-252060000.0,-6.868,1.0,150320000.0,1.0,0.0,38190000.0,2260891000.0,2094291750.0,0.0,225133000.0,,,696878000.0,,,1056479434.0,-276000.0,0.0,166534000.0,182867000.0,-97139000.0,247787000.0,-353430000.0,4226000.0,105367000.0,0.0,67659000.0,55191000.0,55191000.0,-7207000.0,0.0,0.367,49243000.0,101077000.0,0.0,1.56,1.177,19.142,18.033,1306818000.0,12468000.0,27.05,7.028,6.605,43318000.0,-57589000.0,150320000.0,150320000.0,0.0,0.037,0.064,0.051,0.704,0.0,9665000.0,1.0,39056541.0,36702000,37301000.0,4.096,1594110000.0,0.0,0.0,0.0,43.434,
75,WELL,MRT,2002-09-30,2002-09-30,2002-09-30,2021-07-30,-370000.0,1532867000.0,1409498500.0,,,0.1,22.772,-309035000.0,21440000.0,21440000.0,0.0,65740000.0,,0.743,639537000.0,,,639537000.0,0.0,41739000.0,0.0,0.086,2.34,100649000.0,142388000.0,1.013,142388000.0,100649000.0,65740000.0,1.5,1.47,1.5,879642000.0,822557250.0,879642000.0,1633132440.0,16.0,11.47,-210144000.0,-5.44,1.0,140585000.0,1.0,0.0,34909000.0,2150964000.0,1966877250.0,0.0,258707000.0,,,653225000.0,,,1066355440.0,-22124000.0,0.0,142778000.0,176034000.0,-93864000.0,220164000.0,-341179000.0,-31600000.0,98891000.0,0.0,65740000.0,52767000.0,52767000.0,-6676000.0,0.0,0.375,43669000.0,96916000.0,0.0,1.56,1.212,20.209,18.233,1203393000.0,12973000.0,27.35,7.585,7.515,39619000.0,-47044000.0,140585000.0,140585000.0,0.0,0.037,0.064,0.051,0.716,0.0,9164000.0,1.0,38989230.0,38628000,39324000.0,3.639,1532867000.0,0.0,0.0,0.0,39.683,
76,WELL,MRT,2002-06-30,2002-06-30,2002-06-30,2021-07-30,-558000.0,1466304000.0,1325103500.0,,,0.101,24.577,-295827000.0,9256000.0,9256000.0,0.0,62944000.0,,0.683,576033000.0,,,576033000.0,0.0,38547000.0,0.0,0.078,2.34,95650000.0,134197000.0,1.003,134197000.0,95650000.0,62944000.0,1.48,1.45,1.48,871157000.0,793393250.0,871157000.0,1579967603.0,17.0,11.773,-197236000.0,-5.564,1.0,133850000.0,1.0,0.0,32706000.0,2033081000.0,1821079750.0,0.0,249820000.0,,,595147000.0,,,1016716603.0,3402000.0,0.0,131272000.0,157264000.0,-90491000.0,193029000.0,-288218000.0,7787000.0,98591000.0,0.0,62944000.0,49473000.0,49473000.0,-6132000.0,0.0,0.37,41088000.0,92762000.0,0.0,1.581,1.167,20.551,20.236,1163203000.0,13471000.0,29.95,7.596,7.931,37667000.0,-41112000.0,133850000.0,133850000.0,0.0,0.037,0.062,0.053,0.715,0.0,8738000.0,1.0,33947132.0,35446000,36223000.0,3.776,1466304000.0,0.0,0.0,0.0,41.367,
77,WELL,MRT,2002-03-31,2002-03-31,2002-03-31,2021-07-30,-995000.0,1368980000.0,1246715750.0,,,0.102,23.722,-215304000.0,8122000.0,8122000.0,0.0,61236000.0,,0.752,571373000.0,,,571373000.0,0.0,35605000.0,0.0,0.084,2.34,91884000.0,127489000.0,1.003,127489000.0,91884000.0,61236000.0,1.51,1.48,1.51,781560000.0,766965750.0,781560000.0,1429194065.0,16.0,11.21,-126816000.0,-3.849,1.0,127164000.0,1.0,0.0,30648000.0,1932231000.0,1692363750.0,0.0,263779000.0,,,587420000.0,,,947804065.0,5585000.0,0.0,111782000.0,93787000.0,-87566000.0,113078000.0,-195981000.0,19514000.0,88488000.0,0.0,61236000.0,47730000.0,47730000.0,-5500000.0,0.0,0.375,38067000.0,89097000.0,0.0,1.55,1.213,19.858,18.49,1053923000.0,13506000.0,27.92,7.453,7.234,36333000.0,-34748000.0,127164000.0,127164000.0,0.0,0.038,0.062,0.054,0.723,0.0,8487000.0,1.0,33947137.0,32946000,33693000.0,3.86,1368980000.0,0.0,0.0,0.0,41.552,
78,WELL,MRT,2001-12-31,2001-12-31,2001-12-31,2021-07-30,-923000.0,1269843000.0,1189791000.0,,,0.102,24.821,-124502000.0,9826000.0,9826000.0,0.0,60549000.0,,0.676,491216000.0,,,491216000.0,0.0,33441000.0,0.0,0.096,2.34,88959000.0,122400000.0,1.011,122400000.0,88959000.0,60549000.0,1.54,1.52,1.54,757870000.0,745284500.0,757870000.0,1166192806.0,13.0,9.528,-35820000.0,-1.173,1.0,121061000.0,1.0,0.0,28410000.0,1751233000.0,1601525750.0,0.0,263211000.0,,,511973000.0,,,793705806.0,6982000.0,0.0,82999000.0,6260000.0,-85270000.0,-2076000.0,-79624000.0,45140000.0,88682000.0,0.0,60549000.0,47044000.0,47044000.0,-6019000.0,0.0,0.389,35658000.0,85403000.0,0.0,1.519,1.047,16.872,15.812,956851000.0,13505000.0,24.35,6.556,6.142,32765000.0,-28109000.0,121061000.0,121061000.0,0.0,0.04,0.063,0.056,0.735,0.0,8078000.0,1.0,32595721.0,30534000,31027000.0,3.965,1269843000.0,0.0,0.0,0.0,41.588,
79,WELL,MRT,2001-09-30,2001-09-30,2001-09-30,2021-07-30,-873000.0,1195287000.0,1161556250.0,,,0.109,23.692,-64319000.0,43564000.0,43564000.0,0.0,62105000.0,,0.567,416051000.0,,,416051000.0,0.0,30053000.0,0.0,0.093,2.34,92300000.0,122353000.0,0.971,122353000.0,92300000.0,62105000.0,1.64,1.62,1.64,762986000.0,730468750.0,762986000.0,1181654553.0,13.0,9.658,19138000.0,0.594,1.0,126062000.0,1.0,0.0,30195000.0,1567774000.0,1562170500.0,0.0,258286000.0,,,432301000.0,,,816190553.0,40048000.0,0.0,79950000.0,-22667000.0,-83026000.0,-31480000.0,-11929000.0,52676000.0,83457000.0,0.0,62105000.0,48601000.0,48601000.0,-3280000.0,0.0,0.386,35637000.0,90425000.0,0.0,1.427,1.07,16.794,15.366,854159000.0,13504000.0,25.2,6.475,6.438,32012000.0,-18922000.0,126062000.0,126062000.0,0.0,0.042,0.067,0.059,0.732,0.0,7706000.0,1.0,32388514.0,32205000,32762000.0,3.914,1195287000.0,0.0,0.0,0.0,37.115,
80,WELL,MRT,2001-06-30,2001-06-30,2001-06-30,2021-07-30,-1159000.0,1152753000.0,1153305250.0,,,0.109,26.408,-33738000.0,5854000.0,5854000.0,0.0,62299000.0,,0.506,371318000.0,,,371318000.0,0.0,28531000.0,0.0,0.074,1.755,93552000.0,122083000.0,0.969,122083000.0,93552000.0,62299000.0,1.7,1.69,1.7,765447000.0,715475250.0,765447000.0,1113475699.0,12.0,9.121,42638000.0,1.471,1.0,126000000.0,1.0,0.0,31253000.0,1518217000.0,1569598000.0,0.0,278199000.0,,,387306000.0,,,685877699.0,2832000.0,0.0,78954000.0,-71365000.0,-80820000.0,-74834000.0,1290000.0,35323000.0,76376000.0,0.0,62299000.0,48795000.0,48795000.0,-2525000.0,0.0,0.387,33680000.0,92320000.0,0.0,1.032,0.896,14.056,13.971,835260000.0,13504000.0,23.75,5.443,5.463,29891000.0,-13564000.0,126000000.0,126000000.0,0.0,0.042,0.068,0.06,0.742,0.0,7459000.0,1.0,28879061.0,28985000,29402000.0,4.347,1152753000.0,0.0,0.0,0.0,39.771,
81,WELL,MRT,2001-03-31,2001-03-31,2001-03-31,2021-07-30,-994000.0,1141281000.0,1157448500.0,,,0.11,24.28,39500000.0,2537000.0,2537000.0,0.0,65139000.0,,0.643,430135000.0,,,430135000.0,0.0,26612000.0,0.0,0.056,1.17,97005000.0,123617000.0,0.972,123617000.0,97005000.0,65139000.0,1.8,1.8,1.8,694835000.0,700291500.0,694835000.0,1037592469.0,11.0,8.394,121279000.0,4.238,1.0,127229000.0,1.0,0.0,31866000.0,1568879000.0,1592290250.0,0.0,289992000.0,,,446446000.0,,,600684469.0,1157000.0,0.0,4605000.0,-104084000.0,-80644000.0,-181802000.0,101180000.0,61822000.0,81779000.0,0.0,65139000.0,51635000.0,51635000.0,-2500000.0,0.0,0.406,31408000.0,95821000.0,0.0,0.65,0.864,11.633,11.556,817741000.0,13504000.0,20.8,4.721,4.678,27096000.0,-8416000.0,127229000.0,127229000.0,0.0,0.045,0.074,0.061,0.762,0.0,7355000.0,1.0,28879061.0,28617000,28871000.0,4.446,1141281000.0,0.0,0.0,0.0,39.881,
82,WELL,MRT,2000-12-31,2000-12-31,2000-12-31,2021-07-30,-744000.0,1156904000.0,1187594750.0,,,0.109,24.583,62417000.0,2844000.0,2844000.0,0.0,68056000.0,,0.656,439752000.0,,,439752000.0,0.0,25216000.0,0.0,0.036,0.585,100911000.0,126127000.0,0.974,126127000.0,100911000.0,68056000.0,1.92,1.91,1.92,698607000.0,703060000.0,698607000.0,901462429.0,9.0,7.147,143432000.0,5.047,1.0,129480000.0,1.0,0.0,32855000.0,1593812000.0,1648746500.0,0.0,322882000.0,,,458297000.0,,,466261429.0,715000.0,0.0,4129000.0,-99091000.0,-80327000.0,-176083000.0,95783000.0,34108000.0,81015000.0,0.0,68056000.0,54566000.0,54566000.0,-2500000.0,0.0,0.421,29753000.0,99727000.0,0.0,0.305,0.667,8.545,8.464,803987000.0,13490000.0,16.25,3.601,3.567,24252000.0,-3388000.0,129480000.0,129480000.0,0.0,0.046,0.078,0.061,0.779,0.0,7405000.0,1.0,28693011.0,28418000,28643000.0,4.556,1156904000.0,0.0,0.0,0.0,40.71,
83,WELL,MRT,2000-09-30,2000-09-30,2000-09-30,2021-07-30,-715000.0,1162283000.0,1216161500.0,,,0.112,24.661,52959000.0,3516000.0,3516000.0,0.0,71218000.0,,0.653,438717000.0,,,438717000.0,0.0,24421000.0,0.0,0.0,0.0,105545000.0,129966000.0,0.956,129966000.0,105545000.0,71218000.0,2.03,2.04,2.03,703012000.0,705157250.0,703012000.0,947611164.0,9.0,7.291,136978000.0,4.805,1.0,135916000.0,1.0,0.0,34327000.0,1597484000.0,1702264500.0,0.0,341340000.0,,,459271000.0,,,507951164.0,-4263000.0,0.0,3906000.0,-90748000.0,-79860000.0,-167552000.0,79270000.0,26965000.0,84019000.0,0.0,71218000.0,57752000.0,57752000.0,0.0,0.0,0.425,29894000.0,106022000.0,0.0,0.0,0.723,8.795,8.744,787650000.0,13466000.0,17.75,3.737,3.723,26712000.0,2001000.0,135916000.0,135916000.0,0.0,0.047,0.082,0.062,0.777,0.0,7585000.0,1.0,28616967.0,28507000,28650000.0,4.768,1162283000.0,0.0,0.0,0.0,40.772,
84,WELL,MRT,2000-06-30,2000-06-30,2000-06-30,2021-07-30,-413000.0,1169326000.0,1241055500.0,,,0.11,24.828,18549000.0,3022000.0,3022000.0,0.0,73603000.0,,0.659,442682000.0,,,442682000.0,0.0,22916000.0,0.0,0.0,0.0,107252000.0,130168000.0,0.952,130168000.0,107252000.0,73603000.0,2.12,2.13,2.12,704712000.0,706435750.0,704712000.0,997783789.0,9.0,7.665,107469000.0,3.786,1.0,136725000.0,1.0,0.0,33649000.0,1608986000.0,1748779500.0,0.0,344503000.0,,,464614000.0,,,464945789.0,2115000.0,0.0,3538000.0,-61304000.0,-79270000.0,-137836000.0,51031000.0,33125000.0,88920000.0,0.0,73603000.0,60162000.0,60162000.0,0.0,0.0,0.44,28996000.0,107729000.0,0.0,0.0,0.66,7.728,7.675,798174000.0,13441000.0,16.27,3.401,3.378,20354000.0,4956000.0,136725000.0,136725000.0,0.0,0.048,0.085,0.061,0.784,0.0,7643000.0,1.0,28576877.0,28384000,28613000.0,4.817,1169326000.0,0.0,0.0,0.0,41.197,
85,WELL,MRT,2000-03-31,2000-03-31,2000-03-31,2021-07-30,248000.0,1261866000.0,1257602250.0,,,0.108,24.931,-101354000.0,1380000.0,1380000.0,0.0,74779000.0,,0.788,534218000.0,,,534218000.0,0.0,22128000.0,0.0,0.0,0.0,106527000.0,128655000.0,0.951,128655000.0,106527000.0,74779000.0,2.17,2.18,2.17,705909000.0,707095750.0,705909000.0,936944916.0,9.0,7.283,-10831000.0,-0.383,1.0,135267000.0,1.0,0.0,31748000.0,1794704000.0,1781181000.0,0.0,430061000.0,,,555957000.0,,,400231916.0,149000.0,0.0,3695000.0,103610000.0,-78525000.0,27701000.0,-118075000.0,-15981000.0,90523000.0,0.0,74779000.0,61362000.0,61362000.0,0.0,0.0,0.454,28263000.0,107004000.0,0.0,0.0,0.567,6.522,6.452,805455000.0,13417000.0,14.0,2.959,2.931,21509000.0,7087000.0,135267000.0,135267000.0,0.0,0.049,0.087,0.06,0.788,0.0,7585000.0,1.0,28587994.0,28315000,28546000.0,4.777,1261866000.0,0.0,0.0,0.0,44.565,
86,WELL,MRT,1999-12-31,1999-12-31,1999-12-31,2021-07-30,593000.0,1271171000.0,1232147000.0,,,0.104,25.135,-196676000.0,2129000.0,2129000.0,0.0,75638000.0,,0.798,538842000.0,,,538842000.0,0.0,20104000.0,0.0,0.0,0.0,102554000.0,122658000.0,0.954,122658000.0,102554000.0,75638000.0,2.23,2.23,2.23,706996000.0,707292000.0,706996000.0,952747778.0,9.0,7.768,-101311000.0,-3.602,1.0,128604000.0,1.0,0.0,26916000.0,1807884000.0,1729860500.0,0.0,421656000.0,,,564175000.0,,,431062778.0,860000.0,0.0,4552000.0,119863000.0,-77189000.0,117932000.0,-212437000.0,-15382000.0,95365000.0,0.0,75638000.0,62824000.0,62824000.0,0.0,0.0,0.489,25450000.0,103154000.0,0.0,0.0,0.61,6.861,6.785,826779000.0,12814000.0,15.13,3.352,3.309,17296000.0,8883000.0,128604000.0,128604000.0,0.0,0.051,0.089,0.059,0.797,0.0,7359000.0,1.0,28490600.0,28128000,28384000.0,4.572,1271171000.0,0.0,0.0,0.0,45.192,
87,WELL,MRT,1999-09-30,1999-09-30,1999-09-30,2021-07-30,875000.0,1261859000.0,1182710250.0,,,0.103,25.114,-258446000.0,7779000.0,7779000.0,0.0,75795000.0,,0.782,529464000.0,,,529464000.0,0.0,17736000.0,0.0,0.0,0.0,98928000.0,116664000.0,0.96,116664000.0,98928000.0,75795000.0,2.31,2.29,2.31,708126000.0,688982750.0,708126000.0,1070610320.0,11.0,9.177,-169155000.0,-5.999,1.0,121514000.0,1.0,0.0,23133000.0,1783544000.0,1650673000.0,0.0,436217000.0,,,553733000.0,,,567531320.0,6306000.0,0.0,63496000.0,138215000.0,-74681000.0,197819000.0,-280804000.0,-21916000.0,89291000.0,0.0,75795000.0,64669000.0,64669000.0,0.0,0.0,0.532,23663000.0,97851000.0,0.0,0.0,0.801,8.776,8.658,796660000.0,11126000.0,20.0,4.671,4.641,17861000.0,10642000.0,121514000.0,121514000.0,0.0,0.055,0.094,0.06,0.814,0.0,7184000.0,1.0,28376566.0,28196000,28418000.0,4.31,1261859000.0,0.0,0.0,0.0,44.753,
88,WELL,MRT,1999-06-30,1999-06-30,1999-06-30,2021-07-30,1213000.0,1235513000.0,1113584000.0,,,0.102,25.132,-279285000.0,907000.0,907000.0,0.0,72278000.0,,0.747,503986000.0,,,503986000.0,0.0,15987000.0,0.0,0.0,0.0,92556000.0,108543000.0,0.959,108543000.0,92556000.0,72278000.0,2.31,2.28,2.31,707352000.0,654984500.0,707352000.0,1087755039.0,12.0,10.021,-192135000.0,-6.827,1.0,113191000.0,1.0,0.0,20278000.0,1738592000.0,1548569750.0,0.0,446591000.0,,,528161000.0,,,658378039.0,-363000.0,0.0,64531000.0,189319000.0,-70827000.0,231116000.0,-318629000.0,-38859000.0,87150000.0,0.0,72278000.0,62839000.0,62839000.0,0.0,0.0,0.555,21712000.0,91479000.0,0.0,0.0,0.931,10.477,10.065,770285000.0,9439000.0,23.25,5.817,5.781,14155000.0,10621000.0,113191000.0,113191000.0,0.0,0.056,0.096,0.06,0.818,0.0,6943000.0,1.0,28317335.0,28145000,28440000.0,4.022,1235513000.0,0.0,0.0,0.0,43.898,
89,WELL,MRT,1999-03-31,1999-03-31,1999-03-31,2021-07-30,2109000.0,1160045000.0,1036452500.0,,,0.1,25.17,-269480000.0,1231000.0,1231000.0,0.0,67878000.0,,0.642,430608000.0,,,430608000.0,0.0,13559000.0,0.0,0.0,0.0,85937000.0,99496000.0,0.958,99496000.0,85937000.0,67878000.0,2.3,2.26,2.3,706694000.0,620798250.0,706694000.0,1026532702.0,12.0,10.317,-191124000.0,-6.807,1.0,103881000.0,1.0,0.0,18059000.0,1589422000.0,1429617750.0,0.0,436491000.0,,,453351000.0,,,608822702.0,-458000.0,0.0,65252000.0,110957000.0,-66146000.0,253278000.0,-332092000.0,-61960000.0,78356000.0,0.0,67878000.0,60959000.0,60959000.0,0.0,0.0,0.587,19021000.0,84860000.0,0.0,0.0,0.862,9.987,9.348,703582000.0,6919000.0,21.5,5.861,5.811,15301000.0,10834000.0,103881000.0,103881000.0,0.0,0.059,0.098,0.06,0.827,0.0,6407000.0,1.0,28317335.0,28077000,28393000.0,3.7,1160045000.0,0.0,0.0,0.0,41.317,
90,WELL,MRT,1998-12-31,1998-12-31,1998-12-31,2021-07-30,3982000.0,1073424000.0,955442750.0,,,0.101,24.777,-258637000.0,1269000.0,1269000.0,0.0,62309000.0,,0.694,418979000.0,,,418979000.0,0.0,11654000.0,0.0,0.0,0.0,80339000.0,91993000.0,0.949,91993000.0,80339000.0,62309000.0,2.27,2.24,2.27,633759000.0,568400000.0,633759000.0,1115471196.0,14.0,12.126,-182891000.0,-7.15,1.0,96943000.0,1.0,0.0,18030000.0,1491134000.0,1320754000.0,0.0,438003000.0,,,439665000.0,,,725694196.0,-112000.0,0.0,90120000.0,169909000.0,-60716000.0,270725000.0,-346583000.0,-87618000.0,75746000.0,0.0,62309000.0,58149000.0,58149000.0,0.0,0.0,0.6,17053000.0,79890000.0,0.0,0.0,1.145,12.48,11.401,619989000.0,4160000.0,25.88,7.486,6.829,11774000.0,10434000.0,96943000.0,96943000.0,0.0,0.061,0.102,0.061,0.829,0.0,6114000.0,1.0,28040734.0,25579000,25954000.0,3.79,1073424000.0,0.0,0.0,0.0,41.965,
91,WELL,MRT,1998-09-30,1998-09-30,1998-09-30,2021-07-30,2973000.0,985354000.0,870668500.0,,,0.103,22.564,-222892000.0,1473000.0,1473000.0,0.0,57128000.0,,0.722,391250000.0,,,391250000.0,0.0,10025000.0,0.0,0.0,0.0,74438000.0,84463000.0,0.939,84463000.0,74438000.0,57128000.0,2.22,2.19,2.22,572133000.0,527441250.0,572133000.0,1013711264.0,14.0,12.002,-159121000.0,-6.275,1.0,89954000.0,1.0,0.0,17310000.0,1375131000.0,1193474500.0,0.0,425786000.0,,,413221000.0,,,677914264.0,-26617000.0,0.0,88244000.0,134957000.0,-56397000.0,238347000.0,-328735000.0,-105750000.0,63771000.0,0.0,57128000.0,54632000.0,54632000.0,0.0,0.0,0.607,14916000.0,75038000.0,0.0,0.0,1.185,12.409,11.995,544958000.0,2496000.0,26.63,7.536,7.506,10730000.0,9528000.0,89954000.0,89954000.0,0.0,0.063,0.104,0.062,0.828,0.0,5609000.0,1.0,25456788.0,25356000,25637000.0,3.548,985354000.0,0.0,0.0,0.0,38.861,
92,WELL,MRT,1998-06-30,1998-06-30,1998-06-30,2021-07-30,3644000.0,926987000.0,,,,,22.579,-202558000.0,1270000.0,1270000.0,0.0,52872000.0,,0.625,337067000.0,,,337067000.0,0.0,8259000.0,0.0,0.0,0.0,69175000.0,77434000.0,0.937,77434000.0,69175000.0,52872000.0,2.19,2.16,2.19,570607000.0,,570607000.0,965066774.0,14.0,12.463,-134711000.0,-5.33,1.0,82676000.0,1.0,0.0,16303000.0,1262784000.0,,0.0,419340000.0,,,356380000.0,,,647105774.0,297000.0,0.0,85480000.0,97994000.0,-52424000.0,225261000.0,-292811000.0,-90221000.0,67847000.0,0.0,52872000.0,52040000.0,52040000.0,0.0,0.0,0.629,12901000.0,69775000.0,0.0,0.0,1.134,12.435,11.644,496311000.0,832000.0,25.5,7.827,7.795,7484000.0,9172000.0,82676000.0,82676000.0,0.0,,,,0.837,0.0,5214000.0,1.0,25376697.0,25272000,25612000.0,3.271,926987000.0,0.0,0.0,0.0,36.68,
93,WELL,MRT,1998-03-31,1998-03-31,1998-03-31,2021-07-30,5010000.0,836006000.0,,,,,20.491,-157469000.0,1689000.0,1689000.0,0.0,50061000.0,,0.682,319650000.0,,,319650000.0,0.0,7112000.0,0.0,0.0,0.0,65655000.0,72767000.0,0.933,72767000.0,65655000.0,50061000.0,2.19,2.16,2.19,497101000.0,,497101000.0,917266700.0,14.0,12.606,-93811000.0,-3.867,1.0,77965000.0,1.0,0.0,15594000.0,1153967000.0,,0.0,446663000.0,,,338905000.0,,,669577700.0,1568000.0,0.0,87741000.0,127054000.0,-49247000.0,164288000.0,-226378000.0,-68709000.0,63658000.0,0.0,50061000.0,50061000.0,50061000.0,0.0,0.0,0.642,11710000.0,66255000.0,0.0,0.0,1.347,13.375,12.557,377143000.0,0.0,27.5,8.588,8.557,7927000.0,9102000.0,77965000.0,77965000.0,0.0,,,,0.842,0.0,5059000.0,1.0,24348280.0,24259000,24642000.0,3.214,836006000.0,0.0,0.0,0.0,34.462,
94,WELL,MRT,1997-12-31,1997-12-31,1997-12-31,2021-07-30,4671000.0,734327000.0,627079000.0,,,0.117,21.762,-133266000.0,1381000.0,1381000.0,0.0,46478000.0,,0.563,249070000.0,,,249070000.0,0.0,6341000.0,0.0,0.0,0.0,61843000.0,68184000.0,0.93,68184000.0,61843000.0,46478000.0,2.15,2.12,2.15,469924000.0,397730000.0,469924000.0,,,,-77258000.0,-3.578,1.0,73308000.0,1.0,0.0,15365000.0,982016000.0,842830500.0,0.0,425917000.0,,,264403000.0,,,684917116.0,800000.0,0.0,139554000.0,64675000.0,-45804000.0,156861000.0,-212069000.0,-78590000.0,56008000.0,0.0,46478000.0,46478000.0,46478000.0,0.0,0.0,0.634,10865000.0,62443000.0,0.0,0.0,1.458,14.736,13.084,297275000.0,0.0,28.13,9.343,8.286,7478000.0,8841000.0,73308000.0,73308000.0,0.0,0.074,0.117,0.073,0.844,0.0,4858000.0,1.0,24348280.0,21594000,21929000.0,3.395,734327000.0,0.0,0.0,0.0,34.006,
95,WELL,MRT,1997-09-30,1997-09-30,1997-09-30,2021-07-30,,,,,,,,,,,,,,,,,,,,,,0.0,0.0,,,,,,,,,,,,,,,,,,1.0,,,,,,,,,,,,,,,,,,,,,,,,,,,,,,,,,,,,,,,,27.44,,,,,,,,,,,,,,1.0,,21974000,,,,,,,,
96,WELL,MRT,1997-06-30,1997-06-30,1997-06-30,2021-07-30,,,,,,,,,,,,,,,,,,,,,,0.0,0.0,,,,,,,,,,,,,,,,,,1.0,,,,,,,,,,,,,,,,,,,,,,,,,,,,,,,,,,,,,,,,24.31,,,,,,,,,,,,,,1.0,,21845000,,,,,,,,
97,WELL,MRT,1997-03-31,1997-03-31,1997-03-31,2021-07-30,,,,,,,,,,,,,,,,,,,,,,0.0,0.0,,,,,,,,,,,,,,,,,,1.0,,,,,,,,,,,,,,,,,,,,,,,,,,,,,,,,,,,,,,,,23.75,,,,,,,,,,,,,,1.0,,19286000,,,,,,,,
98,WELL,MRT,1996-12-31,1996-12-31,1996-12-31,2021-07-30,768000.0,519831000.0,,,,,23.099,-56575000.0,581000.0,581000.0,0.0,30676000.0,,0.597,184395000.0,,,184395000.0,0.0,3271000.0,0.0,0.0,0.0,45311000.0,48582000.0,0.893,48582000.0,45311000.0,30676000.0,2.18,2.17,2.18,325536000.0,,325536000.0,,,,-20355000.0,-1.444,1.0,54402000.0,1.0,0.0,14635000.0,703645000.0,,0.0,360039000.0,,,194295000.0,,,,-279000.0,0.0,135767000.0,21635000.0,-28427000.0,128483000.0,-164982000.0,-108186000.0,36220000.0,0.0,30676000.0,30676000.0,30676000.0,0.0,0.0,0.564,7683000.0,46719000.0,0.0,0.0,,,11.239,153623000.0,0.0,24.5,,6.347,4156000.0,8167000.0,54402000.0,54402000.0,0.0,,,,0.833,0.0,4448000.0,1.0,,14093000,14150000.0,3.86,519831000.0,0.0,0.0,0.0,36.886,
99,WELL,MRT,1995-12-31,1995-12-31,1995-12-31,2021-07-30,,,,,,,,-2976000.0,,,0.0,13635000.0,,,,,,,,2329000.0,,0.0,0.0,26386000.0,28715000.0,0.644,28715000.0,26386000.0,13635000.0,1.16,1.16,1.16,,,,,,,24177000.0,2.065,1.0,44596000.0,1.0,,12751000.0,,,,,,,,,,,-75000.0,0.0,3104000.0,34487000.0,-24215000.0,13351000.0,-40579000.0,-37600000.0,27153000.0,0.0,13635000.0,13635000.0,13635000.0,0.0,0.0,0.306,18210000.0,26386000.0,,0.0,,,15.517,,0.0,18.0,,4.726,,,44596000.0,44596000.0,0.0,,,,0.592,0.0,2899000.0,1.0,,11710000,11728000.0,3.808,,,0.0,,,
