None,ticker,dimension,calendardate,datekey,reportperiod,lastupdated,accoci,assets,assetsavg,assetsc,assetsnc,assetturnover,bvps,capex,cashneq,cashnequsd,cor,consolinc,currentratio,de,debt,debtc,debtnc,debtusd,deferredrev,depamor,deposits,divyield,dps,ebit,ebitda,ebitdamargin,ebitdausd,ebitusd,ebt,eps,epsdil,epsusd,equity,equityavg,equityusd,ev,evebit,evebitda,fcf,fcfps,fxusd,gp,grossmargin,intangibles,intexp,invcap,invcapavg,inventory,investments,investmentsc,investmentsnc,liabilities,liabilitiesc,liabilitiesnc,marketcap,ncf,ncfbus,ncfcommon,ncfdebt,ncfdiv,ncff,ncfi,ncfinv,ncfo,ncfx,netinc,netinccmn,netinccmnusd,netincdis,netincnci,netmargin,opex,opinc,payables,payoutratio,pb,pe,pe1,ppnenet,prefdivis,price,ps,ps1,receivables,retearn,revenue,revenueusd,rnd,roa,roe,roic,ros,sbcomp,sgna,sharefactor,sharesbas,shareswa,shareswadil,sps,tangibles,taxassets,taxexp,taxliabilities,tbvps,workingcapital
0,CAH,MRY,2021-12-31,2021-06-30,2021-06-30,2021-08-25,-34000000.0,44453000000.0,43693250000.0,31048000000.0,13405000000.0,3.718,6.134,-400000000.0,3407000000.0,3407000000.0,155689000000.0,612000000.0,1.124,23.819,6236000000.0,871000000.0,5365000000.0,6236000000.0,0.0,783000000.0,0.0,0.034,1.949,502000000.0,1285000000.0,0.008,1285000000.0,502000000.0,322000000.0,2.09,2.08,2.09,1791000000.0,1743500000.0,1791000000.0,19796545152.0,39.0,15.406,2029000000.0,6.949,1.0,6778000000.0,0.042,10094000000.0,180000000.0,9564000000.0,10637500000.0,14594000000.0,0.0,0.0,0.0,42659000000.0,27624000000.0,15035000000.0,16564545152.0,636000000.0,-3000000.0,-200000000.0,-570000000.0,-573000000.0,-1317000000.0,-378000000.0,25000000.0,2429000000.0,11000000.0,611000000.0,611000000.0,611000000.0,0.0,1000000.0,0.004,6259000000.0,519000000.0,23700000000.0,0.933,9.249,27.111,27.316,2360000000.0,0.0,57.09,0.102,0.103,9103000000.0,1205000000.0,162467000000.0,162467000000.0,0.0,0.014,0.35,0.047,0.003,89000000.0,4533000000.0,1.0,290147927.0,292000000,294000000.0,556.394,34359000000.0,0.0,-289000000.0,9670000000.0,117.668,3424000000.0
1,CAH,MRY,2020-12-31,2020-06-30,2020-06-30,2021-08-25,-104000000.0,40766000000.0,40533750000.0,25940000000.0,14826000000.0,3.773,6.106,-375000000.0,2771000000.0,2771000000.0,146054000000.0,-3693000000.0,1.098,21.785,6775000000.0,10000000.0,6765000000.0,6775000000.0,0.0,913000000.0,0.0,0.037,1.929,-3537000000.0,-2624000000.0,-0.017,-2624000000.0,-3537000000.0,-3775000000.0,-12.61,-12.61,-12.61,1789000000.0,1222750000.0,1789000000.0,20171771364.0,-6.0,-7.687,1585000000.0,5.41,1.0,6868000000.0,0.045,11275000000.0,238000000.0,9880000000.0,10641750000.0,13198000000.0,0.0,0.0,0.0,38974000000.0,23615000000.0,15359000000.0,15238771364.0,240000000.0,2000000.0,-350000000.0,-1401000000.0,-569000000.0,-2200000000.0,493000000.0,866000000.0,1960000000.0,-13000000.0,-3696000000.0,-3696000000.0,-3696000000.0,0.0,3000000.0,-0.024,10965000000.0,-4097000000.0,21374000000.0,-0.153,8.518,-4.123,-4.139,2366000000.0,0.0,52.19,0.1,0.1,8264000000.0,1170000000.0,152922000000.0,152922000000.0,0.0,-0.091,-3.023,-0.332,-0.023,90000000.0,4572000000.0,1.0,291986422.0,293000000,293000000.0,521.918,29491000000.0,0.0,-79000000.0,8594000000.0,100.652,2325000000.0
2,CAH,MRY,2019-12-31,2019-06-30,2019-06-30,2021-08-25,-79000000.0,40963000000.0,40561250000.0,25747000000.0,15216000000.0,3.588,21.093,-328000000.0,2531000000.0,2531000000.0,138700000000.0,1365000000.0,1.068,5.473,8031000000.0,452000000.0,7579000000.0,8031000000.0,0.0,1000000000.0,0.0,0.041,1.91,2043000000.0,3043000000.0,0.021,3043000000.0,2043000000.0,1749000000.0,4.55,4.53,4.55,6328000000.0,6128500000.0,6328000000.0,19680618040.0,10.0,6.468,2394000000.0,7.98,1.0,6834000000.0,0.047,11808000000.0,294000000.0,10546000000.0,11141750000.0,12822000000.0,0.0,0.0,0.0,34633000000.0,24109000000.0,10524000000.0,14038618040.0,768000000.0,681000000.0,-600000000.0,-1102000000.0,-577000000.0,-2293000000.0,338000000.0,-15000000.0,2722000000.0,1000000.0,1363000000.0,1363000000.0,1363000000.0,0.0,2000000.0,0.009,4789000000.0,2045000000.0,21535000000.0,0.42,2.218,10.3,10.352,2356000000.0,0.0,47.1,0.096,0.097,8448000000.0,5434000000.0,145534000000.0,145534000000.0,0.0,0.034,0.222,0.183,0.014,82000000.0,4480000000.0,1.0,298059831.0,300000000,301000000.0,485.113,29155000000.0,0.0,386000000.0,2945000000.0,97.183,1638000000.0
3,CAH,MRY,2018-12-31,2018-06-30,2018-06-30,2021-08-25,-92000000.0,39951000000.0,41456750000.0,24553000000.0,15398000000.0,3.3,19.358,-384000000.0,1763000000.0,1763000000.0,129628000000.0,259000000.0,1.073,5.594,9013000000.0,1001000000.0,8012000000.0,9013000000.0,0.0,1032000000.0,0.0,0.038,1.862,98000000.0,1130000000.0,0.008,1130000000.0,98000000.0,-231000000.0,0.82,0.81,0.82,6059000000.0,6968250000.0,6059000000.0,22573750943.0,230.0,19.977,2384000000.0,7.617,1.0,7181000000.0,0.052,12229000000.0,329000000.0,12079000000.0,13035000000.0,12308000000.0,0.0,0.0,0.0,33892000000.0,22893000000.0,10999000000.0,15170750943.0,-5116000000.0,-5280000000.0,-550000000.0,-1001000000.0,-581000000.0,-2276000000.0,-5608000000.0,56000000.0,2768000000.0,4000000.0,256000000.0,256000000.0,256000000.0,0.0,3000000.0,0.002,7078000000.0,103000000.0,19677000000.0,2.271,2.504,59.261,59.549,2487000000.0,0.0,48.83,0.111,0.112,7800000000.0,4645000000.0,136809000000.0,136809000000.0,0.0,0.006,0.037,0.008,0.001,85000000.0,4596000000.0,1.0,310685049.0,313000000,315000000.0,437.089,27722000000.0,0.0,-487000000.0,2975000000.0,88.569,1660000000.0
4,CAH,MRY,2017-12-31,2017-06-30,2017-06-30,2021-08-25,-125000000.0,40112000000.0,35928250000.0,28345000000.0,11767000000.0,3.618,21.476,-387000000.0,6879000000.0,6879000000.0,123432000000.0,1294000000.0,1.336,4.889,10395000000.0,1327000000.0,9068000000.0,10395000000.0,0.0,717000000.0,0.0,0.023,1.809,2119000000.0,2836000000.0,0.022,2836000000.0,2119000000.0,1918000000.0,4.06,4.03,4.06,6808000000.0,6572250000.0,6808000000.0,28706568686.0,14.0,10.122,797000000.0,2.514,1.0,6544000000.0,0.05,9207000000.0,201000000.0,13200000000.0,9801250000.0,11301000000.0,0.0,0.0,0.0,33284000000.0,21221000000.0,12063000000.0,24613568686.0,4523000000.0,-129000000.0,-600000000.0,4864000000.0,-577000000.0,3746000000.0,-405000000.0,111000000.0,1184000000.0,-2000000.0,1288000000.0,1288000000.0,1288000000.0,0.0,6000000.0,0.01,4419000000.0,2125000000.0,17906000000.0,0.446,3.615,19.11,19.192,1879000000.0,0.0,77.92,0.189,0.19,8048000000.0,4967000000.0,129976000000.0,129976000000.0,0.0,0.036,0.196,0.216,0.016,96000000.0,3775000000.0,1.0,315882555.0,317000000,320000000.0,410.019,30905000000.0,0.0,630000000.0,2877000000.0,97.492,7124000000.0
5,CAH,MRY,2016-12-31,2016-06-30,2016-06-30,2021-08-25,-116000000.0,34122000000.0,33226500000.0,21956000000.0,12166000000.0,3.658,20.043,-465000000.0,2356000000.0,2356000000.0,115003000000.0,1431000000.0,1.114,4.204,5539000000.0,587000000.0,4952000000.0,5539000000.0,0.0,641000000.0,0.0,0.021,1.61,2450000000.0,3091000000.0,0.025,3091000000.0,2450000000.0,2272000000.0,4.36,4.32,4.36,6554000000.0,6620750000.0,6554000000.0,28364852021.0,12.0,9.177,2506000000.0,7.664,1.0,6543000000.0,0.054,9426000000.0,178000000.0,8178000000.0,8453500000.0,10615000000.0,0.0,0.0,0.0,27551000000.0,19701000000.0,7850000000.0,25416852021.0,-2260000000.0,-3601000000.0,-651000000.0,20000000.0,-512000000.0,-1139000000.0,-4080000000.0,-14000000.0,2971000000.0,-12000000.0,1427000000.0,1427000000.0,1427000000.0,0.0,4000000.0,0.012,4089000000.0,2454000000.0,17306000000.0,0.369,3.878,17.811,17.892,1796000000.0,0.0,78.01,0.209,0.21,7405000000.0,6419000000.0,121546000000.0,121546000000.0,0.0,0.043,0.216,0.29,0.02,111000000.0,3648000000.0,1.0,325815306.0,327000000,330000000.0,371.7,24696000000.0,0.0,845000000.0,2781000000.0,75.523,2255000000.0
6,CAH,MRY,2015-12-31,2015-06-30,2015-06-30,2021-08-25,-23000000.0,30142000000.0,27747250000.0,21752000000.0,8390000000.0,3.695,18.843,-247000000.0,4616000000.0,4616000000.0,96819000000.0,1215000000.0,1.261,3.818,5492000000.0,281000000.0,5211000000.0,5492000000.0,0.0,451000000.0,0.0,0.017,1.415,2111000000.0,2562000000.0,0.025,2562000000.0,2111000000.0,1970000000.0,3.66,3.62,3.66,6256000000.0,6245250000.0,6256000000.0,28494223613.0,13.0,11.122,2293000000.0,6.907,1.0,5712000000.0,0.056,6018000000.0,141000000.0,7757000000.0,6726000000.0,9211000000.0,0.0,0.0,0.0,23886000000.0,17243000000.0,6643000000.0,27674223613.0,1751000000.0,-503000000.0,-1036000000.0,1439000000.0,-460000000.0,60000000.0,-849000000.0,-99000000.0,2540000000.0,0.0,1215000000.0,1215000000.0,1215000000.0,-3000000.0,0.0,0.012,3544000000.0,2168000000.0,14368000000.0,0.387,4.424,22.777,22.855,1506000000.0,0.0,83.65,0.27,0.271,6523000000.0,5521000000.0,102531000000.0,102531000000.0,0.0,0.044,0.195,0.314,0.021,110000000.0,3240000000.0,1.0,330833516.0,332000000,335000000.0,308.828,24124000000.0,0.0,755000000.0,1432000000.0,72.663,4509000000.0
7,CAH,MRY,2014-12-31,2014-06-30,2014-06-30,2021-08-25,70000000.0,26033000000.0,24889750000.0,17939000000.0,8094000000.0,3.659,18.771,-249000000.0,2865000000.0,2865000000.0,85923000000.0,1166000000.0,1.187,3.067,3972000000.0,801000000.0,3171000000.0,3972000000.0,0.0,459000000.0,0.0,0.018,1.25,1934000000.0,2393000000.0,0.026,2393000000.0,1934000000.0,1801000000.0,3.42,3.38,3.42,6401000000.0,6454750000.0,6401000000.0,24203201059.0,13.0,10.114,2275000000.0,6.672,1.0,5161000000.0,0.057,5870000000.0,133000000.0,6155000000.0,6787000000.0,8266000000.0,0.0,0.0,0.0,19632000000.0,15115000000.0,4517000000.0,23324201059.0,964000000.0,-519000000.0,-446000000.0,112000000.0,-415000000.0,-710000000.0,-850000000.0,-82000000.0,2524000000.0,0.0,1166000000.0,1166000000.0,1166000000.0,-3000000.0,0.0,0.013,3230000000.0,1931000000.0,12149000000.0,0.365,3.644,20.004,20.047,1459000000.0,0.0,68.56,0.256,0.257,5380000000.0,4774000000.0,91084000000.0,91084000000.0,0.0,0.047,0.181,0.285,0.021,96000000.0,3028000000.0,1.0,340201299.0,341000000,345000000.0,267.109,20163000000.0,0.0,635000000.0,1346000000.0,59.129,2824000000.0
8,CAH,MRY,2013-12-31,2013-06-30,2013-06-30,2021-08-25,68000000.0,25819000000.0,25501000000.0,17770000000.0,8049000000.0,3.964,17.522,-195000000.0,1901000000.0,1901000000.0,96172000000.0,334000000.0,1.218,3.321,3854000000.0,168000000.0,3686000000.0,3854000000.0,0.0,397000000.0,0.0,0.029,1.365,1010000000.0,1407000000.0,0.014,1407000000.0,1010000000.0,887000000.0,0.98,0.97,0.98,5975000000.0,6407000000.0,5975000000.0,17989056550.0,18.0,12.785,1532000000.0,4.493,1.0,4921000000.0,0.049,5574000000.0,123000000.0,7608000000.0,7025500000.0,8373000000.0,0.0,0.0,0.0,19844000000.0,14590000000.0,5254000000.0,16134056550.0,-373000000.0,-2239000000.0,-329000000.0,980000000.0,-353000000.0,275000000.0,-2375000000.0,59000000.0,1727000000.0,0.0,334000000.0,334000000.0,334000000.0,1000000.0,0.0,0.003,3910000000.0,1011000000.0,12295000000.0,1.393,2.7,48.306,48.163,1489000000.0,0.0,47.2,0.16,0.159,6304000000.0,4038000000.0,101093000000.0,101093000000.0,0.0,0.013,0.052,0.144,0.01,93000000.0,2875000000.0,1.0,341823232.0,341000000,344000000.0,296.46,20245000000.0,0.0,553000000.0,1568000000.0,59.37,3180000000.0
9,CAH,MRY,2012-12-31,2012-06-30,2012-06-30,2021-08-25,37000000.0,24260000000.0,24087075000.0,17510000000.0,6750000000.0,4.465,18.099,-260000000.0,2274000000.0,2274000000.0,103011000000.0,1069000000.0,1.235,2.885,2894000000.0,476000000.0,2418000000.0,2894000000.0,0.0,325000000.0,0.0,0.021,0.882,1792000000.0,2117000000.0,0.02,2117000000.0,1792000000.0,1697000000.0,3.1,3.06,3.1,6244000000.0,6031425000.0,6244000000.0,14678185910.0,8.0,6.933,916000000.0,2.655,1.0,4541000000.0,0.042,4392000000.0,95000000.0,6314000000.0,5921875000.0,7864000000.0,0.0,0.0,0.0,18016000000.0,14174000000.0,3842000000.0,14535185910.0,345000000.0,-174000000.0,-408000000.0,258000000.0,-300000000.0,-454000000.0,-377000000.0,57000000.0,1176000000.0,0.0,1069000000.0,1069000000.0,1069000000.0,1000000.0,0.0,0.01,2748000000.0,1793000000.0,11726000000.0,0.285,2.328,13.597,13.548,1551000000.0,0.0,42.0,0.135,0.135,6355000000.0,4093000000.0,107552000000.0,107552000000.0,0.0,0.044,0.177,0.303,0.017,85000000.0,2677000000.0,1.0,346075855.0,345000000,349000000.0,311.745,19868000000.0,0.0,628000000.0,1424000000.0,57.588,3336000000.0
10,CAH,MRY,2011-12-31,2011-06-30,2011-06-30,2021-08-25,77000000.0,22846000000.0,22466250000.0,16316000000.0,6530000000.0,4.569,16.759,-288000000.0,1929000000.0,1929000000.0,98482000000.0,959000000.0,1.22,2.906,2502000000.0,327000000.0,2175000000.0,2502000000.0,0.0,313000000.0,0.0,0.018,0.8,1604000000.0,1917000000.0,0.019,1917000000.0,1604000000.0,1511000000.0,2.75,2.72,2.75,5849000000.0,5541550000.0,5849000000.0,16437638240.0,10.0,8.575,1107000000.0,3.172,1.0,4162000000.0,0.041,4259000000.0,93000000.0,5790000000.0,5695975000.0,7334000000.0,0.0,0.0,0.0,16997000000.0,13370000000.0,3627000000.0,15923638240.0,-826000000.0,-1594000000.0,-207000000.0,312000000.0,-274000000.0,-193000000.0,-2028000000.0,-146000000.0,1395000000.0,0.0,959000000.0,959000000.0,959000000.0,7000000.0,0.0,0.009,2626000000.0,1536000000.0,11332000000.0,0.291,2.722,16.604,16.516,1512000000.0,0.0,45.42,0.155,0.154,6156000000.0,3331000000.0,102644000000.0,102644000000.0,0.0,0.043,0.173,0.282,0.016,80000000.0,2528000000.0,1.0,350586487.0,349000000,353000000.0,294.109,18587000000.0,0.0,552000000.0,1452000000.0,53.258,2946000000.0
11,CAH,MRY,2010-12-31,2010-06-30,2010-06-30,2021-08-25,70000000.0,19990200000.0,20629150000.0,14918900000.0,5071300000.0,4.775,14.697,-102000000.0,2755300000.0,2755300000.0,94722000000.0,642000000.0,1.293,2.789,2129300000.0,233200000.0,1896100000.0,2129300000.0,0.0,254000000.0,0.0,0.021,0.72,1380000000.0,1634000000.0,0.017,1634000000.0,1380000000.0,1267000000.0,1.79,1.77,1.79,5276100000.0,5201075000.0,5276100000.0,11638639382.0,8.0,7.123,2032000000.0,5.66,1.0,3781000000.0,0.038,2253200000.0,113000000.0,5573400000.0,6223100000.0,6355900000.0,691500000.0,0.0,691500000.0,14714100000.0,11537600000.0,3176500000.0,12169239382.0,1534000000.0,239000000.0,-190000000.0,-1552000000.0,-253000000.0,-727000000.0,127000000.0,0.0,2134000000.0,0.0,642000000.0,642000000.0,642000000.0,-55000000.0,0.0,0.007,2461000000.0,1320000000.0,9494900000.0,0.402,2.306,18.955,18.777,1468800000.0,0.0,33.61,0.124,0.122,5170600000.0,2647200000.0,98503000000.0,98503000000.0,0.0,0.031,0.123,0.222,0.014,100000000.0,2397000000.0,1.0,362071984.0,359000000,361000000.0,274.382,17737000000.0,0.0,625000000.0,1280400000.0,49.407,3381300000.0
12,CAH,MRY,2009-12-31,2009-06-30,2009-06-30,2021-08-25,82200000.0,25118800000.0,25078375000.0,20981700000.0,4137100000.0,3.828,24.398,-285000000.0,1221600000.0,1221600000.0,92244000000.0,1151600000.0,1.709,1.879,3637800000.0,366200000.0,3271600000.0,3637800000.0,0.0,225800000.0,0.0,0.019,0.595,1667600000.0,1893400000.0,0.02,1893400000.0,1667600000.0,1553200000.0,3.22,3.18,3.22,8724700000.0,8301300000.0,8724700000.0,13315077586.0,8.0,7.032,1138900000.0,3.185,1.0,3747500000.0,0.039,2266900000.0,114400000.0,12992900000.0,10771700000.0,6832800000.0,0.0,0.0,0.0,16394100000.0,12275200000.0,4118900000.0,11009977586.0,412800000.0,-128600000.0,39200000.0,-301400000.0,-200400000.0,-468200000.0,-542900000.0,0.0,1423900000.0,0.0,1151600000.0,1151600000.0,1151600000.0,-393400000.0,0.0,0.012,2473300000.0,1274200000.0,9041900000.0,0.185,1.262,9.561,9.488,1464500000.0,0.0,30.55,0.115,0.114,5214900000.0,5953900000.0,95991500000.0,95991500000.0,0.0,0.046,0.139,0.155,0.017,109900000.0,2333500000.0,1.0,360392065.0,357600000,361500000.0,268.433,22851900000.0,0.0,401600000.0,847300000.0,63.904,8706500000.0
13,CAH,MRY,2008-12-31,2008-06-30,2008-06-30,2021-08-25,210800000.0,23448200000.0,23379125000.0,14276000000.0,9172200000.0,3.739,21.629,-155800000.0,1291300000.0,1291300000.0,83631100000.0,1300600000.0,1.374,2.027,3846400000.0,159000000.0,3687400000.0,3846400000.0,0.0,220000000.0,0.0,0.01,0.5,1884600000.0,2104600000.0,0.024,2104600000.0,1884600000.0,1748500000.0,3.63,3.57,3.63,7747500000.0,7329250000.0,7747500000.0,20683390755.0,11.0,9.828,1385900000.0,3.869,1.0,3777100000.0,0.043,6157300000.0,136100000.0,9458300000.0,9037500000.0,6757700000.0,1300500000.0,383700000.0,916800000.0,15700700000.0,10387700000.0,5313000000.0,18406990755.0,12100000.0,44400000.0,-953700000.0,296400000.0,-173100000.0,-803200000.0,-726400000.0,132000000.0,1541700000.0,0.0,1300600000.0,1300600000.0,1300600000.0,-453400000.0,0.0,0.015,2345900000.0,1431200000.0,8303800000.0,0.138,2.376,14.153,14.209,1714000000.0,0.0,51.58,0.211,0.211,4987700000.0,5016200000.0,87408200000.0,87408200000.0,0.0,0.056,0.177,0.209,0.022,107900000.0,2340600000.0,1.0,356862946.0,358200000,364000000.0,244.021,17290900000.0,0.0,447900000.0,1625600000.0,48.272,3888300000.0
14,CAH,MRY,2007-12-31,2007-06-30,2007-06-30,2021-08-25,121000000.0,23153800000.0,23753550000.0,14544500000.0,8609300000.0,3.652,18.68,-346600000.0,1308800000.0,1308800000.0,81557600000.0,1931100000.0,1.269,2.139,3473300000.0,16000000.0,3457300000.0,3473300000.0,0.0,314900000.0,0.0,0.006,0.39,2457200000.0,2772100000.0,0.032,2772100000.0,2457200000.0,2336600000.0,4.89,4.77,4.89,7376900000.0,8143800000.0,7376900000.0,29500969969.0,12.0,10.642,887100000.0,2.246,1.0,5197400000.0,0.06,5860900000.0,120600000.0,7997700000.0,8855750000.0,7383200000.0,1307500000.0,486800000.0,820700000.0,15776900000.0,11459700000.0,4317200000.0,27171569969.0,132100000.0,-1629800000.0,-3109400000.0,630500000.0,-144400000.0,-2638800000.0,1537200000.0,366500000.0,1233700000.0,0.0,1931100000.0,1931100000.0,1931100000.0,-1110400000.0,0.0,0.022,3850600000.0,1346800000.0,9162200000.0,0.08,3.683,14.071,14.446,1647000000.0,0.0,70.64,0.313,0.322,4714400000.0,11539900000.0,86755000000.0,86755000000.0,0.0,0.081,0.237,0.277,0.028,138100000.0,3061300000.0,1.0,384648499.0,394900000,404700000.0,219.689,17292900000.0,0.0,405500000.0,859900000.0,43.791,3084800000.0
15,CAH,MRY,2006-12-31,2006-06-30,2006-06-30,2021-08-25,33900000.0,23433300000.0,23319750000.0,16575900000.0,6857400000.0,3.416,20.158,-326400000.0,1187300000.0,1187300000.0,74850200000.0,1000100000.0,1.431,1.76,2787600000.0,199000000.0,2588600000.0,2787600000.0,0.0,297600000.0,0.0,0.004,0.27,1681700000.0,1979300000.0,0.025,1979300000.0,1681700000.0,1577200000.0,2.38,2.33,2.38,8490700000.0,8676850000.0,8490700000.0,27984712745.0,17.0,14.139,1794400000.0,4.26,1.0,4814000000.0,0.06,4283400000.0,104500000.0,9168100000.0,8366075000.0,7493000000.0,1543200000.0,788500000.0,754700000.0,14942600000.0,11582100000.0,3360500000.0,26869212745.0,-98600000.0,-362200000.0,-1259100000.0,299800000.0,-101800000.0,-1032200000.0,-1187200000.0,-398600000.0,2120800000.0,0.0,1000100000.0,1000100000.0,1000100000.0,163200000.0,0.0,0.013,2969100000.0,1844900000.0,8907800000.0,0.113,3.165,26.867,27.029,1505000000.0,0.0,64.33,0.337,0.34,3808800000.0,9760500000.0,79664200000.0,79664200000.0,0.0,0.043,0.115,0.201,0.021,207800000.0,2882800000.0,1.0,417677798.0,421200000,428500000.0,189.136,19149900000.0,0.0,577100000.0,771900000.0,45.465,4993800000.0
16,CAH,MRY,2005-12-31,2005-06-30,2005-06-30,2021-08-25,20200000.0,21838200000.0,22008700000.0,13532500000.0,8305700000.0,3.302,19.961,-320900000.0,1400000000.0,1400000000.0,68206300000.0,1050700000.0,1.367,1.541,2627800000.0,307900000.0,2319900000.0,2627800000.0,0.0,295600000.0,0.0,0.003,0.15,1765800000.0,2061400000.0,0.028,2061400000.0,1765800000.0,1648000000.0,2.44,2.41,2.44,8593000000.0,8511425000.0,8593000000.0,26001352068.0,15.0,12.613,2534800000.0,5.888,1.0,4459700000.0,0.061,4842500000.0,117800000.0,8320800000.0,8680150000.0,7249200000.0,1031800000.0,338000000.0,693800000.0,13245200000.0,9902700000.0,3342500000.0,24659152068.0,322300000.0,-273200000.0,-389800000.0,-1211200000.0,-51700000.0,-1657300000.0,-876100000.0,-99800000.0,2855700000.0,0.0,1050700000.0,1050700000.0,1050700000.0,16400000.0,0.0,0.014,2677500000.0,1782200000.0,7351500000.0,0.061,2.87,23.469,23.598,2445100000.0,0.0,57.58,0.339,0.341,3102300000.0,8874200000.0,72666000000.0,72666000000.0,0.0,0.048,0.123,0.203,0.024,8500000.0,2497700000.0,1.0,428258980.0,430500000,435700000.0,168.794,16995700000.0,0.0,597300000.0,1022600000.0,39.479,3629800000.0
17,CAH,MRY,2004-12-31,2004-06-30,2004-06-30,2021-08-25,28900000.0,21369100000.0,19874075000.0,13057900000.0,8311200000.0,3.247,18.362,-376300000.0,1096000000.0,1096000000.0,59879500000.0,1474500000.0,1.394,1.679,3695300000.0,860600000.0,2834700000.0,3695300000.0,0.0,289500000.0,0.0,0.002,0.12,2288000000.0,2577500000.0,0.04,2577500000.0,2288000000.0,2181200000.0,3.39,3.35,3.39,7976300000.0,7587150000.0,7976300000.0,32153302572.0,14.0,12.475,2247400000.0,5.174,1.0,4643100000.0,0.072,4938800000.0,106800000.0,9660200000.0,10031225000.0,7471300000.0,748100000.0,202100000.0,546000000.0,13392800000.0,9369400000.0,4023400000.0,30149102572.0,-631400000.0,-2092400000.0,-1283300000.0,512800000.0,-52300000.0,-815700000.0,-2439400000.0,0.0,2623700000.0,0.0,1474500000.0,1474500000.0,1474500000.0,4200000.0,0.0,0.023,2368500000.0,2274600000.0,6432400000.0,0.035,3.78,20.447,20.664,2364000000.0,0.0,70.05,0.467,0.472,3432700000.0,7888000000.0,64522600000.0,64522600000.0,0.0,0.074,0.194,0.228,0.035,3300000.0,2268700000.0,1.0,430394041.0,434400000,440000000.0,148.533,16430300000.0,0.0,706700000.0,1188700000.0,37.823,3688500000.0
18,CAH,MRY,2003-12-31,2003-06-30,2003-06-30,2021-08-25,-50700000.0,18465100000.0,17590600000.0,13197200000.0,5267900000.0,3.225,17.207,-365500000.0,1724000000.0,1724000000.0,52249300000.0,1375100000.0,1.805,1.406,2700600000.0,228700000.0,2471900000.0,2700600000.0,0.0,265800000.0,0.0,0.004,0.255,2180900000.0,2446700000.0,0.043,2446700000.0,2180900000.0,2074600000.0,3.08,3.03,3.08,7674500000.0,6951250000.0,7674500000.0,30516118617.0,14.0,12.472,1032500000.0,2.315,1.0,4482200000.0,0.079,2332300000.0,106300000.0,9799200000.0,9590025000.0,7570900000.0,729100000.0,171800000.0,557300000.0,10790600000.0,7310200000.0,3480400000.0,28706618617.0,342000000.0,21800000.0,-994400000.0,326900000.0,-44800000.0,-712300000.0,-343700000.0,0.0,1398000000.0,0.0,1375100000.0,1375100000.0,1375100000.0,6100000.0,0.0,0.024,2396700000.0,2085500000.0,5288800000.0,0.083,3.741,20.876,20.877,2089500000.0,0.0,64.3,0.506,0.506,2784400000.0,6465200000.0,56731500000.0,56731500000.0,0.0,0.078,0.198,0.227,0.038,0.0,2246300000.0,1.0,446448190.0,446000000,453300000.0,127.201,16132800000.0,0.0,699500000.0,1008500000.0,36.172,5887000000.0
19,CAH,MRY,2002-12-31,2002-06-30,2002-06-30,2021-08-25,-120900000.0,16438000000.0,16115650000.0,11906600000.0,4531400000.0,3.174,14.204,-267100000.0,1382000000.0,1382000000.0,47099600000.0,1070700000.0,1.748,1.571,2225200000.0,18200000.0,2207000000.0,2225200000.0,0.0,243500000.0,0.0,0.002,0.1,1787300000.0,2030800000.0,0.04,2030800000.0,1787300000.0,1654800000.0,2.37,2.33,2.37,6393000000.0,6033825000.0,6393000000.0,29349596152.0,16.0,14.452,716800000.0,1.593,1.0,4045000000.0,0.079,1544100000.0,132500000.0,8926700000.0,9430175000.0,7361000000.0,836900000.0,218300000.0,618600000.0,10045000000.0,6810400000.0,3234600000.0,27737596152.0,447900000.0,-383800000.0,-168300000.0,333000000.0,-45000000.0,114900000.0,-650900000.0,0.0,983900000.0,0.0,1070700000.0,1070700000.0,1070700000.0,0.0,0.0,0.021,2202900000.0,1842100000.0,5504500000.0,0.042,4.339,25.906,25.911,1894400000.0,0.0,61.41,0.542,0.54,2295400000.0,5156100000.0,51144600000.0,51144600000.0,0.0,0.066,0.177,0.19,0.035,0.0,2071000000.0,1.0,451678817.0,450100000,459600000.0,113.629,14893900000.0,0.0,584100000.0,1027600000.0,33.09,5096200000.0
20,CAH,MRY,2001-12-31,2001-06-30,2001-06-30,2021-08-25,-140300000.0,14642400000.0,13105975000.0,10716300000.0,3926100000.0,3.658,12.268,-269100000.0,934100000.0,934100000.0,44336000000.0,857400000.0,1.63,1.693,1885200000.0,14200000.0,1871000000.0,1885200000.0,0.0,280600000.0,0.0,0.001,0.085,1487100000.0,1767700000.0,0.037,1767700000.0,1487100000.0,1332200000.0,1.93,1.88,1.93,5437100000.0,4772850000.0,5437100000.0,32559646407.0,22.0,18.419,602600000.0,1.36,1.0,3611600000.0,0.075,1175400000.0,154900000.0,7843300000.0,7773150000.0,6286100000.0,908000000.0,236300000.0,671700000.0,9205300000.0,6574800000.0,2630500000.0,30762946407.0,347000000.0,-364300000.0,112700000.0,32600000.0,-36600000.0,108700000.0,-633400000.0,0.0,871700000.0,0.0,857400000.0,857400000.0,857400000.0,0.0,0.0,0.018,2117700000.0,1493900000.0,5319900000.0,0.044,5.658,35.879,35.751,1838300000.0,0.0,69.0,0.642,0.638,2408700000.0,4146000000.0,47947600000.0,47947600000.0,0.0,0.065,0.18,0.191,0.031,0.0,1950700000.0,1.0,445839803.0,443200000,455500000.0,108.185,13467000000.0,0.0,474800000.0,759500000.0,30.386,4141500000.0
21,CAH,MRY,2000-12-31,2000-06-30,2000-06-30,2021-08-25,-81900000.0,12024100000.0,10585175000.0,8446400000.0,3577700000.0,3.623,10.028,-270900000.0,539500000.0,539500000.0,35253700000.0,717800000.0,1.523,1.733,1947900000.0,423400000.0,1524500000.0,1947900000.0,0.0,257000000.0,0.0,0.001,0.07,1280500000.0,1537500000.0,0.04,1537500000.0,1280500000.0,1141800000.0,1.64,1.6,1.64,4400400000.0,3926425000.0,4400400000.0,22074991818.0,17.0,14.358,233100000.0,0.531,1.0,3096200000.0,0.081,1043700000.0,138700000.0,6842100000.0,6709850000.0,4657000000.0,766300000.0,187700000.0,578600000.0,7623700000.0,5546700000.0,2077000000.0,20373491818.0,311100000.0,-69600000.0,-243900000.0,372700000.0,-30000000.0,99200000.0,-292100000.0,48400000.0,504000000.0,0.0,717800000.0,717800000.0,717800000.0,0.0,0.0,0.019,1815700000.0,1280500000.0,3895100000.0,0.043,4.63,28.383,30.081,1728300000.0,0.0,49.333,0.531,0.564,2398800000.0,3331600000.0,38349900000.0,38349900000.0,0.0,0.068,0.183,0.191,0.033,0.0,1709500000.0,1.0,412976186.0,438800000,448700000.0,87.397,10980400000.0,0.0,424000000.0,552500000.0,25.024,2899700000.0
22,CAH,MRY,1999-12-31,1999-06-30,1999-06-30,2021-08-25,-44000000.0,8404500000.0,6858826000.0,5238800000.0,3165700000.0,4.772,8.208,-301500000.0,185400000.0,185400000.0,29919700000.0,499300000.0,1.767,1.354,1264100000.0,40200000.0,1223900000.0,1264100000.0,0.0,248200000.0,0.0,0.002,0.067,954600000.0,1202800000.0,0.037,1202800000.0,954600000.0,821700000.0,1.14,1.12,1.14,3569600000.0,2790183750.0,3569600000.0,18961445413.0,20.0,15.764,-5100000.0,-0.012,1.0,2813200000.0,0.086,942100000.0,132900000.0,5575800000.0,4538081000.0,2940000000.0,606800000.0,152500000.0,454300000.0,4834900000.0,2965300000.0,1869600000.0,17472345413.0,-203500000.0,-147500000.0,39100000.0,-5800000.0,-77300000.0,-48800000.0,-451100000.0,-2100000.0,296400000.0,0.0,499300000.0,499300000.0,499300000.0,0.0,0.0,0.015,1858600000.0,954600000.0,2363900000.0,0.059,4.895,34.994,37.503,1561500000.0,0.0,42.753,0.534,0.568,1602100000.0,2544000000.0,32732900000.0,32732900000.0,0.0,0.073,0.179,0.21,0.029,0.0,1697200000.0,1.0,408677968.0,434900000,447200000.0,75.265,7462400000.0,0.0,322400000.0,645700000.0,17.159,2273500000.0
23,CAH,MRY,1998-12-31,1998-06-30,1998-06-30,2021-08-25,-27900000.0,7478000000.0,4578252250.0,4786100000.0,2691900000.0,4.604,7.089,-275500000.0,373300000.0,373300000.0,18814900000.0,448500000.0,1.756,1.531,1362000000.0,32000000.0,1330000000.0,1362000000.0,0.0,218400000.0,0.0,0.001,0.049,800300000.0,1018700000.0,0.048,1018700000.0,800300000.0,691400000.0,1.073,1.053,1.073,2954900000.0,1842838750.0,2954900000.0,10636026188.0,13.0,10.441,296500000.0,0.711,1.0,2261100000.0,0.107,850500000.0,108900000.0,4890800000.0,2696671250.0,2608100000.0,324500000.0,91400000.0,233100000.0,4523100000.0,2725400000.0,1797700000.0,10360122188.0,67400000.0,-45800000.0,-95800000.0,-26900000.0,-52300000.0,-175000000.0,-329600000.0,-3600000.0,572000000.0,0.0,448500000.0,448500000.0,448500000.0,0.0,0.0,0.021,1460800000.0,800300000.0,2142700000.0,0.046,3.506,23.099,38.832,1467700000.0,0.0,41.667,0.492,0.824,1436300000.0,2006900000.0,21076000000.0,21076000000.0,0.0,0.098,0.243,0.297,0.038,0.0,1403000000.0,1.0,248642932.0,416850000,426900000.0,50.56,6627500000.0,0.0,242900000.0,467700000.0,15.899,2060700000.0
24,CAH,MRY,1997-12-31,1997-06-30,1997-06-30,2021-08-25,0.0,3091750000.0,3025575500.0,2487110000.0,604640000.0,6.079,3.348,-227900000.0,243061000.0,243061000.0,16373900000.0,334800000.0,1.79,1.316,306083000.0,28317000.0,277766000.0,306083000.0,0.0,209100000.0,0.0,0.002,0.042,646900000.0,856000000.0,0.047,856000000.0,646900000.0,539700000.0,0.84,0.82,0.84,1334730000.0,1214977500.0,1334730000.0,,,,261100000.0,0.655,1.0,2020000000.0,0.11,122104000.0,107200000.0,1643235000.0,1579024500.0,1436220000.0,159560000.0,40997000.0,118563000.0,1757020000.0,1389433000.0,367587000.0,,-54800000.0,-43700000.0,70500000.0,-368500000.0,-40000000.0,-348800000.0,-193800000.0,54300000.0,489000000.0,-1200000.0,334800000.0,334800000.0,334800000.0,0.0,0.0,0.018,1355200000.0,664800000.0,1135951000.0,0.05,,,30.291,277471000.0,0.0,25.444,,0.552,672164000.0,701896000.0,18393900000.0,18393900000.0,0.0,0.111,0.276,0.41,0.035,0.0,1304300000.0,1.0,,398700000,408000000.0,46.135,2969646000.0,0.0,204900000.0,89821000.0,7.448,1097677000.0
25,CAH,MRY,1996-12-31,1996-06-30,1996-06-30,2021-08-25,0.0,2959401000.0,,2374943000.0,584458000.0,,4.686,-106010000.0,312030000.0,312030000.0,10776410000.0,127240000.0,1.657,1.702,433970000.0,113643000.0,320327000.0,433970000.0,0.0,48566000.0,0.0,0.002,0.036,258113000.0,306679000.0,0.026,306679000.0,258113000.0,227502000.0,0.542,0.529,0.542,1095225000.0,,1095225000.0,,,,22617000.0,0.097,1.0,809713000.0,0.07,133624000.0,30611000.0,1514814000.0,,1272112000.0,202092000.0,92288000.0,109804000.0,1864176000.0,1432903000.0,431273000.0,,237751000.0,-53722000.0,68158000.0,142846000.0,-7616000.0,214556000.0,-105432000.0,54300000.0,128627000.0,0.0,127240000.0,127240000.0,127240000.0,0.0,0.0,0.011,564079000.0,245634000.0,1146729000.0,0.066,,,39.429,250559000.0,0.0,21.37,,0.431,631866000.0,520666000.0,11586123000.0,11586123000.0,0.0,,,,0.022,0.0,514879000.0,1.0,,233712000,240318000.0,49.574,2825777000.0,0.0,100262000.0,110946000.0,12.091,942040000.0
26,CAH,MRY,1995-12-31,1995-06-30,1995-06-30,2021-08-25,,,,,,,,-78249000.0,,,7779030000.0,146587000.0,,,,,,,,36381000.0,,0.003,0.036,273212000.0,309593000.0,0.037,309593000.0,273212000.0,249264000.0,0.627,0.622,0.627,,,,,,,-29439000.0,-0.126,1.0,693272000.0,0.082,,23948000.0,,,,,,,,,,,-10148000.0,-19632000.0,69146000.0,-17254000.0,-9107000.0,65021000.0,-123979000.0,-26098000.0,48810000.0,0.0,146587000.0,146587000.0,146587000.0,0.0,0.0,0.017,428343000.0,264929000.0,,0.057,,,22.329,,0.0,14.0,,0.385,,,8472302000.0,8472302000.0,0.0,,,,0.032,0.0,428343000.0,1.0,,233232750,235910250.0,36.326,,,102677000.0,,,
0,CAH,MRQ,2021-06-30,2021-06-30,2021-06-30,2021-08-25,-34000000.0,44453000000.0,,31048000000.0,13405000000.0,,6.197,-126000000.0,3407000000.0,3407000000.0,41111000000.0,115000000.0,1.124,23.819,6236000000.0,871000000.0,5365000000.0,6236000000.0,0.0,180000000.0,0.0,0.034,0.491,164000000.0,344000000.0,0.008,344000000.0,164000000.0,120000000.0,0.4,0.4,0.4,1791000000.0,,1791000000.0,19796545152.0,39.0,15.406,539000000.0,1.865,1.0,1475000000.0,0.035,10094000000.0,44000000.0,9564000000.0,,14594000000.0,0.0,0.0,0.0,42659000000.0,27624000000.0,15035000000.0,16564545152.0,-92000000.0,0.0,0.0,-517000000.0,-141000000.0,-649000000.0,-88000000.0,38000000.0,665000000.0,3000000.0,116000000.0,116000000.0,116000000.0,0.0,-1000000.0,0.003,1297000000.0,178000000.0,23700000000.0,1.228,9.249,27.111,27.316,2360000000.0,0.0,57.09,0.102,0.103,9103000000.0,1205000000.0,42586000000.0,42586000000.0,0.0,,,,,5000000.0,1129000000.0,1.0,290147927.0,289000000,294000000.0,147.356,34359000000.0,0.0,4000000.0,9670000000.0,118.889,3424000000.0
1,CAH,MRQ,2021-03-31,2021-03-31,2021-03-31,2021-08-25,-48000000.0,43874000000.0,,30362000000.0,13512000000.0,,6.13,-100000000.0,3499000000.0,3499000000.0,37463000000.0,120000000.0,1.199,23.508,6731000000.0,16000000.0,6715000000.0,6731000000.0,0.0,199000000.0,0.0,0.032,0.486,484000000.0,683000000.0,0.017,683000000.0,484000000.0,439000000.0,0.41,0.4,0.41,1790000000.0,,1790000000.0,20836304270.0,17.0,10.269,177000000.0,0.606,1.0,1812000000.0,0.046,10179000000.0,45000000.0,11604000000.0,,14329000000.0,0.0,0.0,0.0,42080000000.0,25323000000.0,16757000000.0,17840304270.0,-238000000.0,0.0,-200000000.0,-4000000.0,-143000000.0,-324000000.0,-99000000.0,1000000.0,277000000.0,-6000000.0,119000000.0,119000000.0,119000000.0,0.0,1000000.0,0.003,1327000000.0,485000000.0,22641000000.0,1.185,9.967,15.5,15.497,2315000000.0,0.0,60.75,0.114,0.113,8727000000.0,1233000000.0,39275000000.0,39275000000.0,0.0,,,,,33000000.0,1120000000.0,1.0,293667560.0,292000000,294000000.0,134.503,33695000000.0,0.0,320000000.0,10042000000.0,115.394,5039000000.0
2,CAH,MRQ,2020-12-31,2020-12-31,2020-12-31,2021-08-25,-53000000.0,44719000000.0,,30113000000.0,14606000000.0,,6.704,-96000000.0,3737000000.0,3737000000.0,39765000000.0,630000000.0,1.169,21.686,6733000000.0,13000000.0,6720000000.0,6733000000.0,0.0,199000000.0,0.0,0.036,0.486,472000000.0,671000000.0,0.016,671000000.0,472000000.0,426000000.0,2.14,2.13,2.14,1971000000.0,,1971000000.0,19709605247.0,16.0,9.354,1121000000.0,3.813,1.0,1776000000.0,0.043,11102000000.0,46000000.0,10863000000.0,,14443000000.0,0.0,0.0,0.0,42744000000.0,25750000000.0,16994000000.0,15715605247.0,991000000.0,-3000000.0,0.0,-9000000.0,-143000000.0,-146000000.0,-97000000.0,2000000.0,1217000000.0,17000000.0,629000000.0,629000000.0,629000000.0,0.0,1000000.0,0.015,1303000000.0,473000000.0,23235000000.0,0.227,7.973,11.372,11.372,2386000000.0,0.0,53.56,0.1,0.101,8728000000.0,1255000000.0,41541000000.0,41541000000.0,0.0,,,,,23000000.0,1147000000.0,1.0,293420561.0,294000000,295000000.0,141.296,33617000000.0,0.0,-203000000.0,10274000000.0,114.344,4363000000.0
3,CAH,MRQ,2020-09-30,2020-09-30,2020-09-30,2021-08-25,-87000000.0,41727000000.0,,27030000000.0,14697000000.0,,4.853,-78000000.0,2746000000.0,2746000000.0,37350000000.0,-253000000.0,1.125,28.342,6740000000.0,12000000.0,6728000000.0,6740000000.0,0.0,205000000.0,0.0,0.041,0.486,-618000000.0,-413000000.0,-0.011,-413000000.0,-618000000.0,-663000000.0,-0.86,-0.86,-0.86,1422000000.0,,1422000000.0,17734249509.0,16.0,8.832,192000000.0,0.655,1.0,1715000000.0,0.044,11186000000.0,45000000.0,10519000000.0,,13439000000.0,0.0,0.0,0.0,40302000000.0,24016000000.0,16286000000.0,13730249509.0,-25000000.0,0.0,0.0,-40000000.0,-146000000.0,-198000000.0,-94000000.0,-16000000.0,270000000.0,-3000000.0,-253000000.0,-253000000.0,-253000000.0,0.0,0.0,-0.006,2332000000.0,-617000000.0,21688000000.0,-0.565,9.656,14.111,14.142,2369000000.0,0.0,46.95,0.089,0.089,8637000000.0,771000000.0,39065000000.0,39065000000.0,0.0,,,,,28000000.0,1137000000.0,1.0,292444079.0,293000000,293000000.0,133.328,30541000000.0,0.0,-410000000.0,9558000000.0,104.235,3014000000.0
4,CAH,MRQ,2020-06-30,2020-06-30,2020-06-30,2021-08-25,-104000000.0,40766000000.0,,25940000000.0,14826000000.0,,6.106,-138000000.0,2771000000.0,2771000000.0,35099000000.0,657000000.0,1.098,21.785,6775000000.0,10000000.0,6765000000.0,6775000000.0,0.0,225000000.0,0.0,0.037,0.486,863000000.0,1088000000.0,0.03,1088000000.0,863000000.0,814000000.0,2.23,2.23,2.23,1789000000.0,,1789000000.0,20171771364.0,-6.0,-7.687,102000000.0,0.348,1.0,1590000000.0,0.043,11275000000.0,49000000.0,9880000000.0,,13198000000.0,0.0,0.0,0.0,38974000000.0,23615000000.0,15359000000.0,15238771364.0,442000000.0,2000000.0,0.0,-511000000.0,-141000000.0,-528000000.0,742000000.0,878000000.0,240000000.0,-12000000.0,656000000.0,656000000.0,656000000.0,0.0,1000000.0,0.018,1298000000.0,292000000.0,21374000000.0,0.218,8.518,-4.123,-4.139,2366000000.0,0.0,52.19,0.1,0.1,8264000000.0,1170000000.0,36689000000.0,36689000000.0,0.0,,,,,22000000.0,1137000000.0,1.0,291986422.0,293000000,293000000.0,125.218,29491000000.0,0.0,158000000.0,8594000000.0,100.652,2325000000.0
5,CAH,MRQ,2020-03-31,2020-03-31,2020-03-31,2021-08-25,-141000000.0,41148000000.0,,25848000000.0,15300000000.0,,4.12,-90000000.0,2329000000.0,2329000000.0,37272000000.0,351000000.0,1.048,33.202,7262000000.0,508000000.0,6754000000.0,7262000000.0,0.0,224000000.0,0.0,0.04,0.481,537000000.0,761000000.0,0.019,761000000.0,537000000.0,477000000.0,1.2,1.19,1.2,1203000000.0,,1203000000.0,20263102572.0,-5.0,-6.4,1586000000.0,5.432,1.0,1885000000.0,0.048,11378000000.0,60000000.0,10032000000.0,,12808000000.0,0.0,0.0,0.0,39942000000.0,24671000000.0,15271000000.0,13988102572.0,670000000.0,0.0,0.0,-778000000.0,-141000000.0,-912000000.0,-98000000.0,-8000000.0,1676000000.0,4000000.0,350000000.0,350000000.0,350000000.0,0.0,1000000.0,0.009,1342000000.0,543000000.0,21984000000.0,0.401,11.628,-3.364,-3.415,2299000000.0,0.0,47.94,0.091,0.091,9019000000.0,656000000.0,39157000000.0,39157000000.0,0.0,,,,,27000000.0,1165000000.0,1.0,291783533.0,292000000,294000000.0,134.099,29770000000.0,0.0,127000000.0,8517000000.0,101.952,1177000000.0
6,CAH,MRQ,2019-12-31,2019-12-31,2019-12-31,2021-08-25,-103000000.0,41042000000.0,,25736000000.0,15306000000.0,,3.421,-75000000.0,1659000000.0,1659000000.0,38021000000.0,220000000.0,1.034,40.08,7934000000.0,1192000000.0,6742000000.0,7934000000.0,0.0,230000000.0,0.0,0.038,0.481,342000000.0,572000000.0,0.014,572000000.0,342000000.0,279000000.0,0.75,0.75,0.75,999000000.0,,999000000.0,21573060945.0,-5.0,-6.698,622000000.0,2.13,1.0,1714000000.0,0.043,11523000000.0,63000000.0,10904000000.0,,13799000000.0,0.0,0.0,0.0,40040000000.0,24890000000.0,15150000000.0,14794060945.0,447000000.0,0.0,0.0,-36000000.0,-141000000.0,-175000000.0,-78000000.0,-3000000.0,697000000.0,3000000.0,220000000.0,220000000.0,220000000.0,0.0,0.0,0.006,1368000000.0,346000000.0,21459000000.0,0.641,14.809,-3.512,-3.549,2301000000.0,0.0,50.58,0.099,0.099,8280000000.0,449000000.0,39735000000.0,39735000000.0,0.0,,,,,21000000.0,1163000000.0,1.0,292488354.0,292000000,294000000.0,136.079,29519000000.0,0.0,59000000.0,8408000000.0,101.092,846000000.0
7,CAH,MRQ,2019-09-30,2019-09-30,2019-09-30,2021-08-25,-101000000.0,39179000000.0,,23715000000.0,15464000000.0,,3.041,-72000000.0,1212000000.0,1212000000.0,35662000000.0,-4921000000.0,1.052,42.529,7991000000.0,631000000.0,7360000000.0,7991000000.0,0.0,234000000.0,0.0,0.041,0.481,-5279000000.0,-5045000000.0,-0.135,-5045000000.0,-5279000000.0,-5345000000.0,-16.65,-16.65,-16.65,900000000.0,,900000000.0,19568928265.0,-5.0,-6.399,-725000000.0,-2.449,1.0,1679000000.0,0.045,11658000000.0,66000000.0,11751000000.0,,12458000000.0,0.0,0.0,0.0,38276000000.0,22549000000.0,15727000000.0,14068928265.0,-1319000000.0,0.0,-350000000.0,-76000000.0,-146000000.0,-585000000.0,-73000000.0,-1000000.0,-653000000.0,-8000000.0,-4922000000.0,-4922000000.0,-4922000000.0,0.0,1000000.0,-0.132,6957000000.0,-5278000000.0,19724000000.0,-0.029,15.632,-3.388,-3.356,2324000000.0,0.0,47.19,0.095,0.095,8190000000.0,371000000.0,37341000000.0,37341000000.0,0.0,,,,,20000000.0,1107000000.0,1.0,298133678.0,296000000,296000000.0,126.152,27521000000.0,0.0,-423000000.0,8367000000.0,92.976,1166000000.0
8,CAH,MRQ,2019-06-30,2019-06-30,2019-06-30,2021-08-25,-79000000.0,40963000000.0,,25747000000.0,15216000000.0,,21.306,-136000000.0,2531000000.0,2531000000.0,35679000000.0,195000000.0,1.068,5.473,8031000000.0,452000000.0,7579000000.0,8031000000.0,0.0,241000000.0,0.0,0.041,0.481,305000000.0,546000000.0,0.015,546000000.0,305000000.0,238000000.0,0.66,0.65,0.66,6328000000.0,,6328000000.0,19680618040.0,10.0,6.468,370000000.0,1.246,1.0,1674000000.0,0.045,11808000000.0,67000000.0,10546000000.0,,12822000000.0,0.0,0.0,0.0,34633000000.0,24109000000.0,10524000000.0,14038618040.0,-907000000.0,-30000000.0,0.0,-1100000000.0,-142000000.0,-1243000000.0,-173000000.0,-7000000.0,506000000.0,3000000.0,194000000.0,194000000.0,194000000.0,0.0,1000000.0,0.005,1368000000.0,306000000.0,21535000000.0,0.729,2.218,10.3,10.352,2356000000.0,0.0,47.1,0.096,0.097,8448000000.0,5434000000.0,37353000000.0,37353000000.0,0.0,,,,,18000000.0,1165000000.0,1.0,298059831.0,297000000,298000000.0,125.768,29155000000.0,0.0,44000000.0,2945000000.0,98.165,1638000000.0
9,CAH,MRQ,2019-03-31,2019-03-31,2019-03-31,2021-08-25,-111000000.0,40809000000.0,,25582000000.0,15227000000.0,,20.906,-76000000.0,3438000000.0,3438000000.0,33464000000.0,296000000.0,1.07,5.55,9080000000.0,1451000000.0,7629000000.0,9080000000.0,0.0,261000000.0,0.0,0.04,0.476,445000000.0,706000000.0,0.02,706000000.0,445000000.0,370000000.0,0.99,0.99,0.99,6230000000.0,,6230000000.0,21216501842.0,34.0,12.921,1404000000.0,4.711,1.0,1764000000.0,0.05,11860000000.0,75000000.0,10672000000.0,,12622000000.0,0.0,0.0,0.0,34577000000.0,23919000000.0,10658000000.0,14349501842.0,1256000000.0,-8000000.0,0.0,0.0,-142000000.0,-142000000.0,-84000000.0,0.0,1480000000.0,2000000.0,296000000.0,296000000.0,296000000.0,0.0,0.0,0.008,1319000000.0,445000000.0,20517000000.0,0.481,2.303,4783.167,267.5,2322000000.0,0.0,48.15,0.1,0.1,7879000000.0,5386000000.0,35228000000.0,35228000000.0,0.0,,,,,23000000.0,1097000000.0,1.0,298016653.0,298000000,299000000.0,118.215,28949000000.0,0.0,74000000.0,3029000000.0,97.144,1663000000.0
10,CAH,MRQ,2018-12-31,2018-12-31,2018-12-31,2021-08-25,-123000000.0,40462000000.0,,25091000000.0,15371000000.0,,20.211,-58000000.0,2182000000.0,2182000000.0,36010000000.0,281000000.0,1.053,5.696,9049000000.0,1450000000.0,7599000000.0,9049000000.0,0.0,253000000.0,0.0,0.042,0.476,482000000.0,735000000.0,0.019,735000000.0,482000000.0,406000000.0,0.94,0.93,0.94,6043000000.0,,6043000000.0,20244183140.0,28.0,11.615,313000000.0,1.047,1.0,1730000000.0,0.046,11973000000.0,76000000.0,11532000000.0,,13037000000.0,0.0,0.0,0.0,34419000000.0,23824000000.0,10595000000.0,13288183140.0,137000000.0,-21000000.0,0.0,-1000000.0,-143000000.0,-144000000.0,-84000000.0,-5000000.0,371000000.0,-6000000.0,280000000.0,280000000.0,280000000.0,0.0,1000000.0,0.007,1247000000.0,483000000.0,20610000000.0,0.506,2.199,-349.689,,2376000000.0,0.0,44.6,0.094,0.094,7932000000.0,5233000000.0,37740000000.0,37740000000.0,0.0,,,,,22000000.0,1064000000.0,1.0,297941326.0,299000000,300000000.0,126.221,28489000000.0,0.0,126000000.0,2996000000.0,95.281,1267000000.0
11,CAH,MRQ,2018-09-30,2018-09-30,2018-09-30,2021-08-25,-96000000.0,40011000000.0,,24445000000.0,15566000000.0,,19.387,-58000000.0,2045000000.0,2045000000.0,33546000000.0,594000000.0,1.06,5.767,9001000000.0,1002000000.0,7999000000.0,9001000000.0,0.0,245000000.0,0.0,0.035,0.476,812000000.0,1057000000.0,0.03,1057000000.0,812000000.0,735000000.0,1.95,1.94,1.95,5913000000.0,,5913000000.0,23926755740.0,37.0,14.05,307000000.0,1.007,1.0,1667000000.0,0.047,12093000000.0,77000000.0,11817000000.0,,12481000000.0,394000000.0,0.0,394000000.0,34098000000.0,23057000000.0,11041000000.0,16676755740.0,282000000.0,740000000.0,-600000000.0,-1000000.0,-150000000.0,-764000000.0,679000000.0,-3000000.0,365000000.0,2000000.0,593000000.0,593000000.0,593000000.0,0.0,1000000.0,0.017,854000000.0,813000000.0,20236000000.0,0.244,2.82,22.689,22.407,2436000000.0,0.0,54.0,0.12,0.118,8082000000.0,5097000000.0,35213000000.0,35213000000.0,0.0,,,,,19000000.0,1155000000.0,1.0,308828810.0,305000000,306000000.0,115.452,27918000000.0,0.0,142000000.0,3042000000.0,91.534,1388000000.0
12,CAH,MRQ,2018-06-30,2018-06-30,2018-06-30,2021-08-25,-92000000.0,39951000000.0,,24553000000.0,15398000000.0,,19.545,-138000000.0,1763000000.0,1763000000.0,33614000000.0,-1166000000.0,1.073,5.594,9013000000.0,1001000000.0,8012000000.0,9013000000.0,0.0,253000000.0,0.0,0.038,0.476,-1109000000.0,-856000000.0,-0.024,-856000000.0,-1109000000.0,-1187000000.0,-3.7,-3.69,-3.7,6059000000.0,,6059000000.0,22573750943.0,230.0,19.977,416000000.0,1.342,1.0,1735000000.0,0.049,12229000000.0,78000000.0,12079000000.0,,12308000000.0,0.0,0.0,0.0,33892000000.0,22893000000.0,10999000000.0,15170750943.0,-412000000.0,0.0,-100000000.0,-551000000.0,-145000000.0,-809000000.0,-140000000.0,-2000000.0,554000000.0,-13000000.0,-1166000000.0,-1166000000.0,-1166000000.0,0.0,0.0,-0.033,2844000000.0,-1109000000.0,19677000000.0,-0.129,2.504,59.261,59.549,2487000000.0,0.0,48.83,0.111,0.112,7800000000.0,4645000000.0,35349000000.0,35349000000.0,0.0,,,,,21000000.0,1271000000.0,1.0,310685049.0,310000000,312000000.0,114.029,27722000000.0,0.0,-21000000.0,2975000000.0,89.426,1660000000.0
13,CAH,MRQ,2018-03-31,2018-03-31,2018-03-31,2021-08-25,-5000000.0,41031000000.0,,23513000000.0,17518000000.0,,24.08,-78000000.0,2175000000.0,2175000000.0,31720000000.0,255000000.0,1.097,4.444,9578000000.0,551000000.0,9027000000.0,9578000000.0,0.0,259000000.0,0.0,0.029,0.462,548000000.0,807000000.0,0.024,807000000.0,548000000.0,464000000.0,0.81,0.81,0.81,7537000000.0,,7537000000.0,28235829370.0,17.0,10.785,676000000.0,2.16,1.0,1913000000.0,0.057,14299000000.0,84000000.0,12708000000.0,,11962000000.0,0.0,0.0,0.0,33493000000.0,21427000000.0,12066000000.0,19725829370.0,926000000.0,860000000.0,-300000000.0,-205000000.0,-140000000.0,-637000000.0,781000000.0,-1000000.0,754000000.0,10000000.0,255000000.0,255000000.0,255000000.0,0.0,0.0,0.008,1365000000.0,548000000.0,18741000000.0,0.57,2.617,11.624,11.629,2521000000.0,0.0,62.68,0.147,0.146,7671000000.0,5958000000.0,33633000000.0,33633000000.0,0.0,,,,,24000000.0,1132000000.0,1.0,314706914.0,313000000,315000000.0,107.454,26732000000.0,0.0,209000000.0,3027000000.0,85.406,2086000000.0
14,CAH,MRQ,2017-12-31,2017-12-31,2017-12-31,2021-08-25,-95000000.0,42905000000.0,,25188000000.0,17717000000.0,,24.124,-101000000.0,1249000000.0,1249000000.0,33325000000.0,1053000000.0,1.089,4.644,9759000000.0,702000000.0,9057000000.0,9759000000.0,0.0,291000000.0,0.0,0.03,0.462,404000000.0,695000000.0,0.02,695000000.0,404000000.0,317000000.0,3.35,3.33,3.35,7599000000.0,,7599000000.0,28097765084.0,16.0,10.782,178000000.0,0.565,1.0,1861000000.0,0.053,14366000000.0,87000000.0,13924000000.0,,12087000000.0,0.0,0.0,0.0,35286000000.0,23125000000.0,12161000000.0,19275765084.0,68000000.0,-2000000.0,0.0,163000000.0,-146000000.0,-86000000.0,-105000000.0,-2000000.0,279000000.0,-2000000.0,1053000000.0,1053000000.0,1053000000.0,0.0,0.0,0.03,1457000000.0,404000000.0,19194000000.0,0.138,2.537,10.574,10.582,2547000000.0,0.0,61.27,0.145,0.146,7664000000.0,5848000000.0,35186000000.0,35186000000.0,0.0,,,,,23000000.0,1131000000.0,1.0,314603641.0,315000000,316000000.0,111.702,28539000000.0,0.0,-736000000.0,3091000000.0,90.6,2063000000.0
15,CAH,MRQ,2017-09-30,2017-09-30,2017-09-30,2021-08-25,-86000000.0,41940000000.0,,23725000000.0,18215000000.0,,21.133,-67000000.0,1181000000.0,1181000000.0,30969000000.0,117000000.0,1.059,5.278,10003000000.0,935000000.0,9068000000.0,10003000000.0,0.0,229000000.0,0.0,0.027,0.462,257000000.0,486000000.0,0.015,486000000.0,257000000.0,176000000.0,0.36,0.36,0.36,6678000000.0,,6678000000.0,24693079195.0,13.0,9.454,1114000000.0,3.525,1.0,1672000000.0,0.051,14926000000.0,81000000.0,13429000000.0,,12121000000.0,0.0,0.0,0.0,35245000000.0,22407000000.0,12838000000.0,21177079195.0,-5698000000.0,-6138000000.0,-150000000.0,-408000000.0,-150000000.0,-744000000.0,-6144000000.0,61000000.0,1181000000.0,9000000.0,115000000.0,115000000.0,115000000.0,0.0,2000000.0,0.004,1412000000.0,260000000.0,19202000000.0,1.283,3.171,19.357,19.341,2651000000.0,0.0,66.92,0.162,0.162,8382000000.0,4943000000.0,32641000000.0,32641000000.0,0.0,,,,,17000000.0,1062000000.0,1.0,316453664.0,316000000,318000000.0,103.294,27014000000.0,0.0,61000000.0,3758000000.0,85.487,1318000000.0
16,CAH,MRQ,2017-06-30,2017-06-30,2017-06-30,2021-08-25,-125000000.0,40112000000.0,,28345000000.0,11767000000.0,,21.682,-94000000.0,6879000000.0,6879000000.0,31343000000.0,278000000.0,1.336,4.889,10395000000.0,1327000000.0,9068000000.0,10395000000.0,0.0,192000000.0,0.0,0.023,0.462,438000000.0,630000000.0,0.019,630000000.0,438000000.0,371000000.0,0.87,0.86,0.87,6808000000.0,,6808000000.0,28706568686.0,14.0,10.122,630000000.0,2.006,1.0,1623000000.0,0.049,9207000000.0,67000000.0,13200000000.0,,11301000000.0,0.0,0.0,0.0,33284000000.0,21221000000.0,12063000000.0,24613568686.0,5511000000.0,-17000000.0,0.0,4899000000.0,-142000000.0,4760000000.0,24000000.0,135000000.0,724000000.0,3000000.0,274000000.0,274000000.0,274000000.0,0.0,4000000.0,0.008,1181000000.0,442000000.0,17906000000.0,0.531,3.615,19.11,19.192,1879000000.0,0.0,77.92,0.189,0.19,8048000000.0,4967000000.0,32966000000.0,32966000000.0,0.0,,,,,23000000.0,983000000.0,1.0,315882555.0,314000000,320000000.0,104.987,30905000000.0,0.0,97000000.0,2877000000.0,98.424,7124000000.0
17,CAH,MRQ,2017-03-31,2017-03-31,2017-03-31,2021-08-25,-136000000.0,34174000000.0,,22283000000.0,11891000000.0,,21.032,-81000000.0,1368000000.0,1368000000.0,30093000000.0,382000000.0,1.126,4.139,5461000000.0,607000000.0,4854000000.0,5461000000.0,0.0,186000000.0,0.0,0.022,0.449,609000000.0,795000000.0,0.025,795000000.0,609000000.0,563000000.0,1.21,1.2,1.21,6646000000.0,,6646000000.0,29306335352.0,13.0,9.772,-279000000.0,-0.883,1.0,1728000000.0,0.054,9287000000.0,46000000.0,9184000000.0,,11641000000.0,0.0,0.0,0.0,27509000000.0,19796000000.0,7713000000.0,25725335352.0,-513000000.0,-101000000.0,0.0,-8000000.0,-142000000.0,-128000000.0,-192000000.0,-10000000.0,-198000000.0,5000000.0,381000000.0,381000000.0,381000000.0,0.0,1000000.0,0.012,1118000000.0,610000000.0,17535000000.0,0.371,3.871,19.112,19.279,1849000000.0,0.0,81.55,0.2,0.201,7505000000.0,4842000000.0,31821000000.0,31821000000.0,0.0,,,,,26000000.0,960000000.0,1.0,315454756.0,316000000,318000000.0,100.699,24887000000.0,0.0,182000000.0,2742000000.0,78.756,2487000000.0
18,CAH,MRQ,2016-12-31,2016-12-31,2016-12-31,2021-08-25,-170000000.0,35021000000.0,,23153000000.0,11868000000.0,,19.884,-112000000.0,1881000000.0,1881000000.0,31548000000.0,324000000.0,1.102,4.536,5462000000.0,603000000.0,4859000000.0,5462000000.0,0.0,166000000.0,0.0,0.024,0.449,535000000.0,701000000.0,0.021,701000000.0,535000000.0,491000000.0,1.02,1.02,1.02,6323000000.0,,6323000000.0,26565955845.0,11.0,8.8,442000000.0,1.39,1.0,1602000000.0,0.048,9276000000.0,44000000.0,8312000000.0,,11915000000.0,0.0,0.0,0.0,28680000000.0,21014000000.0,7666000000.0,23034955845.0,-120000000.0,-2000000.0,-350000000.0,-51000000.0,-144000000.0,-536000000.0,-127000000.0,-13000000.0,554000000.0,-11000000.0,324000000.0,324000000.0,324000000.0,0.0,0.0,0.01,1067000000.0,535000000.0,18857000000.0,0.44,3.643,17.05,17.136,1856000000.0,0.0,71.97,0.181,0.18,7533000000.0,4604000000.0,33150000000.0,33150000000.0,0.0,,,,,24000000.0,910000000.0,1.0,320063302.0,318000000,319000000.0,104.245,25745000000.0,0.0,167000000.0,2692000000.0,80.959,2139000000.0
19,CAH,MRQ,2016-09-30,2016-09-30,2016-09-30,2021-08-25,-116000000.0,34406000000.0,,22283000000.0,12123000000.0,,20.35,-100000000.0,2001000000.0,2001000000.0,30449000000.0,310000000.0,1.114,4.281,5532000000.0,616000000.0,4916000000.0,5532000000.0,0.0,173000000.0,0.0,0.022,0.449,537000000.0,710000000.0,0.022,710000000.0,537000000.0,493000000.0,0.97,0.96,0.97,6512000000.0,,6512000000.0,27937362270.0,12.0,9.154,4000000.0,0.013,1.0,1590000000.0,0.05,9427000000.0,44000000.0,8509000000.0,,10917000000.0,0.0,0.0,0.0,27875000000.0,20001000000.0,7874000000.0,24754362270.0,-355000000.0,-9000000.0,-250000000.0,24000000.0,-149000000.0,-350000000.0,-110000000.0,-1000000.0,104000000.0,1000000.0,309000000.0,309000000.0,309000000.0,0.0,1000000.0,0.01,1052000000.0,538000000.0,17597000000.0,0.463,3.801,18.296,18.633,1823000000.0,0.0,77.7,0.197,0.198,7708000000.0,6582000000.0,32039000000.0,32039000000.0,0.0,,,,,23000000.0,920000000.0,1.0,318588961.0,320000000,322000000.0,100.122,24979000000.0,0.0,184000000.0,2842000000.0,78.059,2282000000.0
20,CAH,MRQ,2016-06-30,2016-06-30,2016-06-30,2021-08-25,-116000000.0,34122000000.0,,21956000000.0,12166000000.0,,20.228,-181000000.0,2356000000.0,2356000000.0,29718000000.0,335000000.0,1.114,4.204,5539000000.0,587000000.0,4952000000.0,5539000000.0,0.0,176000000.0,0.0,0.021,0.449,617000000.0,793000000.0,0.025,793000000.0,617000000.0,573000000.0,1.03,1.02,1.03,6554000000.0,,6554000000.0,28364852021.0,12.0,9.177,460000000.0,1.42,1.0,1666000000.0,0.053,9426000000.0,44000000.0,8178000000.0,,10615000000.0,0.0,0.0,0.0,27551000000.0,19701000000.0,7850000000.0,25416852021.0,-242000000.0,-218000000.0,-351000000.0,-9000000.0,-126000000.0,-479000000.0,-399000000.0,0.0,641000000.0,-5000000.0,332000000.0,332000000.0,332000000.0,0.0,3000000.0,0.011,1046000000.0,620000000.0,17306000000.0,0.436,3.878,17.811,17.892,1796000000.0,0.0,78.01,0.209,0.21,7405000000.0,6419000000.0,31384000000.0,31384000000.0,0.0,,,,,29000000.0,970000000.0,1.0,325815306.0,324000000,327000000.0,96.864,24696000000.0,0.0,241000000.0,2781000000.0,76.222,2255000000.0
21,CAH,MRQ,2016-03-31,2016-03-31,2016-03-31,2021-08-25,-84000000.0,34055000000.0,,22291000000.0,11764000000.0,,20.466,-109000000.0,2598000000.0,2598000000.0,28973000000.0,386000000.0,1.15,4.07,5546000000.0,351000000.0,5195000000.0,5546000000.0,0.0,159000000.0,0.0,0.019,0.387,656000000.0,815000000.0,0.027,815000000.0,656000000.0,612000000.0,1.18,1.17,1.18,6713000000.0,,6713000000.0,30189506223.0,13.0,10.151,810000000.0,2.47,1.0,1689000000.0,0.055,9150000000.0,44000000.0,8468000000.0,,10910000000.0,0.0,0.0,0.0,27325000000.0,19385000000.0,7940000000.0,26988506223.0,274000000.0,-99000000.0,-300000000.0,-6000000.0,-127000000.0,-438000000.0,-210000000.0,-2000000.0,919000000.0,3000000.0,386000000.0,386000000.0,386000000.0,0.0,0.0,0.013,1033000000.0,656000000.0,17340000000.0,0.328,4.02,19.416,19.374,1683000000.0,0.0,81.95,0.229,0.228,7292000000.0,6231000000.0,30662000000.0,30662000000.0,0.0,,,,,26000000.0,914000000.0,1.0,329328935.0,328000000,331000000.0,93.482,24905000000.0,0.0,226000000.0,2628000000.0,75.93,2906000000.0
22,CAH,MRQ,2015-12-31,2015-12-31,2015-12-31,2021-08-25,-97000000.0,33507000000.0,,21829000000.0,11678000000.0,,20.398,-92000000.0,2324000000.0,2324000000.0,29836000000.0,326000000.0,1.156,3.99,5525000000.0,354000000.0,5171000000.0,5525000000.0,0.0,169000000.0,0.0,0.017,0.387,565000000.0,734000000.0,0.023,734000000.0,565000000.0,520000000.0,0.99,0.98,0.99,6711000000.0,,6711000000.0,31944141547.0,14.0,11.138,1371000000.0,4.167,1.0,1609000000.0,0.051,9113000000.0,45000000.0,8716000000.0,,11007000000.0,0.0,0.0,0.0,26779000000.0,18879000000.0,7900000000.0,29368141547.0,-650000000.0,-1885000000.0,0.0,3000000.0,-128000000.0,-110000000.0,-1993000000.0,-16000000.0,1463000000.0,-10000000.0,326000000.0,326000000.0,326000000.0,0.0,0.0,0.01,1044000000.0,565000000.0,16919000000.0,0.391,4.376,21.452,21.511,1651000000.0,0.0,89.27,0.261,0.261,6980000000.0,5972000000.0,31445000000.0,31445000000.0,0.0,,,,,26000000.0,922000000.0,1.0,328981086.0,329000000,332000000.0,95.578,24394000000.0,0.0,194000000.0,2609000000.0,74.146,2950000000.0
23,CAH,MRQ,2015-09-30,2015-09-30,2015-09-30,2021-08-25,-68000000.0,31222000000.0,,21218000000.0,10004000000.0,,19.832,-83000000.0,2974000000.0,2974000000.0,26476000000.0,384000000.0,1.193,3.796,5550000000.0,319000000.0,5231000000.0,5550000000.0,0.0,137000000.0,0.0,0.019,0.387,611000000.0,748000000.0,0.027,748000000.0,611000000.0,567000000.0,1.17,1.15,1.17,6505000000.0,,6505000000.0,26023756175.0,12.0,9.522,-135000000.0,-0.412,1.0,1579000000.0,0.056,7564000000.0,44000000.0,8452000000.0,,9758000000.0,0.0,0.0,0.0,24695000000.0,17782000000.0,6913000000.0,25147756175.0,-1642000000.0,-1399000000.0,0.0,32000000.0,-131000000.0,-112000000.0,-1478000000.0,4000000.0,-52000000.0,0.0,383000000.0,383000000.0,383000000.0,0.0,1000000.0,0.014,967000000.0,612000000.0,14868000000.0,0.331,3.866,18.88,19.062,1546000000.0,0.0,76.82,0.236,0.237,6996000000.0,5774000000.0,28055000000.0,28055000000.0,0.0,,,,,30000000.0,842000000.0,1.0,327359492.0,328000000,331000000.0,85.534,23658000000.0,0.0,184000000.0,1563000000.0,72.128,3436000000.0
24,CAH,MRQ,2015-06-30,2015-06-30,2015-06-30,2021-08-25,-23000000.0,30142000000.0,,21752000000.0,8390000000.0,,18.843,-108000000.0,4616000000.0,4616000000.0,26090000000.0,295000000.0,1.261,3.818,5492000000.0,281000000.0,5211000000.0,5492000000.0,0.0,115000000.0,0.0,0.017,0.387,562000000.0,677000000.0,0.025,677000000.0,562000000.0,526000000.0,0.89,0.88,0.89,6256000000.0,,6256000000.0,28494223613.0,13.0,11.122,760000000.0,2.289,1.0,1458000000.0,0.053,6018000000.0,36000000.0,7757000000.0,,9211000000.0,0.0,0.0,0.0,23886000000.0,17243000000.0,6643000000.0,27674223613.0,1433000000.0,-237000000.0,-409000000.0,1487000000.0,-114000000.0,1028000000.0,-463000000.0,-118000000.0,868000000.0,0.0,295000000.0,295000000.0,295000000.0,-3000000.0,0.0,0.011,899000000.0,559000000.0,14368000000.0,0.435,4.424,22.777,22.855,1506000000.0,0.0,83.65,0.27,0.271,6523000000.0,5521000000.0,27548000000.0,27548000000.0,0.0,,,,,30000000.0,847000000.0,1.0,330833516.0,332000000,332000000.0,82.976,24124000000.0,0.0,231000000.0,1432000000.0,72.663,4509000000.0
25,CAH,MRQ,2015-03-31,2015-03-31,2015-03-31,2021-08-25,-53000000.0,27888000000.0,,19631000000.0,8257000000.0,,19.3,-56000000.0,3183000000.0,3183000000.0,23916000000.0,365000000.0,1.197,3.379,4003000000.0,283000000.0,3720000000.0,4003000000.0,0.0,116000000.0,0.0,0.015,0.343,593000000.0,709000000.0,0.028,709000000.0,593000000.0,558000000.0,1.1,1.09,1.1,6369000000.0,,6369000000.0,30895902893.0,16.0,12.927,602000000.0,1.824,1.0,1459000000.0,0.057,6033000000.0,35000000.0,6280000000.0,,9163000000.0,0.0,0.0,0.0,21519000000.0,16395000000.0,5124000000.0,29800902893.0,302000000.0,-233000000.0,24000000.0,8000000.0,-113000000.0,-70000000.0,-286000000.0,3000000.0,658000000.0,0.0,365000000.0,365000000.0,365000000.0,0.0,0.0,0.014,866000000.0,593000000.0,13851000000.0,0.312,4.679,25.824,26.165,1407000000.0,0.0,90.27,0.304,0.304,6095000000.0,5353000000.0,25375000000.0,25375000000.0,0.0,,,,,27000000.0,803000000.0,1.0,330130751.0,330000000,334000000.0,76.894,21855000000.0,0.0,193000000.0,1404000000.0,66.227,3236000000.0
26,CAH,MRQ,2014-12-31,2014-12-31,2014-12-31,2021-08-25,-3000000.0,27248000000.0,,19155000000.0,8093000000.0,,18.429,-47000000.0,2881000000.0,2881000000.0,24083000000.0,289000000.0,1.195,3.467,3976000000.0,270000000.0,3706000000.0,3976000000.0,0.0,112000000.0,0.0,0.016,0.343,487000000.0,599000000.0,0.023,599000000.0,487000000.0,451000000.0,0.87,0.86,0.87,6100000000.0,,6100000000.0,28256525609.0,15.0,12.117,906000000.0,2.737,1.0,1454000000.0,0.057,5876000000.0,36000000.0,6437000000.0,,9408000000.0,0.0,0.0,0.0,21148000000.0,16030000000.0,5118000000.0,26718525609.0,412000000.0,28000000.0,-316000000.0,-96000000.0,-114000000.0,-522000000.0,-19000000.0,0.0,953000000.0,0.0,289000000.0,289000000.0,289000000.0,0.0,0.0,0.011,907000000.0,547000000.0,13602000000.0,0.394,4.38,24.202,24.688,1415000000.0,0.0,80.73,0.284,0.284,5653000000.0,5100000000.0,25537000000.0,25537000000.0,0.0,,,,,28000000.0,815000000.0,1.0,330961546.0,331000000,334000000.0,77.151,21372000000.0,0.0,162000000.0,1412000000.0,64.568,3125000000.0
27,CAH,MRQ,2014-09-30,2014-09-30,2014-09-30,2021-08-25,46000000.0,25711000000.0,,17538000000.0,8173000000.0,,18.619,-36000000.0,2469000000.0,2469000000.0,22729000000.0,266000000.0,1.177,3.11,4007000000.0,843000000.0,3164000000.0,4007000000.0,0.0,108000000.0,0.0,0.017,0.343,469000000.0,577000000.0,0.024,577000000.0,469000000.0,435000000.0,0.79,0.78,0.79,6256000000.0,,6256000000.0,26329131016.0,14.0,11.072,25000000.0,0.074,1.0,1341000000.0,0.056,5923000000.0,34000000.0,6430000000.0,,8069000000.0,0.0,0.0,0.0,19455000000.0,14896000000.0,4559000000.0,25222131016.0,-396000000.0,-61000000.0,-335000000.0,40000000.0,-119000000.0,-376000000.0,-81000000.0,16000000.0,61000000.0,0.0,266000000.0,266000000.0,266000000.0,0.0,0.0,0.011,872000000.0,469000000.0,11995000000.0,0.434,4.032,23.076,23.34,1434000000.0,0.0,74.92,0.278,0.278,5662000000.0,4925000000.0,24070000000.0,24070000000.0,0.0,,,,,25000000.0,775000000.0,1.0,336654178.0,336000000,340000000.0,71.637,19788000000.0,0.0,169000000.0,1395000000.0,58.893,2642000000.0
28,CAH,MRQ,2014-06-30,2014-06-30,2014-06-30,2021-08-25,70000000.0,26033000000.0,,17939000000.0,8094000000.0,,18.771,-111000000.0,2865000000.0,2865000000.0,21638000000.0,234000000.0,1.187,3.067,3972000000.0,801000000.0,3171000000.0,3972000000.0,0.0,115000000.0,0.0,0.018,0.343,390000000.0,505000000.0,0.022,505000000.0,390000000.0,357000000.0,0.69,0.68,0.69,6401000000.0,,6401000000.0,24203201059.0,13.0,10.114,605000000.0,1.774,1.0,1256000000.0,0.055,5870000000.0,33000000.0,6155000000.0,,8266000000.0,0.0,0.0,0.0,19632000000.0,15115000000.0,4517000000.0,23324201059.0,-176000000.0,-351000000.0,-276000000.0,48000000.0,-103000000.0,-328000000.0,-564000000.0,-102000000.0,716000000.0,0.0,234000000.0,234000000.0,234000000.0,0.0,0.0,0.01,866000000.0,390000000.0,12149000000.0,0.497,3.644,20.004,20.047,1459000000.0,0.0,68.56,0.256,0.257,5380000000.0,4774000000.0,22894000000.0,22894000000.0,0.0,,,,,24000000.0,795000000.0,1.0,340201299.0,341000000,342000000.0,67.138,20163000000.0,0.0,123000000.0,1346000000.0,59.129,2824000000.0
29,CAH,MRQ,2014-03-31,2014-03-31,2014-03-31,2021-08-25,70000000.0,24701000000.0,,16936000000.0,7765000000.0,,19.099,-48000000.0,3041000000.0,3041000000.0,20130000000.0,315000000.0,1.288,2.782,3920000000.0,241000000.0,3679000000.0,3920000000.0,0.0,110000000.0,0.0,0.017,0.302,541000000.0,651000000.0,0.03,651000000.0,541000000.0,507000000.0,0.92,0.91,0.92,6532000000.0,,6532000000.0,25188339399.0,23.0,16.105,772000000.0,2.257,1.0,1297000000.0,0.061,5593000000.0,34000000.0,6840000000.0,,8030000000.0,0.0,0.0,0.0,18169000000.0,13147000000.0,5022000000.0,23995339399.0,300000000.0,-118000000.0,-259000000.0,-8000000.0,-104000000.0,-374000000.0,-146000000.0,20000000.0,820000000.0,0.0,315000000.0,315000000.0,315000000.0,0.0,0.0,0.015,756000000.0,541000000.0,10919000000.0,0.328,3.674,69.351,69.287,1404000000.0,0.0,69.98,0.256,0.256,4812000000.0,4657000000.0,21427000000.0,21427000000.0,0.0,,,,,24000000.0,736000000.0,1.0,342888531.0,342000000,347000000.0,62.652,19108000000.0,0.0,192000000.0,1343000000.0,55.871,3789000000.0
30,CAH,MRQ,2013-12-31,2013-12-31,2013-12-31,2021-08-25,99000000.0,25009000000.0,,17248000000.0,7761000000.0,,19.266,-64000000.0,2741000000.0,2741000000.0,20895000000.0,278000000.0,1.291,2.796,3934000000.0,255000000.0,3679000000.0,3934000000.0,0.0,117000000.0,0.0,0.018,0.302,528000000.0,645000000.0,0.029,645000000.0,528000000.0,495000000.0,0.81,0.8,0.81,6589000000.0,,6589000000.0,23944049842.0,23.0,16.048,-27000000.0,-0.079,1.0,1345000000.0,0.06,5556000000.0,33000000.0,7284000000.0,,8478000000.0,0.0,0.0,0.0,18420000000.0,13362000000.0,5058000000.0,22814049842.0,-12000000.0,-25000000.0,64000000.0,52000000.0,-103000000.0,40000000.0,-89000000.0,0.0,37000000.0,0.0,278000000.0,278000000.0,278000000.0,-3000000.0,0.0,0.013,820000000.0,525000000.0,11221000000.0,0.373,3.462,60.676,60.736,1407000000.0,0.0,66.81,0.236,0.236,4876000000.0,4446000000.0,22240000000.0,22240000000.0,0.0,,,,,24000000.0,766000000.0,1.0,341476573.0,342000000,346000000.0,65.029,19453000000.0,0.0,217000000.0,1379000000.0,56.88,3886000000.0
31,CAH,MRQ,2013-09-30,2013-09-30,2013-09-30,2021-08-25,92000000.0,23816000000.0,,16037000000.0,7779000000.0,,18.521,-26000000.0,2753000000.0,2753000000.0,23259000000.0,339000000.0,1.282,2.782,3883000000.0,190000000.0,3693000000.0,3883000000.0,0.0,117000000.0,0.0,0.027,0.302,474000000.0,591000000.0,0.024,591000000.0,474000000.0,441000000.0,1.0,0.99,1.0,6297000000.0,,6297000000.0,19655912688.0,19.0,13.603,925000000.0,2.721,1.0,1264000000.0,0.052,5570000000.0,33000000.0,6869000000.0,,7275000000.0,0.0,0.0,0.0,17519000000.0,12507000000.0,5012000000.0,17702912688.0,852000000.0,-25000000.0,25000000.0,20000000.0,-105000000.0,-48000000.0,-51000000.0,0.0,951000000.0,0.0,339000000.0,339000000.0,339000000.0,1000000.0,0.0,0.014,789000000.0,475000000.0,10442000000.0,0.302,2.811,44.147,44.195,1445000000.0,0.0,52.15,0.178,0.178,4898000000.0,4273000000.0,24523000000.0,24523000000.0,0.0,,,,,24000000.0,732000000.0,1.0,339461413.0,340000000,344000000.0,72.126,18246000000.0,0.0,102000000.0,1319000000.0,53.665,3530000000.0
32,CAH,MRQ,2013-06-30,2013-06-30,2013-06-30,2021-08-25,68000000.0,25819000000.0,,17770000000.0,8049000000.0,,17.522,-92000000.0,1901000000.0,1901000000.0,24172000000.0,-586000000.0,1.218,3.321,3854000000.0,168000000.0,3686000000.0,3854000000.0,0.0,122000000.0,0.0,0.029,0.302,-445000000.0,-323000000.0,-0.013,-323000000.0,-445000000.0,-481000000.0,-1.72,-1.7,-1.72,5975000000.0,,5975000000.0,17989056550.0,18.0,12.785,208000000.0,0.61,1.0,1248000000.0,0.049,5574000000.0,36000000.0,7608000000.0,,8373000000.0,0.0,0.0,0.0,19844000000.0,14590000000.0,5254000000.0,16134056550.0,-404000000.0,-20000000.0,-192000000.0,-289000000.0,-95000000.0,-586000000.0,-118000000.0,-6000000.0,300000000.0,0.0,-586000000.0,-586000000.0,-586000000.0,0.0,0.0,-0.023,1693000000.0,-445000000.0,12295000000.0,-0.176,2.7,48.306,48.163,1489000000.0,0.0,47.2,0.16,0.159,6304000000.0,4038000000.0,25420000000.0,25420000000.0,0.0,,,,,25000000.0,776000000.0,1.0,341823232.0,341000000,344000000.0,74.545,20245000000.0,0.0,105000000.0,1568000000.0,59.37,3180000000.0
33,CAH,MRQ,2013-03-31,2013-03-31,2013-03-31,2021-08-25,56000000.0,26723000000.0,,17927000000.0,8796000000.0,,20.029,-41000000.0,2305000000.0,2305000000.0,23261000000.0,345000000.0,1.239,2.913,4160000000.0,446000000.0,3714000000.0,4160000000.0,0.0,99000000.0,0.0,0.031,0.275,480000000.0,579000000.0,0.024,579000000.0,480000000.0,446000000.0,1.01,1.0,1.01,6830000000.0,,6830000000.0,14828582837.0,8.0,6.686,948000000.0,2.78,1.0,1291000000.0,0.053,6413000000.0,34000000.0,7691000000.0,,8328000000.0,0.0,0.0,0.0,19893000000.0,14474000000.0,5419000000.0,14186582837.0,50000000.0,-2093000000.0,37000000.0,1258000000.0,-93000000.0,1201000000.0,-2140000000.0,-6000000.0,989000000.0,0.0,345000000.0,345000000.0,345000000.0,1000000.0,0.0,0.014,810000000.0,481000000.0,12049000000.0,0.272,2.077,12.272,12.277,1470000000.0,0.0,41.62,0.138,0.139,6416000000.0,4742000000.0,24552000000.0,24552000000.0,0.0,,,,,22000000.0,712000000.0,1.0,340859751.0,341000000,345000000.0,72.0,20310000000.0,0.0,101000000.0,1705000000.0,59.56,3453000000.0
34,CAH,MRQ,2012-12-31,2012-12-31,2012-12-31,2021-08-25,74000000.0,24642000000.0,,17861000000.0,6781000000.0,,19.241,-36000000.0,2255000000.0,2255000000.0,24008000000.0,303000000.0,1.258,2.767,2897000000.0,474000000.0,2423000000.0,2897000000.0,0.0,88000000.0,0.0,0.03,0.55,510000000.0,598000000.0,0.024,598000000.0,510000000.0,483000000.0,0.89,0.88,0.89,6542000000.0,,6542000000.0,14431064176.0,8.0,6.394,-166000000.0,-0.488,1.0,1224000000.0,0.049,4428000000.0,27000000.0,6654000000.0,,8452000000.0,0.0,0.0,0.0,18100000000.0,14202000000.0,3898000000.0,13992064176.0,-185000000.0,-26000000.0,5000000.0,25000000.0,-81000000.0,-41000000.0,-14000000.0,48000000.0,-130000000.0,0.0,303000000.0,303000000.0,303000000.0,0.0,0.0,0.012,714000000.0,510000000.0,11796000000.0,0.618,2.139,12.231,12.329,1475000000.0,0.0,41.18,0.134,0.134,6158000000.0,4491000000.0,25232000000.0,25232000000.0,0.0,,,,,22000000.0,699000000.0,1.0,339778149.0,340000000,343000000.0,74.212,20214000000.0,0.0,180000000.0,1475000000.0,59.453,3659000000.0
35,CAH,MRQ,2012-09-30,2012-09-30,2012-09-30,2021-08-25,61000000.0,24820000000.0,,18007000000.0,6813000000.0,,18.419,-26000000.0,2440000000.0,2440000000.0,24730000000.0,271000000.0,1.228,2.952,2879000000.0,471000000.0,2408000000.0,2879000000.0,0.0,88000000.0,0.0,0.023,0.237,464000000.0,552000000.0,0.021,552000000.0,464000000.0,438000000.0,0.8,0.79,0.8,6281000000.0,,6281000000.0,13912037751.0,8.0,6.37,542000000.0,1.589,1.0,1159000000.0,0.045,4441000000.0,26000000.0,6149000000.0,,8105000000.0,0.0,0.0,0.0,18539000000.0,14669000000.0,3870000000.0,13292037751.0,166000000.0,-100000000.0,-179000000.0,-14000000.0,-84000000.0,-299000000.0,-103000000.0,23000000.0,568000000.0,0.0,271000000.0,271000000.0,271000000.0,1000000.0,0.0,0.01,694000000.0,465000000.0,12215000000.0,0.296,2.116,12.051,12.14,1511000000.0,0.0,38.97,0.125,0.125,6449000000.0,4282000000.0,25889000000.0,25889000000.0,0.0,,,,,24000000.0,690000000.0,1.0,341083853.0,341000000,344000000.0,75.921,20379000000.0,0.0,167000000.0,1462000000.0,59.762,3338000000.0
36,CAH,MRQ,2012-06-30,2012-06-30,2012-06-30,2021-08-25,37000000.0,24260000000.0,,17510000000.0,6750000000.0,,18.099,-102000000.0,2274000000.0,2274000000.0,25628000000.0,237000000.0,1.235,2.885,2894000000.0,476000000.0,2418000000.0,2894000000.0,0.0,86000000.0,0.0,0.021,0.237,403000000.0,489000000.0,0.018,489000000.0,403000000.0,378000000.0,0.69,0.68,0.69,6244000000.0,,6244000000.0,14678185910.0,8.0,6.933,-209000000.0,-0.606,1.0,1136000000.0,0.042,4392000000.0,25000000.0,6314000000.0,,7864000000.0,0.0,0.0,0.0,18016000000.0,14174000000.0,3842000000.0,14535185910.0,-135000000.0,-31000000.0,-131000000.0,295000000.0,-74000000.0,83000000.0,-111000000.0,22000000.0,-107000000.0,0.0,237000000.0,237000000.0,237000000.0,-1000000.0,0.0,0.009,734000000.0,402000000.0,11726000000.0,0.343,2.328,13.597,13.548,1551000000.0,0.0,42.0,0.135,0.135,6355000000.0,4093000000.0,26764000000.0,26764000000.0,0.0,,,,,22000000.0,711000000.0,1.0,346075855.0,345000000,349000000.0,77.577,19868000000.0,0.0,141000000.0,1424000000.0,57.588,3336000000.0
37,CAH,MRQ,2012-03-31,2012-03-31,2012-03-31,2021-08-25,71700000.0,24642100000.0,,18070200000.0,6571900000.0,,18.087,-57000000.0,2410400000.0,2410400000.0,25711000000.0,333000000.0,1.217,2.949,2553400000.0,345500000.0,2207900000.0,2553400000.0,0.0,83000000.0,0.0,0.02,0.215,535000000.0,618000000.0,0.023,618000000.0,535000000.0,511000000.0,0.96,0.95,0.96,6240100000.0,,6240100000.0,15657977117.0,9.0,7.589,836000000.0,2.423,1.0,1207000000.0,0.045,4370800000.0,24000000.0,5568200000.0,,8220100000.0,0.0,0.0,0.0,18402000000.0,14846100000.0,3555900000.0,14902477117.0,612000000.0,-136000000.0,12000000.0,-40000000.0,-74000000.0,-99000000.0,-182000000.0,11000000.0,893000000.0,0.0,333000000.0,333000000.0,333000000.0,-1000000.0,0.0,0.012,673000000.0,534000000.0,12572500000.0,0.224,2.388,14.403,14.418,1517400000.0,0.0,43.11,0.139,0.138,6495400000.0,3938800000.0,26918000000.0,26918000000.0,0.0,,,,,21000000.0,683000000.0,1.0,345684925.0,345000000,349000000.0,78.023,20271300000.0,0.0,178000000.0,1348000000.0,58.757,3224100000.0
38,CAH,MRQ,2011-12-31,2011-12-31,2011-12-31,2021-08-25,55100000.0,24263200000.0,,17779100000.0,6484100000.0,,17.182,-56000000.0,1797700000.0,1797700000.0,25964000000.0,262000000.0,1.216,3.093,2553200000.0,341800000.0,2211400000.0,2553200000.0,0.0,78000000.0,0.0,0.021,0.215,447000000.0,525000000.0,0.019,525000000.0,447000000.0,424000000.0,0.76,0.75,0.76,5927700000.0,,5927700000.0,14548497929.0,9.0,7.313,-170000000.0,-0.493,1.0,1114000000.0,0.041,4244300000.0,23000000.0,6150700000.0,,8888900000.0,0.0,0.0,0.0,18335500000.0,14623700000.0,3711800000.0,14030997929.0,-213000000.0,0.0,-7000000.0,8000000.0,-75000000.0,-57000000.0,-42000000.0,14000000.0,-114000000.0,0.0,262000000.0,262000000.0,262000000.0,2000000.0,0.0,0.01,665000000.0,449000000.0,12456700000.0,0.283,2.367,14.805,14.821,1514100000.0,0.0,40.61,0.131,0.131,5995400000.0,3679800000.0,27078000000.0,27078000000.0,0.0,,,,,22000000.0,640000000.0,1.0,345505982.0,345000000,349000000.0,78.487,20018900000.0,0.0,162000000.0,1500400000.0,58.026,3155400000.0
39,CAH,MRQ,2011-09-30,2011-09-30,2011-09-30,2021-08-25,60000000.0,23183000000.0,,16723200000.0,6459800000.0,,16.562,-45000000.0,2010600000.0,2010600000.0,25708000000.0,237000000.0,1.212,3.057,2528100000.0,333100000.0,2195000000.0,2528100000.0,0.0,78000000.0,0.0,0.02,0.215,408000000.0,486000000.0,0.018,486000000.0,408000000.0,385000000.0,0.69,0.68,0.69,5713900000.0,,5713900000.0,15004472700.0,10.0,7.948,459000000.0,1.33,1.0,1084000000.0,0.04,4249300000.0,23000000.0,5654600000.0,,7497200000.0,0.0,0.0,0.0,17469100000.0,13796600000.0,3672500000.0,14431772700.0,81000000.0,-7000000.0,-282000000.0,-5000000.0,-77000000.0,-381000000.0,-42000000.0,10000000.0,504000000.0,0.0,237000000.0,237000000.0,237000000.0,0.0,0.0,0.009,676000000.0,408000000.0,11748900000.0,0.312,2.526,16.016,16.108,1494000000.0,0.0,41.88,0.137,0.138,6232600000.0,3492600000.0,26792000000.0,26792000000.0,0.0,,,,,20000000.0,644000000.0,1.0,344598202.0,345000000,349000000.0,77.658,18933700000.0,0.0,148000000.0,1477500000.0,54.88,2926600000.0
40,CAH,MRQ,2011-06-30,2011-06-30,2011-06-30,2021-08-25,77000000.0,22846000000.0,,16316000000.0,6530000000.0,,16.659,-104900000.0,1929000000.0,1929000000.0,25720000000.0,202700000.0,1.22,2.906,2502000000.0,327000000.0,2175000000.0,2502000000.0,0.0,73800000.0,0.0,0.018,0.215,360500000.0,434300000.0,0.016,434300000.0,360500000.0,336500000.0,0.58,0.57,0.58,5849000000.0,,5849000000.0,16437638240.0,10.0,8.575,15300000.0,0.044,1.0,1043300000.0,0.039,4259000000.0,24000000.0,5790000000.0,,7334000000.0,0.0,0.0,0.0,16997000000.0,13370000000.0,3627000000.0,15923638240.0,-32500000.0,-4900000.0,26800000.0,4100000.0,-68100000.0,-52500000.0,-100200000.0,9600000.0,120200000.0,0.0,202700000.0,202700000.0,202700000.0,4500000.0,0.0,0.008,681800000.0,361500000.0,11332000000.0,0.371,2.722,16.604,16.516,1512000000.0,0.0,45.42,0.155,0.154,6156000000.0,3331000000.0,26763300000.0,26763300000.0,0.0,,,,,19600000.0,670300000.0,1.0,350586487.0,351100000,356600000.0,76.227,18587000000.0,0.0,133800000.0,1452000000.0,52.939,2946000000.0
41,CAH,MRQ,2011-03-31,2011-03-31,2011-03-31,2021-08-25,67100000.0,23196800000.0,,16685400000.0,6511400000.0,,16.232,-59800000.0,1961800000.0,1961800000.0,24909200000.0,246000000.0,1.213,3.101,2475800000.0,113700000.0,2362100000.0,2475800000.0,0.0,97500000.0,0.0,0.019,0.195,446700000.0,544200000.0,0.021,544200000.0,446700000.0,421600000.0,0.71,0.7,0.71,5656800000.0,,5656800000.0,15707321202.0,10.0,8.247,854200000.0,2.451,1.0,1162200000.0,0.045,4265700000.0,25100000.0,5684000000.0,,7717700000.0,0.0,0.0,0.0,17540000000.0,13761100000.0,3778900000.0,14385221202.0,613800000.0,0.0,25100000.0,-177200000.0,-67900000.0,-225800000.0,-74400000.0,-14600000.0,914000000.0,0.0,246000000.0,246000000.0,246000000.0,3500000.0,0.0,0.009,708700000.0,453500000.0,11961500000.0,0.275,2.543,14.686,14.742,1469800000.0,0.0,41.13,0.143,0.143,6282500000.0,3189800000.0,26071400000.0,26071400000.0,0.0,,,,,18000000.0,669500000.0,1.0,349750090.0,348500000,352900000.0,74.81,18931100000.0,0.0,175600000.0,1416800000.0,54.322,2924300000.0
42,CAH,MRQ,2010-12-31,2010-12-31,2010-12-31,2021-08-25,39400000.0,22849700000.0,,16277000000.0,6572700000.0,,15.597,-61400000.0,1348000000.0,1348000000.0,24377600000.0,215400000.0,1.194,3.215,2670100000.0,289900000.0,2380200000.0,2670100000.0,0.0,73200000.0,0.0,0.02,0.195,350100000.0,423300000.0,0.017,423300000.0,350100000.0,328200000.0,0.62,0.61,0.62,5421400000.0,,5421400000.0,12796466948.0,8.0,7.041,82400000.0,0.237,1.0,994200000.0,0.039,4282600000.0,21900000.0,6258100000.0,,8314200000.0,0.0,0.0,0.0,17428300000.0,13631100000.0,3797200000.0,13368666948.0,-1364200000.0,-1735100000.0,2500000.0,485500000.0,-67700000.0,429500000.0,-1937500000.0,-141000000.0,143800000.0,0.0,215400000.0,215400000.0,215400000.0,-400000.0,0.0,0.008,644500000.0,349700000.0,11778800000.0,0.315,2.466,13.985,14.189,1484800000.0,0.0,38.31,0.136,0.135,5825300000.0,3023700000.0,25371800000.0,25371800000.0,0.0,,,,,21000000.0,606700000.0,1.0,348960244.0,347600000,350700000.0,72.991,18567100000.0,0.0,112800000.0,1417000000.0,53.415,2645900000.0
43,CAH,MRQ,2010-09-30,2010-09-30,2010-09-30,2021-08-25,37200000.0,20972500000.0,,15918200000.0,5054300000.0,,15.016,-61900000.0,2712200000.0,2712200000.0,23475300000.0,294800000.0,1.278,3.003,2140000000.0,233600000.0,1906400000.0,2140000000.0,0.0,68500000.0,0.0,0.022,0.195,446600000.0,515100000.0,0.021,515100000.0,446600000.0,424600000.0,0.84,0.84,0.84,5239000000.0,,5239000000.0,10976425850.0,7.0,5.932,155100000.0,0.445,1.0,962200000.0,0.039,2896900000.0,22000000.0,5051800000.0,,7087500000.0,0.0,0.0,0.0,15733500000.0,12451600000.0,3281900000.0,11602425850.0,-43100000.0,146000000.0,-261400000.0,-400000.0,-70300000.0,-344200000.0,84100000.0,0.0,217000000.0,0.0,294800000.0,294800000.0,294800000.0,-400000.0,0.0,0.012,590800000.0,371400000.0,10532300000.0,0.232,2.215,11.9,12.103,1475300000.0,0.0,33.04,0.118,0.117,5454100000.0,2876000000.0,24437500000.0,24437500000.0,0.0,,,,,21400000.0,581500000.0,1.0,351163010.0,348900000,351900000.0,70.042,18075600000.0,0.0,129800000.0,1375500000.0,51.807,3466600000.0
44,CAH,MRQ,2010-06-30,2010-06-30,2010-06-30,2021-08-25,70000000.0,19990200000.0,,14918900000.0,5071300000.0,,14.697,34000000.0,2755300000.0,2755300000.0,23555400000.0,223300000.0,1.293,2.789,2129300000.0,233200000.0,1896100000.0,2129300000.0,0.0,59600000.0,0.0,0.021,0.195,362400000.0,422000000.0,0.017,422000000.0,362400000.0,338300000.0,0.62,0.61,0.62,5276100000.0,,5276100000.0,11638639382.0,8.0,7.123,358100000.0,0.997,1.0,904400000.0,0.037,2253200000.0,24100000.0,5573400000.0,,6355900000.0,691500000.0,0.0,691500000.0,14714100000.0,11537600000.0,3176500000.0,12169239382.0,116800000.0,-12500000.0,-164500000.0,-400000.0,-62800000.0,-228700000.0,21400000.0,0.0,324100000.0,0.0,223300000.0,223300000.0,223300000.0,-29500000.0,0.0,0.009,573100000.0,331300000.0,9494900000.0,0.315,2.306,18.955,18.777,1468800000.0,0.0,33.61,0.124,0.122,5170600000.0,2647200000.0,24459800000.0,24459800000.0,0.0,,,,,21000000.0,577200000.0,1.0,362071984.0,359000000,360400000.0,68.133,17737000000.0,0.0,115000000.0,1280400000.0,49.407,3381300000.0
45,CAH,MRQ,2010-03-31,2010-03-31,2010-03-31,2021-08-25,172200000.0,21270200000.0,,16077300000.0,5192900000.0,,14.945,-60400000.0,2638800000.0,2638800000.0,23332700000.0,222400000.0,1.261,2.968,2108200000.0,232600000.0,1875600000.0,2108200000.0,0.0,68600000.0,0.0,0.019,0.175,388500000.0,457100000.0,0.019,457100000.0,388500000.0,360800000.0,0.62,0.61,0.62,5360900000.0,,5360900000.0,13388484488.0,9.0,8.053,818900000.0,2.283,1.0,1010100000.0,0.041,2261800000.0,27700000.0,5730400000.0,,7214900000.0,805200000.0,0.0,805200000.0,15909300000.0,12747400000.0,3161900000.0,13023384488.0,892000000.0,148500000.0,-3400000.0,-300000.0,-63000000.0,-75400000.0,88100000.0,0.0,879300000.0,0.0,222400000.0,222400000.0,222400000.0,2400000.0,0.0,0.009,642400000.0,367700000.0,10766600000.0,0.282,2.429,18.823,18.766,1406100000.0,0.0,36.03,0.132,0.131,5550200000.0,2463900000.0,24342800000.0,24342800000.0,0.0,,,,,36900000.0,628600000.0,1.0,361459464.0,358700000,361800000.0,67.864,19008400000.0,0.0,138400000.0,1286300000.0,52.992,3329900000.0
46,CAH,MRQ,2009-12-31,2009-12-31,2009-12-31,2021-08-25,200400000.0,20821500000.0,,15458300000.0,5363200000.0,,14.557,-43400000.0,1746800000.0,1746800000.0,23962000000.0,234500000.0,1.267,2.984,2111900000.0,12700000.0,2099200000.0,2111900000.0,0.0,59500000.0,0.0,0.021,0.175,396700000.0,456200000.0,0.018,456200000.0,396700000.0,369300000.0,0.65,0.65,0.65,5226100000.0,,5226100000.0,12574335418.0,8.0,7.267,481200000.0,1.34,1.0,957700000.0,0.038,2294700000.0,27400000.0,6688900000.0,,7961000000.0,897400000.0,0.0,897400000.0,15595400000.0,12203000000.0,3392400000.0,11693335418.0,162000000.0,135000000.0,-52200000.0,-350500000.0,-63000000.0,-454200000.0,91600000.0,0.0,524600000.0,0.0,234500000.0,234500000.0,234500000.0,-4300000.0,0.0,0.009,585300000.0,372400000.0,10543100000.0,0.269,2.237,14.945,14.789,1423200000.0,0.0,32.24,0.119,0.118,4927500000.0,2306500000.0,24919700000.0,24919700000.0,0.0,,,,,20100000.0,605200000.0,1.0,362696508.0,359000000,361000000.0,69.414,18526800000.0,0.0,134800000.0,1293200000.0,51.607,3255300000.0
47,CAH,MRQ,2009-09-30,2009-09-30,2009-09-30,2021-08-25,76900000.0,20434700000.0,,15089000000.0,5345700000.0,,13.76,-32200000.0,1584800000.0,1584800000.0,23871900000.0,-38200000.0,1.242,3.136,2465800000.0,362300000.0,2103500000.0,2465800000.0,0.0,66300000.0,0.0,0.024,0.175,232500000.0,298800000.0,0.012,298800000.0,232500000.0,198600000.0,-0.11,-0.11,-0.11,4941200000.0,,4941200000.0,11439318631.0,7.0,6.413,373800000.0,1.041,1.0,908800000.0,0.037,2269300000.0,33900000.0,6899700000.0,,6861900000.0,902400000.0,0.0,902400000.0,15493500000.0,12146700000.0,3346800000.0,9639518631.0,363200000.0,-32000000.0,30100000.0,-1200800000.0,-64200000.0,31300000.0,-74100000.0,0.0,406000000.0,0.0,-38200000.0,-38200000.0,-38200000.0,-23600000.0,0.0,-0.002,660000000.0,248800000.0,10047100000.0,-1.591,1.951,11.152,11.074,1438600000.0,0.0,26.8,0.099,0.099,5921900000.0,2124100000.0,24780700000.0,24780700000.0,0.0,,,,,22000000.0,586100000.0,1.0,359683531.0,359100000,359100000.0,69.008,18165400000.0,0.0,236800000.0,1243300000.0,50.586,2942300000.0
48,CAH,MRQ,2009-06-30,2009-06-30,2009-06-30,2021-08-25,82200000.0,25118800000.0,,20981700000.0,4137100000.0,,24.337,-106000000.0,1221600000.0,1221600000.0,23403000000.0,273200000.0,1.709,1.879,3637800000.0,366200000.0,3271600000.0,3637800000.0,0.0,57000000.0,0.0,0.019,0.175,393400000.0,450400000.0,0.018,450400000.0,393400000.0,360900000.0,0.76,0.75,0.76,8724700000.0,,8724700000.0,13315077586.0,8.0,7.032,489000000.0,1.364,1.0,944200000.0,0.039,2266900000.0,32500000.0,12992900000.0,,6832800000.0,0.0,0.0,0.0,16394100000.0,12275200000.0,4118900000.0,11009977586.0,249800000.0,-110100000.0,500000.0,-18800000.0,-50300000.0,-71300000.0,-273900000.0,0.0,595000000.0,0.0,273200000.0,273200000.0,273200000.0,-71200000.0,0.0,0.011,622000000.0,322200000.0,9041900000.0,0.23,1.262,9.561,9.488,1464500000.0,0.0,30.55,0.115,0.114,5214900000.0,5953900000.0,24347200000.0,24347200000.0,0.0,,,,,27300000.0,591700000.0,1.0,360392065.0,358500000,363000000.0,67.914,22851900000.0,0.0,87700000.0,847300000.0,63.743,8706500000.0
49,CAH,MRQ,2009-03-31,2009-03-31,2009-03-31,2021-08-25,32600000.0,25534800000.0,,16304900000.0,9229900000.0,,23.553,-60800000.0,1366000000.0,1366000000.0,23102400000.0,312900000.0,1.367,2.027,3671100000.0,368000000.0,3303100000.0,3671100000.0,0.0,52700000.0,0.0,0.018,0.14,472200000.0,524900000.0,0.022,524900000.0,472200000.0,441900000.0,0.88,0.87,0.88,8434500000.0,,8434500000.0,14429168586.0,9.0,8.544,556900000.0,1.555,1.0,986900000.0,0.041,6141500000.0,30300000.0,9771900000.0,,8070300000.0,1336800000.0,402700000.0,934100000.0,17100300000.0,11926500000.0,5173800000.0,11345168586.0,389200000.0,-12300000.0,18000000.0,-100600000.0,-50100000.0,-135600000.0,-92900000.0,0.0,617700000.0,0.0,312900000.0,312900000.0,312900000.0,-97800000.0,0.0,0.013,612500000.0,374400000.0,10006200000.0,0.159,1.345,9.482,9.369,1724000000.0,0.0,31.48,0.125,0.124,5904700000.0,5743700000.0,24089300000.0,24089300000.0,0.0,,,,,32400000.0,573000000.0,1.0,360392903.0,358100000,360900000.0,67.27,19393300000.0,0.0,129000000.0,3420600000.0,54.156,4378400000.0
50,CAH,MRQ,2008-12-31,2008-12-31,2008-12-31,2021-08-25,41300000.0,25014800000.0,,15536600000.0,9478200000.0,,22.748,-61500000.0,772600000.0,772600000.0,23202700000.0,316500000.0,1.335,2.078,3856600000.0,467400000.0,3389200000.0,3856600000.0,0.0,68700000.0,0.0,0.016,0.14,440900000.0,509600000.0,0.021,509600000.0,440900000.0,418700000.0,0.89,0.88,0.89,8127900000.0,,8127900000.0,15487140428.0,9.0,8.493,304900000.0,0.853,1.0,915100000.0,0.038,6183000000.0,22200000.0,10276800000.0,,8535800000.0,1335400000.0,388800000.0,946600000.0,16886900000.0,11639000000.0,5247900000.0,12395840428.0,195200000.0,0.0,2800000.0,-40600000.0,-50300000.0,-89800000.0,-81400000.0,0.0,366400000.0,0.0,316500000.0,316500000.0,316500000.0,-147500000.0,0.0,0.013,621700000.0,293400000.0,9666200000.0,0.157,1.525,10.0,9.905,1729600000.0,0.0,34.47,0.138,0.137,5215300000.0,5481400000.0,24117800000.0,24117800000.0,0.0,,,,,29200000.0,578500000.0,1.0,359612429.0,357300000,360300000.0,67.5,18831800000.0,0.0,102200000.0,1858700000.0,52.706,3897600000.0
51,CAH,MRQ,2008-09-30,2008-09-30,2008-09-30,2021-08-25,136400000.0,24645100000.0,,15226300000.0,9418800000.0,,22.198,-56700000.0,672200000.0,672200000.0,22535900000.0,249100000.0,1.333,2.113,3763500000.0,166500000.0,3597000000.0,3763500000.0,0.0,47400000.0,0.0,0.011,0.14,361000000.0,408400000.0,0.017,408400000.0,361000000.0,331700000.0,0.7,0.69,0.7,7918100000.0,,7918100000.0,20254164719.0,12.0,10.496,-211900000.0,-0.594,1.0,901200000.0,0.038,6265100000.0,29300000.0,10045200000.0,,7692100000.0,1320600000.0,384800000.0,935800000.0,16727000000.0,11426100000.0,5300900000.0,17699064719.0,-421400000.0,-6200000.0,17900000.0,-141400000.0,-49700000.0,-171500000.0,-94700000.0,0.0,-155200000.0,0.0,249100000.0,249100000.0,249100000.0,-76900000.0,0.0,0.011,617100000.0,284100000.0,9354600000.0,0.2,2.235,14.184,14.08,1749500000.0,0.0,49.28,0.199,0.198,5862300000.0,5215200000.0,23437100000.0,23437100000.0,0.0,,,,,21000000.0,590300000.0,1.0,359153099.0,356700000,361100000.0,65.705,18380000000.0,0.0,82600000.0,1703900000.0,51.528,3800200000.0
52,CAH,MRQ,2008-06-30,2008-06-30,2008-06-30,2021-08-25,210800000.0,23448200000.0,,14276000000.0,9172200000.0,,21.793,85500000.0,1291300000.0,1291300000.0,19630000000.0,318000000.0,1.374,2.027,3846400000.0,159000000.0,3687400000.0,3846400000.0,0.0,-64900000.0,0.0,0.01,0.14,310800000.0,245900000.0,0.013,245900000.0,310800000.0,298700000.0,0.89,0.88,0.89,7747500000.0,,7747500000.0,20683390755.0,11.0,9.828,357400000.0,1.005,1.0,-387600000.0,-0.02,6157300000.0,12100000.0,9458300000.0,,6757700000.0,1300500000.0,383700000.0,916800000.0,15700700000.0,10387700000.0,5313000000.0,18406990755.0,-208100000.0,83400000.0,18700000.0,110100000.0,-42700000.0,98000000.0,-578000000.0,100000.0,271900000.0,0.0,318000000.0,318000000.0,318000000.0,-465100000.0,0.0,0.017,-233300000.0,-154300000.0,8303800000.0,0.157,2.376,14.153,14.209,1714000000.0,0.0,51.58,0.211,0.211,4987700000.0,5016200000.0,19242400000.0,19242400000.0,0.0,,,,,21200000.0,-172900000.0,1.0,356862946.0,355500000,358900000.0,54.128,17290900000.0,0.0,-19300000.0,1625600000.0,48.638,3888300000.0
53,CAH,MRQ,2008-03-31,2008-03-31,2008-03-31,2021-08-25,202800000.0,23603400000.0,,14907100000.0,8696300000.0,,20.797,-76600000.0,1529000000.0,1529000000.0,21441800000.0,356000000.0,1.338,2.193,3805400000.0,355300000.0,3450100000.0,3805400000.0,0.0,93000000.0,0.0,0.009,0.12,566600000.0,659600000.0,0.029,659600000.0,566600000.0,535500000.0,1.0,0.99,1.0,7393200000.0,,7393200000.0,21610471524.0,8.0,7.171,810600000.0,2.28,1.0,1467800000.0,0.064,5681000000.0,31100000.0,9056800000.0,,7256700000.0,1259400000.0,381200000.0,878200000.0,16210200000.0,11142000000.0,5068200000.0,18724771524.0,344600000.0,200000.0,-104800000.0,-320000000.0,-42700000.0,-466200000.0,-76400000.0,0.0,887200000.0,0.0,356000000.0,356000000.0,356000000.0,9900000.0,0.0,0.016,891300000.0,576500000.0,8987900000.0,0.12,2.533,9.935,10.377,1679500000.0,0.0,52.51,0.207,0.207,4974300000.0,4748200000.0,22909600000.0,22909600000.0,0.0,,,,,32200000.0,854500000.0,1.0,356594392.0,355500000,360200000.0,64.443,17922400000.0,0.0,179500000.0,1618100000.0,50.415,3765100000.0
54,CAH,MRQ,2007-12-31,2007-12-31,2007-12-31,2021-08-25,154500000.0,23466800000.0,,14721800000.0,8745000000.0,,19.816,-75700000.0,1184400000.0,1184400000.0,21928100000.0,324700000.0,1.29,2.301,4070100000.0,673600000.0,3396500000.0,4070100000.0,0.0,97000000.0,0.0,0.008,0.12,518800000.0,615800000.0,0.026,615800000.0,518800000.0,468800000.0,0.91,0.89,0.91,7108100000.0,,7108100000.0,23324968043.0,11.0,9.521,-101900000.0,-0.284,1.0,1354600000.0,0.058,5813100000.0,50000000.0,9128900000.0,,7636800000.0,1234200000.0,378300000.0,855900000.0,16358700000.0,11410500000.0,4948200000.0,20880268043.0,-105200000.0,48900000.0,-298400000.0,287200000.0,-43400000.0,-52200000.0,-26800000.0,0.0,-26200000.0,0.0,324700000.0,324700000.0,324700000.0,400000.0,0.0,0.014,835400000.0,519200000.0,8982300000.0,0.132,2.938,13.491,14.051,1680700000.0,0.0,57.75,0.234,0.232,4854600000.0,4436500000.0,23282700000.0,23282700000.0,0.0,,,,,28400000.0,828900000.0,1.0,361563083.0,358700000,364600000.0,64.909,17653700000.0,0.0,144100000.0,1551700000.0,49.216,3311300000.0
55,CAH,MRQ,2007-09-30,2007-09-30,2007-09-30,2021-08-25,146100000.0,22998100000.0,,14333200000.0,8664900000.0,,19.472,-89000000.0,1289600000.0,1289600000.0,20631200000.0,301800000.0,1.29,2.254,3734300000.0,386800000.0,3347500000.0,3734300000.0,0.0,94900000.0,0.0,0.007,0.12,488400000.0,583300000.0,0.027,583300000.0,488400000.0,445500000.0,0.83,0.82,0.83,7068200000.0,,7068200000.0,24958546706.0,10.0,8.767,319800000.0,0.881,1.0,1342200000.0,0.061,5822800000.0,42900000.0,8506000000.0,,7150800000.0,1199600000.0,369100000.0,830500000.0,15929900000.0,11114000000.0,4815900000.0,22794046706.0,-19200000.0,-88100000.0,-569200000.0,219100000.0,-44300000.0,-382800000.0,-45200000.0,131900000.0,408800000.0,0.0,301800000.0,301800000.0,301800000.0,1400000.0,0.0,0.014,852400000.0,489800000.0,9099000000.0,0.145,3.225,11.616,12.407,1683100000.0,0.0,62.53,0.26,0.259,4904700000.0,11658600000.0,21973400000.0,21973400000.0,0.0,,,,,26100000.0,830100000.0,1.0,364529773.0,363000000,370200000.0,60.533,17175300000.0,0.0,143700000.0,1468400000.0,47.315,3219200000.0
56,CAH,MRQ,2007-06-30,2007-06-30,2007-06-30,2021-08-25,121000000.0,23153800000.0,,14544500000.0,8609300000.0,,19.51,-107200000.0,1308800000.0,1308800000.0,20856300000.0,902200000.0,1.269,2.139,3473300000.0,16000000.0,3457300000.0,3473300000.0,0.0,77800000.0,0.0,0.006,0.12,1077200000.0,1155000000.0,0.052,1155000000.0,1077200000.0,1058800000.0,2.32,2.26,2.32,7376900000.0,,7376900000.0,29500969969.0,12.0,10.642,-283300000.0,-0.749,1.0,1309600000.0,0.059,5860900000.0,18400000.0,7997700000.0,,7383200000.0,1307500000.0,486800000.0,820700000.0,15776900000.0,11459700000.0,4317200000.0,27171569969.0,452900000.0,-1480800000.0,-1403000000.0,257200000.0,-34900000.0,-1178300000.0,1807300000.0,168100000.0,-176100000.0,0.0,902200000.0,902200000.0,902200000.0,-683500000.0,0.0,0.041,915900000.0,393700000.0,9162200000.0,0.052,3.683,14.071,14.446,1647000000.0,0.0,70.64,0.313,0.322,4714400000.0,11539900000.0,22165900000.0,22165900000.0,0.0,,,,,28800000.0,798300000.0,1.0,384648499.0,378100000,390300000.0,58.624,17292900000.0,0.0,156600000.0,859900000.0,45.736,3084800000.0
57,CAH,MRQ,2007-03-31,2007-03-31,2007-03-31,2021-08-25,127200000.0,24292000000.0,,17262400000.0,7029600000.0,,19.943,-98600000.0,866500000.0,866500000.0,20479600000.0,19000000.0,1.333,2.087,3195900000.0,296900000.0,2899000000.0,3195900000.0,0.0,81700000.0,0.0,0.005,0.09,14100000.0,95800000.0,0.004,95800000.0,14100000.0,-18100000.0,0.05,0.05,0.05,7869400000.0,,7869400000.0,31182920980.0,20.0,16.34,671400000.0,1.701,1.0,1387500000.0,0.063,4406900000.0,32200000.0,9269100000.0,,7486500000.0,1421700000.0,637100000.0,784600000.0,16422600000.0,12945400000.0,3477200000.0,29201520980.0,-138200000.0,-28000000.0,-1036500000.0,207100000.0,-36100000.0,-876500000.0,-31700000.0,167100000.0,770000000.0,0.0,19000000.0,19000000.0,19000000.0,-23900000.0,0.0,0.001,1397300000.0,-9800000.0,9405700000.0,1.8,3.711,27.585,21.841,1533700000.0,0.0,72.95,0.34,0.335,4618500000.0,10681300000.0,21867100000.0,21867100000.0,0.0,,,,,39000000.0,781700000.0,1.0,400295010.0,394600000,394600000.0,55.416,19885100000.0,0.0,-37100000.0,578200000.0,50.393,4317000000.0
58,CAH,MRQ,2006-12-31,2006-12-31,2006-12-31,2021-08-25,90200000.0,24137200000.0,,17178100000.0,6959100000.0,,22.148,-75700000.0,1003300000.0,1003300000.0,20484700000.0,739300000.0,1.468,1.71,2984700000.0,48900000.0,2935800000.0,2984700000.0,0.0,77000000.0,0.0,0.005,0.09,935700000.0,1012700000.0,0.046,1012700000.0,935700000.0,903300000.0,1.84,1.8,1.84,8907800000.0,,8907800000.0,27428025028.0,14.0,12.309,-122600000.0,-0.305,1.0,1299900000.0,0.06,4391300000.0,32400000.0,10024700000.0,,7309200000.0,1556300000.0,797400000.0,758900000.0,15229400000.0,11702600000.0,3526800000.0,26094925028.0,-439500000.0,-56500000.0,-281900000.0,86900000.0,-36400000.0,-238300000.0,-154300000.0,-10600000.0,-46900000.0,0.0,739300000.0,739300000.0,739300000.0,-423800000.0,0.0,0.034,788000000.0,511900000.0,8984700000.0,0.049,2.929,21.995,17.701,1518500000.0,0.0,64.43,0.31,0.308,4394500000.0,10692500000.0,21784600000.0,21784600000.0,0.0,,,,,32900000.0,755800000.0,1.0,405012029.0,402200000,410600000.0,54.164,19745900000.0,0.0,164000000.0,591000000.0,49.095,5475500000.0
59,CAH,MRQ,2006-09-30,2006-09-30,2006-09-30,2021-08-25,60600000.0,23431200000.0,,14721200000.0,8710000000.0,,20.819,-65100000.0,1609600000.0,1609600000.0,19737000000.0,-20700000.0,1.271,1.782,2942700000.0,315300000.0,2627400000.0,2942700000.0,0.0,78400000.0,0.0,0.005,0.09,139100000.0,217500000.0,0.01,217500000.0,139100000.0,101300000.0,0.67,0.66,0.67,8421100000.0,,8421100000.0,28166618487.0,19.0,16.231,621600000.0,1.537,1.0,1200500000.0,0.057,5054500000.0,37800000.0,8131500000.0,,7585300000.0,1522100000.0,765800000.0,756300000.0,15010100000.0,11578300000.0,3431800000.0,26658618487.0,256900000.0,-64500000.0,-388000000.0,79300000.0,-37000000.0,-345700000.0,-84100000.0,41900000.0,686700000.0,0.0,-20700000.0,-20700000.0,-20700000.0,0.0,0.0,-0.001,749300000.0,451200000.0,8878300000.0,0.134,3.166,35.493,26.191,2574100000.0,0.0,65.74,0.326,0.325,3986600000.0,9994500000.0,20937500000.0,20937500000.0,0.0,,,,,37400000.0,725500000.0,1.0,405515949.0,404500000,413000000.0,51.761,18376700000.0,0.0,122000000.0,804400000.0,45.431,3142900000.0
60,CAH,MRQ,2006-06-30,2006-06-30,2006-06-30,2021-08-25,33900000.0,23433300000.0,,16575900000.0,6857400000.0,,20.509,-85000000.0,1187300000.0,1187300000.0,19959500000.0,321000000.0,1.431,1.76,2787600000.0,199000000.0,2588600000.0,2787600000.0,0.0,77800000.0,0.0,0.004,0.09,504600000.0,582400000.0,0.027,582400000.0,504600000.0,476800000.0,0.78,0.75,0.78,8490700000.0,,8490700000.0,27984712745.0,17.0,14.139,411700000.0,0.994,1.0,1292200000.0,0.061,4283400000.0,27800000.0,9168100000.0,,7493000000.0,1543200000.0,788500000.0,754700000.0,14942600000.0,11582100000.0,3360500000.0,26869212745.0,-379400000.0,-256600000.0,-513600000.0,49700000.0,-25200000.0,-514300000.0,-361800000.0,800000.0,496700000.0,0.0,321000000.0,321000000.0,321000000.0,-17200000.0,0.0,0.015,804800000.0,487400000.0,8907800000.0,0.115,3.165,26.867,27.029,1505000000.0,0.0,64.33,0.337,0.34,3808800000.0,9760500000.0,21251700000.0,21251700000.0,0.0,,,,,45100000.0,770900000.0,1.0,417677798.0,414000000,423700000.0,51.333,19149900000.0,0.0,155800000.0,771900000.0,46.256,4993800000.0
61,CAH,MRQ,2006-03-31,2006-03-31,2006-03-31,2021-08-25,-6100000.0,23645600000.0,,15254100000.0,8391500000.0,,20.489,-83400000.0,1713400000.0,1713400000.0,18958800000.0,146800000.0,1.33,1.754,2828900000.0,280700000.0,2548200000.0,2828900000.0,0.0,74200000.0,0.0,0.003,0.06,341400000.0,415600000.0,0.021,415600000.0,341400000.0,315200000.0,0.35,0.34,0.35,8586800000.0,,8586800000.0,32229498133.0,19.0,16.849,148000000.0,0.353,1.0,1254400000.0,0.062,4822100000.0,26200000.0,8467200000.0,,7651200000.0,1512900000.0,772900000.0,740000000.0,15058800000.0,11471800000.0,3587000000.0,31443798133.0,-549600000.0,-33100000.0,-401100000.0,-162300000.0,-25400000.0,-557700000.0,-223300000.0,-80200000.0,231400000.0,0.0,146800000.0,146800000.0,146800000.0,193500000.0,0.0,0.007,719500000.0,534900000.0,8826400000.0,0.171,3.662,33.565,33.873,2489100000.0,0.0,74.52,0.411,0.408,3937500000.0,9477400000.0,20213200000.0,20213200000.0,0.0,,,,,42000000.0,701000000.0,1.0,421951129.0,419100000,427500000.0,48.23,18823500000.0,0.0,168400000.0,1038800000.0,44.914,3782300000.0
62,CAH,MRQ,2005-12-31,2005-12-31,2005-12-31,2021-08-25,-23900000.0,23230200000.0,,14612600000.0,8617600000.0,,20.566,-83000000.0,2223900000.0,2223900000.0,18181200000.0,304000000.0,1.342,1.655,3009600000.0,441300000.0,2568300000.0,3009600000.0,0.0,44600000.0,0.0,0.003,0.06,475300000.0,519900000.0,0.027,519900000.0,475300000.0,448700000.0,0.71,0.7,0.71,8751000000.0,,8751000000.0,30073157156.0,16.0,13.83,585100000.0,1.375,1.0,1165700000.0,0.06,5082600000.0,26600000.0,8042600000.0,,7276700000.0,1412600000.0,679500000.0,733100000.0,14479200000.0,10890700000.0,3588500000.0,29440757156.0,254100000.0,-75800000.0,-379200000.0,407200000.0,-25700000.0,15900000.0,-429900000.0,-219200000.0,668100000.0,0.0,304000000.0,304000000.0,304000000.0,-18200000.0,0.0,0.016,709500000.0,456200000.0,8116600000.0,0.085,3.364,25.474,25.463,2490000000.0,0.0,68.75,0.391,0.389,3543800000.0,9354300000.0,19346900000.0,19346900000.0,0.0,,,,,38900000.0,696900000.0,1.0,428229195.0,425500000,431900000.0,45.469,18147600000.0,0.0,144700000.0,1020200000.0,42.65,3721900000.0
63,CAH,MRQ,2005-09-30,2005-09-30,2005-09-30,2021-08-25,7500000.0,22969900000.0,,14325900000.0,8644000000.0,,20.828,-75000000.0,1976900000.0,1976900000.0,18043000000.0,228300000.0,1.333,1.587,2609300000.0,405300000.0,2204000000.0,2609300000.0,0.0,101000000.0,0.0,0.003,0.06,367500000.0,468500000.0,0.024,468500000.0,367500000.0,336500000.0,0.54,0.53,0.54,8878900000.0,,8878900000.0,28294541392.0,16.0,13.552,649600000.0,1.524,1.0,1194200000.0,0.062,5068100000.0,31000000.0,7786400000.0,,7376000000.0,1170300000.0,452000000.0,718300000.0,14091000000.0,10747800000.0,3343200000.0,27078441392.0,576300000.0,3300000.0,34800000.0,5200000.0,-25500000.0,23900000.0,-172200000.0,-100000000.0,724600000.0,0.0,228300000.0,228300000.0,228300000.0,9200000.0,0.0,0.012,811700000.0,382500000.0,8082800000.0,0.111,3.05,25.409,25.581,2449600000.0,0.0,63.44,0.364,0.363,3712400000.0,9078300000.0,19237200000.0,19237200000.0,0.0,,,,,81800000.0,793700000.0,1.0,426835457.0,426300000,431400000.0,45.126,17901800000.0,0.0,108200000.0,1139200000.0,41.993,3578100000.0
64,CAH,MRQ,2005-06-30,2005-06-30,2005-06-30,2021-08-25,20200000.0,21838200000.0,,13532500000.0,8305700000.0,,20.129,-62900000.0,1400000000.0,1400000000.0,16812700000.0,257700000.0,1.367,1.541,2627800000.0,307900000.0,2319900000.0,2627800000.0,0.0,8600000.0,0.0,0.003,0.06,500300000.0,508900000.0,0.029,508900000.0,500300000.0,474900000.0,0.6,0.59,0.6,8593000000.0,,8593000000.0,26001352068.0,15.0,12.613,761900000.0,1.785,1.0,882100000.0,0.05,4842500000.0,25400000.0,8320800000.0,,7249200000.0,1031800000.0,338000000.0,693800000.0,13245200000.0,9902700000.0,3342500000.0,24659152068.0,-110600000.0,0.0,-248500000.0,-304400000.0,-12800000.0,-563200000.0,-372200000.0,-99800000.0,824800000.0,0.0,257700000.0,257700000.0,257700000.0,3700000.0,0.0,0.015,380500000.0,501600000.0,7351500000.0,0.1,2.87,23.469,23.598,2445100000.0,0.0,57.58,0.339,0.341,3102300000.0,8874200000.0,17694800000.0,17694800000.0,0.0,,,,,1300000.0,471200000.0,1.0,428258980.0,426900000,432700000.0,41.45,16995700000.0,0.0,217200000.0,1022600000.0,39.812,3629800000.0
65,CAH,MRQ,2005-03-31,2005-03-31,2005-03-31,2021-08-25,95100000.0,22138500000.0,,13729200000.0,8409300000.0,,20.088,-51600000.0,1549500000.0,1549500000.0,17630700000.0,365700000.0,1.366,1.552,2891700000.0,588600000.0,2303100000.0,2891700000.0,0.0,94700000.0,0.0,0.002,0.03,582500000.0,677200000.0,0.036,677200000.0,582500000.0,542500000.0,0.85,0.84,0.85,8674200000.0,,8674200000.0,25741490192.0,14.0,11.725,458700000.0,1.062,1.0,1328900000.0,0.07,4998200000.0,40000000.0,8433500000.0,,7771300000.0,856200000.0,215300000.0,640900000.0,13464300000.0,10049000000.0,3415300000.0,24195190192.0,249800000.0,-39500000.0,-189100000.0,12500000.0,-13000000.0,-196700000.0,-63800000.0,0.0,510300000.0,0.0,365700000.0,365700000.0,365700000.0,8800000.0,0.0,0.019,730500000.0,598400000.0,7613100000.0,0.035,2.789,20.392,20.365,2372000000.0,0.0,55.8,0.337,0.336,3293000000.0,8642400000.0,18959600000.0,18959600000.0,0.0,,,,,2300000.0,678700000.0,1.0,433605559.0,431800000,437800000.0,43.908,17140300000.0,0.0,176800000.0,1112200000.0,39.695,3680200000.0
66,CAH,MRQ,2004-12-31,2004-12-31,2004-12-31,2021-08-25,151300000.0,21789000000.0,,13311000000.0,8478000000.0,,19.809,-106000000.0,1273700000.0,1273700000.0,17337800000.0,214000000.0,1.374,1.546,2820000000.0,435400000.0,2384600000.0,2820000000.0,0.0,102300000.0,0.0,0.002,0.03,331000000.0,433300000.0,0.023,433300000.0,331000000.0,314300000.0,0.49,0.49,0.49,8559500000.0,,8559500000.0,27227826960.0,14.0,12.04,519600000.0,1.202,1.0,1209300000.0,0.065,5040000000.0,16700000.0,8606000000.0,,8177500000.0,843400000.0,211500000.0,631900000.0,13229500000.0,9689300000.0,3540200000.0,25125226960.0,122000000.0,28400000.0,18000000.0,-431000000.0,-13000000.0,-426000000.0,-77600000.0,0.0,625600000.0,0.0,214000000.0,214000000.0,214000000.0,-4800000.0,0.0,0.012,895300000.0,314000000.0,7231900000.0,0.061,2.935,20.099,20.191,2393100000.0,0.0,58.15,0.363,0.364,2821900000.0,8289800000.0,18547100000.0,18547100000.0,0.0,,,,,2800000.0,699100000.0,1.0,432076130.0,432100000,437100000.0,42.923,16749000000.0,0.0,100300000.0,1155600000.0,38.762,3621700000.0
67,CAH,MRQ,2004-09-30,2004-09-30,2004-09-30,2021-08-25,38800000.0,22269100000.0,,13787000000.0,8482100000.0,,19.039,-100400000.0,1152400000.0,1152400000.0,16701800000.0,213300000.0,1.38,1.709,3255000000.0,362400000.0,2892600000.0,3255000000.0,0.0,90000000.0,0.0,0.003,0.03,353300000.0,443300000.0,0.025,443300000.0,353300000.0,315900000.0,0.49,0.49,0.49,8219000000.0,,8219000000.0,20842547175.0,10.0,8.397,794600000.0,1.841,1.0,1090500000.0,0.061,5019100000.0,37400000.0,9360300000.0,,8199600000.0,792900000.0,207300000.0,585600000.0,14050100000.0,9992300000.0,4057800000.0,18838347175.0,61100000.0,-262100000.0,29800000.0,-488300000.0,-12900000.0,-471400000.0,-362500000.0,0.0,895000000.0,0.0,213300000.0,213300000.0,213300000.0,9000000.0,0.0,0.012,720700000.0,369800000.0,7687500000.0,0.061,2.292,13.412,13.509,2399900000.0,0.0,43.77,0.281,0.282,3368100000.0,8088500000.0,17792300000.0,17792300000.0,0.0,,,,,2100000.0,692500000.0,1.0,430394041.0,431700000,434700000.0,41.215,17250000000.0,0.0,102600000.0,1165200000.0,39.958,3794700000.0
68,CAH,MRQ,2004-06-30,2004-06-30,2004-06-30,2021-08-25,28900000.0,21369100000.0,,13057900000.0,8311200000.0,,18.528,-112600000.0,1096000000.0,1096000000.0,15265900000.0,393500000.0,1.394,1.679,3695300000.0,860600000.0,2834700000.0,3695300000.0,0.0,69100000.0,0.0,0.002,0.03,572500000.0,641600000.0,0.039,641600000.0,572500000.0,547800000.0,0.91,0.9,0.91,7976300000.0,,7976300000.0,32153302572.0,14.0,12.475,1175700000.0,2.731,1.0,1125900000.0,0.069,4938800000.0,24700000.0,9660200000.0,,7471300000.0,748100000.0,202100000.0,546000000.0,13392800000.0,9369400000.0,4023400000.0,30149102572.0,565400000.0,-1536300000.0,32700000.0,869800000.0,-12900000.0,896700000.0,-1619600000.0,0.0,1288300000.0,0.0,393500000.0,393500000.0,393500000.0,-3500000.0,0.0,0.024,582300000.0,543600000.0,6432400000.0,0.033,3.78,20.447,20.664,2364000000.0,0.0,70.05,0.467,0.472,3432700000.0,7888000000.0,16391800000.0,16391800000.0,0.0,,,,,3300000.0,524200000.0,1.0,430394041.0,430500000,436100000.0,38.076,16430300000.0,0.0,154300000.0,1188700000.0,38.166,3688500000.0
69,CAH,MRQ,2004-03-31,2004-03-31,2004-03-31,2021-08-25,59800000.0,19959400000.0,,13811800000.0,6147600000.0,,17.668,-104800000.0,527200000.0,527200000.0,15108400000.0,429300000.0,1.566,1.607,2531400000.0,54400000.0,2477000000.0,2531400000.0,0.0,77200000.0,0.0,0.004,0.03,666000000.0,743200000.0,0.045,743200000.0,666000000.0,637800000.0,0.99,0.98,0.99,7657400000.0,,7657400000.0,32153405424.0,14.0,12.738,682200000.0,1.574,1.0,1283400000.0,0.078,3002500000.0,28200000.0,10143400000.0,,8652100000.0,794500000.0,256100000.0,538400000.0,12302000000.0,8817700000.0,3484300000.0,29972105424.0,-17100000.0,-57000000.0,-396000000.0,-233300000.0,-13000000.0,-642300000.0,-161800000.0,0.0,787000000.0,0.0,429300000.0,429300000.0,429300000.0,800000.0,0.0,0.026,620400000.0,663000000.0,6998200000.0,0.03,3.914,21.149,21.331,2233500000.0,0.0,68.9,0.473,0.472,3497800000.0,7610400000.0,16391800000.0,16391800000.0,0.0,,,,,0.0,608900000.0,1.0,435008787.0,433400000,439000000.0,37.821,16956900000.0,0.0,208500000.0,1007300000.0,39.125,4994100000.0
70,CAH,MRQ,2003-12-31,2003-12-31,2003-12-31,2021-08-25,30700000.0,19518500000.0,,13538200000.0,5980300000.0,,17.526,-83600000.0,544300000.0,544300000.0,15189800000.0,368500000.0,1.599,1.571,2725600000.0,253200000.0,2472400000.0,2725600000.0,0.0,74500000.0,0.0,0.004,0.03,579500000.0,654000000.0,0.04,654000000.0,579500000.0,551900000.0,0.85,0.84,0.85,7592300000.0,,7592300000.0,28210716513.0,13.0,11.486,170700000.0,0.394,1.0,1161000000.0,0.071,2897700000.0,27600000.0,10336800000.0,,8543800000.0,707200000.0,192200000.0,515000000.0,11926200000.0,8465300000.0,3460900000.0,26478716513.0,-447700000.0,-484100000.0,34700000.0,-156000000.0,-13000000.0,-134300000.0,-567700000.0,0.0,254300000.0,0.0,368500000.0,368500000.0,368500000.0,5100000.0,0.0,0.023,600600000.0,560400000.0,6349000000.0,0.035,3.488,19.313,19.793,2177300000.0,0.0,61.16,0.432,0.432,3369300000.0,7195300000.0,16350800000.0,16350800000.0,0.0,,,,,0.0,588000000.0,1.0,432941735.0,433200000,438700000.0,37.744,16620800000.0,0.0,183400000.0,988500000.0,38.367,5072900000.0
71,CAH,MRQ,2003-09-30,2003-09-30,2003-09-30,2021-08-25,-24900000.0,18649300000.0,,13333000000.0,5316300000.0,,16.169,-75300000.0,992000000.0,992000000.0,14315400000.0,283200000.0,1.655,1.618,2724000000.0,217100000.0,2506900000.0,2724000000.0,0.0,68700000.0,0.0,0.004,0.03,471700000.0,540400000.0,0.035,540400000.0,471700000.0,443700000.0,0.64,0.63,0.64,7122600000.0,,7122600000.0,26231916635.0,12.0,10.675,218800000.0,0.497,1.0,1072800000.0,0.07,2340500000.0,28000000.0,9984500000.0,,8253700000.0,790000000.0,196000000.0,594000000.0,11526700000.0,8056300000.0,3470400000.0,25255316635.0,-732000000.0,-15000000.0,-954700000.0,32300000.0,-13400000.0,-935800000.0,-90300000.0,0.0,294100000.0,0.0,283200000.0,283200000.0,283200000.0,1800000.0,0.0,0.018,556200000.0,516600000.0,6156600000.0,0.047,3.546,18.435,19.02,2079900000.0,0.0,58.39,0.428,0.436,2996100000.0,6832600000.0,15388200000.0,15388200000.0,0.0,,,,,0.0,547600000.0,1.0,432528115.0,440500000,446400000.0,34.933,16308800000.0,0.0,160500000.0,963500000.0,37.023,5276700000.0
72,CAH,MRQ,2003-06-30,2003-06-30,2003-06-30,2021-08-25,-50700000.0,18465100000.0,,13197200000.0,5267900000.0,,17.184,-143100000.0,1724000000.0,1724000000.0,13981400000.0,336200000.0,1.805,1.406,2700600000.0,228700000.0,2471900000.0,2700600000.0,0.0,70600000.0,0.0,0.004,0.18,516100000.0,586700000.0,0.039,586700000.0,516100000.0,502500000.0,0.75,0.74,0.75,7674500000.0,,7674500000.0,30516118617.0,14.0,12.472,739100000.0,1.655,1.0,1201700000.0,0.079,2332300000.0,13600000.0,9799200000.0,,7570900000.0,729100000.0,171800000.0,557300000.0,10790600000.0,7310200000.0,3480400000.0,28706618617.0,1178800000.0,17200000.0,72000000.0,361700000.0,-11200000.0,422500000.0,-125900000.0,0.0,882200000.0,0.0,336200000.0,336200000.0,336200000.0,4300000.0,0.0,0.022,724400000.0,477300000.0,5288800000.0,0.24,3.741,20.876,20.877,2089500000.0,0.0,64.3,0.506,0.506,2784400000.0,6465200000.0,15183100000.0,15183100000.0,0.0,,,,,0.0,623300000.0,1.0,446448190.0,446600000,452700000.0,33.997,16132800000.0,0.0,166300000.0,1008500000.0,36.124,5887000000.0
73,CAH,MRQ,2003-03-31,2003-03-31,2003-03-31,2021-08-25,-82500000.0,18480500000.0,,13280400000.0,5200100000.0,,16.131,-83900000.0,545200000.0,545200000.0,13177200000.0,383100000.0,1.65,1.551,2354700000.0,26500000.0,2328200000.0,2354700000.0,0.0,68700000.0,0.0,0.002,0.025,606400000.0,675100000.0,0.047,675100000.0,606400000.0,575800000.0,0.85,0.84,0.85,7244600000.0,,7244600000.0,27020617600.0,13.0,11.183,73000000.0,0.163,1.0,1194100000.0,0.083,2317400000.0,30600000.0,9925700000.0,,8775600000.0,775200000.0,185700000.0,589500000.0,11235900000.0,8046900000.0,3189000000.0,25759517600.0,-453700000.0,12400000.0,-500700000.0,-27100000.0,-11300000.0,-539100000.0,-71500000.0,0.0,156900000.0,0.0,383100000.0,383100000.0,383100000.0,1800000.0,0.0,0.027,592000000.0,602100000.0,6465200000.0,0.029,3.556,19.085,18.927,2005100000.0,0.0,56.97,0.472,0.469,2845300000.0,6161300000.0,14371300000.0,14371300000.0,0.0,,,,,0.0,576100000.0,1.0,452159340.0,449100000,456300000.0,32.0,16163100000.0,0.0,192700000.0,860800000.0,35.99,5233500000.0
74,CAH,MRQ,2002-12-31,2002-12-31,2002-12-31,2021-08-25,-80300000.0,17181600000.0,,12869400000.0,4312200000.0,,14.779,-84300000.0,998900000.0,998900000.0,10242100000.0,367500000.0,1.699,1.63,2260000000.0,17200000.0,2242800000.0,2260000000.0,0.0,64300000.0,0.0,0.002,0.025,590900000.0,655200000.0,0.046,655200000.0,590900000.0,559400000.0,0.83,0.82,0.83,6532200000.0,,6532200000.0,27501294978.0,13.0,11.994,288700000.0,0.653,1.0,3848900000.0,0.273,1572500000.0,31500000.0,9296400000.0,,8313300000.0,700600000.0,175400000.0,525200000.0,10649400000.0,7573800000.0,3075600000.0,26191694978.0,53300000.0,-2400000.0,-215700000.0,-6200000.0,-11100000.0,-233000000.0,-86700000.0,0.0,373000000.0,0.0,367500000.0,367500000.0,367500000.0,0.0,0.0,0.026,548200000.0,3300700000.0,6094500000.0,0.03,4.01,20.674,20.915,1923300000.0,0.0,59.19,0.49,0.489,2611800000.0,5789500000.0,14091000000.0,14091000000.0,0.0,,,,,0.0,526200000.0,1.0,442502027.0,442000000,450000000.0,31.88,15609100000.0,0.0,191900000.0,832800000.0,35.315,5295600000.0
75,CAH,MRQ,2002-09-30,2002-09-30,2002-09-30,2021-08-25,-97000000.0,16235200000.0,,11611500000.0,4623700000.0,,14.24,-54200000.0,945600000.0,945600000.0,8740200000.0,288300000.0,1.749,1.555,2255200000.0,17400000.0,2237800000.0,2255200000.0,0.0,62200000.0,0.0,0.002,0.025,467500000.0,529700000.0,0.04,529700000.0,467500000.0,436900000.0,0.65,0.64,0.65,6353700000.0,,6353700000.0,28499734915.0,15.0,13.137,-68300000.0,-0.153,1.0,4345900000.0,0.332,1567900000.0,30600000.0,9338800000.0,,7250200000.0,835400000.0,190600000.0,644800000.0,9881500000.0,6638100000.0,3243400000.0,27656534915.0,-436400000.0,-5400000.0,-350000000.0,-1500000.0,-11200000.0,-362700000.0,-59600000.0,0.0,-14100000.0,0.0,288300000.0,288300000.0,288300000.0,0.0,0.0,0.022,532100000.0,3813800000.0,5299800000.0,0.038,4.353,23.384,23.65,1887300000.0,0.0,62.2,0.527,0.529,2554800000.0,5433200000.0,13086100000.0,13086100000.0,0.0,,,,,0.0,520700000.0,1.0,444638825.0,446200000,454200000.0,29.328,14667300000.0,0.0,148600000.0,1005600000.0,32.872,4973400000.0
76,CAH,MRQ,2002-06-30,2002-06-30,2002-06-30,2021-08-25,-120900000.0,16438000000.0,,11906600000.0,4531400000.0,,14.175,-98600000.0,1382000000.0,1382000000.0,22934000000.0,310800000.0,1.748,1.571,2225200000.0,18200000.0,2207000000.0,2225200000.0,0.0,62000000.0,0.0,0.002,0.025,494300000.0,556300000.0,0.043,556300000.0,494300000.0,468800000.0,0.68,0.67,0.68,6393000000.0,,6393000000.0,29349596152.0,16.0,14.452,1328100000.0,2.945,1.0,-9896900000.0,-0.759,1544100000.0,25500000.0,8926700000.0,,7361000000.0,836900000.0,218300000.0,618600000.0,10045000000.0,6810400000.0,3234600000.0,27737596152.0,512800000.0,-372900000.0,-160300000.0,-266000000.0,-11300000.0,-442400000.0,-471500000.0,0.0,1426700000.0,0.0,310800000.0,310800000.0,310800000.0,0.0,0.0,0.024,582300000.0,-10479200000.0,5504500000.0,0.037,4.339,25.906,25.911,1894400000.0,0.0,61.41,0.542,0.54,2295400000.0,5156100000.0,13037100000.0,13037100000.0,0.0,,,,,0.0,518600000.0,1.0,451678817.0,451000000,459000000.0,28.907,14893900000.0,0.0,158000000.0,1027600000.0,33.024,5096200000.0
77,CAH,MRQ,2002-03-31,2002-03-31,2002-03-31,2021-08-25,-144200000.0,16256500000.0,,12382600000.0,3873900000.0,,13.801,-64100000.0,869200000.0,869200000.0,8772100000.0,300300000.0,1.829,1.618,2481200000.0,17200000.0,2464000000.0,2481200000.0,0.0,58400000.0,0.0,0.001,0.025,493400000.0,551800000.0,0.042,551800000.0,493400000.0,453800000.0,0.67,0.66,0.67,6209000000.0,,6209000000.0,33946177318.0,20.0,17.204,440100000.0,0.978,1.0,4469900000.0,0.338,1178300000.0,39600000.0,9919500000.0,,7902000000.0,774200000.0,204600000.0,569600000.0,10047500000.0,6770700000.0,3276800000.0,31865577318.0,470300000.0,-8100000.0,45800000.0,3700000.0,-11200000.0,38300000.0,-72200000.0,0.0,504200000.0,0.0,300300000.0,300300000.0,300300000.0,0.0,0.0,0.023,575100000.0,3894800000.0,5266900000.0,0.037,5.132,31.45,31.507,1823800000.0,0.0,70.89,0.631,0.631,2536000000.0,4870300000.0,13242000000.0,13242000000.0,0.0,,,,,0.0,536000000.0,1.0,449507368.0,449900000,459100000.0,29.433,15078200000.0,0.0,153500000.0,812800000.0,33.515,5611900000.0
78,CAH,MRQ,2001-12-31,2001-12-31,2001-12-31,2021-08-25,-135200000.0,16046600000.0,,12233400000.0,3813200000.0,,13.032,-55700000.0,398900000.0,398900000.0,8350800000.0,283300000.0,1.741,1.737,2479500000.0,20100000.0,2459400000.0,2479500000.0,0.0,61900000.0,0.0,0.001,0.025,469700000.0,531600000.0,0.041,531600000.0,469700000.0,430900000.0,0.63,0.62,0.63,5863200000.0,,5863200000.0,30597000586.0,19.0,16.617,-522000000.0,-1.16,1.0,4741300000.0,0.362,1166700000.0,38800000.0,9935300000.0,,8255200000.0,746600000.0,199500000.0,547100000.0,10183400000.0,7025200000.0,3158200000.0,29154500586.0,-473100000.0,-2800000.0,-104400000.0,167400000.0,-11300000.0,51700000.0,-58500000.0,0.0,-466300000.0,0.0,283300000.0,283300000.0,283300000.0,0.0,0.0,0.022,530800000.0,4210500000.0,5612900000.0,0.04,4.972,32.186,32.169,1838500000.0,0.0,64.66,0.585,0.584,2568300000.0,4581900000.0,13092100000.0,13092100000.0,0.0,,,,,0.0,514000000.0,1.0,450889276.0,449900000,459700000.0,29.1,14879900000.0,0.0,147600000.0,698800000.0,33.074,5208200000.0
79,CAH,MRQ,2001-09-30,2001-09-30,2001-09-30,2021-08-25,-127100000.0,15721500000.0,,11949700000.0,3771800000.0,,12.611,-48700000.0,872000000.0,872000000.0,8950700000.0,176300000.0,1.693,1.773,2314500000.0,25900000.0,2288600000.0,2314500000.0,0.0,61200000.0,0.0,0.001,0.025,329900000.0,391100000.0,0.033,391100000.0,329900000.0,301300000.0,0.39,0.38,0.39,5670100000.0,,5670100000.0,34187494153.0,23.0,19.355,-529400000.0,-1.177,1.0,2822700000.0,0.24,1166900000.0,28600000.0,8939200000.0,,7704700000.0,721900000.0,182300000.0,539600000.0,10051400000.0,7057900000.0,2993500000.0,33236394153.0,-62100000.0,0.0,50600000.0,427900000.0,-11200000.0,467300000.0,-48700000.0,0.0,-480700000.0,0.0,176300000.0,176300000.0,176300000.0,0.0,0.0,0.015,514700000.0,2308000000.0,5663800000.0,0.064,5.862,39.394,39.335,1847900000.0,0.0,73.95,0.683,0.683,2251600000.0,4313700000.0,11773400000.0,11773400000.0,0.0,,,,,0.0,502400000.0,1.0,449444140.0,449600000,460600000.0,26.186,14554600000.0,0.0,125000000.0,704900000.0,32.372,4891800000.0
80,CAH,MRQ,2001-06-30,2001-06-30,2001-06-30,2021-08-25,-140300000.0,14642400000.0,,10716300000.0,3926100000.0,,12.136,-52100000.0,934100000.0,934100000.0,11425100000.0,253300000.0,1.63,1.693,1885200000.0,14200000.0,1871000000.0,1885200000.0,0.0,71600000.0,0.0,0.001,0.025,427000000.0,498600000.0,0.04,498600000.0,427000000.0,389000000.0,0.56,0.55,0.56,5437100000.0,,5437100000.0,32559646407.0,22.0,18.419,831300000.0,1.856,1.0,975900000.0,0.079,1175400000.0,38000000.0,7843300000.0,,6286100000.0,908000000.0,236300000.0,671700000.0,9205300000.0,6574800000.0,2630500000.0,30762946407.0,537900000.0,-41000000.0,64600000.0,-308300000.0,-10100000.0,-252400000.0,-93100000.0,0.0,883400000.0,0.0,253300000.0,253300000.0,253300000.0,0.0,0.0,0.02,542100000.0,433800000.0,5319900000.0,0.045,5.658,35.879,35.751,1838300000.0,0.0,69.0,0.642,0.638,2408700000.0,4146000000.0,12401000000.0,12401000000.0,0.0,,,,,0.0,518800000.0,1.0,445839803.0,448000000,460300000.0,27.681,13467000000.0,0.0,135700000.0,759500000.0,30.06,4141500000.0
81,CAH,MRQ,2001-03-31,2001-03-31,2001-03-31,2021-08-25,-115900000.0,14230500000.0,,10365600000.0,3864900000.0,,11.461,-81000000.0,396200000.0,396200000.0,11634000000.0,192900000.0,1.632,1.795,2192900000.0,23100000.0,2169800000.0,2192900000.0,0.0,70100000.0,0.0,0.001,0.02,349900000.0,420000000.0,0.033,420000000.0,349900000.0,306200000.0,0.43,0.42,0.43,5092200000.0,,5092200000.0,28718041886.0,20.0,17.043,169700000.0,0.382,1.0,946100000.0,0.075,1142200000.0,43700000.0,8534500000.0,,6127700000.0,846100000.0,214300000.0,631800000.0,9138300000.0,6350500000.0,2787800000.0,27125541886.0,-144300000.0,-61000000.0,85900000.0,-331000000.0,-8400000.0,-253000000.0,-142000000.0,0.0,250700000.0,0.0,192900000.0,192900000.0,192900000.0,0.0,0.0,0.015,596200000.0,349900000.0,5141900000.0,0.047,5.327,33.484,35.054,1859000000.0,0.0,64.5,0.589,0.622,2862300000.0,3903300000.0,12580100000.0,12580100000.0,0.0,,,,,0.0,497300000.0,1.0,420551037.0,444300000,456500000.0,28.314,13088300000.0,0.0,113300000.0,618000000.0,29.458,4015100000.0
82,CAH,MRQ,2000-12-31,2000-12-31,2000-12-31,2021-08-25,-108800000.0,12326400000.0,,8774600000.0,3551800000.0,,9.805,-86000000.0,416200000.0,416200000.0,11041200000.0,221200000.0,1.639,1.846,2008700000.0,28200000.0,1980500000.0,2008700000.0,0.0,70900000.0,0.0,0.001,0.02,385700000.0,456600000.0,0.038,456600000.0,385700000.0,346200000.0,0.5,0.49,0.5,4331800000.0,,4331800000.0,29311877450.0,21.0,17.302,34000000.0,0.077,1.0,885400000.0,0.074,1022200000.0,39500000.0,7541600000.0,,5206800000.0,819200000.0,218400000.0,600800000.0,7994600000.0,5355100000.0,2639500000.0,27808577450.0,-32800000.0,-22400000.0,-37800000.0,72400000.0,-9100000.0,-44400000.0,-108400000.0,0.0,120000000.0,0.0,221200000.0,221200000.0,221200000.0,0.0,0.0,0.019,499700000.0,385700000.0,4350000000.0,0.04,6.42,34.096,35.71,1688100000.0,0.0,66.42,0.645,0.681,2225300000.0,3537600000.0,11926600000.0,11926600000.0,0.0,,,,,0.0,479300000.0,1.0,418677770.0,441800000,454200000.0,26.995,11304200000.0,0.0,125000000.0,659000000.0,25.587,3419500000.0
83,CAH,MRQ,2000-09-30,2000-09-30,2000-09-30,2021-08-25,-107800000.0,11224600000.0,,7739700000.0,3484900000.0,,9.638,-50000000.0,491100000.0,491100000.0,10235700000.0,190000000.0,1.716,1.653,1994400000.0,21100000.0,1973300000.0,1994400000.0,0.0,68000000.0,0.0,0.001,0.02,324500000.0,392500000.0,0.036,392500000.0,324500000.0,290800000.0,0.43,0.42,0.43,4230300000.0,,4230300000.0,25517546058.0,19.0,15.927,-432400000.0,-0.985,1.0,804200000.0,0.073,1045400000.0,33700000.0,7173200000.0,,4468400000.0,778200000.0,198500000.0,579700000.0,6994300000.0,4509300000.0,2485000000.0,24507946058.0,-13800000.0,-239900000.0,0.0,599500000.0,-9000000.0,658500000.0,-289900000.0,0.0,-382400000.0,0.0,190000000.0,190000000.0,190000000.0,0.0,0.0,0.017,479700000.0,324500000.0,3429400000.0,0.047,5.793,31.916,33.16,1654300000.0,0.0,58.793,0.635,0.669,1904200000.0,3337900000.0,11039900000.0,11039900000.0,0.0,,,,,0.0,455300000.0,1.0,416849066.0,438900000,450900000.0,25.154,10179200000.0,0.0,100800000.0,511700000.0,23.193,3230400000.0
84,CAH,MRQ,2000-06-30,2000-06-30,2000-06-30,2021-08-25,-81900000.0,12024100000.0,,8446400000.0,3577700000.0,,10.111,-88700000.0,539500000.0,539500000.0,9703000000.0,206000000.0,1.523,1.733,1947900000.0,423400000.0,1524500000.0,1947900000.0,0.0,57500000.0,0.0,0.001,0.02,358400000.0,415900000.0,0.039,415900000.0,358400000.0,320000000.0,0.48,0.46,0.48,4400400000.0,,4400400000.0,22074991818.0,17.0,14.358,678400000.0,1.559,1.0,832100000.0,0.079,1043700000.0,38400000.0,6842100000.0,,4657000000.0,766300000.0,187700000.0,578600000.0,7623700000.0,5546700000.0,2077000000.0,20373491818.0,170500000.0,-2100000.0,42100000.0,-541000000.0,-7400000.0,-505800000.0,-90800000.0,0.0,767100000.0,0.0,206000000.0,206000000.0,206000000.0,0.0,0.0,0.02,473700000.0,358400000.0,3895100000.0,0.042,4.63,28.383,30.081,1728300000.0,0.0,49.333,0.531,0.564,2398800000.0,3331600000.0,10535100000.0,10535100000.0,0.0,,,,,0.0,420500000.0,1.0,412976186.0,435200000,446000000.0,24.207,10980400000.0,0.0,114000000.0,552500000.0,25.231,2899700000.0
85,CAH,MRQ,2000-03-31,2000-03-31,2000-03-31,2021-08-25,-55800000.0,10599300000.0,,7243100000.0,3356200000.0,,8.542,-47400000.0,345900000.0,345900000.0,8820000000.0,198400000.0,1.727,1.817,2047400000.0,29400000.0,2018000000.0,2047400000.0,0.0,74200000.0,0.0,0.002,0.017,354900000.0,429100000.0,0.045,429100000.0,354900000.0,316000000.0,0.45,0.44,0.45,3762900000.0,,3762900000.0,14436828502.0,12.0,9.739,-27800000.0,-0.063,1.0,791500000.0,0.082,966000000.0,38900000.0,7140300000.0,,4303000000.0,715500000.0,180000000.0,535500000.0,6836400000.0,4194500000.0,2641900000.0,12905828502.0,35500000.0,-4900000.0,-263400000.0,360700000.0,-8500000.0,68100000.0,-52200000.0,48400000.0,19600000.0,0.0,198400000.0,198400000.0,198400000.0,0.0,0.0,0.021,436600000.0,354900000.0,3142300000.0,0.038,3.43,19.326,20.163,1611300000.0,0.0,30.587,0.34,0.355,1826400000.0,2985500000.0,9611500000.0,9611500000.0,0.0,,,,,0.0,425900000.0,1.0,421942954.0,440500000,449200000.0,21.82,9633300000.0,0.0,117600000.0,623900000.0,21.869,3048600000.0
86,CAH,MRQ,1999-12-31,1999-12-31,1999-12-31,2021-08-25,-43300000.0,10280000000.0,,6926200000.0,3353800000.0,,9.181,-55800000.0,290500000.0,290500000.0,6677600000.0,173500000.0,1.668,1.662,1821500000.0,163600000.0,1657900000.0,1821500000.0,0.0,63600000.0,0.0,0.002,0.017,301100000.0,364700000.0,0.049,364700000.0,301100000.0,274300000.0,0.413,0.407,0.413,3861400000.0,,3861400000.0,14775887811.0,14.0,11.294,-159900000.0,-0.38,1.0,721900000.0,0.098,969400000.0,26800000.0,6689100000.0,,4041200000.0,672600000.0,166200000.0,506400000.0,6418600000.0,4152500000.0,2266100000.0,13418387811.0,105100000.0,-14300000.0,-22600000.0,276000000.0,-7000000.0,279400000.0,-70200000.0,0.0,-104100000.0,0.0,173500000.0,173500000.0,173500000.0,0.0,0.0,0.023,420800000.0,301100000.0,3027300000.0,0.041,3.475,24.021,24.938,1604400000.0,0.0,31.92,0.385,0.385,1887800000.0,2802700000.0,7399500000.0,7399500000.0,0.0,,,,,0.0,415300000.0,1.0,420375558.0,420600000,427650000.0,17.593,9310600000.0,0.0,100800000.0,608200000.0,22.136,2773700000.0
87,CAH,MRQ,1999-09-30,1999-09-30,1999-09-30,2021-08-25,-42100000.0,9437300000.0,,6159800000.0,3277500000.0,,8.764,-79000000.0,185400000.0,185400000.0,6128900000.0,122000000.0,1.684,1.564,1542900000.0,23300000.0,1519600000.0,1542900000.0,0.0,61700000.0,0.0,0.002,0.017,226700000.0,288400000.0,0.043,288400000.0,226700000.0,201800000.0,0.293,0.287,0.293,3681000000.0,,3681000000.0,16042275764.0,16.0,12.85,-257600000.0,-0.613,1.0,654800000.0,0.097,969500000.0,24900000.0,6167900000.0,,3568000000.0,622400000.0,157700000.0,464700000.0,5756300000.0,3657400000.0,2098900000.0,14943375764.0,0.0,-48300000.0,0.0,277000000.0,-7100000.0,257500000.0,-78900000.0,0.0,-178600000.0,0.0,122000000.0,122000000.0,122000000.0,0.0,0.0,0.018,428100000.0,226700000.0,2799700000.0,0.058,4.06,28.377,30.102,1594300000.0,0.0,36.333,0.443,0.453,1750900000.0,2636700000.0,6783700000.0,6783700000.0,0.0,,,,,0.0,391300000.0,1.0,411285572.0,420000000,429300000.0,16.152,8467800000.0,0.0,79800000.0,579300000.0,20.161,2502400000.0
88,CAH,MRQ,1999-06-30,1999-06-30,1999-06-30,2021-08-25,-44000000.0,8404500000.0,,5238800000.0,3165700000.0,,7.252,-72200000.0,185400000.0,185400000.0,13300800000.0,173900000.0,1.767,1.354,1264100000.0,40200000.0,1223900000.0,1264100000.0,0.0,75900000.0,0.0,0.002,0.017,324300000.0,400200000.0,0.028,400200000.0,324300000.0,275300000.0,0.36,0.36,0.36,3569600000.0,,3569600000.0,18961445413.0,20.0,15.764,372000000.0,0.756,1.0,889500000.0,0.063,942100000.0,49000000.0,5575800000.0,,2940000000.0,606800000.0,152500000.0,454300000.0,4834900000.0,2965300000.0,1869600000.0,17472345413.0,-20600000.0,-69300000.0,31100000.0,-305500000.0,-44800000.0,-322700000.0,-142100000.0,-2100000.0,444200000.0,0.0,173900000.0,173900000.0,173900000.0,0.0,0.0,0.012,565200000.0,324300000.0,2363900000.0,0.047,4.895,34.994,37.503,1561500000.0,0.0,42.753,0.534,0.568,1602100000.0,2544000000.0,14190300000.0,14190300000.0,0.0,,,,,0.0,524800000.0,1.0,408677968.0,492200000,507200000.0,28.83,7462400000.0,0.0,101400000.0,645700000.0,15.161,2273500000.0
89,CAH,MRQ,1999-03-31,1999-03-31,1999-03-31,2021-08-25,-44500000.0,8479700000.0,,5427200000.0,3052500000.0,,7.846,-57400000.0,175600000.0,175600000.0,5776500000.0,89200000.0,1.782,1.592,1664700000.0,123900000.0,1540800000.0,1664700000.0,0.0,57900000.0,0.0,0.001,0.017,197100000.0,255000000.0,0.04,255000000.0,197100000.0,166400000.0,0.213,0.207,0.213,3271600000.0,,3271600000.0,18478805248.0,21.0,16.687,-122500000.0,-0.294,1.0,677700000.0,0.105,918400000.0,30700000.0,6005500000.0,,3141700000.0,527700000.0,136600000.0,391100000.0,5208100000.0,3044900000.0,2163200000.0,17955757248.0,-111500000.0,-8600000.0,-26700000.0,15100000.0,-12400000.0,20200000.0,-66600000.0,0.0,-65100000.0,0.0,89200000.0,89200000.0,89200000.0,0.0,0.0,0.014,480600000.0,197100000.0,2308400000.0,0.08,5.488,38.441,40.0,1513100000.0,0.0,44.0,0.739,0.755,1662900000.0,2296100000.0,6454200000.0,6454200000.0,0.0,,,,,0.0,397100000.0,1.0,408085392.0,417000000,429000000.0,15.478,7561300000.0,0.0,77200000.0,622400000.0,18.133,2382300000.0
90,CAH,MRQ,1998-12-31,1998-12-31,1998-12-31,2021-08-25,-21050000.0,5507990000.0,,4037464000.0,1470526000.0,,5.34,-101000000.0,236543000.0,236543000.0,5634700000.0,141500000.0,1.775,1.482,759591000.0,116778000.0,642813000.0,759591000.0,0.0,54700000.0,0.0,0.001,0.017,250100000.0,304800000.0,0.048,304800000.0,250100000.0,221200000.0,0.34,0.333,0.34,2218879000.0,,2218879000.0,15577215239.0,18.0,13.445,-106000000.0,-0.255,1.0,654600000.0,0.104,277801000.0,28900000.0,3478246000.0,,2443375000.0,425575000.0,103343000.0,322232000.0,3289111000.0,2274991000.0,1014120000.0,15231499239.0,-65400000.0,-98700000.0,18600000.0,132400000.0,-11200000.0,137900000.0,-198300000.0,0.0,-5000000.0,0.0,141500000.0,141500000.0,141500000.0,0.0,0.0,0.022,404500000.0,250100000.0,1918800000.0,0.05,6.865,31.27,43.874,769926000.0,0.0,50.587,0.656,0.906,1105931000.0,1279838000.0,6289300000.0,6289300000.0,0.0,,,,,0.0,401400000.0,1.0,301097112.0,415500000,426750000.0,15.137,5230189000.0,0.0,79700000.0,371307000.0,12.588,1762473000.0
91,CAH,MRQ,1998-09-30,1998-09-30,1998-09-30,2021-08-25,-27622000.0,5043114000.0,,3670067000.0,1373047000.0,,5.059,-70900000.0,332666000.0,332666000.0,5207700000.0,94700000.0,1.822,1.401,678382000.0,35907000.0,642475000.0,678382000.0,0.0,59700000.0,0.0,0.001,0.017,182200000.0,241900000.0,0.042,241900000.0,182200000.0,158800000.0,0.227,0.22,0.227,2100656000.0,,2100656000.0,13798253951.0,18.0,13.368,-148600000.0,-0.358,1.0,591400000.0,0.102,281291000.0,23400000.0,3092778000.0,,2062315000.0,338238000.0,86856000.0,251382000.0,2942458000.0,2014761000.0,927697000.0,13799976951.0,-6000000.0,29100000.0,16100000.0,152200000.0,-8900000.0,115800000.0,-44100000.0,0.0,-77700000.0,0.0,94700000.0,94700000.0,94700000.0,0.0,0.0,0.016,408300000.0,183100000.0,1696751000.0,0.075,6.569,32.391,42.51,736904000.0,0.0,45.911,0.659,0.91,1039198000.0,1186285000.0,5799100000.0,5799100000.0,0.0,,,,,0.0,373900000.0,1.0,300580330.0,415200000,425850000.0,13.967,4761823000.0,0.0,64100000.0,285222000.0,11.469,1655306000.0
92,CAH,MRQ,1998-06-30,1998-06-30,1998-06-30,2021-08-25,-27900000.0,7478000000.0,,4786100000.0,2691900000.0,,6.611,-74700000.0,373300000.0,373300000.0,5113700000.0,141700000.0,1.756,1.531,1362000000.0,32000000.0,1330000000.0,1362000000.0,0.0,56400000.0,0.0,0.001,0.013,249300000.0,305700000.0,0.053,305700000.0,249300000.0,210900000.0,0.32,0.313,0.32,2954900000.0,,2954900000.0,10636026188.0,13.0,10.441,369200000.0,0.826,1.0,643500000.0,0.112,850500000.0,38400000.0,4890800000.0,,2608100000.0,324500000.0,91400000.0,233100000.0,4523100000.0,2725400000.0,1797700000.0,10360122188.0,225600000.0,-4200000.0,-72100000.0,-57700000.0,-21200000.0,-140200000.0,-79300000.0,-3600000.0,443900000.0,1200000.0,141700000.0,141700000.0,141700000.0,0.0,0.0,0.025,404700000.0,238800000.0,2142700000.0,0.041,3.506,23.099,38.832,1467700000.0,0.0,41.667,0.492,0.824,1436300000.0,2006900000.0,5757200000.0,5757200000.0,0.0,,,,,0.0,382100000.0,1.0,248642932.0,447000000,461100000.0,12.88,6627500000.0,0.0,69200000.0,467700000.0,14.827,2060700000.0
93,CAH,MRQ,1998-03-31,1998-03-31,1998-03-31,2021-08-25,0.0,3973029000.0,,3303380000.0,669649000.0,,3.801,-98141000.0,90151000.0,90151000.0,4791000000.0,109200000.0,1.649,1.568,366055000.0,92788000.0,273267000.0,366055000.0,0.0,116664000.0,0.0,0.001,0.013,189500000.0,306164000.0,0.057,306164000.0,189500000.0,164700000.0,0.267,0.26,0.267,1547402000.0,,1547402000.0,9961247780.0,12.0,8.407,190565000.0,0.468,1.0,572700000.0,0.107,120745000.0,24800000.0,2125113000.0,,2157814000.0,226279000.0,70779000.0,155500000.0,2425627000.0,2003075000.0,422552000.0,9671206780.0,-32574000.0,-41600000.0,-37307000.0,-88978000.0,-25295000.0,-171302000.0,-149356000.0,0.0,288706000.0,-622000.0,109200000.0,109200000.0,109200000.0,0.0,0.0,0.02,378000000.0,194700000.0,1613095000.0,0.049,6.25,20.536,35.762,314847000.0,0.0,39.196,0.415,0.684,811332000.0,861454000.0,5363700000.0,5363700000.0,0.0,,,,,0.0,348200000.0,1.0,246742434.0,407100000,415950000.0,13.175,3852284000.0,0.0,55500000.0,149285000.0,9.463,1300305000.0
94,CAH,MRQ,1997-12-31,1997-12-31,1997-12-31,2021-08-25,0.0,3602491000.0,,2954558000.0,647933000.0,,4.92,-61086000.0,111654000.0,111654000.0,3729295000.0,80440000.0,1.67,1.448,401695000.0,126080000.0,275615000.0,401695000.0,0.0,42279000.0,0.0,0.001,0.011,136177000.0,178456000.0,0.044,178456000.0,136177000.0,128966000.0,0.267,0.267,0.267,1471560000.0,,1471560000.0,,,,-186292000.0,-0.623,1.0,299043000.0,0.074,121230000.0,7211000.0,2001974000.0,,1938526000.0,188011000.0,46837000.0,141174000.0,2130931000.0,1769328000.0,361603000.0,8215131171.0,-66020000.0,0.0,-3466000.0,116857000.0,-2731000.0,116740000.0,-57283000.0,0.0,-125206000.0,-271000.0,80440000.0,80440000.0,80440000.0,0.0,0.0,0.02,163526000.0,135517000.0,1433465000.0,0.041,5.583,20.339,33.324,304146000.0,0.0,33.391,0.395,0.481,752331000.0,816661000.0,4028338000.0,4028338000.0,0.0,,,,,0.0,160337000.0,1.0,246027488.0,299082000,304731000.0,13.469,3481261000.0,0.0,48526000.0,85988000.0,11.64,1185230000.0
95,CAH,MRQ,1997-09-30,1997-09-30,1997-09-30,2021-08-25,0.0,3259489000.0,,2655030000.0,604459000.0,,4.691,-41573000.0,180515000.0,180515000.0,3425918000.0,69322000.0,1.776,1.332,305306000.0,27424000.0,277882000.0,305306000.0,0.0,3057000.0,0.0,0.001,0.011,117712000.0,120769000.0,0.033,120769000.0,117712000.0,110469000.0,0.233,0.227,0.233,1397493000.0,,1397493000.0,,,,-76973000.0,-0.258,1.0,277646000.0,0.075,120948000.0,7243000.0,1768798000.0,,1614140000.0,177202000.0,57664000.0,119538000.0,1861996000.0,1494534000.0,367462000.0,7763534050.0,-59606000.0,0.0,17073000.0,2921000.0,-3074000.0,19762000.0,-43661000.0,0.0,-35400000.0,-307000.0,69322000.0,69322000.0,69322000.0,0.0,0.0,0.019,162506000.0,115140000.0,1239463000.0,0.047,5.555,21.282,34.907,285966000.0,0.0,31.556,0.397,0.481,691063000.0,753138000.0,3703564000.0,3703564000.0,0.0,,,,,0.0,160323000.0,1.0,246027488.0,297907500,303258000.0,12.432,3138541000.0,0.0,41147000.0,89580000.0,10.535,1160496000.0
96,CAH,MRQ,1997-06-30,1997-06-30,1997-06-30,2021-08-25,0.0,3091750000.0,,2487110000.0,604640000.0,,3.348,-177435000.0,243061000.0,243061000.0,8860862000.0,211967000.0,1.79,1.316,306083000.0,28317000.0,277766000.0,306083000.0,0.0,170155000.0,0.0,0.002,0.011,409375000.0,579530000.0,0.057,579530000.0,409375000.0,324563000.0,0.329,0.318,0.329,1334730000.0,,1334730000.0,,,,650980000.0,1.633,1.0,1355656000.0,0.133,122104000.0,84812000.0,1643235000.0,,1436220000.0,159560000.0,40997000.0,118563000.0,1757020000.0,1389433000.0,367587000.0,,244709000.0,-43700000.0,37363000.0,-367287000.0,-33612000.0,-384836000.0,-197670000.0,-35000.0,828415000.0,-1200000.0,211967000.0,211967000.0,211967000.0,0.0,0.0,0.021,923073000.0,432583000.0,1135951000.0,0.033,,,30.291,277471000.0,0.0,25.444,,0.552,672164000.0,701896000.0,10216518000.0,10216518000.0,0.0,,,,,0.0,921229000.0,1.0,,398700000,408000000.0,25.625,2969646000.0,0.0,112596000.0,89821000.0,7.448,1097677000.0
97,CAH,MRQ,1997-03-31,1997-03-31,1997-03-31,2021-08-25,,,,,,,,-18239000.0,,,2578842000.0,42181000.0,,,,,,,,13665000.0,,0.002,0.011,85061000.0,98726000.0,0.035,98726000.0,85061000.0,76647000.0,0.173,0.169,0.173,,,,,,,-147423000.0,-0.606,1.0,246658000.0,0.087,,8414000.0,,,,,,,,,,,-74939000.0,0.0,9881000.0,24249000.0,-2506000.0,35299000.0,18946000.0,37185000.0,-129184000.0,0.0,42181000.0,42181000.0,42181000.0,0.0,0.0,0.015,162384000.0,84274000.0,,0.064,,,,,0.0,24.169,,,,,2825500000.0,2825500000.0,0.0,,,,,0.0,131502000.0,1.0,,243436500,248053500.0,11.607,,,34466000.0,,,
98,CAH,MRQ,1996-12-31,1996-12-31,1996-12-31,2021-08-25,,,,,,,,-19063000.0,,,2592548000.0,41326000.0,,,,,,,,14451000.0,,0.001,0.011,80113000.0,94564000.0,0.034,94564000.0,80113000.0,72745000.0,0.169,0.169,0.169,,,,,,,-41081000.0,-0.17,1.0,223858000.0,0.079,,7368000.0,,,,,,,,,,,-37659000.0,0.0,5611000.0,-22526000.0,-1963000.0,-17128000.0,1487000.0,20550000.0,-22018000.0,0.0,41326000.0,41326000.0,41326000.0,0.0,0.0,0.015,145429000.0,78429000.0,,0.065,,,,,0.0,25.889,,,,,2816406000.0,2816406000.0,0.0,,,,,0.0,127413000.0,1.0,,241971750,246012750.0,11.639,,,31419000.0,,,
99,CAH,MRQ,1996-09-30,1996-09-30,1996-09-30,2021-08-25,,,,,,,,-13163000.0,,,2341648000.0,39326000.0,,,,,,,,10829000.0,,0.001,0.009,72351000.0,83180000.0,0.033,83180000.0,72351000.0,65745000.0,0.164,0.164,0.164,,,,,,,-201376000.0,-0.845,1.0,193828000.0,0.076,,6606000.0,,,,,,,,,,,-186911000.0,0.0,17645000.0,-2936000.0,-1919000.0,17865000.0,-16563000.0,-3400000.0,-188213000.0,0.0,39326000.0,39326000.0,39326000.0,0.0,0.0,0.016,124314000.0,69514000.0,,0.055,,,,,0.0,24.48,,,,,2535476000.0,2535476000.0,0.0,,,,,0.0,124156000.0,1.0,,238376250,238837500.0,10.636,,,26419000.0,,,
100,CAH,MRQ,1996-06-30,1996-06-30,1996-06-30,2021-08-25,0.0,2959401000.0,,2374943000.0,584458000.0,,4.686,,312030000.0,312030000.0,,,1.657,1.702,433970000.0,113643000.0,320327000.0,433970000.0,0.0,,0.0,0.002,0.009,,,,,,,,,,1095225000.0,,1095225000.0,,,,,,1.0,,,133624000.0,,1514814000.0,,1272112000.0,202092000.0,92288000.0,109804000.0,1864176000.0,1432903000.0,431273000.0,,,,,,,,,,,,,,,,,,,,1146729000.0,,,,39.429,250559000.0,,21.37,,0.431,631866000.0,520666000.0,,,,,,,,,,1.0,,233712000,,,2825777000.0,0.0,,110946000.0,12.091,942040000.0
0,CAH,MRT,2021-06-30,2021-06-30,2021-06-30,2021-08-25,-34000000.0,44453000000.0,43693250000.0,31048000000.0,13405000000.0,3.718,6.134,-400000000.0,3407000000.0,3407000000.0,155689000000.0,612000000.0,1.124,23.819,6236000000.0,871000000.0,5365000000.0,6236000000.0,0.0,783000000.0,0.0,0.034,1.949,502000000.0,1285000000.0,0.008,1285000000.0,502000000.0,322000000.0,2.09,2.08,2.09,1791000000.0,1743500000.0,1791000000.0,19796545152.0,39.0,15.406,2029000000.0,6.949,1.0,6778000000.0,0.042,10094000000.0,180000000.0,9564000000.0,10637500000.0,14594000000.0,0.0,0.0,0.0,42659000000.0,27624000000.0,15035000000.0,16564545152.0,636000000.0,-3000000.0,-200000000.0,-570000000.0,-573000000.0,-1317000000.0,-378000000.0,25000000.0,2429000000.0,11000000.0,611000000.0,611000000.0,611000000.0,0.0,1000000.0,0.004,6259000000.0,519000000.0,23700000000.0,0.933,9.249,27.111,27.316,2360000000.0,0.0,57.09,0.102,0.103,9103000000.0,1205000000.0,162467000000.0,162467000000.0,0.0,0.014,0.35,0.047,0.003,89000000.0,4533000000.0,1.0,290147927.0,292000000,294000000.0,556.394,34359000000.0,0.0,-289000000.0,9670000000.0,117.668,3424000000.0
1,CAH,MRT,2021-03-31,2021-03-31,2021-03-31,2021-08-25,-48000000.0,43874000000.0,42771500000.0,30362000000.0,13512000000.0,3.661,6.13,-412000000.0,3499000000.0,3499000000.0,149677000000.0,1154000000.0,1.199,23.508,6731000000.0,16000000.0,6715000000.0,6731000000.0,0.0,828000000.0,0.0,0.032,1.944,1201000000.0,2029000000.0,0.013,2029000000.0,1201000000.0,1016000000.0,3.92,3.9,3.92,1790000000.0,1743000000.0,1790000000.0,20836304270.0,17.0,10.269,1592000000.0,5.452,1.0,6893000000.0,0.044,10179000000.0,185000000.0,11604000000.0,10716500000.0,14329000000.0,0.0,0.0,0.0,42080000000.0,25323000000.0,16757000000.0,17840304270.0,1170000000.0,-1000000.0,-200000000.0,-564000000.0,-573000000.0,-1196000000.0,452000000.0,865000000.0,2004000000.0,-4000000.0,1151000000.0,1151000000.0,1151000000.0,0.0,3000000.0,0.007,6260000000.0,633000000.0,22641000000.0,0.496,9.967,15.5,15.497,2315000000.0,0.0,60.75,0.114,0.113,8727000000.0,1233000000.0,156570000000.0,156570000000.0,0.0,0.027,0.66,0.112,0.008,106000000.0,4541000000.0,1.0,293667560.0,292000000,294000000.0,536.199,33695000000.0,0.0,-135000000.0,10042000000.0,115.394,5039000000.0
2,CAH,MRT,2020-12-31,2020-12-31,2020-12-31,2021-08-25,-53000000.0,44719000000.0,42090000000.0,30113000000.0,14606000000.0,3.717,6.704,-402000000.0,3737000000.0,3737000000.0,149486000000.0,1385000000.0,1.169,21.686,6733000000.0,13000000.0,6720000000.0,6733000000.0,0.0,853000000.0,0.0,0.036,1.939,1254000000.0,2107000000.0,0.013,2107000000.0,1254000000.0,1054000000.0,4.71,4.69,4.71,1971000000.0,1596250000.0,1971000000.0,19709605247.0,16.0,9.354,3001000000.0,10.207,1.0,6966000000.0,0.045,11102000000.0,200000000.0,10863000000.0,10323500000.0,14443000000.0,0.0,0.0,0.0,42744000000.0,25750000000.0,16994000000.0,15715605247.0,2078000000.0,-1000000.0,0.0,-1338000000.0,-571000000.0,-1784000000.0,453000000.0,856000000.0,3403000000.0,6000000.0,1382000000.0,1382000000.0,1382000000.0,0.0,3000000.0,0.009,6275000000.0,691000000.0,23235000000.0,0.412,7.973,11.372,11.372,2386000000.0,0.0,53.56,0.1,0.101,8728000000.0,1255000000.0,156452000000.0,156452000000.0,0.0,0.033,0.866,0.121,0.008,100000000.0,4586000000.0,1.0,293420561.0,294000000,295000000.0,532.15,33617000000.0,0.0,-328000000.0,10274000000.0,114.344,4363000000.0
3,CAH,MRT,2020-09-30,2020-09-30,2020-09-30,2021-08-25,-87000000.0,41727000000.0,41170750000.0,27030000000.0,14697000000.0,3.756,4.853,-381000000.0,2746000000.0,2746000000.0,147742000000.0,975000000.0,1.125,28.342,6740000000.0,12000000.0,6728000000.0,6740000000.0,0.0,884000000.0,0.0,0.041,1.934,1124000000.0,2008000000.0,0.013,2008000000.0,1124000000.0,907000000.0,3.32,3.31,3.32,1422000000.0,1353250000.0,1422000000.0,17734249509.0,16.0,8.832,2502000000.0,8.539,1.0,6904000000.0,0.045,11186000000.0,217000000.0,10519000000.0,10333750000.0,13439000000.0,0.0,0.0,0.0,40302000000.0,24016000000.0,16286000000.0,13730249509.0,1534000000.0,2000000.0,0.0,-1365000000.0,-569000000.0,-1813000000.0,472000000.0,851000000.0,2883000000.0,-8000000.0,973000000.0,973000000.0,973000000.0,0.0,2000000.0,0.006,6340000000.0,564000000.0,21688000000.0,0.583,9.656,14.111,14.142,2369000000.0,0.0,46.95,0.089,0.089,8637000000.0,771000000.0,154646000000.0,154646000000.0,0.0,0.024,0.719,0.109,0.007,98000000.0,4602000000.0,1.0,292444079.0,293000000,293000000.0,527.802,30541000000.0,0.0,-66000000.0,9558000000.0,104.235,3014000000.0
4,CAH,MRT,2020-06-30,2020-06-30,2020-06-30,2021-08-25,-104000000.0,40766000000.0,40533750000.0,25940000000.0,14826000000.0,3.773,6.106,-375000000.0,2771000000.0,2771000000.0,146054000000.0,-3693000000.0,1.098,21.785,6775000000.0,10000000.0,6765000000.0,6775000000.0,0.0,913000000.0,0.0,0.037,1.929,-3537000000.0,-2624000000.0,-0.017,-2624000000.0,-3537000000.0,-3775000000.0,-12.61,-12.61,-12.61,1789000000.0,1222750000.0,1789000000.0,20171771364.0,-6.0,-7.687,1585000000.0,5.41,1.0,6868000000.0,0.045,11275000000.0,238000000.0,9880000000.0,10641750000.0,13198000000.0,0.0,0.0,0.0,38974000000.0,23615000000.0,15359000000.0,15238771364.0,240000000.0,2000000.0,-350000000.0,-1401000000.0,-569000000.0,-2200000000.0,493000000.0,866000000.0,1960000000.0,-13000000.0,-3696000000.0,-3696000000.0,-3696000000.0,0.0,3000000.0,-0.024,10965000000.0,-4097000000.0,21374000000.0,-0.153,8.518,-4.123,-4.139,2366000000.0,0.0,52.19,0.1,0.1,8264000000.0,1170000000.0,152922000000.0,152922000000.0,0.0,-0.091,-3.023,-0.332,-0.023,90000000.0,4572000000.0,1.0,291986422.0,293000000,293000000.0,521.918,29491000000.0,0.0,-79000000.0,8594000000.0,100.652,2325000000.0
5,CAH,MRT,2020-03-31,2020-03-31,2020-03-31,2021-08-25,-141000000.0,41148000000.0,40583000000.0,25848000000.0,15300000000.0,3.784,4.12,-373000000.0,2329000000.0,2329000000.0,146634000000.0,-4155000000.0,1.048,33.202,7262000000.0,508000000.0,6754000000.0,7262000000.0,0.0,929000000.0,0.0,0.04,1.924,-4095000000.0,-3166000000.0,-0.021,-3166000000.0,-4095000000.0,-4351000000.0,-14.04,-14.06,-14.04,1203000000.0,2357500000.0,1203000000.0,20263102572.0,-5.0,-6.4,1853000000.0,6.346,1.0,6952000000.0,0.045,11378000000.0,256000000.0,10032000000.0,10808250000.0,12808000000.0,0.0,0.0,0.0,39942000000.0,24671000000.0,15271000000.0,13988102572.0,-1109000000.0,-30000000.0,-350000000.0,-1990000000.0,-570000000.0,-2915000000.0,-422000000.0,-19000000.0,2226000000.0,2000000.0,-4158000000.0,-4158000000.0,-4158000000.0,0.0,3000000.0,-0.027,11035000000.0,-4083000000.0,21984000000.0,-0.137,11.628,-3.364,-3.415,2299000000.0,0.0,47.94,0.091,0.091,9019000000.0,656000000.0,153586000000.0,153586000000.0,0.0,-0.102,-1.764,-0.379,-0.027,86000000.0,4600000000.0,1.0,291783533.0,292000000,294000000.0,525.979,29770000000.0,0.0,-193000000.0,8517000000.0,101.952,1177000000.0
6,CAH,MRT,2019-12-31,2019-12-31,2019-12-31,2021-08-25,-103000000.0,41042000000.0,40498250000.0,25736000000.0,15306000000.0,3.695,3.421,-359000000.0,1659000000.0,1659000000.0,142826000000.0,-4210000000.0,1.034,40.08,7934000000.0,1192000000.0,6742000000.0,7934000000.0,0.0,966000000.0,0.0,0.038,1.92,-4187000000.0,-3221000000.0,-0.022,-3221000000.0,-4187000000.0,-4458000000.0,-14.25,-14.26,-14.25,999000000.0,3614250000.0,999000000.0,21573060945.0,-5.0,-6.698,1671000000.0,5.723,1.0,6831000000.0,0.046,11523000000.0,271000000.0,10904000000.0,10968250000.0,13799000000.0,0.0,0.0,0.0,40040000000.0,24890000000.0,15150000000.0,14794060945.0,-523000000.0,-38000000.0,-350000000.0,-1212000000.0,-571000000.0,-2145000000.0,-408000000.0,-11000000.0,2030000000.0,0.0,-4212000000.0,-4212000000.0,-4212000000.0,0.0,2000000.0,-0.028,11012000000.0,-4181000000.0,21459000000.0,-0.135,14.809,-3.512,-3.549,2301000000.0,0.0,50.58,0.099,0.099,8280000000.0,449000000.0,149657000000.0,149657000000.0,0.0,-0.104,-1.165,-0.382,-0.028,82000000.0,4532000000.0,1.0,292488354.0,292000000,294000000.0,512.524,29519000000.0,0.0,-246000000.0,8408000000.0,101.092,846000000.0
7,CAH,MRT,2019-09-30,2019-09-30,2019-09-30,2021-08-25,-101000000.0,39179000000.0,40353250000.0,23715000000.0,15464000000.0,3.659,3.041,-342000000.0,1212000000.0,1212000000.0,140815000000.0,-4149000000.0,1.052,42.529,7991000000.0,631000000.0,7360000000.0,7991000000.0,0.0,989000000.0,0.0,0.041,1.914,-4047000000.0,-3058000000.0,-0.021,-3058000000.0,-4047000000.0,-4331000000.0,-14.06,-14.08,-14.06,900000000.0,4875250000.0,900000000.0,19568928265.0,-5.0,-6.399,1362000000.0,4.601,1.0,6847000000.0,0.046,11658000000.0,284000000.0,11751000000.0,11125250000.0,12458000000.0,0.0,0.0,0.0,38276000000.0,22549000000.0,15727000000.0,14068928265.0,-833000000.0,-59000000.0,-350000000.0,-1177000000.0,-573000000.0,-2114000000.0,-414000000.0,-13000000.0,1704000000.0,-9000000.0,-4152000000.0,-4152000000.0,-4152000000.0,0.0,3000000.0,-0.028,10891000000.0,-4044000000.0,19724000000.0,-0.136,15.632,-3.388,-3.356,2324000000.0,0.0,47.19,0.095,0.095,8190000000.0,371000000.0,147662000000.0,147662000000.0,0.0,-0.103,-0.852,-0.364,-0.027,83000000.0,4433000000.0,1.0,298133678.0,296000000,296000000.0,498.858,27521000000.0,0.0,-179000000.0,8367000000.0,92.976,1166000000.0
8,CAH,MRT,2019-06-30,2019-06-30,2019-06-30,2021-08-25,-79000000.0,40963000000.0,40561250000.0,25747000000.0,15216000000.0,3.588,21.093,-328000000.0,2531000000.0,2531000000.0,138700000000.0,1365000000.0,1.068,5.473,8031000000.0,452000000.0,7579000000.0,8031000000.0,0.0,1000000000.0,0.0,0.041,1.91,2043000000.0,3043000000.0,0.021,3043000000.0,2043000000.0,1749000000.0,4.55,4.53,4.55,6328000000.0,6128500000.0,6328000000.0,19680618040.0,10.0,6.468,2394000000.0,7.98,1.0,6834000000.0,0.047,11808000000.0,294000000.0,10546000000.0,11141750000.0,12822000000.0,0.0,0.0,0.0,34633000000.0,24109000000.0,10524000000.0,14038618040.0,768000000.0,681000000.0,-600000000.0,-1102000000.0,-577000000.0,-2293000000.0,338000000.0,-15000000.0,2722000000.0,1000000.0,1363000000.0,1363000000.0,1363000000.0,0.0,2000000.0,0.009,4789000000.0,2045000000.0,21535000000.0,0.42,2.218,10.3,10.352,2356000000.0,0.0,47.1,0.096,0.097,8448000000.0,5434000000.0,145534000000.0,145534000000.0,0.0,0.034,0.222,0.183,0.014,82000000.0,4480000000.0,1.0,298059831.0,300000000,301000000.0,485.113,29155000000.0,0.0,386000000.0,2945000000.0,97.183,1638000000.0
9,CAH,MRT,2019-03-31,2019-03-31,2019-03-31,2021-08-25,-111000000.0,40809000000.0,40308250000.0,25582000000.0,15227000000.0,3.561,20.906,-330000000.0,3438000000.0,3438000000.0,136634000000.0,5000000.0,1.07,5.55,9080000000.0,1451000000.0,7629000000.0,9080000000.0,0.0,1012000000.0,0.0,0.04,1.905,630000000.0,1642000000.0,0.011,1642000000.0,630000000.0,324000000.0,0.18,0.17,0.18,6230000000.0,6061250000.0,6230000000.0,21216501842.0,34.0,12.921,2440000000.0,8.188,1.0,6896000000.0,0.048,11860000000.0,306000000.0,10672000000.0,11525000000.0,12622000000.0,0.0,0.0,0.0,34577000000.0,23919000000.0,10658000000.0,14349501842.0,1263000000.0,711000000.0,-700000000.0,-553000000.0,-580000000.0,-1859000000.0,371000000.0,-10000000.0,2770000000.0,-15000000.0,3000000.0,3000000.0,3000000.0,0.0,2000000.0,0.0,6264000000.0,632000000.0,20517000000.0,10.583,2.303,4783.167,267.5,2322000000.0,0.0,48.15,0.1,0.1,7879000000.0,5386000000.0,143530000000.0,143530000000.0,0.0,0.0,0.0,0.055,0.004,85000000.0,4587000000.0,1.0,298016653.0,298000000,299000000.0,481.644,28949000000.0,0.0,321000000.0,3029000000.0,97.144,1663000000.0
10,CAH,MRT,2018-12-31,2018-12-31,2018-12-31,2021-08-25,-123000000.0,40462000000.0,40363750000.0,25091000000.0,15371000000.0,3.516,20.211,-332000000.0,2182000000.0,2182000000.0,134890000000.0,-36000000.0,1.053,5.696,9049000000.0,1450000000.0,7599000000.0,9049000000.0,0.0,1010000000.0,0.0,0.042,1.891,733000000.0,1743000000.0,0.012,1743000000.0,733000000.0,418000000.0,0.0,-0.01,0.0,6043000000.0,6388000000.0,6043000000.0,20244183140.0,28.0,11.615,1712000000.0,5.726,1.0,7045000000.0,0.05,11973000000.0,315000000.0,11532000000.0,12034000000.0,13037000000.0,0.0,0.0,0.0,34419000000.0,23824000000.0,10595000000.0,13288183140.0,933000000.0,1579000000.0,-1000000000.0,-758000000.0,-578000000.0,-2354000000.0,1236000000.0,-11000000.0,2044000000.0,-7000000.0,-38000000.0,-38000000.0,-38000000.0,0.0,2000000.0,0.0,6310000000.0,735000000.0,20610000000.0,,2.199,-349.689,,2376000000.0,0.0,44.6,0.094,0.094,7932000000.0,5233000000.0,141935000000.0,141935000000.0,0.0,-0.001,-0.006,0.061,0.005,86000000.0,4622000000.0,1.0,297941326.0,299000000,300000000.0,474.699,28489000000.0,0.0,456000000.0,2996000000.0,95.281,1267000000.0
11,CAH,MRT,2018-09-30,2018-09-30,2018-09-30,2021-08-25,-96000000.0,40011000000.0,40974500000.0,24445000000.0,15566000000.0,3.402,19.387,-375000000.0,2045000000.0,2045000000.0,132205000000.0,736000000.0,1.06,5.767,9001000000.0,1002000000.0,7999000000.0,9001000000.0,0.0,1048000000.0,0.0,0.035,1.877,655000000.0,1703000000.0,0.012,1703000000.0,655000000.0,329000000.0,2.41,2.39,2.41,5913000000.0,6777000000.0,5913000000.0,23926755740.0,37.0,14.05,1577000000.0,5.17,1.0,7176000000.0,0.051,12093000000.0,326000000.0,11817000000.0,12632000000.0,12481000000.0,394000000.0,0.0,394000000.0,34098000000.0,23057000000.0,11041000000.0,16676755740.0,864000000.0,1598000000.0,-1000000000.0,-594000000.0,-581000000.0,-2296000000.0,1215000000.0,-8000000.0,1952000000.0,-3000000.0,735000000.0,735000000.0,735000000.0,0.0,1000000.0,0.005,6520000000.0,656000000.0,20236000000.0,0.779,2.82,22.689,22.407,2436000000.0,0.0,54.0,0.12,0.118,8082000000.0,5097000000.0,139381000000.0,139381000000.0,0.0,0.018,0.108,0.052,0.005,87000000.0,4689000000.0,1.0,308828810.0,305000000,306000000.0,456.987,27918000000.0,0.0,-406000000.0,3042000000.0,91.534,1388000000.0
12,CAH,MRT,2018-06-30,2018-06-30,2018-06-30,2021-08-25,-92000000.0,39951000000.0,41456750000.0,24553000000.0,15398000000.0,3.3,19.358,-384000000.0,1763000000.0,1763000000.0,129628000000.0,259000000.0,1.073,5.594,9013000000.0,1001000000.0,8012000000.0,9013000000.0,0.0,1032000000.0,0.0,0.038,1.862,98000000.0,1130000000.0,0.008,1130000000.0,98000000.0,-231000000.0,0.82,0.81,0.82,6059000000.0,6968250000.0,6059000000.0,22573750943.0,230.0,19.977,2384000000.0,7.617,1.0,7181000000.0,0.052,12229000000.0,329000000.0,12079000000.0,13035000000.0,12308000000.0,0.0,0.0,0.0,33892000000.0,22893000000.0,10999000000.0,15170750943.0,-5116000000.0,-5280000000.0,-550000000.0,-1001000000.0,-581000000.0,-2276000000.0,-5608000000.0,56000000.0,2768000000.0,4000000.0,256000000.0,256000000.0,256000000.0,0.0,3000000.0,0.002,7078000000.0,103000000.0,19677000000.0,2.271,2.504,59.261,59.549,2487000000.0,0.0,48.83,0.111,0.112,7800000000.0,4645000000.0,136809000000.0,136809000000.0,0.0,0.006,0.037,0.008,0.001,85000000.0,4596000000.0,1.0,310685049.0,313000000,315000000.0,437.089,27722000000.0,0.0,-487000000.0,2975000000.0,88.569,1660000000.0
13,CAH,MRT,2018-03-31,2018-03-31,2018-03-31,2021-08-25,-5000000.0,41031000000.0,41497000000.0,23513000000.0,17518000000.0,3.239,24.08,-340000000.0,2175000000.0,2175000000.0,127357000000.0,1703000000.0,1.097,4.444,9578000000.0,551000000.0,9027000000.0,9578000000.0,0.0,971000000.0,0.0,0.029,1.848,1647000000.0,2618000000.0,0.019,2618000000.0,1647000000.0,1328000000.0,5.39,5.36,5.39,7537000000.0,7155500000.0,7537000000.0,28235829370.0,17.0,10.785,2598000000.0,8.3,1.0,7069000000.0,0.053,14299000000.0,319000000.0,12708000000.0,13315250000.0,11962000000.0,0.0,0.0,0.0,33493000000.0,21427000000.0,12066000000.0,19725829370.0,807000000.0,-5297000000.0,-450000000.0,4449000000.0,-578000000.0,3293000000.0,-5444000000.0,193000000.0,2938000000.0,20000000.0,1697000000.0,1697000000.0,1697000000.0,0.0,6000000.0,0.013,5415000000.0,1654000000.0,18741000000.0,0.343,2.617,11.624,11.629,2521000000.0,0.0,62.68,0.147,0.146,7671000000.0,5958000000.0,134426000000.0,134426000000.0,0.0,0.041,0.237,0.124,0.012,87000000.0,4308000000.0,1.0,314706914.0,313000000,315000000.0,429.476,26732000000.0,0.0,-369000000.0,3027000000.0,85.406,2086000000.0
14,CAH,MRT,2017-12-31,2017-12-31,2017-12-31,2021-08-25,-95000000.0,42905000000.0,39782750000.0,25188000000.0,17717000000.0,3.333,24.124,-343000000.0,1249000000.0,1249000000.0,125730000000.0,1830000000.0,1.089,4.644,9759000000.0,702000000.0,9057000000.0,9759000000.0,0.0,898000000.0,0.0,0.03,1.835,1708000000.0,2606000000.0,0.02,2606000000.0,1708000000.0,1427000000.0,5.79,5.75,5.79,7599000000.0,6932750000.0,7599000000.0,28097765084.0,16.0,10.782,1643000000.0,5.216,1.0,6884000000.0,0.052,14366000000.0,281000000.0,13924000000.0,12434250000.0,12087000000.0,0.0,0.0,0.0,35286000000.0,23125000000.0,12161000000.0,19275765084.0,-632000000.0,-6258000000.0,-150000000.0,4646000000.0,-580000000.0,3802000000.0,-6417000000.0,184000000.0,1986000000.0,15000000.0,1823000000.0,1823000000.0,1823000000.0,0.0,7000000.0,0.014,5168000000.0,1716000000.0,19194000000.0,0.317,2.537,10.574,10.582,2547000000.0,0.0,61.27,0.145,0.146,7664000000.0,5848000000.0,132614000000.0,132614000000.0,0.0,0.046,0.263,0.137,0.013,89000000.0,4136000000.0,1.0,314603641.0,315000000,316000000.0,420.997,28539000000.0,0.0,-396000000.0,3091000000.0,90.6,2063000000.0
15,CAH,MRT,2017-09-30,2017-09-30,2017-09-30,2021-08-25,-86000000.0,41940000000.0,37811750000.0,23725000000.0,18215000000.0,3.453,21.133,-354000000.0,1181000000.0,1181000000.0,123953000000.0,1101000000.0,1.059,5.278,10003000000.0,935000000.0,9068000000.0,10003000000.0,0.0,773000000.0,0.0,0.027,1.822,1839000000.0,2612000000.0,0.02,2612000000.0,1839000000.0,1601000000.0,3.46,3.44,3.46,6678000000.0,6613750000.0,6678000000.0,24693079195.0,13.0,9.454,1907000000.0,6.035,1.0,6625000000.0,0.051,14926000000.0,238000000.0,13429000000.0,11031250000.0,12121000000.0,0.0,0.0,0.0,35245000000.0,22407000000.0,12838000000.0,21177079195.0,-820000000.0,-6258000000.0,-500000000.0,4432000000.0,-578000000.0,3352000000.0,-6439000000.0,173000000.0,2261000000.0,6000000.0,1094000000.0,1094000000.0,1094000000.0,0.0,7000000.0,0.008,4778000000.0,1847000000.0,19202000000.0,0.527,3.171,19.357,19.341,2651000000.0,0.0,66.92,0.162,0.162,8382000000.0,4943000000.0,130578000000.0,130578000000.0,0.0,0.029,0.165,0.167,0.014,90000000.0,3915000000.0,1.0,316453664.0,316000000,318000000.0,413.222,27014000000.0,0.0,507000000.0,3758000000.0,85.487,1318000000.0
16,CAH,MRT,2017-06-30,2017-06-30,2017-06-30,2021-08-25,-125000000.0,40112000000.0,35928250000.0,28345000000.0,11767000000.0,3.618,21.476,-387000000.0,6879000000.0,6879000000.0,123432000000.0,1294000000.0,1.336,4.889,10395000000.0,1327000000.0,9068000000.0,10395000000.0,0.0,717000000.0,0.0,0.023,1.809,2119000000.0,2836000000.0,0.022,2836000000.0,2119000000.0,1918000000.0,4.06,4.03,4.06,6808000000.0,6572250000.0,6808000000.0,28706568686.0,14.0,10.122,797000000.0,2.514,1.0,6544000000.0,0.05,9207000000.0,201000000.0,13200000000.0,9801250000.0,11301000000.0,0.0,0.0,0.0,33284000000.0,21221000000.0,12063000000.0,24613568686.0,4523000000.0,-129000000.0,-600000000.0,4864000000.0,-577000000.0,3746000000.0,-405000000.0,111000000.0,1184000000.0,-2000000.0,1288000000.0,1288000000.0,1288000000.0,0.0,6000000.0,0.01,4419000000.0,2125000000.0,17906000000.0,0.446,3.615,19.11,19.192,1879000000.0,0.0,77.92,0.189,0.19,8048000000.0,4967000000.0,129976000000.0,129976000000.0,0.0,0.036,0.196,0.216,0.016,96000000.0,3775000000.0,1.0,315882555.0,317000000,320000000.0,410.019,30905000000.0,0.0,630000000.0,2877000000.0,97.492,7124000000.0
17,CAH,MRT,2017-03-31,2017-03-31,2017-03-31,2021-08-25,-136000000.0,34174000000.0,34430750000.0,22283000000.0,11891000000.0,3.729,21.032,-474000000.0,1368000000.0,1368000000.0,121808000000.0,1351000000.0,1.126,4.139,5461000000.0,607000000.0,4854000000.0,5461000000.0,0.0,701000000.0,0.0,0.022,1.796,2298000000.0,2999000000.0,0.023,2999000000.0,2298000000.0,2120000000.0,4.23,4.2,4.23,6646000000.0,6508750000.0,6646000000.0,29306335352.0,13.0,9.772,627000000.0,1.984,1.0,6586000000.0,0.051,9287000000.0,178000000.0,9184000000.0,8545750000.0,11641000000.0,0.0,0.0,0.0,27509000000.0,19796000000.0,7713000000.0,25725335352.0,-1230000000.0,-330000000.0,-951000000.0,-44000000.0,-561000000.0,-1493000000.0,-828000000.0,-24000000.0,1101000000.0,-10000000.0,1346000000.0,1346000000.0,1346000000.0,0.0,5000000.0,0.01,4283000000.0,2303000000.0,17535000000.0,0.425,3.871,19.112,19.279,1849000000.0,0.0,81.55,0.2,0.201,7505000000.0,4842000000.0,128394000000.0,128394000000.0,0.0,0.039,0.207,0.269,0.018,102000000.0,3760000000.0,1.0,315454756.0,316000000,318000000.0,406.31,24887000000.0,0.0,774000000.0,2742000000.0,78.756,2487000000.0
18,CAH,MRT,2016-12-31,2016-12-31,2016-12-31,2021-08-25,-170000000.0,35021000000.0,34401000000.0,23153000000.0,11868000000.0,3.699,19.884,-502000000.0,1881000000.0,1881000000.0,120688000000.0,1355000000.0,1.102,4.536,5462000000.0,603000000.0,4859000000.0,5462000000.0,0.0,674000000.0,0.0,0.024,1.734,2345000000.0,3019000000.0,0.024,3019000000.0,2345000000.0,2169000000.0,4.2,4.17,4.2,6323000000.0,6525500000.0,6323000000.0,26565955845.0,11.0,8.8,1716000000.0,5.396,1.0,6547000000.0,0.051,9276000000.0,176000000.0,8312000000.0,8366750000.0,11915000000.0,0.0,0.0,0.0,28680000000.0,21014000000.0,7666000000.0,23034955845.0,-443000000.0,-328000000.0,-1251000000.0,-42000000.0,-546000000.0,-1803000000.0,-846000000.0,-16000000.0,2218000000.0,-12000000.0,1351000000.0,1351000000.0,1351000000.0,0.0,4000000.0,0.011,4198000000.0,2349000000.0,18857000000.0,0.413,3.643,17.05,17.136,1856000000.0,0.0,71.97,0.181,0.18,7533000000.0,4604000000.0,127235000000.0,127235000000.0,0.0,0.039,0.207,0.28,0.018,102000000.0,3714000000.0,1.0,320063302.0,318000000,319000000.0,400.11,25745000000.0,0.0,818000000.0,2692000000.0,80.959,2139000000.0
19,CAH,MRT,2016-09-30,2016-09-30,2016-09-30,2021-08-25,-116000000.0,34406000000.0,34022500000.0,22283000000.0,12123000000.0,3.69,20.35,-482000000.0,2001000000.0,2001000000.0,118976000000.0,1357000000.0,1.114,4.281,5532000000.0,616000000.0,4916000000.0,5532000000.0,0.0,677000000.0,0.0,0.022,1.672,2375000000.0,3052000000.0,0.024,3052000000.0,2375000000.0,2198000000.0,4.17,4.13,4.17,6512000000.0,6622500000.0,6512000000.0,27937362270.0,12.0,9.154,2645000000.0,8.266,1.0,6554000000.0,0.052,9427000000.0,177000000.0,8509000000.0,8467750000.0,10917000000.0,0.0,0.0,0.0,27875000000.0,20001000000.0,7874000000.0,24754362270.0,-973000000.0,-2211000000.0,-901000000.0,12000000.0,-530000000.0,-1377000000.0,-2712000000.0,-19000000.0,3127000000.0,-11000000.0,1353000000.0,1353000000.0,1353000000.0,0.0,4000000.0,0.011,4175000000.0,2379000000.0,17597000000.0,0.401,3.801,18.296,18.633,1823000000.0,0.0,77.7,0.197,0.198,7708000000.0,6582000000.0,125530000000.0,125530000000.0,0.0,0.04,0.204,0.28,0.019,104000000.0,3726000000.0,1.0,318588961.0,320000000,322000000.0,392.281,24979000000.0,0.0,845000000.0,2842000000.0,78.059,2282000000.0
20,CAH,MRT,2016-06-30,2016-06-30,2016-06-30,2021-08-25,-116000000.0,34122000000.0,33226500000.0,21956000000.0,12166000000.0,3.658,20.043,-465000000.0,2356000000.0,2356000000.0,115003000000.0,1431000000.0,1.114,4.204,5539000000.0,587000000.0,4952000000.0,5539000000.0,0.0,641000000.0,0.0,0.021,1.61,2450000000.0,3091000000.0,0.025,3091000000.0,2450000000.0,2272000000.0,4.36,4.32,4.36,6554000000.0,6620750000.0,6554000000.0,28364852021.0,12.0,9.177,2506000000.0,7.664,1.0,6543000000.0,0.054,9426000000.0,178000000.0,8178000000.0,8453500000.0,10615000000.0,0.0,0.0,0.0,27551000000.0,19701000000.0,7850000000.0,25416852021.0,-2260000000.0,-3601000000.0,-651000000.0,20000000.0,-512000000.0,-1139000000.0,-4080000000.0,-14000000.0,2971000000.0,-12000000.0,1427000000.0,1427000000.0,1427000000.0,0.0,4000000.0,0.012,4089000000.0,2454000000.0,17306000000.0,0.369,3.878,17.811,17.892,1796000000.0,0.0,78.01,0.209,0.21,7405000000.0,6419000000.0,121546000000.0,121546000000.0,0.0,0.043,0.216,0.29,0.02,111000000.0,3648000000.0,1.0,325815306.0,327000000,330000000.0,371.7,24696000000.0,0.0,845000000.0,2781000000.0,75.523,2255000000.0
21,CAH,MRT,2016-03-31,2016-03-31,2016-03-31,2021-08-25,-84000000.0,34055000000.0,32231500000.0,22291000000.0,11764000000.0,3.652,20.466,-392000000.0,2598000000.0,2598000000.0,111375000000.0,1391000000.0,1.15,4.07,5546000000.0,351000000.0,5195000000.0,5546000000.0,0.0,580000000.0,0.0,0.019,1.548,2394000000.0,2974000000.0,0.025,2974000000.0,2394000000.0,2225000000.0,4.23,4.18,4.23,6713000000.0,6546250000.0,6713000000.0,30189506223.0,13.0,10.151,2806000000.0,8.555,1.0,6335000000.0,0.054,9150000000.0,169000000.0,8468000000.0,8348250000.0,10910000000.0,0.0,0.0,0.0,27325000000.0,19385000000.0,7940000000.0,26988506223.0,-585000000.0,-3620000000.0,-709000000.0,1516000000.0,-500000000.0,368000000.0,-4144000000.0,-132000000.0,3198000000.0,-7000000.0,1390000000.0,1390000000.0,1390000000.0,-3000000.0,1000000.0,0.012,3943000000.0,2392000000.0,17340000000.0,0.366,4.02,19.416,19.374,1683000000.0,0.0,81.95,0.229,0.228,7292000000.0,6231000000.0,117710000000.0,117710000000.0,0.0,0.043,0.212,0.287,0.02,112000000.0,3525000000.0,1.0,329328935.0,328000000,331000000.0,358.872,24905000000.0,0.0,835000000.0,2628000000.0,75.93,2906000000.0
22,CAH,MRT,2015-12-31,2015-12-31,2015-12-31,2021-08-25,-97000000.0,33507000000.0,30689750000.0,21829000000.0,11678000000.0,3.663,20.398,-339000000.0,2324000000.0,2324000000.0,106318000000.0,1370000000.0,1.156,3.99,5525000000.0,354000000.0,5171000000.0,5525000000.0,0.0,537000000.0,0.0,0.017,1.504,2331000000.0,2868000000.0,0.026,2868000000.0,2331000000.0,2171000000.0,4.15,4.1,4.15,6711000000.0,6460250000.0,6711000000.0,31944141547.0,14.0,11.138,2598000000.0,7.897,1.0,6105000000.0,0.054,9113000000.0,160000000.0,8716000000.0,7801250000.0,11007000000.0,0.0,0.0,0.0,26779000000.0,18879000000.0,7900000000.0,29368141547.0,-557000000.0,-3754000000.0,-385000000.0,1530000000.0,-486000000.0,736000000.0,-4220000000.0,-127000000.0,2937000000.0,-10000000.0,1369000000.0,1369000000.0,1369000000.0,-3000000.0,1000000.0,0.012,3776000000.0,2329000000.0,16919000000.0,0.362,4.376,21.452,21.511,1651000000.0,0.0,89.27,0.261,0.261,6980000000.0,5972000000.0,112423000000.0,112423000000.0,0.0,0.045,0.212,0.299,0.021,113000000.0,3414000000.0,1.0,328981086.0,329000000,332000000.0,341.711,24394000000.0,0.0,802000000.0,2609000000.0,74.146,2950000000.0
23,CAH,MRT,2015-09-30,2015-09-30,2015-09-30,2021-08-25,-68000000.0,31222000000.0,29125000000.0,21218000000.0,10004000000.0,3.657,19.832,-294000000.0,2974000000.0,2974000000.0,100565000000.0,1333000000.0,1.193,3.796,5550000000.0,319000000.0,5231000000.0,5550000000.0,0.0,480000000.0,0.0,0.019,1.46,2253000000.0,2733000000.0,0.026,2733000000.0,2253000000.0,2102000000.0,4.03,3.98,4.03,6505000000.0,6307500000.0,6505000000.0,26023756175.0,12.0,9.522,2133000000.0,6.503,1.0,5950000000.0,0.056,7564000000.0,151000000.0,8452000000.0,7231500000.0,9758000000.0,0.0,0.0,0.0,24695000000.0,17782000000.0,6913000000.0,25147756175.0,505000000.0,-1841000000.0,-701000000.0,1431000000.0,-472000000.0,324000000.0,-2246000000.0,-111000000.0,2427000000.0,0.0,1332000000.0,1332000000.0,1332000000.0,-3000000.0,1000000.0,0.013,3639000000.0,2311000000.0,14868000000.0,0.362,3.866,18.88,19.062,1546000000.0,0.0,76.82,0.236,0.237,6996000000.0,5774000000.0,106515000000.0,106515000000.0,0.0,0.046,0.211,0.312,0.021,115000000.0,3307000000.0,1.0,327359492.0,328000000,331000000.0,324.741,23658000000.0,0.0,770000000.0,1563000000.0,72.128,3436000000.0
24,CAH,MRT,2015-06-30,2015-06-30,2015-06-30,2021-08-25,-23000000.0,30142000000.0,27747250000.0,21752000000.0,8390000000.0,3.695,18.843,-247000000.0,4616000000.0,4616000000.0,96819000000.0,1215000000.0,1.261,3.818,5492000000.0,281000000.0,5211000000.0,5492000000.0,0.0,451000000.0,0.0,0.017,1.415,2111000000.0,2562000000.0,0.025,2562000000.0,2111000000.0,1970000000.0,3.66,3.62,3.66,6256000000.0,6245250000.0,6256000000.0,28494223613.0,13.0,11.122,2293000000.0,6.907,1.0,5712000000.0,0.056,6018000000.0,141000000.0,7757000000.0,6726000000.0,9211000000.0,0.0,0.0,0.0,23886000000.0,17243000000.0,6643000000.0,27674223613.0,1751000000.0,-503000000.0,-1036000000.0,1439000000.0,-460000000.0,60000000.0,-849000000.0,-99000000.0,2540000000.0,0.0,1215000000.0,1215000000.0,1215000000.0,-3000000.0,0.0,0.012,3544000000.0,2168000000.0,14368000000.0,0.387,4.424,22.777,22.855,1506000000.0,0.0,83.65,0.27,0.271,6523000000.0,5521000000.0,102531000000.0,102531000000.0,0.0,0.044,0.195,0.314,0.021,110000000.0,3240000000.0,1.0,330833516.0,332000000,335000000.0,308.828,24124000000.0,0.0,755000000.0,1432000000.0,72.663,4509000000.0
25,CAH,MRT,2015-03-31,2015-03-31,2015-03-31,2021-08-25,-53000000.0,27888000000.0,26720000000.0,19631000000.0,8257000000.0,3.663,19.3,-250000000.0,3183000000.0,3183000000.0,92366000000.0,1154000000.0,1.197,3.379,4003000000.0,283000000.0,3720000000.0,4003000000.0,0.0,451000000.0,0.0,0.015,1.371,1939000000.0,2390000000.0,0.024,2390000000.0,1939000000.0,1801000000.0,3.45,3.41,3.45,6369000000.0,6281500000.0,6369000000.0,30895902893.0,16.0,12.927,2138000000.0,6.479,1.0,5510000000.0,0.056,6033000000.0,138000000.0,6280000000.0,6325500000.0,9163000000.0,0.0,0.0,0.0,21519000000.0,16395000000.0,5124000000.0,29800902893.0,142000000.0,-617000000.0,-903000000.0,0.0,-449000000.0,-1296000000.0,-950000000.0,-83000000.0,2388000000.0,0.0,1154000000.0,1154000000.0,1154000000.0,0.0,0.0,0.012,3511000000.0,1999000000.0,13851000000.0,0.397,4.679,25.824,26.165,1407000000.0,0.0,90.27,0.304,0.304,6095000000.0,5353000000.0,97876000000.0,97876000000.0,0.0,0.043,0.184,0.307,0.02,104000000.0,3188000000.0,1.0,330130751.0,330000000,334000000.0,296.594,21855000000.0,0.0,647000000.0,1404000000.0,66.227,3236000000.0
26,CAH,MRT,2014-12-31,2014-12-31,2014-12-31,2021-08-25,-3000000.0,27248000000.0,25923250000.0,19155000000.0,8093000000.0,3.623,18.429,-242000000.0,2881000000.0,2881000000.0,88580000000.0,1104000000.0,1.195,3.467,3976000000.0,270000000.0,3706000000.0,3976000000.0,0.0,445000000.0,0.0,0.016,1.331,1887000000.0,2332000000.0,0.025,2332000000.0,1887000000.0,1750000000.0,3.27,3.23,3.27,6100000000.0,6322250000.0,6100000000.0,28256525609.0,15.0,12.117,2308000000.0,6.973,1.0,5348000000.0,0.057,5876000000.0,137000000.0,6437000000.0,6465500000.0,9408000000.0,0.0,0.0,0.0,21148000000.0,16030000000.0,5118000000.0,26718525609.0,140000000.0,-502000000.0,-1186000000.0,-16000000.0,-440000000.0,-1600000000.0,-810000000.0,-66000000.0,2550000000.0,0.0,1104000000.0,1104000000.0,1104000000.0,0.0,0.0,0.012,3401000000.0,1947000000.0,13602000000.0,0.407,4.38,24.202,24.688,1415000000.0,0.0,80.73,0.284,0.284,5653000000.0,5100000000.0,93928000000.0,93928000000.0,0.0,0.043,0.175,0.292,0.02,101000000.0,3121000000.0,1.0,330961546.0,331000000,334000000.0,283.77,21372000000.0,0.0,646000000.0,1412000000.0,64.568,3125000000.0
27,CAH,MRT,2014-09-30,2014-09-30,2014-09-30,2021-08-25,46000000.0,25711000000.0,25363500000.0,17538000000.0,8173000000.0,3.573,18.619,-259000000.0,2469000000.0,2469000000.0,85392000000.0,1093000000.0,1.177,3.11,4007000000.0,843000000.0,3164000000.0,4007000000.0,0.0,450000000.0,0.0,0.017,1.29,1928000000.0,2378000000.0,0.026,2378000000.0,1928000000.0,1794000000.0,3.21,3.17,3.21,6256000000.0,6444500000.0,6256000000.0,26329131016.0,14.0,11.072,1375000000.0,4.092,1.0,5239000000.0,0.058,5923000000.0,134000000.0,6430000000.0,6677250000.0,8069000000.0,0.0,0.0,0.0,19455000000.0,14896000000.0,4559000000.0,25222131016.0,-284000000.0,-555000000.0,-806000000.0,132000000.0,-429000000.0,-1038000000.0,-880000000.0,-66000000.0,1634000000.0,0.0,1093000000.0,1093000000.0,1093000000.0,-3000000.0,0.0,0.012,3314000000.0,1925000000.0,11995000000.0,0.402,4.032,23.076,23.34,1434000000.0,0.0,74.92,0.278,0.278,5662000000.0,4925000000.0,90631000000.0,90631000000.0,0.0,0.043,0.17,0.289,0.021,97000000.0,3072000000.0,1.0,336654178.0,336000000,340000000.0,269.735,19788000000.0,0.0,701000000.0,1395000000.0,58.893,2642000000.0
28,CAH,MRT,2014-06-30,2014-06-30,2014-06-30,2021-08-25,70000000.0,26033000000.0,24889750000.0,17939000000.0,8094000000.0,3.659,18.771,-249000000.0,2865000000.0,2865000000.0,85923000000.0,1166000000.0,1.187,3.067,3972000000.0,801000000.0,3171000000.0,3972000000.0,0.0,459000000.0,0.0,0.018,1.25,1934000000.0,2393000000.0,0.026,2393000000.0,1934000000.0,1801000000.0,3.42,3.38,3.42,6401000000.0,6454750000.0,6401000000.0,24203201059.0,13.0,10.114,2275000000.0,6.672,1.0,5161000000.0,0.057,5870000000.0,133000000.0,6155000000.0,6787000000.0,8266000000.0,0.0,0.0,0.0,19632000000.0,15115000000.0,4517000000.0,23324201059.0,964000000.0,-519000000.0,-446000000.0,112000000.0,-415000000.0,-710000000.0,-850000000.0,-82000000.0,2524000000.0,0.0,1166000000.0,1166000000.0,1166000000.0,-3000000.0,0.0,0.013,3230000000.0,1931000000.0,12149000000.0,0.365,3.644,20.004,20.047,1459000000.0,0.0,68.56,0.256,0.257,5380000000.0,4774000000.0,91084000000.0,91084000000.0,0.0,0.047,0.181,0.285,0.021,96000000.0,3028000000.0,1.0,340201299.0,341000000,345000000.0,267.109,20163000000.0,0.0,635000000.0,1346000000.0,59.129,2824000000.0
29,CAH,MRT,2014-03-31,2014-03-31,2014-03-31,2021-08-25,70000000.0,24701000000.0,24836250000.0,16936000000.0,7765000000.0,3.769,19.099,-230000000.0,3041000000.0,3041000000.0,88456000000.0,346000000.0,1.288,2.782,3920000000.0,241000000.0,3679000000.0,3920000000.0,0.0,466000000.0,0.0,0.017,1.21,1098000000.0,1564000000.0,0.017,1564000000.0,1098000000.0,962000000.0,1.01,1.0,1.01,6532000000.0,6348250000.0,6532000000.0,25188339399.0,23.0,16.105,1878000000.0,5.491,1.0,5154000000.0,0.055,5593000000.0,136000000.0,6840000000.0,7150250000.0,8030000000.0,0.0,0.0,0.0,18169000000.0,13147000000.0,5022000000.0,23995339399.0,736000000.0,-188000000.0,-362000000.0,-225000000.0,-407000000.0,-968000000.0,-404000000.0,14000000.0,2108000000.0,0.0,346000000.0,346000000.0,346000000.0,-2000000.0,0.0,0.004,4058000000.0,1096000000.0,10919000000.0,1.198,3.674,69.351,69.287,1404000000.0,0.0,69.98,0.256,0.256,4812000000.0,4657000000.0,93610000000.0,93610000000.0,0.0,0.014,0.055,0.154,0.012,97000000.0,3010000000.0,1.0,342888531.0,342000000,347000000.0,273.713,19108000000.0,0.0,616000000.0,1343000000.0,55.871,3789000000.0
30,CAH,MRT,2013-12-31,2013-12-31,2013-12-31,2021-08-25,99000000.0,25009000000.0,25341750000.0,17248000000.0,7761000000.0,3.817,19.266,-223000000.0,2741000000.0,2741000000.0,91587000000.0,376000000.0,1.291,2.796,3934000000.0,255000000.0,3679000000.0,3934000000.0,0.0,455000000.0,0.0,0.018,1.183,1037000000.0,1492000000.0,0.015,1492000000.0,1037000000.0,901000000.0,1.1,1.09,1.1,6589000000.0,6422750000.0,6589000000.0,23944049842.0,23.0,16.048,2054000000.0,6.006,1.0,5148000000.0,0.053,5556000000.0,136000000.0,7284000000.0,7363000000.0,8478000000.0,0.0,0.0,0.0,18420000000.0,13362000000.0,5058000000.0,22814049842.0,486000000.0,-2163000000.0,-66000000.0,1041000000.0,-396000000.0,607000000.0,-2398000000.0,-12000000.0,2277000000.0,0.0,376000000.0,376000000.0,376000000.0,-1000000.0,0.0,0.004,4112000000.0,1036000000.0,11221000000.0,1.075,3.462,60.676,60.736,1407000000.0,0.0,66.81,0.236,0.236,4876000000.0,4446000000.0,96735000000.0,96735000000.0,0.0,0.015,0.059,0.141,0.011,95000000.0,2986000000.0,1.0,341476573.0,342000000,346000000.0,282.851,19453000000.0,0.0,525000000.0,1379000000.0,56.88,3886000000.0
31,CAH,MRT,2013-09-30,2013-09-30,2013-09-30,2021-08-25,92000000.0,23816000000.0,25250000000.0,16037000000.0,7779000000.0,3.95,18.521,-195000000.0,2753000000.0,2753000000.0,94700000000.0,401000000.0,1.282,2.782,3883000000.0,190000000.0,3693000000.0,3883000000.0,0.0,426000000.0,0.0,0.027,1.43,1019000000.0,1445000000.0,0.014,1445000000.0,1019000000.0,889000000.0,1.18,1.17,1.18,6297000000.0,6411000000.0,6297000000.0,19655912688.0,19.0,13.603,1915000000.0,5.632,1.0,5027000000.0,0.05,5570000000.0,130000000.0,6869000000.0,7205500000.0,7275000000.0,0.0,0.0,0.0,17519000000.0,12507000000.0,5012000000.0,17702912688.0,313000000.0,-2164000000.0,-125000000.0,1014000000.0,-374000000.0,526000000.0,-2323000000.0,36000000.0,2110000000.0,0.0,401000000.0,401000000.0,401000000.0,2000000.0,0.0,0.004,4006000000.0,1021000000.0,10442000000.0,1.212,2.811,44.147,44.195,1445000000.0,0.0,52.15,0.178,0.178,4898000000.0,4273000000.0,99727000000.0,99727000000.0,0.0,0.016,0.063,0.141,0.01,93000000.0,2919000000.0,1.0,339461413.0,340000000,344000000.0,293.315,18246000000.0,0.0,488000000.0,1319000000.0,53.665,3530000000.0
32,CAH,MRT,2013-06-30,2013-06-30,2013-06-30,2021-08-25,68000000.0,25819000000.0,25501000000.0,17770000000.0,8049000000.0,3.964,17.522,-195000000.0,1901000000.0,1901000000.0,96172000000.0,334000000.0,1.218,3.321,3854000000.0,168000000.0,3686000000.0,3854000000.0,0.0,397000000.0,0.0,0.029,1.365,1010000000.0,1407000000.0,0.014,1407000000.0,1010000000.0,887000000.0,0.98,0.97,0.98,5975000000.0,6407000000.0,5975000000.0,17989056550.0,18.0,12.785,1532000000.0,4.493,1.0,4921000000.0,0.049,5574000000.0,123000000.0,7608000000.0,7025500000.0,8373000000.0,0.0,0.0,0.0,19844000000.0,14590000000.0,5254000000.0,16134056550.0,-373000000.0,-2239000000.0,-329000000.0,980000000.0,-353000000.0,275000000.0,-2375000000.0,59000000.0,1727000000.0,0.0,334000000.0,334000000.0,334000000.0,1000000.0,0.0,0.003,3910000000.0,1011000000.0,12295000000.0,1.393,2.7,48.306,48.163,1489000000.0,0.0,47.2,0.16,0.159,6304000000.0,4038000000.0,101093000000.0,101093000000.0,0.0,0.013,0.052,0.144,0.01,93000000.0,2875000000.0,1.0,341823232.0,341000000,344000000.0,296.46,20245000000.0,0.0,553000000.0,1568000000.0,59.37,3180000000.0
33,CAH,MRT,2013-03-31,2013-03-31,2013-03-31,2021-08-25,56000000.0,26723000000.0,25111250000.0,17927000000.0,8796000000.0,4.079,20.029,-205000000.0,2305000000.0,2305000000.0,97627000000.0,1156000000.0,1.239,2.913,4160000000.0,446000000.0,3714000000.0,4160000000.0,0.0,361000000.0,0.0,0.031,1.3,1857000000.0,2218000000.0,0.022,2218000000.0,1857000000.0,1745000000.0,3.39,3.35,3.39,6830000000.0,6474250000.0,6830000000.0,14828582837.0,8.0,6.686,1115000000.0,3.27,1.0,4810000000.0,0.047,6413000000.0,112000000.0,7691000000.0,6702000000.0,8328000000.0,0.0,0.0,0.0,19893000000.0,14474000000.0,5419000000.0,14186582837.0,-104000000.0,-2250000000.0,-268000000.0,1564000000.0,-332000000.0,944000000.0,-2368000000.0,87000000.0,1320000000.0,0.0,1156000000.0,1156000000.0,1156000000.0,1000000.0,0.0,0.011,2952000000.0,1858000000.0,12049000000.0,0.383,2.077,12.272,12.277,1470000000.0,0.0,41.62,0.138,0.139,6416000000.0,4742000000.0,102437000000.0,102437000000.0,0.0,0.046,0.179,0.277,0.018,90000000.0,2812000000.0,1.0,340859751.0,341000000,345000000.0,300.402,20310000000.0,0.0,589000000.0,1705000000.0,59.56,3453000000.0
34,CAH,MRT,2012-12-31,2012-12-31,2012-12-31,2021-08-25,74000000.0,24642000000.0,24591025000.0,17861000000.0,6781000000.0,4.262,19.241,-221000000.0,2255000000.0,2255000000.0,100077000000.0,1144000000.0,1.258,2.767,2897000000.0,474000000.0,2423000000.0,2897000000.0,0.0,345000000.0,0.0,0.03,1.24,1912000000.0,2257000000.0,0.022,2257000000.0,1912000000.0,1810000000.0,3.34,3.3,3.34,6542000000.0,6326775000.0,6542000000.0,14431064176.0,8.0,6.394,1003000000.0,2.95,1.0,4726000000.0,0.045,4428000000.0,102000000.0,6654000000.0,6171300000.0,8452000000.0,0.0,0.0,0.0,18100000000.0,14202000000.0,3898000000.0,13992064176.0,458000000.0,-293000000.0,-293000000.0,266000000.0,-313000000.0,-356000000.0,-410000000.0,104000000.0,1224000000.0,0.0,1144000000.0,1144000000.0,1144000000.0,-1000000.0,0.0,0.011,2815000000.0,1911000000.0,11796000000.0,0.371,2.139,12.231,12.329,1475000000.0,0.0,41.18,0.134,0.134,6158000000.0,4491000000.0,104803000000.0,104803000000.0,0.0,0.047,0.181,0.31,0.018,89000000.0,2783000000.0,1.0,339778149.0,340000000,343000000.0,308.244,20214000000.0,0.0,666000000.0,1475000000.0,59.453,3659000000.0
35,CAH,MRT,2012-09-30,2012-09-30,2012-09-30,2021-08-25,61000000.0,24820000000.0,24496325000.0,18007000000.0,6813000000.0,4.354,18.419,-241000000.0,2440000000.0,2440000000.0,102033000000.0,1103000000.0,1.228,2.952,2879000000.0,471000000.0,2408000000.0,2879000000.0,0.0,335000000.0,0.0,0.023,0.905,1849000000.0,2184000000.0,0.02,2184000000.0,1849000000.0,1751000000.0,3.21,3.17,3.21,6281000000.0,6173200000.0,6281000000.0,13912037751.0,8.0,6.37,999000000.0,2.93,1.0,4616000000.0,0.043,4441000000.0,98000000.0,6149000000.0,6045475000.0,8105000000.0,0.0,0.0,0.0,18539000000.0,14669000000.0,3870000000.0,13292037751.0,430000000.0,-267000000.0,-305000000.0,249000000.0,-307000000.0,-372000000.0,-438000000.0,70000000.0,1240000000.0,0.0,1103000000.0,1103000000.0,1103000000.0,1000000.0,0.0,0.01,2766000000.0,1850000000.0,12215000000.0,0.282,2.116,12.051,12.14,1511000000.0,0.0,38.97,0.125,0.125,6449000000.0,4282000000.0,106649000000.0,106649000000.0,0.0,0.045,0.179,0.306,0.017,89000000.0,2724000000.0,1.0,341083853.0,341000000,344000000.0,312.754,20379000000.0,0.0,648000000.0,1462000000.0,59.762,3338000000.0
36,CAH,MRT,2012-06-30,2012-06-30,2012-06-30,2021-08-25,37000000.0,24260000000.0,24087075000.0,17510000000.0,6750000000.0,4.465,18.099,-260000000.0,2274000000.0,2274000000.0,103011000000.0,1069000000.0,1.235,2.885,2894000000.0,476000000.0,2418000000.0,2894000000.0,0.0,325000000.0,0.0,0.021,0.882,1792000000.0,2117000000.0,0.02,2117000000.0,1792000000.0,1697000000.0,3.1,3.06,3.1,6244000000.0,6031425000.0,6244000000.0,14678185910.0,8.0,6.933,916000000.0,2.655,1.0,4541000000.0,0.042,4392000000.0,95000000.0,6314000000.0,5921875000.0,7864000000.0,0.0,0.0,0.0,18016000000.0,14174000000.0,3842000000.0,14535185910.0,345000000.0,-174000000.0,-408000000.0,258000000.0,-300000000.0,-454000000.0,-377000000.0,57000000.0,1176000000.0,0.0,1069000000.0,1069000000.0,1069000000.0,1000000.0,0.0,0.01,2748000000.0,1793000000.0,11726000000.0,0.285,2.328,13.597,13.548,1551000000.0,0.0,42.0,0.135,0.135,6355000000.0,4093000000.0,107552000000.0,107552000000.0,0.0,0.044,0.177,0.303,0.017,85000000.0,2677000000.0,1.0,346075855.0,345000000,349000000.0,311.745,19868000000.0,0.0,628000000.0,1424000000.0,57.588,3336000000.0
37,CAH,MRT,2012-03-31,2012-03-31,2012-03-31,2021-08-25,71700000.0,24642100000.0,23733575000.0,18070200000.0,6571900000.0,4.532,18.087,-262900000.0,2410400000.0,2410400000.0,103103000000.0,1034700000.0,1.217,2.949,2553400000.0,345500000.0,2207900000.0,2553400000.0,0.0,312800000.0,0.0,0.02,0.86,1750500000.0,2063300000.0,0.019,2063300000.0,1750500000.0,1656500000.0,2.99,2.95,2.99,6240100000.0,5932675000.0,6240100000.0,15657977117.0,9.0,7.589,1140300000.0,3.305,1.0,4448300000.0,0.041,4370800000.0,94000000.0,5568200000.0,5790875000.0,8220100000.0,0.0,0.0,0.0,18402000000.0,14846100000.0,3555900000.0,14902477117.0,447500000.0,-147900000.0,-250200000.0,-32900000.0,-294100000.0,-589500000.0,-366200000.0,44600000.0,1403200000.0,0.0,1034700000.0,1034700000.0,1034700000.0,5500000.0,0.0,0.01,2695800000.0,1752500000.0,12572500000.0,0.288,2.388,14.403,14.418,1517400000.0,0.0,43.11,0.139,0.138,6495400000.0,3938800000.0,107551300000.0,107551300000.0,0.0,0.044,0.174,0.302,0.016,82600000.0,2637300000.0,1.0,345684925.0,345000000,349000000.0,311.743,20271300000.0,0.0,621800000.0,1348000000.0,58.757,3224100000.0
38,CAH,MRT,2011-12-31,2011-12-31,2011-12-31,2021-08-25,55100000.0,24263200000.0,23372250000.0,17779100000.0,6484100000.0,4.565,17.182,-265700000.0,1797700000.0,1797700000.0,102301200000.0,947700000.0,1.216,3.093,2553200000.0,341800000.0,2211400000.0,2553200000.0,0.0,327300000.0,0.0,0.021,0.84,1662200000.0,1989500000.0,0.019,1989500000.0,1662200000.0,1567100000.0,2.74,2.7,2.74,5927700000.0,5786850000.0,5927700000.0,14548497929.0,9.0,7.313,1158500000.0,3.358,1.0,4403500000.0,0.041,4244300000.0,95100000.0,6150700000.0,5819825000.0,8888900000.0,0.0,0.0,0.0,18335500000.0,14623700000.0,3711800000.0,14030997929.0,449300000.0,-11900000.0,-237100000.0,-170100000.0,-288000000.0,-716300000.0,-258600000.0,19000000.0,1424200000.0,0.0,947700000.0,947700000.0,947700000.0,10000000.0,0.0,0.009,2731500000.0,1672000000.0,12456700000.0,0.307,2.367,14.805,14.821,1514100000.0,0.0,40.61,0.131,0.131,5995400000.0,3679800000.0,106704700000.0,106704700000.0,0.0,0.041,0.164,0.286,0.016,79600000.0,2623800000.0,1.0,345505982.0,345000000,349000000.0,309.289,20018900000.0,0.0,619400000.0,1500400000.0,58.026,3155400000.0
39,CAH,MRT,2011-09-30,2011-09-30,2011-09-30,2021-08-25,60000000.0,23183000000.0,23018875000.0,16723200000.0,6459800000.0,4.561,16.562,-271100000.0,2010600000.0,2010600000.0,100714800000.0,901100000.0,1.212,3.057,2528100000.0,333100000.0,2195000000.0,2528100000.0,0.0,322500000.0,0.0,0.02,0.82,1565300000.0,1887800000.0,0.018,1887800000.0,1565300000.0,1471300000.0,2.6,2.56,2.6,5713900000.0,5660275000.0,5713900000.0,15004472700.0,10.0,7.948,1410900000.0,4.09,1.0,4283700000.0,0.041,4249300000.0,94000000.0,5654600000.0,5846675000.0,7497200000.0,0.0,0.0,0.0,17469100000.0,13796600000.0,3672500000.0,14431772700.0,-701900000.0,-1747000000.0,-227600000.0,307400000.0,-280700000.0,-229800000.0,-2154100000.0,-136000000.0,1682000000.0,0.0,901100000.0,901100000.0,901100000.0,7600000.0,0.0,0.009,2711000000.0,1572700000.0,11748900000.0,0.315,2.526,16.016,16.108,1494000000.0,0.0,41.88,0.137,0.138,6232600000.0,3492600000.0,104998500000.0,104998500000.0,0.0,0.039,0.159,0.268,0.015,78600000.0,2590500000.0,1.0,344598202.0,345000000,349000000.0,304.343,18933700000.0,0.0,570200000.0,1477500000.0,54.88,2926600000.0
40,CAH,MRT,2011-06-30,2011-06-30,2011-06-30,2021-08-25,77000000.0,22846000000.0,22466250000.0,16316000000.0,6530000000.0,4.569,16.759,-288000000.0,1929000000.0,1929000000.0,98482000000.0,959000000.0,1.22,2.906,2502000000.0,327000000.0,2175000000.0,2502000000.0,0.0,313000000.0,0.0,0.018,0.8,1604000000.0,1917000000.0,0.019,1917000000.0,1604000000.0,1511000000.0,2.75,2.72,2.75,5849000000.0,5541550000.0,5849000000.0,16437638240.0,10.0,8.575,1107000000.0,3.172,1.0,4162000000.0,0.041,4259000000.0,93000000.0,5790000000.0,5695975000.0,7334000000.0,0.0,0.0,0.0,16997000000.0,13370000000.0,3627000000.0,15923638240.0,-826000000.0,-1594000000.0,-207000000.0,312000000.0,-274000000.0,-193000000.0,-2028000000.0,-146000000.0,1395000000.0,0.0,959000000.0,959000000.0,959000000.0,7000000.0,0.0,0.009,2626000000.0,1536000000.0,11332000000.0,0.291,2.722,16.604,16.516,1512000000.0,0.0,45.42,0.155,0.154,6156000000.0,3331000000.0,102644000000.0,102644000000.0,0.0,0.043,0.173,0.282,0.016,80000000.0,2528000000.0,1.0,350586487.0,349000000,353000000.0,294.109,18587000000.0,0.0,552000000.0,1452000000.0,53.258,2946000000.0
41,CAH,MRT,2011-03-31,2011-03-31,2011-03-31,2021-08-25,67100000.0,23196800000.0,21752300000.0,16685400000.0,6511400000.0,4.613,16.232,-149100000.0,1961800000.0,1961800000.0,96317500000.0,979500000.0,1.213,3.101,2475800000.0,113700000.0,2362100000.0,2475800000.0,0.0,298800000.0,0.0,0.019,0.78,1605800000.0,1904600000.0,0.019,1904600000.0,1605800000.0,1512700000.0,2.79,2.76,2.79,5656800000.0,5398325000.0,5656800000.0,15707321202.0,10.0,8.247,1449800000.0,4.16,1.0,4023000000.0,0.04,4265700000.0,93100000.0,5684000000.0,5641825000.0,7717700000.0,0.0,0.0,0.0,17540000000.0,13761100000.0,3778900000.0,14385221202.0,-676700000.0,-1601600000.0,-398300000.0,307500000.0,-268700000.0,-369200000.0,-1906400000.0,-155600000.0,1598900000.0,0.0,979500000.0,979500000.0,979500000.0,-26800000.0,0.0,0.01,2517100000.0,1505900000.0,11961500000.0,0.28,2.543,14.686,14.742,1469800000.0,0.0,41.13,0.143,0.143,6282500000.0,3189800000.0,100340500000.0,100340500000.0,0.0,0.045,0.181,0.285,0.016,81400000.0,2434900000.0,1.0,349750090.0,348500000,352900000.0,287.921,18931100000.0,0.0,533200000.0,1416800000.0,54.322,2924300000.0
42,CAH,MRT,2010-12-31,2010-12-31,2010-12-31,2021-08-25,39400000.0,22849700000.0,21270650000.0,16277000000.0,6572700000.0,4.636,15.597,-149700000.0,1348000000.0,1348000000.0,94741000000.0,955900000.0,1.194,3.215,2670100000.0,289900000.0,2380200000.0,2670100000.0,0.0,269900000.0,0.0,0.02,0.76,1547600000.0,1817500000.0,0.018,1817500000.0,1547600000.0,1451900000.0,2.7,2.67,2.7,5421400000.0,5324350000.0,5421400000.0,12796466948.0,8.0,7.041,1414500000.0,4.069,1.0,3870900000.0,0.039,4282600000.0,95700000.0,6258100000.0,5653425000.0,8314200000.0,0.0,0.0,0.0,17428300000.0,13631100000.0,3797200000.0,13368666948.0,-398500000.0,-1453100000.0,-426800000.0,484400000.0,-263800000.0,-218800000.0,-1743900000.0,-141000000.0,1564200000.0,0.0,955900000.0,955900000.0,955900000.0,-27900000.0,0.0,0.01,2450800000.0,1420100000.0,11778800000.0,0.281,2.466,13.985,14.189,1484800000.0,0.0,38.31,0.136,0.135,5825300000.0,3023700000.0,98611900000.0,98611900000.0,0.0,0.045,0.18,0.274,0.016,100300000.0,2394000000.0,1.0,348960244.0,347600000,350700000.0,283.694,18567100000.0,0.0,496000000.0,1417000000.0,53.415,2645900000.0
43,CAH,MRT,2010-09-30,2010-09-30,2010-09-30,2021-08-25,37200000.0,20972500000.0,20763600000.0,15918200000.0,5054300000.0,4.727,15.016,-131700000.0,2712200000.0,2712200000.0,94325400000.0,975000000.0,1.278,3.003,2140000000.0,233600000.0,1906400000.0,2140000000.0,0.0,256200000.0,0.0,0.022,0.74,1594200000.0,1850400000.0,0.019,1850400000.0,1594200000.0,1493000000.0,2.73,2.71,2.73,5239000000.0,5275525000.0,5239000000.0,10976425850.0,7.0,5.932,1813300000.0,5.197,1.0,3834400000.0,0.039,2896900000.0,101200000.0,5051800000.0,5761125000.0,7087500000.0,0.0,0.0,0.0,15733500000.0,12451600000.0,3281900000.0,11602425850.0,1127700000.0,417000000.0,-481500000.0,-351600000.0,-259100000.0,-1102500000.0,285200000.0,0.0,1945000000.0,0.0,975000000.0,975000000.0,975000000.0,-31800000.0,0.0,0.01,2391600000.0,1442800000.0,10532300000.0,0.271,2.215,11.9,12.103,1475300000.0,0.0,33.04,0.118,0.117,5454100000.0,2876000000.0,98159800000.0,98159800000.0,0.0,0.047,0.185,0.277,0.016,99400000.0,2392500000.0,1.0,351163010.0,348900000,351900000.0,281.341,18075600000.0,0.0,518000000.0,1375500000.0,51.807,3466600000.0
44,CAH,MRT,2010-06-30,2010-06-30,2010-06-30,2021-08-25,70000000.0,19990200000.0,20629150000.0,14918900000.0,5071300000.0,4.775,14.697,-102000000.0,2755300000.0,2755300000.0,94722000000.0,642000000.0,1.293,2.789,2129300000.0,233200000.0,1896100000.0,2129300000.0,0.0,254000000.0,0.0,0.021,0.72,1380000000.0,1634000000.0,0.017,1634000000.0,1380000000.0,1267000000.0,1.79,1.77,1.79,5276100000.0,5201075000.0,5276100000.0,11638639382.0,8.0,7.123,2032000000.0,5.66,1.0,3781000000.0,0.038,2253200000.0,113000000.0,5573400000.0,6223100000.0,6355900000.0,691500000.0,0.0,691500000.0,14714100000.0,11537600000.0,3176500000.0,12169239382.0,1534000000.0,239000000.0,-190000000.0,-1552000000.0,-253000000.0,-727000000.0,127000000.0,0.0,2134000000.0,0.0,642000000.0,642000000.0,642000000.0,-55000000.0,0.0,0.007,2461000000.0,1320000000.0,9494900000.0,0.402,2.306,18.955,18.777,1468800000.0,0.0,33.61,0.124,0.122,5170600000.0,2647200000.0,98503000000.0,98503000000.0,0.0,0.031,0.123,0.222,0.014,100000000.0,2397000000.0,1.0,362071984.0,359000000,361000000.0,274.382,17737000000.0,0.0,625000000.0,1280400000.0,49.407,3381300000.0
45,CAH,MRT,2010-03-31,2010-03-31,2010-03-31,2021-08-25,172200000.0,21270200000.0,21911300000.0,16077300000.0,5192900000.0,4.49,14.945,-242000000.0,2638800000.0,2638800000.0,94569600000.0,691900000.0,1.261,2.968,2108200000.0,232600000.0,1875600000.0,2108200000.0,0.0,251400000.0,0.0,0.019,0.7,1411100000.0,1662500000.0,0.017,1662500000.0,1411100000.0,1289600000.0,1.92,1.9,1.92,5360900000.0,6063225000.0,5360900000.0,13388484488.0,9.0,8.053,2162900000.0,6.03,1.0,3820800000.0,0.039,2261800000.0,121500000.0,5730400000.0,8077975000.0,7214900000.0,805200000.0,0.0,805200000.0,15909300000.0,12747400000.0,3161900000.0,13023384488.0,1667000000.0,141400000.0,-25000000.0,-1570400000.0,-240500000.0,-569600000.0,-168300000.0,0.0,2404900000.0,0.0,691900000.0,691900000.0,691900000.0,-96700000.0,0.0,0.007,2509700000.0,1311100000.0,10766600000.0,0.365,2.429,18.823,18.766,1406100000.0,0.0,36.03,0.132,0.131,5550200000.0,2463900000.0,98390400000.0,98390400000.0,0.0,0.032,0.114,0.175,0.014,106300000.0,2411600000.0,1.0,361459464.0,358700000,361800000.0,274.297,19008400000.0,0.0,597700000.0,1286300000.0,52.992,3329900000.0
46,CAH,MRT,2009-12-31,2009-12-31,2009-12-31,2021-08-25,200400000.0,20821500000.0,22977450000.0,15458300000.0,5363200000.0,4.271,14.557,-242400000.0,1746800000.0,1746800000.0,94339300000.0,782400000.0,1.267,2.984,2111900000.0,12700000.0,2099200000.0,2111900000.0,0.0,235500000.0,0.0,0.021,0.665,1494800000.0,1730300000.0,0.018,1730300000.0,1494800000.0,1370700000.0,2.18,2.16,2.18,5226100000.0,6831625000.0,5226100000.0,12574335418.0,8.0,7.267,1900900000.0,5.295,1.0,3797600000.0,0.039,2294700000.0,124100000.0,6688900000.0,9088350000.0,7961000000.0,897400000.0,0.0,897400000.0,15595400000.0,12203000000.0,3392400000.0,11693335418.0,1164200000.0,-19400000.0,-3600000.0,-1670700000.0,-227600000.0,-629800000.0,-349300000.0,0.0,2143300000.0,0.0,782400000.0,782400000.0,782400000.0,-196900000.0,0.0,0.008,2479800000.0,1317800000.0,10543100000.0,0.305,2.237,14.945,14.789,1423200000.0,0.0,32.24,0.119,0.118,4927500000.0,2306500000.0,98136900000.0,98136900000.0,0.0,0.034,0.115,0.164,0.015,101800000.0,2356000000.0,1.0,362696508.0,359000000,361000000.0,273.362,18526800000.0,0.0,588300000.0,1293200000.0,51.607,3255300000.0
47,CAH,MRT,2009-09-30,2009-09-30,2009-09-30,2021-08-25,76900000.0,20434700000.0,24025775000.0,15089000000.0,5345700000.0,4.051,13.76,-260500000.0,1584800000.0,1584800000.0,93580000000.0,864400000.0,1.242,3.136,2465800000.0,362300000.0,2103500000.0,2465800000.0,0.0,244700000.0,0.0,0.024,0.63,1539000000.0,1783700000.0,0.018,1783700000.0,1539000000.0,1420100000.0,2.42,2.39,2.42,4941200000.0,7557075000.0,4941200000.0,11439318631.0,7.0,6.413,1724600000.0,4.803,1.0,3755000000.0,0.039,2269300000.0,118900000.0,6899700000.0,9985325000.0,6861900000.0,902400000.0,0.0,902400000.0,15493500000.0,12146700000.0,3346800000.0,9639518631.0,1197400000.0,-154400000.0,51400000.0,-1360800000.0,-214900000.0,-265400000.0,-522300000.0,0.0,1985100000.0,0.0,864400000.0,864400000.0,864400000.0,-340100000.0,0.0,0.009,2516200000.0,1238800000.0,10047100000.0,0.26,1.951,11.152,11.074,1438600000.0,0.0,26.8,0.099,0.099,5921900000.0,2124100000.0,97335000000.0,97335000000.0,0.0,0.036,0.114,0.154,0.016,110900000.0,2329300000.0,1.0,359683531.0,359100000,359100000.0,271.053,18165400000.0,0.0,555700000.0,1243300000.0,50.586,2942300000.0
48,CAH,MRT,2009-06-30,2009-06-30,2009-06-30,2021-08-25,82200000.0,25118800000.0,25078375000.0,20981700000.0,4137100000.0,3.828,24.398,-285000000.0,1221600000.0,1221600000.0,92244000000.0,1151600000.0,1.709,1.879,3637800000.0,366200000.0,3271600000.0,3637800000.0,0.0,225800000.0,0.0,0.019,0.595,1667600000.0,1893400000.0,0.02,1893400000.0,1667600000.0,1553200000.0,3.22,3.18,3.22,8724700000.0,8301300000.0,8724700000.0,13315077586.0,8.0,7.032,1138900000.0,3.185,1.0,3747500000.0,0.039,2266900000.0,114400000.0,12992900000.0,10771700000.0,6832800000.0,0.0,0.0,0.0,16394100000.0,12275200000.0,4118900000.0,11009977586.0,412800000.0,-128600000.0,39200000.0,-301400000.0,-200400000.0,-468200000.0,-542900000.0,0.0,1423900000.0,0.0,1151600000.0,1151600000.0,1151600000.0,-393400000.0,0.0,0.012,2473300000.0,1274200000.0,9041900000.0,0.185,1.262,9.561,9.488,1464500000.0,0.0,30.55,0.115,0.114,5214900000.0,5953900000.0,95991500000.0,95991500000.0,0.0,0.046,0.139,0.155,0.017,109900000.0,2333500000.0,1.0,360392065.0,357600000,361500000.0,268.433,22851900000.0,0.0,401600000.0,847300000.0,63.904,8706500000.0
49,CAH,MRT,2009-03-31,2009-03-31,2009-03-31,2021-08-25,32600000.0,25534800000.0,24660725000.0,16304900000.0,9229900000.0,3.685,23.553,-93500000.0,1366000000.0,1366000000.0,88471000000.0,1196500000.0,1.367,2.027,3671100000.0,368000000.0,3303100000.0,3671100000.0,0.0,103900000.0,0.0,0.018,0.56,1584900000.0,1688800000.0,0.019,1688800000.0,1584900000.0,1491000000.0,3.36,3.32,3.36,8434500000.0,8057000000.0,8434500000.0,14429168586.0,9.0,8.544,1007300000.0,2.813,1.0,2415600000.0,0.027,6141500000.0,93900000.0,9771900000.0,9888050000.0,8070300000.0,1336800000.0,402700000.0,934100000.0,17100300000.0,11926500000.0,5173800000.0,11345168586.0,-45100000.0,64900000.0,57400000.0,-172500000.0,-192800000.0,-298900000.0,-847000000.0,100000.0,1100800000.0,0.0,1196500000.0,1196500000.0,1196500000.0,-787300000.0,0.0,0.013,1618000000.0,797600000.0,10006200000.0,0.167,1.345,9.482,9.369,1724000000.0,0.0,31.48,0.125,0.124,5904700000.0,5743700000.0,90886600000.0,90886600000.0,0.0,0.049,0.149,0.16,0.017,103800000.0,1568900000.0,1.0,360392903.0,358100000,360900000.0,253.802,19393300000.0,0.0,294500000.0,3420600000.0,54.156,4378400000.0
50,CAH,MRT,2008-12-31,2008-12-31,2008-12-31,2021-08-25,41300000.0,25014800000.0,24177875000.0,15536600000.0,9478200000.0,3.71,22.748,-109300000.0,772600000.0,772600000.0,86810400000.0,1239600000.0,1.335,2.078,3856600000.0,467400000.0,3389200000.0,3856600000.0,0.0,144200000.0,0.0,0.016,0.54,1679300000.0,1823500000.0,0.02,1823500000.0,1679300000.0,1584600000.0,3.48,3.44,3.48,8127900000.0,7796675000.0,8127900000.0,15487140428.0,9.0,8.493,1261000000.0,3.529,1.0,2896500000.0,0.032,6183000000.0,94700000.0,10276800000.0,9709275000.0,8535800000.0,1335400000.0,388800000.0,946600000.0,16886900000.0,11639000000.0,5247900000.0,12395840428.0,-89700000.0,77400000.0,-65400000.0,-391900000.0,-185400000.0,-629500000.0,-830500000.0,100000.0,1370300000.0,0.0,1239600000.0,1239600000.0,1239600000.0,-679600000.0,0.0,0.014,1896800000.0,999700000.0,9666200000.0,0.155,1.525,10.0,9.905,1729600000.0,0.0,34.47,0.138,0.137,5215300000.0,5481400000.0,89706900000.0,89706900000.0,0.0,0.051,0.159,0.173,0.019,103600000.0,1850400000.0,1.0,359612429.0,357300000,360300000.0,251.069,18831800000.0,0.0,345000000.0,1858700000.0,52.706,3897600000.0
51,CAH,MRT,2008-09-30,2008-09-30,2008-09-30,2021-08-25,136400000.0,24645100000.0,23790875000.0,15226300000.0,9418800000.0,3.736,22.198,-123500000.0,672200000.0,672200000.0,85535800000.0,1247800000.0,1.333,2.113,3763500000.0,166500000.0,3597000000.0,3763500000.0,0.0,172500000.0,0.0,0.011,0.52,1757200000.0,1929700000.0,0.022,1929700000.0,1757200000.0,1634700000.0,3.5,3.45,3.5,7918100000.0,7541725000.0,7918100000.0,20254164719.0,12.0,10.496,854200000.0,2.395,1.0,3336000000.0,0.038,6265100000.0,122500000.0,10045200000.0,9422300000.0,7692100000.0,1320600000.0,384800000.0,935800000.0,16727000000.0,11426100000.0,5300900000.0,17699064719.0,-390100000.0,126300000.0,-366600000.0,-64100000.0,-178500000.0,-591900000.0,-775900000.0,100000.0,977700000.0,0.0,1247800000.0,1247800000.0,1247800000.0,-531700000.0,0.0,0.014,2110500000.0,1225500000.0,9354600000.0,0.149,2.235,14.184,14.08,1749500000.0,0.0,49.28,0.199,0.198,5862300000.0,5215200000.0,88871800000.0,88871800000.0,0.0,0.052,0.165,0.186,0.02,102800000.0,2100800000.0,1.0,359153099.0,356700000,361100000.0,249.15,18380000000.0,0.0,386900000.0,1703900000.0,51.528,3800200000.0
52,CAH,MRT,2008-06-30,2008-06-30,2008-06-30,2021-08-25,210800000.0,23448200000.0,23379125000.0,14276000000.0,9172200000.0,3.739,21.629,-155800000.0,1291300000.0,1291300000.0,83631100000.0,1300600000.0,1.374,2.027,3846400000.0,159000000.0,3687400000.0,3846400000.0,0.0,220000000.0,0.0,0.01,0.5,1884600000.0,2104600000.0,0.024,2104600000.0,1884600000.0,1748500000.0,3.63,3.57,3.63,7747500000.0,7329250000.0,7747500000.0,20683390755.0,11.0,9.828,1385900000.0,3.869,1.0,3777100000.0,0.043,6157300000.0,136100000.0,9458300000.0,9037500000.0,6757700000.0,1300500000.0,383700000.0,916800000.0,15700700000.0,10387700000.0,5313000000.0,18406990755.0,12100000.0,44400000.0,-953700000.0,296400000.0,-173100000.0,-803200000.0,-726400000.0,132000000.0,1541700000.0,0.0,1300600000.0,1300600000.0,1300600000.0,-453400000.0,0.0,0.015,2345900000.0,1431200000.0,8303800000.0,0.138,2.376,14.153,14.209,1714000000.0,0.0,51.58,0.211,0.211,4987700000.0,5016200000.0,87408200000.0,87408200000.0,0.0,0.056,0.177,0.209,0.022,107900000.0,2340600000.0,1.0,356862946.0,358200000,364000000.0,244.021,17290900000.0,0.0,447900000.0,1625600000.0,48.272,3888300000.0
53,CAH,MRT,2008-03-31,2008-03-31,2008-03-31,2021-08-25,202800000.0,23603400000.0,23305525000.0,14907100000.0,8696300000.0,3.876,20.797,-348500000.0,1529000000.0,1529000000.0,84857400000.0,1884700000.0,1.338,2.193,3805400000.0,355300000.0,3450100000.0,3805400000.0,0.0,362700000.0,0.0,0.009,0.48,2651000000.0,3013700000.0,0.033,3013700000.0,2651000000.0,2508600000.0,5.06,4.96,5.06,7393200000.0,7236600000.0,7393200000.0,21610471524.0,8.0,7.171,745200000.0,2.096,1.0,5474200000.0,0.061,5681000000.0,142400000.0,9056800000.0,8672350000.0,7256700000.0,1259400000.0,381200000.0,878200000.0,16210200000.0,11142000000.0,5068200000.0,18724771524.0,673100000.0,-1519800000.0,-2375400000.0,443500000.0,-165300000.0,-2079500000.0,1658900000.0,300000000.0,1093700000.0,0.0,1884700000.0,1884700000.0,1884700000.0,-671800000.0,0.0,0.021,3495000000.0,1979200000.0,8987900000.0,0.095,2.533,9.935,10.377,1679500000.0,0.0,52.51,0.207,0.207,4974300000.0,4748200000.0,90331600000.0,90331600000.0,0.0,0.081,0.26,0.306,0.029,115500000.0,3311800000.0,1.0,356594392.0,355500000,360200000.0,254.097,17922400000.0,0.0,623900000.0,1618100000.0,50.415,3765100000.0
54,CAH,MRT,2007-12-31,2007-12-31,2007-12-31,2021-08-25,154500000.0,23466800000.0,23477675000.0,14721800000.0,8745000000.0,3.803,19.816,-370500000.0,1184400000.0,1184400000.0,83895200000.0,1547700000.0,1.29,2.301,4070100000.0,673600000.0,3396500000.0,4070100000.0,0.0,351400000.0,0.0,0.008,0.45,2098500000.0,2449900000.0,0.027,2449900000.0,2098500000.0,1955000000.0,4.11,4.02,4.11,7108100000.0,7355650000.0,7108100000.0,23324968043.0,11.0,9.521,606000000.0,1.689,1.0,5393900000.0,0.06,5813100000.0,143500000.0,9128900000.0,8725425000.0,7636800000.0,1234200000.0,378300000.0,855900000.0,16358700000.0,11410500000.0,4948200000.0,20880268043.0,190300000.0,-1548000000.0,-3307100000.0,970600000.0,-158700000.0,-2489800000.0,1703600000.0,467100000.0,976500000.0,0.0,1547700000.0,1547700000.0,1547700000.0,-705600000.0,0.0,0.017,4001000000.0,1392900000.0,8982300000.0,0.109,2.938,13.491,14.051,1680700000.0,0.0,57.75,0.234,0.232,4854600000.0,4436500000.0,89289100000.0,89289100000.0,0.0,0.066,0.21,0.241,0.024,122300000.0,3239000000.0,1.0,361563083.0,358700000,364600000.0,248.924,17653700000.0,0.0,407300000.0,1551700000.0,49.216,3311300000.0
55,CAH,MRT,2007-09-30,2007-09-30,2007-09-30,2021-08-25,146100000.0,22998100000.0,23645275000.0,14333200000.0,8664900000.0,3.713,19.472,-370500000.0,1289600000.0,1289600000.0,82451800000.0,1962300000.0,1.29,2.254,3734300000.0,386800000.0,3347500000.0,3734300000.0,0.0,331400000.0,0.0,0.007,0.42,2515400000.0,2846800000.0,0.032,2846800000.0,2515400000.0,2389500000.0,5.04,4.93,5.04,7068200000.0,7805575000.0,7068200000.0,24958546706.0,10.0,8.767,585300000.0,1.612,1.0,5339200000.0,0.061,5822800000.0,125900000.0,8506000000.0,8949375000.0,7150800000.0,1199600000.0,369100000.0,830500000.0,15929900000.0,11114000000.0,4815900000.0,22794046706.0,-144000000.0,-1653400000.0,-3290600000.0,770300000.0,-151700000.0,-2675900000.0,1576100000.0,456500000.0,955800000.0,0.0,1962300000.0,1962300000.0,1962300000.0,-1129800000.0,0.0,0.022,3953600000.0,1385600000.0,9099000000.0,0.083,3.225,11.616,12.407,1683100000.0,0.0,62.53,0.26,0.259,4904700000.0,11658600000.0,87791000000.0,87791000000.0,0.0,0.083,0.251,0.281,0.029,126800000.0,3165900000.0,1.0,364529773.0,363000000,370200000.0,241.848,17175300000.0,0.0,427200000.0,1468400000.0,47.315,3219200000.0
56,CAH,MRT,2007-06-30,2007-06-30,2007-06-30,2021-08-25,121000000.0,23153800000.0,23753550000.0,14544500000.0,8609300000.0,3.652,18.68,-346600000.0,1308800000.0,1308800000.0,81557600000.0,1931100000.0,1.269,2.139,3473300000.0,16000000.0,3457300000.0,3473300000.0,0.0,314900000.0,0.0,0.006,0.39,2457200000.0,2772100000.0,0.032,2772100000.0,2457200000.0,2336600000.0,4.89,4.77,4.89,7376900000.0,8143800000.0,7376900000.0,29500969969.0,12.0,10.642,887100000.0,2.246,1.0,5197400000.0,0.06,5860900000.0,120600000.0,7997700000.0,8855750000.0,7383200000.0,1307500000.0,486800000.0,820700000.0,15776900000.0,11459700000.0,4317200000.0,27171569969.0,132100000.0,-1629800000.0,-3109400000.0,630500000.0,-144400000.0,-2638800000.0,1537200000.0,366500000.0,1233700000.0,0.0,1931100000.0,1931100000.0,1931100000.0,-1110400000.0,0.0,0.022,3850600000.0,1346800000.0,9162200000.0,0.08,3.683,14.071,14.446,1647000000.0,0.0,70.64,0.313,0.322,4714400000.0,11539900000.0,86755000000.0,86755000000.0,0.0,0.081,0.237,0.277,0.028,138100000.0,3061300000.0,1.0,384648499.0,394900000,404700000.0,219.689,17292900000.0,0.0,405500000.0,859900000.0,43.791,3084800000.0
57,CAH,MRT,2007-03-31,2007-03-31,2007-03-31,2021-08-25,127200000.0,24292000000.0,23823425000.0,17262400000.0,7029600000.0,3.603,19.943,-324400000.0,866500000.0,866500000.0,80660800000.0,1058600000.0,1.333,2.087,3195900000.0,296900000.0,2899000000.0,3195900000.0,0.0,314900000.0,0.0,0.005,0.36,1593500000.0,1908400000.0,0.022,1908400000.0,1593500000.0,1463300000.0,3.34,3.26,3.34,7869400000.0,8422250000.0,7869400000.0,31182920980.0,20.0,16.34,1582100000.0,4.009,1.0,5180100000.0,0.06,4406900000.0,130200000.0,9269100000.0,9148350000.0,7486500000.0,1421700000.0,637100000.0,784600000.0,16422600000.0,12945400000.0,3477200000.0,29201520980.0,-700200000.0,-405600000.0,-2220000000.0,423000000.0,-134700000.0,-1974800000.0,-631900000.0,199200000.0,1906500000.0,0.0,1058600000.0,1058600000.0,1058600000.0,-464900000.0,0.0,0.012,3739400000.0,1440700000.0,9405700000.0,0.108,3.711,27.585,21.841,1533700000.0,0.0,72.95,0.34,0.335,4618500000.0,10681300000.0,85840900000.0,85840900000.0,0.0,0.044,0.126,0.174,0.019,154400000.0,3033900000.0,1.0,400295010.0,394600000,394600000.0,217.539,19885100000.0,0.0,404700000.0,578200000.0,50.393,4317000000.0
58,CAH,MRT,2006-12-31,2006-12-31,2006-12-31,2021-08-25,90200000.0,24137200000.0,23661825000.0,17178100000.0,6959100000.0,3.558,22.148,-309200000.0,1003300000.0,1003300000.0,79140000000.0,1186400000.0,1.468,1.71,2984700000.0,48900000.0,2935800000.0,2984700000.0,0.0,307400000.0,0.0,0.005,0.33,1920800000.0,2228200000.0,0.026,2228200000.0,1920800000.0,1796600000.0,3.64,3.55,3.64,8907800000.0,8601600000.0,8907800000.0,27428025028.0,14.0,12.309,1058700000.0,2.632,1.0,5047000000.0,0.06,4391300000.0,124200000.0,10024700000.0,8947875000.0,7309200000.0,1556300000.0,797400000.0,758900000.0,15229400000.0,11702600000.0,3526800000.0,26094925028.0,-1111600000.0,-410700000.0,-1584600000.0,53600000.0,-124000000.0,-1656000000.0,-823500000.0,-48100000.0,1367900000.0,0.0,1186400000.0,1186400000.0,1186400000.0,-247500000.0,0.0,0.014,3061600000.0,1985400000.0,8984700000.0,0.091,2.929,21.995,17.701,1518500000.0,0.0,64.43,0.31,0.308,4394500000.0,10692500000.0,84187000000.0,84187000000.0,0.0,0.05,0.138,0.215,0.023,157400000.0,2953200000.0,1.0,405012029.0,402200000,410600000.0,209.316,19745900000.0,0.0,610200000.0,591000000.0,49.095,5475500000.0
59,CAH,MRT,2006-09-30,2006-09-30,2006-09-30,2021-08-25,60600000.0,23431200000.0,23435075000.0,14721200000.0,8710000000.0,3.488,20.819,-316500000.0,1609600000.0,1609600000.0,76836500000.0,751100000.0,1.271,1.782,2942700000.0,315300000.0,2627400000.0,2942700000.0,0.0,275000000.0,0.0,0.005,0.3,1460400000.0,1735400000.0,0.021,1735400000.0,1460400000.0,1342000000.0,2.51,2.45,2.51,8421100000.0,8562400000.0,8421100000.0,28166618487.0,19.0,16.231,1766400000.0,4.367,1.0,4912800000.0,0.06,5054500000.0,118400000.0,8131500000.0,8452350000.0,7585300000.0,1522100000.0,765800000.0,756300000.0,15010100000.0,11578300000.0,3431800000.0,26658618487.0,-418000000.0,-430000000.0,-1681900000.0,373900000.0,-113300000.0,-1401800000.0,-1099100000.0,-256700000.0,2082900000.0,0.0,751100000.0,751100000.0,751100000.0,158100000.0,0.0,0.009,2983100000.0,1929700000.0,8878300000.0,0.12,3.166,35.493,26.191,2574100000.0,0.0,65.74,0.326,0.325,3986600000.0,9994500000.0,81749300000.0,81749300000.0,0.0,0.032,0.088,0.173,0.018,163400000.0,2894300000.0,1.0,405515949.0,404500000,413000000.0,202.1,18376700000.0,0.0,590900000.0,804400000.0,45.431,3142900000.0
60,CAH,MRT,2006-06-30,2006-06-30,2006-06-30,2021-08-25,33900000.0,23433300000.0,23319750000.0,16575900000.0,6857400000.0,3.416,20.158,-326400000.0,1187300000.0,1187300000.0,74850200000.0,1000100000.0,1.431,1.76,2787600000.0,199000000.0,2588600000.0,2787600000.0,0.0,297600000.0,0.0,0.004,0.27,1681700000.0,1979300000.0,0.025,1979300000.0,1681700000.0,1577200000.0,2.38,2.33,2.38,8490700000.0,8676850000.0,8490700000.0,27984712745.0,17.0,14.139,1794400000.0,4.26,1.0,4814000000.0,0.06,4283400000.0,104500000.0,9168100000.0,8366075000.0,7493000000.0,1543200000.0,788500000.0,754700000.0,14942600000.0,11582100000.0,3360500000.0,26869212745.0,-98600000.0,-362200000.0,-1259100000.0,299800000.0,-101800000.0,-1032200000.0,-1187200000.0,-398600000.0,2120800000.0,0.0,1000100000.0,1000100000.0,1000100000.0,163200000.0,0.0,0.013,2969100000.0,1844900000.0,8907800000.0,0.113,3.165,26.867,27.029,1505000000.0,0.0,64.33,0.337,0.34,3808800000.0,9760500000.0,79664200000.0,79664200000.0,0.0,0.043,0.115,0.201,0.021,207800000.0,2882800000.0,1.0,417677798.0,421200000,428500000.0,189.136,19149900000.0,0.0,577100000.0,771900000.0,45.465,4993800000.0
61,CAH,MRT,2006-03-31,2006-03-31,2006-03-31,2021-08-25,-6100000.0,23645600000.0,22920975000.0,15254100000.0,8391500000.0,3.337,20.489,-304300000.0,1713400000.0,1713400000.0,71995700000.0,936800000.0,1.33,1.754,2828900000.0,280700000.0,2548200000.0,2828900000.0,0.0,228400000.0,0.0,0.003,0.24,1684500000.0,1912900000.0,0.025,1912900000.0,1684500000.0,1575300000.0,2.2,2.16,2.2,8586800000.0,8702425000.0,8586800000.0,32229498133.0,19.0,16.849,2144600000.0,5.117,1.0,4496400000.0,0.059,4822100000.0,109200000.0,8467200000.0,8154250000.0,7651200000.0,1512900000.0,772900000.0,740000000.0,15058800000.0,11471800000.0,3587000000.0,31443798133.0,170200000.0,-105600000.0,-994000000.0,-54300000.0,-89400000.0,-1081100000.0,-1197600000.0,-499200000.0,2448900000.0,0.0,936800000.0,936800000.0,936800000.0,188200000.0,0.0,0.012,2621200000.0,1875200000.0,8826400000.0,0.109,3.662,33.565,33.873,2489100000.0,0.0,74.52,0.411,0.408,3937500000.0,9477400000.0,76492100000.0,76492100000.0,0.0,0.041,0.108,0.207,0.022,164000000.0,2662800000.0,1.0,421951129.0,419100000,427500000.0,182.515,18823500000.0,0.0,638500000.0,1038800000.0,44.914,3782300000.0
62,CAH,MRT,2005-12-31,2005-12-31,2005-12-31,2021-08-25,-23900000.0,23230200000.0,22544200000.0,14612600000.0,8617600000.0,3.337,20.566,-272500000.0,2223900000.0,2223900000.0,70667600000.0,1155700000.0,1.342,1.655,3009600000.0,441300000.0,2568300000.0,3009600000.0,0.0,248900000.0,0.0,0.003,0.21,1925600000.0,2174500000.0,0.029,2174500000.0,1925600000.0,1802600000.0,2.7,2.66,2.7,8751000000.0,8724275000.0,8751000000.0,30073157156.0,16.0,13.83,2455300000.0,5.77,1.0,4570900000.0,0.061,5082600000.0,123000000.0,8042600000.0,8145825000.0,7276700000.0,1412600000.0,679500000.0,733100000.0,14479200000.0,10890700000.0,3588500000.0,29440757156.0,969600000.0,-112000000.0,-782000000.0,120500000.0,-77000000.0,-720100000.0,-1038100000.0,-419000000.0,2727800000.0,0.0,1155700000.0,1155700000.0,1155700000.0,3500000.0,0.0,0.015,2632200000.0,1938700000.0,8116600000.0,0.078,3.364,25.474,25.463,2490000000.0,0.0,68.75,0.391,0.389,3543800000.0,9354300000.0,75238500000.0,75238500000.0,0.0,0.051,0.132,0.236,0.026,124300000.0,2640500000.0,1.0,428229195.0,425500000,431900000.0,176.824,18147600000.0,0.0,646900000.0,1020200000.0,42.65,3721900000.0
63,CAH,MRT,2005-09-30,2005-09-30,2005-09-30,2021-08-25,7500000.0,22969900000.0,22183900000.0,14325900000.0,8644000000.0,3.356,20.828,-295500000.0,1976900000.0,1976900000.0,69824200000.0,1065700000.0,1.333,1.587,2609300000.0,405300000.0,2204000000.0,2609300000.0,0.0,306600000.0,0.0,0.003,0.18,1781300000.0,2087900000.0,0.028,2087900000.0,1781300000.0,1668200000.0,2.48,2.45,2.48,8878900000.0,8676400000.0,8878900000.0,28294541392.0,16.0,13.552,2389800000.0,5.606,1.0,4614500000.0,0.062,5068100000.0,113100000.0,7786400000.0,8286675000.0,7376000000.0,1170300000.0,452000000.0,718300000.0,14091000000.0,10747800000.0,3343200000.0,27078441392.0,837500000.0,-7800000.0,-384800000.0,-717700000.0,-64300000.0,-1162000000.0,-685800000.0,-199800000.0,2685300000.0,0.0,1065700000.0,1065700000.0,1065700000.0,16900000.0,0.0,0.014,2818000000.0,1796500000.0,8082800000.0,0.073,3.05,25.409,25.581,2449600000.0,0.0,63.44,0.364,0.363,3712400000.0,9078300000.0,74438700000.0,74438700000.0,0.0,0.048,0.123,0.215,0.024,88200000.0,2642700000.0,1.0,426835457.0,426300000,431400000.0,174.616,17901800000.0,0.0,602500000.0,1139200000.0,41.993,3578100000.0
64,CAH,MRT,2005-06-30,2005-06-30,2005-06-30,2021-08-25,20200000.0,21838200000.0,22008700000.0,13532500000.0,8305700000.0,3.302,19.961,-320900000.0,1400000000.0,1400000000.0,68206300000.0,1050700000.0,1.367,1.541,2627800000.0,307900000.0,2319900000.0,2627800000.0,0.0,295600000.0,0.0,0.003,0.15,1765800000.0,2061400000.0,0.028,2061400000.0,1765800000.0,1648000000.0,2.44,2.41,2.44,8593000000.0,8511425000.0,8593000000.0,26001352068.0,15.0,12.613,2534800000.0,5.888,1.0,4459700000.0,0.061,4842500000.0,117800000.0,8320800000.0,8680150000.0,7249200000.0,1031800000.0,338000000.0,693800000.0,13245200000.0,9902700000.0,3342500000.0,24659152068.0,322300000.0,-273200000.0,-389800000.0,-1211200000.0,-51700000.0,-1657300000.0,-876100000.0,-99800000.0,2855700000.0,0.0,1050700000.0,1050700000.0,1050700000.0,16400000.0,0.0,0.014,2677500000.0,1782200000.0,7351500000.0,0.061,2.87,23.469,23.598,2445100000.0,0.0,57.58,0.339,0.341,3102300000.0,8874200000.0,72666000000.0,72666000000.0,0.0,0.048,0.123,0.203,0.024,8500000.0,2497700000.0,1.0,428258980.0,430500000,435700000.0,168.794,16995700000.0,0.0,597300000.0,1022600000.0,39.479,3629800000.0
65,CAH,MRT,2005-03-31,2005-03-31,2005-03-31,2021-08-25,95100000.0,22138500000.0,21891425000.0,13729200000.0,8409300000.0,3.275,20.088,-370600000.0,1549500000.0,1549500000.0,66936200000.0,1186500000.0,1.366,1.552,2891700000.0,588600000.0,2303100000.0,2891700000.0,0.0,356100000.0,0.0,0.002,0.12,1839300000.0,2195400000.0,0.031,2195400000.0,1839300000.0,1720500000.0,2.74,2.72,2.74,8674200000.0,8357250000.0,8674200000.0,25741490192.0,14.0,11.725,2948600000.0,6.829,1.0,4754600000.0,0.066,4998200000.0,118800000.0,8433500000.0,9015000000.0,7771300000.0,856200000.0,215300000.0,640900000.0,13464300000.0,10049000000.0,3415300000.0,24195190192.0,998300000.0,-1809500000.0,-108600000.0,-37000000.0,-51800000.0,-197400000.0,-2123500000.0,0.0,3319200000.0,0.0,1186500000.0,1186500000.0,1186500000.0,9500000.0,0.0,0.017,2928800000.0,1825800000.0,7613100000.0,0.044,2.789,20.392,20.365,2372000000.0,0.0,55.8,0.337,0.336,3293000000.0,8642400000.0,71690800000.0,71690800000.0,0.0,0.054,0.142,0.204,0.026,10500000.0,2594500000.0,1.0,433605559.0,431800000,437800000.0,166.028,17140300000.0,0.0,534000000.0,1112200000.0,39.695,3680200000.0
66,CAH,MRT,2004-12-31,2004-12-31,2004-12-31,2021-08-25,151300000.0,21789000000.0,21346650000.0,13311000000.0,8478000000.0,3.238,19.809,-423800000.0,1273700000.0,1273700000.0,64413900000.0,1250100000.0,1.374,1.546,2820000000.0,435400000.0,2384600000.0,2820000000.0,0.0,338600000.0,0.0,0.002,0.12,1922800000.0,2261400000.0,0.033,2261400000.0,1922800000.0,1815800000.0,2.88,2.86,2.88,8559500000.0,8103050000.0,8559500000.0,27227826960.0,14.0,12.04,3172100000.0,7.341,1.0,4709100000.0,0.068,5040000000.0,107000000.0,8606000000.0,9442475000.0,8177500000.0,843400000.0,211500000.0,631900000.0,13229500000.0,9689300000.0,3540200000.0,25125226960.0,731400000.0,-1827000000.0,-315500000.0,-282800000.0,-51800000.0,-643000000.0,-2221500000.0,0.0,3595900000.0,0.0,1250100000.0,1250100000.0,1250100000.0,1500000.0,0.0,0.018,2818700000.0,1890400000.0,7231900000.0,0.042,2.935,20.099,20.191,2393100000.0,0.0,58.15,0.363,0.364,2821900000.0,8289800000.0,69123000000.0,69123000000.0,0.0,0.059,0.154,0.204,0.028,8200000.0,2524700000.0,1.0,432076130.0,432100000,437100000.0,159.97,16749000000.0,0.0,565700000.0,1155600000.0,38.762,3621700000.0
67,CAH,MRT,2004-09-30,2004-09-30,2004-09-30,2021-08-25,38800000.0,22269100000.0,20779025000.0,13787000000.0,8482100000.0,3.221,19.039,-401400000.0,1152400000.0,1152400000.0,62265900000.0,1404600000.0,1.38,1.709,3255000000.0,362400000.0,2892600000.0,3255000000.0,0.0,310800000.0,0.0,0.003,0.12,2171300000.0,2482100000.0,0.037,2482100000.0,2171300000.0,2053400000.0,3.24,3.21,3.24,8219000000.0,7861250000.0,8219000000.0,20842547175.0,10.0,8.397,2823200000.0,6.54,1.0,4660800000.0,0.07,5019100000.0,117900000.0,9360300000.0,9875175000.0,8199600000.0,792900000.0,207300000.0,585600000.0,14050100000.0,9992300000.0,4057800000.0,18838347175.0,161700000.0,-2339500000.0,-298800000.0,-7800000.0,-51800000.0,-351300000.0,-2711600000.0,0.0,3224600000.0,0.0,1404600000.0,1404600000.0,1404600000.0,11400000.0,0.0,0.021,2524000000.0,2136800000.0,7687500000.0,0.037,2.292,13.412,13.509,2399900000.0,0.0,43.77,0.281,0.282,3368100000.0,8088500000.0,66926700000.0,66926700000.0,0.0,0.068,0.179,0.22,0.032,5400000.0,2413600000.0,1.0,430394041.0,431700000,434700000.0,155.031,17250000000.0,0.0,648800000.0,1165200000.0,39.958,3794700000.0
68,CAH,MRT,2004-06-30,2004-06-30,2004-06-30,2021-08-25,28900000.0,21369100000.0,19874075000.0,13057900000.0,8311200000.0,3.247,18.362,-376300000.0,1096000000.0,1096000000.0,59879500000.0,1474500000.0,1.394,1.679,3695300000.0,860600000.0,2834700000.0,3695300000.0,0.0,289500000.0,0.0,0.002,0.12,2288000000.0,2577500000.0,0.04,2577500000.0,2288000000.0,2181200000.0,3.39,3.35,3.39,7976300000.0,7587150000.0,7976300000.0,32153302572.0,14.0,12.475,2247400000.0,5.174,1.0,4643100000.0,0.072,4938800000.0,106800000.0,9660200000.0,10031225000.0,7471300000.0,748100000.0,202100000.0,546000000.0,13392800000.0,9369400000.0,4023400000.0,30149102572.0,-631400000.0,-2092400000.0,-1283300000.0,512800000.0,-52300000.0,-815700000.0,-2439400000.0,0.0,2623700000.0,0.0,1474500000.0,1474500000.0,1474500000.0,4200000.0,0.0,0.023,2368500000.0,2274600000.0,6432400000.0,0.035,3.78,20.447,20.664,2364000000.0,0.0,70.05,0.467,0.472,3432700000.0,7888000000.0,64522600000.0,64522600000.0,0.0,0.074,0.194,0.228,0.035,3300000.0,2268700000.0,1.0,430394041.0,434400000,440000000.0,148.533,16430300000.0,0.0,706700000.0,1188700000.0,37.823,3688500000.0
69,CAH,MRT,2004-03-31,2004-03-31,2004-03-31,2021-08-25,59800000.0,19959400000.0,19148075000.0,13811800000.0,6147600000.0,3.307,17.668,-406800000.0,527200000.0,527200000.0,58595000000.0,1417200000.0,1.566,1.607,2531400000.0,54400000.0,2477000000.0,2531400000.0,0.0,291000000.0,0.0,0.004,0.27,2233300000.0,2524300000.0,0.04,2524300000.0,2233300000.0,2135900000.0,3.23,3.19,3.23,7657400000.0,7511700000.0,7657400000.0,32153405424.0,14.0,12.738,1810800000.0,4.178,1.0,4718900000.0,0.075,3002500000.0,97400000.0,10143400000.0,10065975000.0,8652100000.0,794500000.0,256100000.0,538400000.0,12302000000.0,8817700000.0,3484300000.0,29972105424.0,-18000000.0,-538900000.0,-1244000000.0,4700000.0,-50600000.0,-1289900000.0,-945700000.0,0.0,2217600000.0,0.0,1417200000.0,1417200000.0,1417200000.0,12000000.0,0.0,0.022,2501600000.0,2217300000.0,6998200000.0,0.084,3.914,21.149,21.331,2233500000.0,0.0,68.9,0.473,0.472,3497800000.0,7610400000.0,63313900000.0,63313900000.0,0.0,0.074,0.189,0.222,0.035,0.0,2367800000.0,1.0,435008787.0,433400000,439000000.0,146.087,16956900000.0,0.0,718700000.0,1007300000.0,39.125,4994100000.0
70,CAH,MRT,2003-12-31,2003-12-31,2003-12-31,2021-08-25,30700000.0,19518500000.0,18778350000.0,13538200000.0,5980300000.0,3.264,17.526,-385900000.0,544300000.0,544300000.0,56663800000.0,1371000000.0,1.599,1.571,2725600000.0,253200000.0,2472400000.0,2725600000.0,0.0,282500000.0,0.0,0.004,0.265,2173700000.0,2456200000.0,0.04,2456200000.0,2173700000.0,2073900000.0,3.09,3.05,3.09,7592300000.0,7408500000.0,7592300000.0,28210716513.0,13.0,11.486,1201600000.0,2.774,1.0,4629600000.0,0.076,2897700000.0,99800000.0,10336800000.0,10011550000.0,8543800000.0,707200000.0,192200000.0,515000000.0,11926200000.0,8465300000.0,3460900000.0,26478716513.0,-454600000.0,-469500000.0,-1348700000.0,210900000.0,-48900000.0,-1186700000.0,-855400000.0,0.0,1587500000.0,0.0,1371000000.0,1371000000.0,1371000000.0,13000000.0,0.0,0.022,2473200000.0,2156400000.0,6349000000.0,0.086,3.488,19.313,19.793,2177300000.0,0.0,61.16,0.432,0.432,3369300000.0,7195300000.0,61293400000.0,61293400000.0,0.0,0.073,0.185,0.217,0.035,0.0,2335000000.0,1.0,432941735.0,433200000,438700000.0,141.49,16620800000.0,0.0,702900000.0,988500000.0,38.367,5072900000.0
71,CAH,MRT,2003-09-30,2003-09-30,2003-09-30,2021-08-25,-24900000.0,18649300000.0,18194125000.0,13333000000.0,5316300000.0,3.245,16.169,-386600000.0,992000000.0,992000000.0,51716100000.0,1370000000.0,1.655,1.618,2724000000.0,217100000.0,2506900000.0,2724000000.0,0.0,272300000.0,0.0,0.004,0.26,2185100000.0,2457400000.0,0.042,2457400000.0,2185100000.0,2081400000.0,3.07,3.03,3.07,7122600000.0,7143475000.0,7122600000.0,26231916635.0,12.0,10.675,1319600000.0,2.996,1.0,7317500000.0,0.124,2340500000.0,103700000.0,9984500000.0,9751450000.0,8253700000.0,790000000.0,196000000.0,594000000.0,11526700000.0,8056300000.0,3470400000.0,25255316635.0,46400000.0,12200000.0,-1599100000.0,360700000.0,-47000000.0,-1285400000.0,-374400000.0,0.0,1706200000.0,0.0,1370000000.0,1370000000.0,1370000000.0,7900000.0,0.0,0.023,2420800000.0,4896700000.0,6156600000.0,0.085,3.546,18.435,19.02,2079900000.0,0.0,58.39,0.428,0.436,2996100000.0,6832600000.0,59033600000.0,59033600000.0,0.0,0.075,0.192,0.224,0.037,0.0,2273200000.0,1.0,432528115.0,440500000,446400000.0,134.015,16308800000.0,0.0,711400000.0,963500000.0,37.023,5276700000.0
72,CAH,MRT,2003-06-30,2003-06-30,2003-06-30,2021-08-25,-50700000.0,18465100000.0,17590600000.0,13197200000.0,5267900000.0,3.225,17.207,-365500000.0,1724000000.0,1724000000.0,52249300000.0,1375100000.0,1.805,1.406,2700600000.0,228700000.0,2471900000.0,2700600000.0,0.0,265800000.0,0.0,0.004,0.255,2180900000.0,2446700000.0,0.043,2446700000.0,2180900000.0,2074600000.0,3.08,3.03,3.08,7674500000.0,6951250000.0,7674500000.0,30516118617.0,14.0,12.472,1032500000.0,2.315,1.0,4482200000.0,0.079,2332300000.0,106300000.0,9799200000.0,9590025000.0,7570900000.0,729100000.0,171800000.0,557300000.0,10790600000.0,7310200000.0,3480400000.0,28706618617.0,342000000.0,21800000.0,-994400000.0,326900000.0,-44800000.0,-712300000.0,-343700000.0,0.0,1398000000.0,0.0,1375100000.0,1375100000.0,1375100000.0,6100000.0,0.0,0.024,2396700000.0,2085500000.0,5288800000.0,0.083,3.741,20.876,20.877,2089500000.0,0.0,64.3,0.506,0.506,2784400000.0,6465200000.0,56731500000.0,56731500000.0,0.0,0.078,0.198,0.227,0.038,0.0,2246300000.0,1.0,446448190.0,446000000,453300000.0,127.201,16132800000.0,0.0,699500000.0,1008500000.0,36.172,5887000000.0
73,CAH,MRT,2003-03-31,2003-03-31,2003-03-31,2021-08-25,-82500000.0,18480500000.0,17083825000.0,13280400000.0,5200100000.0,3.195,16.131,-321000000.0,545200000.0,545200000.0,55093500000.0,1349700000.0,1.65,1.551,2354700000.0,26500000.0,2328200000.0,2354700000.0,0.0,257200000.0,0.0,0.002,0.1,2159100000.0,2416300000.0,0.044,2416300000.0,2159100000.0,2040900000.0,3.01,2.97,3.01,7244600000.0,6630875000.0,7244600000.0,27020617600.0,13.0,11.183,1621500000.0,3.611,1.0,-508000000.0,-0.009,2317400000.0,118200000.0,9925700000.0,9371900000.0,8775600000.0,775200000.0,185700000.0,589500000.0,11235900000.0,8046900000.0,3189000000.0,25759517600.0,-324000000.0,-368300000.0,-1226700000.0,-300800000.0,-44900000.0,-1577200000.0,-689300000.0,0.0,1942500000.0,0.0,1349700000.0,1349700000.0,1349700000.0,1800000.0,0.0,0.025,2254600000.0,-2762600000.0,6465200000.0,0.033,3.556,19.085,18.927,2005100000.0,0.0,56.97,0.472,0.469,2845300000.0,6161300000.0,54585500000.0,54585500000.0,0.0,0.079,0.204,0.23,0.04,0.0,2141600000.0,1.0,452159340.0,449100000,456300000.0,121.544,16163100000.0,0.0,691200000.0,860800000.0,35.99,5233500000.0
74,CAH,MRT,2002-12-31,2002-12-31,2002-12-31,2021-08-25,-80300000.0,17181600000.0,16527825000.0,12869400000.0,4312200000.0,3.234,14.779,-301200000.0,998900000.0,998900000.0,50688400000.0,1266900000.0,1.699,1.63,2260000000.0,17200000.0,2242800000.0,2260000000.0,0.0,246900000.0,0.0,0.002,0.1,2046100000.0,2293000000.0,0.043,2293000000.0,2046100000.0,1918900000.0,2.83,2.79,2.83,6532200000.0,6371975000.0,6532200000.0,27501294978.0,13.0,11.994,1988600000.0,4.499,1.0,2767800000.0,0.052,1572500000.0,127200000.0,9296400000.0,9370350000.0,8313300000.0,700600000.0,175400000.0,525200000.0,10649400000.0,7573800000.0,3075600000.0,26191694978.0,600000000.0,-388800000.0,-680200000.0,-270000000.0,-44800000.0,-999800000.0,-690000000.0,0.0,2289800000.0,0.0,1266900000.0,1266900000.0,1266900000.0,0.0,0.0,0.024,2237700000.0,530100000.0,6094500000.0,0.035,4.01,20.674,20.915,1923300000.0,0.0,59.19,0.49,0.489,2611800000.0,5789500000.0,53456200000.0,53456200000.0,0.0,0.077,0.199,0.218,0.038,0.0,2101500000.0,1.0,442502027.0,442000000,450000000.0,120.942,15609100000.0,0.0,652000000.0,832800000.0,35.315,5295600000.0
75,CAH,MRT,2002-09-30,2002-09-30,2002-09-30,2021-08-25,-97000000.0,16235200000.0,16244075000.0,11611500000.0,4623700000.0,3.229,14.24,-272600000.0,945600000.0,945600000.0,48797100000.0,1182700000.0,1.749,1.555,2255200000.0,17400000.0,2237800000.0,2255200000.0,0.0,244500000.0,0.0,0.002,0.1,1924900000.0,2169400000.0,0.041,2169400000.0,1924900000.0,1790400000.0,2.63,2.59,2.63,6353700000.0,6204725000.0,6353700000.0,28499734915.0,15.0,13.137,1177900000.0,2.64,1.0,3660200000.0,0.07,1567900000.0,134500000.0,9338800000.0,9530075000.0,7250200000.0,835400000.0,190600000.0,644800000.0,9881500000.0,6638100000.0,3243400000.0,27656534915.0,73600000.0,-389200000.0,-568900000.0,-96400000.0,-45000000.0,-715100000.0,-661800000.0,0.0,1450500000.0,0.0,1182700000.0,1182700000.0,1182700000.0,0.0,0.0,0.023,2220300000.0,1439900000.0,5299800000.0,0.038,4.353,23.384,23.65,1887300000.0,0.0,62.2,0.527,0.529,2554800000.0,5433200000.0,52457300000.0,52457300000.0,0.0,0.073,0.191,0.202,0.037,0.0,2089300000.0,1.0,444638825.0,446200000,454200000.0,117.565,14667300000.0,0.0,607700000.0,1005600000.0,32.872,4973400000.0
76,CAH,MRT,2002-06-30,2002-06-30,2002-06-30,2021-08-25,-120900000.0,16438000000.0,16115650000.0,11906600000.0,4531400000.0,3.174,14.204,-267100000.0,1382000000.0,1382000000.0,47099600000.0,1070700000.0,1.748,1.571,2225200000.0,18200000.0,2207000000.0,2225200000.0,0.0,243500000.0,0.0,0.002,0.1,1787300000.0,2030800000.0,0.04,2030800000.0,1787300000.0,1654800000.0,2.37,2.33,2.37,6393000000.0,6033825000.0,6393000000.0,29349596152.0,16.0,14.452,716800000.0,1.593,1.0,4045000000.0,0.079,1544100000.0,132500000.0,8926700000.0,9430175000.0,7361000000.0,836900000.0,218300000.0,618600000.0,10045000000.0,6810400000.0,3234600000.0,27737596152.0,447900000.0,-383800000.0,-168300000.0,333000000.0,-45000000.0,114900000.0,-650900000.0,0.0,983900000.0,0.0,1070700000.0,1070700000.0,1070700000.0,0.0,0.0,0.021,2202900000.0,1842100000.0,5504500000.0,0.042,4.339,25.906,25.911,1894400000.0,0.0,61.41,0.542,0.54,2295400000.0,5156100000.0,51144600000.0,51144600000.0,0.0,0.066,0.177,0.19,0.035,0.0,2071000000.0,1.0,451678817.0,450100000,459600000.0,113.629,14893900000.0,0.0,584100000.0,1027600000.0,33.09,5096200000.0
77,CAH,MRT,2002-03-31,2002-03-31,2002-03-31,2021-08-25,-144200000.0,16256500000.0,15666750000.0,12382600000.0,3873900000.0,3.224,13.801,-220600000.0,869200000.0,869200000.0,37498700000.0,1013200000.0,1.829,1.618,2481200000.0,17200000.0,2464000000.0,2481200000.0,0.0,253100000.0,0.0,0.001,0.1,1720000000.0,1973100000.0,0.039,1973100000.0,1720000000.0,1575000000.0,2.25,2.21,2.25,6209000000.0,5794850000.0,6209000000.0,33946177318.0,20.0,17.204,220000000.0,0.489,1.0,13009800000.0,0.258,1178300000.0,145000000.0,9919500000.0,9159325000.0,7902000000.0,774200000.0,204600000.0,569600000.0,10047500000.0,6770700000.0,3276800000.0,31865577318.0,473000000.0,-51900000.0,56600000.0,290700000.0,-43800000.0,304900000.0,-272500000.0,0.0,440600000.0,0.0,1013200000.0,1013200000.0,1013200000.0,0.0,0.0,0.02,2162700000.0,10847100000.0,5266900000.0,0.044,5.132,31.45,31.507,1823800000.0,0.0,70.89,0.631,0.631,2536000000.0,4870300000.0,50508500000.0,50508500000.0,0.0,0.065,0.175,0.188,0.034,0.0,2071200000.0,1.0,449507368.0,449900000,459100000.0,112.266,15078200000.0,0.0,561800000.0,812800000.0,33.515,5611900000.0
78,CAH,MRT,2001-12-31,2001-12-31,2001-12-31,2021-08-25,-135200000.0,16046600000.0,15160250000.0,12233400000.0,3813200000.0,3.288,13.032,-237500000.0,398900000.0,398900000.0,40360600000.0,905800000.0,1.741,1.737,2479500000.0,20100000.0,2459400000.0,2479500000.0,0.0,264800000.0,0.0,0.001,0.095,1576500000.0,1841300000.0,0.037,1841300000.0,1576500000.0,1427400000.0,2.01,1.97,2.01,5863200000.0,5515650000.0,5863200000.0,30597000586.0,19.0,16.617,-50400000.0,-0.112,1.0,9486000000.0,0.19,1166700000.0,149100000.0,9935300000.0,8813075000.0,8255200000.0,746600000.0,199500000.0,547100000.0,10183400000.0,7025200000.0,3158200000.0,29154500586.0,-141600000.0,-104800000.0,96700000.0,-44000000.0,-41000000.0,13600000.0,-342300000.0,0.0,187100000.0,0.0,905800000.0,905800000.0,905800000.0,0.0,0.0,0.018,2183800000.0,7302200000.0,5612900000.0,0.047,4.972,32.186,32.169,1838500000.0,0.0,64.66,0.585,0.584,2568300000.0,4581900000.0,49846600000.0,49846600000.0,0.0,0.06,0.164,0.179,0.032,0.0,2032500000.0,1.0,450889276.0,449900000,459700000.0,110.795,14879900000.0,0.0,521600000.0,698800000.0,33.074,5208200000.0
79,CAH,MRT,2001-09-30,2001-09-30,2001-09-30,2021-08-25,-127100000.0,15721500000.0,14230200000.0,11949700000.0,3771800000.0,3.421,12.611,-267800000.0,872000000.0,872000000.0,43051000000.0,843700000.0,1.693,1.773,2314500000.0,25900000.0,2288600000.0,2314500000.0,0.0,273800000.0,0.0,0.001,0.09,1492500000.0,1766300000.0,0.036,1766300000.0,1492500000.0,1342700000.0,1.88,1.84,1.88,5670100000.0,5132800000.0,5670100000.0,34187494153.0,23.0,19.355,505600000.0,1.125,1.0,5630100000.0,0.116,1166900000.0,149800000.0,8939200000.0,8214650000.0,7704700000.0,721900000.0,182300000.0,539600000.0,10051400000.0,7057900000.0,2993500000.0,33236394153.0,298700000.0,-124400000.0,163300000.0,-139000000.0,-38800000.0,-82500000.0,-392200000.0,0.0,773400000.0,0.0,843700000.0,843700000.0,843700000.0,0.0,0.0,0.017,2152700000.0,3477400000.0,5663800000.0,0.048,5.862,39.394,39.335,1847900000.0,0.0,73.95,0.683,0.683,2251600000.0,4313700000.0,48681100000.0,48681100000.0,0.0,0.059,0.164,0.182,0.031,0.0,1997800000.0,1.0,449444140.0,449600000,460600000.0,108.276,14554600000.0,0.0,499000000.0,704900000.0,32.372,4891800000.0
80,CAH,MRT,2001-06-30,2001-06-30,2001-06-30,2021-08-25,-140300000.0,14642400000.0,13105975000.0,10716300000.0,3926100000.0,3.658,12.268,-269100000.0,934100000.0,934100000.0,44336000000.0,857400000.0,1.63,1.693,1885200000.0,14200000.0,1871000000.0,1885200000.0,0.0,280600000.0,0.0,0.001,0.085,1487100000.0,1767700000.0,0.037,1767700000.0,1487100000.0,1332200000.0,1.93,1.88,1.93,5437100000.0,4772850000.0,5437100000.0,32559646407.0,22.0,18.419,602600000.0,1.36,1.0,3611600000.0,0.075,1175400000.0,154900000.0,7843300000.0,7773150000.0,6286100000.0,908000000.0,236300000.0,671700000.0,9205300000.0,6574800000.0,2630500000.0,30762946407.0,347000000.0,-364300000.0,112700000.0,32600000.0,-36600000.0,108700000.0,-633400000.0,0.0,871700000.0,0.0,857400000.0,857400000.0,857400000.0,0.0,0.0,0.018,2117700000.0,1493900000.0,5319900000.0,0.044,5.658,35.879,35.751,1838300000.0,0.0,69.0,0.642,0.638,2408700000.0,4146000000.0,47947600000.0,47947600000.0,0.0,0.065,0.18,0.191,0.031,0.0,1950700000.0,1.0,445839803.0,443200000,455500000.0,108.185,13467000000.0,0.0,474800000.0,759500000.0,30.386,4141500000.0
81,CAH,MRT,2001-03-31,2001-03-31,2001-03-31,2021-08-25,-115900000.0,14230500000.0,12451400000.0,10365600000.0,3864900000.0,3.701,11.461,-305700000.0,396200000.0,396200000.0,42613900000.0,810100000.0,1.632,1.795,2192900000.0,23100000.0,2169800000.0,2192900000.0,0.0,266500000.0,0.0,0.001,0.08,1418500000.0,1685000000.0,0.037,1685000000.0,1418500000.0,1263200000.0,1.84,1.79,1.84,5092200000.0,4513675000.0,5092200000.0,28718041886.0,20.0,17.043,449700000.0,1.012,1.0,3467800000.0,0.075,1142200000.0,155300000.0,8534500000.0,7522850000.0,6127700000.0,846100000.0,214300000.0,631800000.0,9138300000.0,6350500000.0,2787800000.0,27125541886.0,-20400000.0,-325400000.0,90200000.0,-200100000.0,-33900000.0,-144700000.0,-631100000.0,0.0,755400000.0,0.0,810100000.0,810100000.0,810100000.0,0.0,0.0,0.018,2049300000.0,1418500000.0,5141900000.0,0.043,5.327,33.484,35.054,1859000000.0,0.0,64.5,0.589,0.622,2862300000.0,3903300000.0,46081700000.0,46081700000.0,0.0,0.065,0.179,0.189,0.031,0.0,1852400000.0,1.0,420551037.0,444300000,456500000.0,103.718,13088300000.0,0.0,453100000.0,618000000.0,29.458,4015100000.0
82,CAH,MRT,2000-12-31,2000-12-31,2000-12-31,2021-08-25,-108800000.0,12326400000.0,11543600000.0,8774600000.0,3551800000.0,3.735,9.805,-272100000.0,416200000.0,416200000.0,39799900000.0,815600000.0,1.639,1.846,2008700000.0,28200000.0,1980500000.0,2008700000.0,0.0,270600000.0,0.0,0.001,0.077,1423500000.0,1694100000.0,0.039,1694100000.0,1423500000.0,1273000000.0,1.86,1.81,1.86,4331800000.0,4181350000.0,4331800000.0,29311877450.0,21.0,17.302,252200000.0,0.571,1.0,3313200000.0,0.077,1022200000.0,150500000.0,7541600000.0,7174300000.0,5206800000.0,819200000.0,218400000.0,600800000.0,7994600000.0,5355100000.0,2639500000.0,27808577450.0,159400000.0,-269300000.0,-259100000.0,491600000.0,-34000000.0,176400000.0,-541300000.0,48400000.0,524300000.0,0.0,815600000.0,815600000.0,815600000.0,0.0,0.0,0.019,1889700000.0,1423500000.0,4350000000.0,0.041,6.42,34.096,35.71,1688100000.0,0.0,66.42,0.645,0.681,2225300000.0,3537600000.0,43113100000.0,43113100000.0,0.0,0.071,0.195,0.198,0.033,0.0,1781000000.0,1.0,418677770.0,441800000,454200000.0,97.585,11304200000.0,0.0,457400000.0,659000000.0,25.587,3419500000.0
83,CAH,MRT,2000-09-30,2000-09-30,2000-09-30,2021-08-25,-107800000.0,11224600000.0,11032000000.0,7739700000.0,3484900000.0,3.498,9.638,-241900000.0,491100000.0,491100000.0,35436300000.0,767900000.0,1.716,1.653,1994400000.0,21100000.0,1973300000.0,1994400000.0,0.0,263300000.0,0.0,0.001,0.073,1338900000.0,1602200000.0,0.042,1602200000.0,1338900000.0,1201100000.0,1.773,1.727,1.773,4230300000.0,4063750000.0,4230300000.0,25517546058.0,19.0,15.927,58300000.0,0.133,1.0,3149700000.0,0.082,1045400000.0,137800000.0,7173200000.0,6961175000.0,4468400000.0,778200000.0,198500000.0,579700000.0,6994300000.0,4509300000.0,2485000000.0,24507946058.0,297300000.0,-261200000.0,-243900000.0,695200000.0,-31900000.0,500200000.0,-503100000.0,48400000.0,300200000.0,0.0,767900000.0,767900000.0,767900000.0,0.0,0.0,0.02,1810800000.0,1338900000.0,3429400000.0,0.041,5.793,31.916,33.16,1654300000.0,0.0,58.793,0.635,0.669,1904200000.0,3337900000.0,38586000000.0,38586000000.0,0.0,0.07,0.189,0.192,0.035,0.0,1717000000.0,1.0,416849066.0,438900000,450900000.0,87.915,10179200000.0,0.0,433200000.0,511700000.0,23.193,3230400000.0
84,CAH,MRT,2000-06-30,2000-06-30,2000-06-30,2021-08-25,-81900000.0,12024100000.0,10585175000.0,8446400000.0,3577700000.0,3.623,10.028,-270900000.0,539500000.0,539500000.0,35253700000.0,717800000.0,1.523,1.733,1947900000.0,423400000.0,1524500000.0,1947900000.0,0.0,257000000.0,0.0,0.001,0.07,1280500000.0,1537500000.0,0.04,1537500000.0,1280500000.0,1141800000.0,1.64,1.6,1.64,4400400000.0,3926425000.0,4400400000.0,22074991818.0,17.0,14.358,233100000.0,0.531,1.0,3096200000.0,0.081,1043700000.0,138700000.0,6842100000.0,6709850000.0,4657000000.0,766300000.0,187700000.0,578600000.0,7623700000.0,5546700000.0,2077000000.0,20373491818.0,311100000.0,-69600000.0,-243900000.0,372700000.0,-30000000.0,99200000.0,-292100000.0,48400000.0,504000000.0,0.0,717800000.0,717800000.0,717800000.0,0.0,0.0,0.019,1815700000.0,1280500000.0,3895100000.0,0.043,4.63,28.383,30.081,1728300000.0,0.0,49.333,0.531,0.564,2398800000.0,3331600000.0,38349900000.0,38349900000.0,0.0,0.068,0.183,0.191,0.033,0.0,1709500000.0,1.0,412976186.0,438800000,448700000.0,87.397,10980400000.0,0.0,424000000.0,552500000.0,25.024,2899700000.0
85,CAH,MRT,2000-03-31,2000-03-31,2000-03-31,2021-08-25,-55800000.0,10599300000.0,9680275000.0,7243100000.0,3356200000.0,3.924,8.542,-254400000.0,345900000.0,345900000.0,34927300000.0,667800000.0,1.727,1.817,2047400000.0,29400000.0,2018000000.0,2047400000.0,0.0,275400000.0,0.0,0.002,0.067,1207000000.0,1482400000.0,0.039,1482400000.0,1207000000.0,1067400000.0,1.517,1.493,1.517,3762900000.0,3718725000.0,3762900000.0,14436828502.0,12.0,9.739,-73300000.0,-0.166,1.0,3057700000.0,0.08,966000000.0,139600000.0,7140300000.0,6393275000.0,4303000000.0,715500000.0,180000000.0,535500000.0,6836400000.0,4194500000.0,2641900000.0,12905828502.0,120000000.0,-136800000.0,-254900000.0,608200000.0,-67400000.0,282300000.0,-343400000.0,46300000.0,181100000.0,0.0,667800000.0,667800000.0,667800000.0,0.0,0.0,0.018,1850700000.0,1207000000.0,3142300000.0,0.044,3.43,19.326,20.163,1611300000.0,0.0,30.587,0.34,0.355,1826400000.0,2985500000.0,37985000000.0,37985000000.0,0.0,0.069,0.18,0.189,0.032,0.0,1757300000.0,1.0,421942954.0,440500000,449200000.0,86.232,9633300000.0,0.0,399600000.0,623900000.0,21.869,3048600000.0
86,CAH,MRT,1999-12-31,1999-12-31,1999-12-31,2021-08-25,-43300000.0,10280000000.0,9150375000.0,6926200000.0,3353800000.0,3.806,9.181,-264400000.0,290500000.0,290500000.0,31883800000.0,558600000.0,1.668,1.662,1821500000.0,163600000.0,1657900000.0,1821500000.0,0.0,259100000.0,0.0,0.002,0.067,1049200000.0,1308300000.0,0.038,1308300000.0,1049200000.0,917800000.0,1.28,1.26,1.28,3861400000.0,3595900000.0,3861400000.0,14775887811.0,14.0,11.294,-168000000.0,-0.399,1.0,2943900000.0,0.085,969400000.0,131400000.0,6689100000.0,6109575000.0,4041200000.0,672600000.0,166200000.0,506400000.0,6418600000.0,4152500000.0,2266100000.0,13418387811.0,-27000000.0,-140500000.0,-18200000.0,262600000.0,-71300000.0,234400000.0,-357800000.0,-2100000.0,96400000.0,0.0,558600000.0,558600000.0,558600000.0,0.0,0.0,0.016,1894700000.0,1049200000.0,3027300000.0,0.052,3.475,24.021,24.938,1604400000.0,0.0,31.92,0.385,0.385,1887800000.0,2802700000.0,34827700000.0,34827700000.0,0.0,0.061,0.155,0.172,0.03,0.0,1728500000.0,1.0,420375558.0,420600000,427650000.0,82.805,9310600000.0,0.0,359200000.0,608200000.0,22.136,2773700000.0
87,CAH,MRT,1999-09-30,1999-09-30,1999-09-30,2021-08-25,-42100000.0,9437300000.0,7957372500.0,6159800000.0,3277500000.0,4.237,8.764,-309600000.0,185400000.0,185400000.0,30840900000.0,526600000.0,1.684,1.564,1542900000.0,23300000.0,1519600000.0,1542900000.0,0.0,250200000.0,0.0,0.002,0.067,998200000.0,1248400000.0,0.037,1248400000.0,998200000.0,864700000.0,1.207,1.187,1.207,3681000000.0,3185269750.0,3681000000.0,16042275764.0,16.0,12.85,-114100000.0,-0.272,1.0,2876600000.0,0.085,969500000.0,133500000.0,6167900000.0,5306861500.0,3568000000.0,622400000.0,157700000.0,464700000.0,5756300000.0,3657400000.0,2098900000.0,14943375764.0,-197500000.0,-224900000.0,23000000.0,119000000.0,-75500000.0,92900000.0,-485900000.0,-2100000.0,195500000.0,0.0,526600000.0,526600000.0,526600000.0,0.0,0.0,0.016,1878400000.0,998200000.0,2799700000.0,0.056,4.06,28.377,30.102,1594300000.0,0.0,36.333,0.443,0.453,1750900000.0,2636700000.0,33717500000.0,33717500000.0,0.0,0.066,0.165,0.188,0.03,0.0,1714600000.0,1.0,411285572.0,420000000,429300000.0,80.28,8467800000.0,0.0,338100000.0,579300000.0,20.161,2502400000.0
88,CAH,MRT,1999-06-30,1999-06-30,1999-06-30,2021-08-25,-44000000.0,8404500000.0,6858826000.0,5238800000.0,3165700000.0,4.772,8.208,-301500000.0,185400000.0,185400000.0,29919700000.0,499300000.0,1.767,1.354,1264100000.0,40200000.0,1223900000.0,1264100000.0,0.0,248200000.0,0.0,0.002,0.067,954600000.0,1202800000.0,0.037,1202800000.0,954600000.0,821700000.0,1.14,1.12,1.14,3569600000.0,2790183750.0,3569600000.0,18961445413.0,20.0,15.764,-5100000.0,-0.012,1.0,2813200000.0,0.086,942100000.0,132900000.0,5575800000.0,4538081000.0,2940000000.0,606800000.0,152500000.0,454300000.0,4834900000.0,2965300000.0,1869600000.0,17472345413.0,-203500000.0,-147500000.0,39100000.0,-5800000.0,-77300000.0,-48800000.0,-451100000.0,-2100000.0,296400000.0,0.0,499300000.0,499300000.0,499300000.0,0.0,0.0,0.015,1858600000.0,954600000.0,2363900000.0,0.059,4.895,34.994,37.503,1561500000.0,0.0,42.753,0.534,0.568,1602100000.0,2544000000.0,32732900000.0,32732900000.0,0.0,0.073,0.179,0.21,0.029,0.0,1697200000.0,1.0,408677968.0,434900000,447200000.0,75.265,7462400000.0,0.0,322400000.0,645700000.0,17.159,2273500000.0
89,CAH,MRT,1999-03-31,1999-03-31,1999-03-31,2021-08-25,-44500000.0,8479700000.0,6627201000.0,5427200000.0,3052500000.0,3.667,7.846,-304000000.0,175600000.0,175600000.0,21732600000.0,467100000.0,1.782,1.592,1664700000.0,123900000.0,1540800000.0,1664700000.0,0.0,228700000.0,0.0,0.001,0.064,878700000.0,1107400000.0,0.046,1107400000.0,878700000.0,757300000.0,1.1,1.073,1.1,3271600000.0,2636508750.0,3271600000.0,18478805248.0,21.0,16.687,-7900000.0,-0.019,1.0,2567200000.0,0.106,918400000.0,121400000.0,6005500000.0,4366831000.0,3141700000.0,527700000.0,136600000.0,391100000.0,5208100000.0,3044900000.0,2163200000.0,17955757248.0,42700000.0,-82400000.0,-64100000.0,242000000.0,-53700000.0,133700000.0,-388300000.0,-3600000.0,296100000.0,1200000.0,467100000.0,467100000.0,467100000.0,0.0,0.0,0.019,1698100000.0,869100000.0,2308400000.0,0.058,5.488,38.441,40.0,1513100000.0,0.0,44.0,0.739,0.755,1662900000.0,2296100000.0,24299800000.0,24299800000.0,0.0,0.07,0.177,0.201,0.036,0.0,1554500000.0,1.0,408085392.0,417000000,429000000.0,58.273,7561300000.0,0.0,290200000.0,622400000.0,18.133,2382300000.0
90,CAH,MRT,1998-12-31,1998-12-31,1998-12-31,2021-08-25,-21050000.0,5507990000.0,5500533250.0,4037464000.0,1470526000.0,4.219,5.34,-344741000.0,236543000.0,236543000.0,20747100000.0,487100000.0,1.775,1.482,759591000.0,116778000.0,642813000.0,759591000.0,0.0,287464000.0,0.0,0.001,0.06,871100000.0,1158564000.0,0.05,1158564000.0,871100000.0,755600000.0,1.153,1.127,1.153,2218879000.0,2205459250.0,2218879000.0,15577215239.0,18.0,13.445,305165000.0,0.734,1.0,2462200000.0,0.106,277801000.0,115500000.0,3478246000.0,3396734250.0,2443375000.0,425575000.0,103343000.0,322232000.0,3289111000.0,2274991000.0,1014120000.0,15231499239.0,121626000.0,-115400000.0,-74707000.0,137922000.0,-66595000.0,-57802000.0,-471056000.0,-3600000.0,649906000.0,578000.0,487100000.0,487100000.0,487100000.0,0.0,0.0,0.021,1595500000.0,866700000.0,1918800000.0,0.052,6.865,31.27,43.874,769926000.0,0.0,50.587,0.656,0.906,1105931000.0,1279838000.0,23209300000.0,23209300000.0,0.0,0.089,0.221,0.256,0.038,0.0,1505600000.0,1.0,301097112.0,415500000,426750000.0,55.859,5230189000.0,0.0,268500000.0,371307000.0,12.588,1762473000.0
91,CAH,MRT,1998-09-30,1998-09-30,1998-09-30,2021-08-25,-27622000.0,5043114000.0,5024158500.0,3670067000.0,1373047000.0,4.17,5.059,-304827000.0,332666000.0,332666000.0,18841695000.0,426040000.0,1.822,1.401,678382000.0,35907000.0,642475000.0,678382000.0,0.0,275043000.0,0.0,0.001,0.055,757177000.0,1032220000.0,0.049,1032220000.0,757177000.0,663366000.0,1.08,1.06,1.08,2100656000.0,2018629500.0,2100656000.0,13798253951.0,18.0,13.368,224873000.0,0.542,1.0,2106643000.0,0.101,281291000.0,93811000.0,3092778000.0,3027666250.0,2062315000.0,338238000.0,86856000.0,251382000.0,2942458000.0,2014761000.0,927697000.0,13799976951.0,121006000.0,-16700000.0,-96773000.0,122379000.0,-58126000.0,-78962000.0,-330039000.0,-3600000.0,529700000.0,307000.0,426040000.0,426040000.0,426040000.0,0.0,0.0,0.02,1354526000.0,752117000.0,1696751000.0,0.051,6.569,32.391,42.51,736904000.0,0.0,45.911,0.659,0.91,1039198000.0,1186285000.0,20948338000.0,20948338000.0,0.0,0.085,0.211,0.25,0.036,0.0,1264537000.0,1.0,300580330.0,415200000,425850000.0,50.454,4761823000.0,0.0,237326000.0,285222000.0,11.469,1655306000.0
92,CAH,MRT,1998-06-30,1998-06-30,1998-06-30,2021-08-25,-27900000.0,7478000000.0,4578252250.0,4786100000.0,2691900000.0,4.604,7.089,-275500000.0,373300000.0,373300000.0,18814900000.0,448500000.0,1.756,1.531,1362000000.0,32000000.0,1330000000.0,1362000000.0,0.0,218400000.0,0.0,0.001,0.049,800300000.0,1018700000.0,0.048,1018700000.0,800300000.0,691400000.0,1.073,1.053,1.073,2954900000.0,1842838750.0,2954900000.0,10636026188.0,13.0,10.441,296500000.0,0.711,1.0,2261100000.0,0.107,850500000.0,108900000.0,4890800000.0,2696671250.0,2608100000.0,324500000.0,91400000.0,233100000.0,4523100000.0,2725400000.0,1797700000.0,10360122188.0,67400000.0,-45800000.0,-95800000.0,-26900000.0,-52300000.0,-175000000.0,-329600000.0,-3600000.0,572000000.0,0.0,448500000.0,448500000.0,448500000.0,0.0,0.0,0.021,1460800000.0,800300000.0,2142700000.0,0.046,3.506,23.099,38.832,1467700000.0,0.0,41.667,0.492,0.824,1436300000.0,2006900000.0,21076000000.0,21076000000.0,0.0,0.098,0.243,0.297,0.038,0.0,1403000000.0,1.0,248642932.0,416850000,426900000.0,50.56,6627500000.0,0.0,242900000.0,467700000.0,15.899,2060700000.0
93,CAH,MRT,1998-03-31,1998-03-31,1998-03-31,2021-08-25,0.0,3973029000.0,3481689750.0,3303380000.0,669649000.0,6.696,3.801,-378235000.0,90151000.0,90151000.0,20807075000.0,470929000.0,1.649,1.568,366055000.0,92788000.0,273267000.0,366055000.0,0.0,332155000.0,0.0,0.001,0.047,852764000.0,1184919000.0,0.051,1184919000.0,852764000.0,728698000.0,1.096,1.071,1.096,1547402000.0,1437796250.0,1547402000.0,9961247780.0,12.0,8.407,578280000.0,1.42,1.0,2505045000.0,0.107,120745000.0,124066000.0,2125113000.0,1884780000.0,2157814000.0,226279000.0,70779000.0,155500000.0,2425627000.0,2003075000.0,422552000.0,9671206780.0,86509000.0,-85300000.0,13663000.0,-336487000.0,-64712000.0,-419636000.0,-447970000.0,-35000.0,956515000.0,-2400000.0,470929000.0,470929000.0,470929000.0,0.0,0.0,0.02,1627105000.0,877940000.0,1613095000.0,0.043,6.25,20.536,35.762,314847000.0,0.0,39.196,0.415,0.684,811332000.0,861454000.0,23312120000.0,23312120000.0,0.0,0.135,0.328,0.452,0.037,0.0,1590089000.0,1.0,246742434.0,407100000,415950000.0,57.264,3852284000.0,0.0,257769000.0,149285000.0,9.463,1300305000.0
94,CAH,MRT,1997-12-31,1997-12-31,1997-12-31,2021-08-25,0.0,3602491000.0,,2954558000.0,647933000.0,,4.92,-298333000.0,111654000.0,111654000.0,18594917000.0,403910000.0,1.67,1.448,401695000.0,126080000.0,275615000.0,401695000.0,0.0,229156000.0,0.0,0.001,0.044,748325000.0,977481000.0,0.047,977481000.0,748325000.0,640645000.0,1.002,0.98,1.002,1471560000.0,,1471560000.0,,,,240292000.0,0.803,1.0,2179003000.0,0.105,121230000.0,107680000.0,2001974000.0,,1938526000.0,188011000.0,46837000.0,141174000.0,2130931000.0,1769328000.0,361603000.0,8215131171.0,44144000.0,-43700000.0,60851000.0,-223260000.0,-41923000.0,-213035000.0,-279668000.0,37150000.0,538625000.0,-1778000.0,403910000.0,403910000.0,403910000.0,0.0,0.0,0.019,1411489000.0,767514000.0,1433465000.0,0.044,5.583,20.339,33.324,304146000.0,0.0,33.391,0.395,0.481,752331000.0,816661000.0,20773920000.0,20773920000.0,0.0,,,,0.036,0.0,1373391000.0,1.0,246027488.0,299082000,304731000.0,69.459,3481261000.0,0.0,236735000.0,85988000.0,11.64,1185230000.0
95,CAH,MRT,1997-09-30,1997-09-30,1997-09-30,2021-08-25,0.0,3259489000.0,,2655030000.0,604459000.0,,4.691,-256310000.0,180515000.0,180515000.0,17458170000.0,364796000.0,1.776,1.332,305306000.0,27424000.0,277882000.0,305306000.0,0.0,201328000.0,0.0,0.001,0.044,692261000.0,893589000.0,0.046,893589000.0,692261000.0,584424000.0,0.904,0.882,0.904,1397493000.0,,1397493000.0,,,,385503000.0,1.294,1.0,2103818000.0,0.108,120948000.0,107837000.0,1768798000.0,,1614140000.0,177202000.0,57664000.0,119538000.0,1861996000.0,1494534000.0,367462000.0,7763534050.0,72505000.0,-43700000.0,69928000.0,-362643000.0,-41155000.0,-346903000.0,-220898000.0,57700000.0,641813000.0,-1507000.0,364796000.0,364796000.0,364796000.0,0.0,0.0,0.019,1393392000.0,710426000.0,1239463000.0,0.049,5.555,21.282,34.907,285966000.0,0.0,31.556,0.397,0.481,691063000.0,753138000.0,19561988000.0,19561988000.0,0.0,,,,0.035,0.0,1340467000.0,1.0,246027488.0,297907500,303258000.0,65.665,3138541000.0,0.0,219628000.0,89580000.0,10.535,1160496000.0
96,CAH,MRT,1997-06-30,1997-06-30,1997-06-30,2021-08-25,0.0,3091750000.0,3025575500.0,2487110000.0,604640000.0,6.079,3.348,-227900000.0,243061000.0,243061000.0,16373900000.0,334800000.0,1.79,1.316,306083000.0,28317000.0,277766000.0,306083000.0,0.0,209100000.0,0.0,0.002,0.042,646900000.0,856000000.0,0.047,856000000.0,646900000.0,539700000.0,0.84,0.82,0.84,1334730000.0,1214977500.0,1334730000.0,,,,261100000.0,0.655,1.0,2020000000.0,0.11,122104000.0,107200000.0,1643235000.0,1579024500.0,1436220000.0,159560000.0,40997000.0,118563000.0,1757020000.0,1389433000.0,367587000.0,,-54800000.0,-43700000.0,70500000.0,-368500000.0,-40000000.0,-348800000.0,-193800000.0,54300000.0,489000000.0,-1200000.0,334800000.0,334800000.0,334800000.0,0.0,0.0,0.018,1355200000.0,664800000.0,1135951000.0,0.05,,,30.291,277471000.0,0.0,25.444,,0.552,672164000.0,701896000.0,18393900000.0,18393900000.0,0.0,0.111,0.276,0.41,0.035,0.0,1304300000.0,1.0,,398700000,408000000.0,46.135,2969646000.0,0.0,204900000.0,89821000.0,7.448,1097677000.0
97,CAH,MRT,1997-03-31,1997-03-31,1997-03-31,2021-08-25,,,,,,,,,,,,,,,,,,,,,,0.002,0.04,,,,,,,,,,,,,,,,,,1.0,,,,,,,,,,,,,,,,,,,,,,,,,,,,,,,,,,,,,,,,24.169,,,,,,,,,,,,,,1.0,,243436500,,,,,,,,
98,CAH,MRT,1996-12-31,1996-12-31,1996-12-31,2021-08-25,,,,,,,,,,,,,,,,,,,,,,0.001,0.038,,,,,,,,,,,,,,,,,,1.0,,,,,,,,,,,,,,,,,,,,,,,,,,,,,,,,,,,,,,,,25.889,,,,,,,,,,,,,,1.0,,241971750,,,,,,,,
99,CAH,MRT,1996-09-30,1996-09-30,1996-09-30,2021-08-25,,,,,,,,,,,,,,,,,,,,,,0.001,0.036,,,,,,,,,,,,,,,,,,1.0,,,,,,,,,,,,,,,,,,,,,,,,,,,,,,,,,,,,,,,,24.48,,,,,,,,,,,,,,1.0,,238376250,,,,,,,,
100,CAH,MRT,1996-06-30,1996-06-30,1996-06-30,2021-08-25,0.0,2959401000.0,,2374943000.0,584458000.0,,4.686,-106010000.0,312030000.0,312030000.0,10776410000.0,127240000.0,1.657,1.702,433970000.0,113643000.0,320327000.0,433970000.0,0.0,48566000.0,0.0,0.002,0.036,258113000.0,306679000.0,0.026,306679000.0,258113000.0,227502000.0,0.542,0.529,0.542,1095225000.0,,1095225000.0,,,,22617000.0,0.097,1.0,809713000.0,0.07,133624000.0,30611000.0,1514814000.0,,1272112000.0,202092000.0,92288000.0,109804000.0,1864176000.0,1432903000.0,431273000.0,,237751000.0,-53722000.0,68158000.0,142846000.0,-7616000.0,214556000.0,-105432000.0,54300000.0,128627000.0,0.0,127240000.0,127240000.0,127240000.0,0.0,0.0,0.011,564079000.0,245634000.0,1146729000.0,0.066,,,39.429,250559000.0,0.0,21.37,,0.431,631866000.0,520666000.0,11586123000.0,11586123000.0,0.0,,,,0.022,0.0,514879000.0,1.0,,233712000,240318000.0,49.574,2825777000.0,0.0,100262000.0,110946000.0,12.091,942040000.0
101,CAH,MRT,1995-06-30,1995-06-30,1995-06-30,2021-08-25,,,,,,,,-78249000.0,,,7779030000.0,146587000.0,,,,,,,,36381000.0,,0.003,0.036,273212000.0,309593000.0,0.037,309593000.0,273212000.0,249264000.0,0.627,0.622,0.627,,,,,,,-29439000.0,-0.126,1.0,693272000.0,0.082,,23948000.0,,,,,,,,,,,-10148000.0,-19632000.0,69146000.0,-17254000.0,-9107000.0,65021000.0,-123979000.0,-26098000.0,48810000.0,0.0,146587000.0,146587000.0,146587000.0,0.0,0.0,0.017,428343000.0,264929000.0,,0.057,,,22.329,,0.0,14.0,,0.385,,,8472302000.0,8472302000.0,0.0,,,,0.032,0.0,428343000.0,1.0,,233232750,235910250.0,36.326,,,102677000.0,,,
