None,ticker,dimension,calendardate,datekey,reportperiod,lastupdated,accoci,assets,assetsavg,assetsc,assetsnc,assetturnover,bvps,capex,cashneq,cashnequsd,cor,consolinc,currentratio,de,debt,debtc,debtnc,debtusd,deferredrev,depamor,deposits,divyield,dps,ebit,ebitda,ebitdamargin,ebitdausd,ebitusd,ebt,eps,epsdil,epsusd,equity,equityavg,equityusd,ev,evebit,evebitda,fcf,fcfps,fxusd,gp,grossmargin,intangibles,intexp,invcap,invcapavg,inventory,investments,investmentsc,investmentsnc,liabilities,liabilitiesc,liabilitiesnc,marketcap,ncf,ncfbus,ncfcommon,ncfdebt,ncfdiv,ncff,ncfi,ncfinv,ncfo,ncfx,netinc,netinccmn,netinccmnusd,netincdis,netincnci,netmargin,opex,opinc,payables,payoutratio,pb,pe,pe1,ppnenet,prefdivis,price,ps,ps1,receivables,retearn,revenue,revenueusd,rnd,roa,roe,roic,ros,sbcomp,sgna,sharefactor,sharesbas,shareswa,shareswadil,sps,tangibles,taxassets,taxexp,taxliabilities,tbvps,workingcapital
0,UNH,MRY,2020-12-31,2020-12-31,2020-12-31,2021-08-03,-3814000000.0,197289000000.0,192452000000.0,53718000000.0,143571000000.0,1.336,69.011,-2051000000.0,16921000000.0,16921000000.0,190141000000.0,15769000000.0,0.742,1.935,43467000000.0,4819000000.0,38648000000.0,43467000000.0,2842000000.0,2891000000.0,0.0,0.014,4.83,22039000000.0,24930000000.0,0.097,24930000000.0,22039000000.0,20376000000.0,16.23,16.03,16.23,65491000000.0,62830750000.0,65491000000.0,358976446583.0,16.0,14.399,20123000000.0,21.204,1.0,67000000000.0,0.261,82193000000.0,1663000000.0,69222000000.0,68570250000.0,0.0,48178000000.0,6936000000.0,41242000000.0,126750000000.0,72420000000.0,54330000000.0,332732446583.0,5936000000.0,-7139000000.0,-2810000000.0,2586000000.0,-4584000000.0,-3590000000.0,-12532000000.0,-2836000000.0,22174000000.0,-116000000.0,15403000000.0,15403000000.0,15403000000.0,0.0,366000000.0,0.06,44595000000.0,22405000000.0,44367000000.0,0.298,5.081,21.602,21.607,8626000000.0,0.0,350.68,1.294,1.294,25404000000.0,69295000000.0,257141000000.0,257141000000.0,0.0,0.08,0.245,0.321,0.086,679000000.0,41704000000.0,1.0,948820710.0,949000000,961000000.0,270.96,115096000000.0,0.0,4973000000.0,3367000000.0,121.281,-18702000000.0
1,UNH,MRY,2019-12-31,2019-12-31,2019-12-31,2021-08-03,-3578000000.0,173889000000.0,168998750000.0,42634000000.0,131255000000.0,1.433,60.585,-2071000000.0,10985000000.0,10985000000.0,184557000000.0,14239000000.0,0.69,1.939,40678000000.0,3870000000.0,36808000000.0,40678000000.0,2622000000.0,2720000000.0,0.0,0.014,4.14,19285000000.0,22005000000.0,0.091,22005000000.0,19285000000.0,17581000000.0,14.55,14.33,14.55,57616000000.0,54359750000.0,57616000000.0,311052040827.0,16.0,14.136,16392000000.0,17.237,1.0,57598000000.0,0.238,76008000000.0,1704000000.0,65792000000.0,63659250000.0,0.0,43545000000.0,6336000000.0,37209000000.0,111727000000.0,61782000000.0,49945000000.0,278521040827.0,119000000.0,-8343000000.0,-4463000000.0,3994000000.0,-3932000000.0,-5625000000.0,-12699000000.0,-2504000000.0,18463000000.0,-20000000.0,13839000000.0,13839000000.0,13839000000.0,0.0,400000000.0,0.057,37913000000.0,19685000000.0,40695000000.0,0.285,4.834,20.126,20.205,8704000000.0,0.0,293.98,1.15,1.155,21462000000.0,61178000000.0,242155000000.0,242155000000.0,0.0,0.082,0.255,0.303,0.08,697000000.0,35193000000.0,1.0,947414929.0,951000000,966000000.0,254.632,97881000000.0,0.0,3742000000.0,2993000000.0,102.924,-19148000000.0
2,UNH,MRY,2018-12-31,2018-12-31,2018-12-31,2021-08-03,-4160000000.0,152221000000.0,153372000000.0,38692000000.0,113529000000.0,1.475,53.682,-2063000000.0,10866000000.0,10866000000.0,172401000000.0,12382000000.0,0.727,1.857,36554000000.0,1973000000.0,34581000000.0,36554000000.0,2396000000.0,2428000000.0,0.0,0.014,3.45,16948000000.0,19376000000.0,0.086,19376000000.0,16948000000.0,15548000000.0,12.45,12.19,12.45,51696000000.0,49388000000.0,51696000000.0,262951959904.0,16.0,13.571,13650000000.0,14.174,1.0,53846000000.0,0.238,68235000000.0,1400000000.0,56465000000.0,47480000000.0,0.0,39000000000.0,6490000000.0,32510000000.0,95994000000.0,53209000000.0,42785000000.0,239661959904.0,-1115000000.0,-5997000000.0,-3662000000.0,4134000000.0,-3320000000.0,-4365000000.0,-12385000000.0,-4099000000.0,15713000000.0,-78000000.0,11986000000.0,11986000000.0,11986000000.0,0.0,396000000.0,0.053,36502000000.0,17344000000.0,36596000000.0,0.277,4.636,19.995,20.01,8458000000.0,0.0,249.12,1.059,1.06,18250000000.0,55846000000.0,226247000000.0,226247000000.0,0.0,0.078,0.243,0.357,0.075,638000000.0,34074000000.0,1.0,962034200.0,963000000,983000000.0,234.94,83986000000.0,0.0,3562000000.0,2474000000.0,87.213,-14517000000.0
3,UNH,MRY,2017-12-31,2017-12-31,2017-12-31,2021-08-03,-2667000000.0,139058000000.0,138686000000.0,37084000000.0,101974000000.0,1.45,49.56,-2023000000.0,11981000000.0,11981000000.0,154148000000.0,10823000000.0,0.735,1.822,31692000000.0,2857000000.0,28835000000.0,31692000000.0,2269000000.0,2245000000.0,0.0,0.013,2.875,14944000000.0,17189000000.0,0.085,17189000000.0,14944000000.0,13758000000.0,10.95,10.72,10.95,47776000000.0,44534500000.0,47776000000.0,226633609807.0,15.0,13.185,11573000000.0,12.005,1.0,47011000000.0,0.234,63045000000.0,1186000000.0,45261000000.0,38153000000.0,0.0,34951000000.0,6610000000.0,28341000000.0,87036000000.0,50463000000.0,36573000000.0,213640609807.0,1551000000.0,-2131000000.0,-812000000.0,-2615000000.0,-2773000000.0,-3441000000.0,-8599000000.0,-4319000000.0,13596000000.0,-5000000.0,10558000000.0,10558000000.0,10558000000.0,0.0,265000000.0,0.052,31802000000.0,15209000000.0,33051000000.0,0.263,4.472,20.235,20.133,7013000000.0,0.0,220.46,1.062,1.056,15830000000.0,48730000000.0,201159000000.0,201159000000.0,0.0,0.076,0.237,0.392,0.074,597000000.0,29557000000.0,1.0,969067449.0,964000000,985000000.0,208.671,76013000000.0,0.0,3200000000.0,2182000000.0,78.852,-13379000000.0
4,UNH,MRY,2016-12-31,2016-12-31,2016-12-31,2021-08-03,-2681000000.0,122810000000.0,120977500000.0,33879000000.0,88931000000.0,1.528,40.204,-1705000000.0,10430000000.0,10430000000.0,141454000000.0,7073000000.0,0.688,2.159,32970000000.0,7193000000.0,25777000000.0,32970000000.0,1968000000.0,2055000000.0,0.0,0.015,2.375,12874000000.0,14929000000.0,0.081,14929000000.0,12874000000.0,11807000000.0,7.37,7.25,7.37,38274000000.0,36870250000.0,38274000000.0,172756667849.0,13.0,11.572,8090000000.0,8.498,1.0,43386000000.0,0.235,56125000000.0,1067000000.0,39973000000.0,39508750000.0,0.0,29818000000.0,5950000000.0,23868000000.0,82621000000.0,49252000000.0,33369000000.0,152328667849.0,-493000000.0,-1760000000.0,-851000000.0,990000000.0,-2261000000.0,-1011000000.0,-9355000000.0,-5927000000.0,9795000000.0,78000000.0,7017000000.0,7017000000.0,7017000000.0,0.0,56000000.0,0.038,30456000000.0,12930000000.0,29752000000.0,0.322,3.98,21.709,21.715,5901000000.0,0.0,160.04,0.824,0.824,15651000000.0,40945000000.0,184840000000.0,184840000000.0,0.0,0.058,0.19,0.326,0.07,485000000.0,28401000000.0,1.0,951816220.0,952000000,968000000.0,194.16,66685000000.0,0.0,4790000000.0,2761000000.0,70.047,-15373000000.0
5,UNH,MRY,2015-12-31,2015-12-31,2015-12-31,2021-08-03,-3334000000.0,111254000000.0,100167000000.0,31639000000.0,79615000000.0,1.568,35.498,-1556000000.0,10923000000.0,10923000000.0,120081000000.0,5868000000.0,0.738,2.24,31965000000.0,6634000000.0,25331000000.0,31965000000.0,2142000000.0,1693000000.0,0.0,0.016,1.875,10966000000.0,12659000000.0,0.081,12659000000.0,10966000000.0,10176000000.0,6.1,6.01,6.1,33830000000.0,32960500000.0,33830000000.0,135922676293.0,12.0,10.737,8184000000.0,8.588,1.0,37026000000.0,0.236,52844000000.0,790000000.0,36554000000.0,33306250000.0,0.0,23778000000.0,4986000000.0,18792000000.0,75793000000.0,42898000000.0,32895000000.0,112123676293.0,3428000000.0,-16164000000.0,-798000000.0,14607000000.0,-1786000000.0,12239000000.0,-18395000000.0,-531000000.0,9740000000.0,-156000000.0,5813000000.0,5813000000.0,5813000000.0,0.0,55000000.0,0.037,26005000000.0,11021000000.0,26324000000.0,0.307,3.314,19.288,19.285,4861000000.0,0.0,117.64,0.714,0.714,13324000000.0,37125000000.0,157107000000.0,157107000000.0,0.0,0.058,0.176,0.329,0.07,406000000.0,24312000000.0,1.0,953108435.0,953000000,967000000.0,164.855,58410000000.0,0.0,4363000000.0,3587000000.0,61.291,-11259000000.0
6,UNH,MRY,2014-12-31,2014-12-31,2014-12-31,2021-08-03,-1392000000.0,86382000000.0,85474000000.0,23556000000.0,62826000000.0,1.526,33.389,-1525000000.0,7495000000.0,7495000000.0,97459000000.0,5619000000.0,0.769,1.619,17406000000.0,1399000000.0,16007000000.0,17406000000.0,1972000000.0,1478000000.0,0.0,0.014,1.405,10274000000.0,11752000000.0,0.09,11752000000.0,10274000000.0,9656000000.0,5.78,5.7,5.78,32454000000.0,32635500000.0,32454000000.0,107309284018.0,10.0,9.131,6526000000.0,6.714,1.0,33015000000.0,0.253,36609000000.0,618000000.0,29061000000.0,28404250000.0,0.0,23530000000.0,4703000000.0,18827000000.0,52540000000.0,30623000000.0,21917000000.0,97025284018.0,219000000.0,-1923000000.0,-3546000000.0,391000000.0,-1362000000.0,-5293000000.0,-2534000000.0,799000000.0,8051000000.0,-5000000.0,5619000000.0,5619000000.0,5619000000.0,0.0,0.0,0.043,22741000000.0,10274000000.0,21287000000.0,0.243,2.99,17.267,17.49,4418000000.0,0.0,101.09,0.744,0.753,9750000000.0,33836000000.0,130474000000.0,130474000000.0,0.0,0.066,0.172,0.362,0.079,364000000.0,21263000000.0,1.0,959791117.0,972000000,986000000.0,134.233,49773000000.0,556000000.0,4037000000.0,2065000000.0,51.207,-7067000000.0
7,UNH,MRY,2013-12-31,2013-12-31,2013-12-31,2021-08-03,-908000000.0,81882000000.0,81768000000.0,20380000000.0,61502000000.0,1.498,31.957,-1307000000.0,7276000000.0,7276000000.0,92550000000.0,5673000000.0,0.731,1.51,16860000000.0,1969000000.0,14891000000.0,16860000000.0,1600000000.0,1375000000.0,0.0,0.014,1.052,9575000000.0,10950000000.0,0.089,10950000000.0,9575000000.0,8867000000.0,5.59,5.5,5.59,32149000000.0,31825750000.0,32149000000.0,84305891782.0,9.0,7.699,5684000000.0,5.65,1.0,29939000000.0,0.244,35448000000.0,708000000.0,28137000000.0,27490000000.0,0.0,24299000000.0,4694000000.0,19605000000.0,48558000000.0,27881000000.0,20677000000.0,75808891782.0,-1130000000.0,-362000000.0,-2572000000.0,152000000.0,-1056000000.0,-4946000000.0,-3089000000.0,-1611000000.0,6991000000.0,-86000000.0,5625000000.0,5625000000.0,5625000000.0,0.0,48000000.0,0.046,20316000000.0,9623000000.0,19033000000.0,0.188,2.358,13.477,13.47,4010000000.0,0.0,75.3,0.619,0.618,7050000000.0,33047000000.0,122489000000.0,122489000000.0,0.0,0.069,0.177,0.348,0.078,331000000.0,18941000000.0,1.0,1006758191.0,1006000000,1023000000.0,121.758,46434000000.0,430000000.0,3242000000.0,1796000000.0,46.157,-7501000000.0
8,UNH,MRY,2012-12-31,2012-12-31,2012-12-31,2021-08-03,438000000.0,80885000000.0,74685000000.0,21052000000.0,59833000000.0,1.481,30.358,-1070000000.0,8406000000.0,8406000000.0,82749000000.0,5526000000.0,0.776,1.526,16754000000.0,2713000000.0,14041000000.0,16754000000.0,1505000000.0,1309000000.0,0.0,0.015,0.8,9254000000.0,10563000000.0,0.095,10563000000.0,9254000000.0,8622000000.0,5.38,5.28,5.38,31178000000.0,29908000000.0,31178000000.0,59487759980.0,6.0,5.632,6085000000.0,5.925,1.0,27869000000.0,0.252,35968000000.0,632000000.0,26149000000.0,20700750000.0,0.0,23515000000.0,5804000000.0,17711000000.0,47586000000.0,27116000000.0,20470000000.0,55405759980.0,-1023000000.0,-6280000000.0,-2006000000.0,4567000000.0,-820000000.0,471000000.0,-8649000000.0,-1299000000.0,7155000000.0,0.0,5526000000.0,5526000000.0,5526000000.0,0.0,0.0,0.05,18615000000.0,9254000000.0,17988000000.0,0.149,1.777,10.026,10.082,3939000000.0,0.0,54.24,0.501,0.504,5598000000.0,30664000000.0,110618000000.0,110618000000.0,0.0,0.074,0.185,0.447,0.084,421000000.0,17306000000.0,1.0,1021492625.0,1027000000,1046000000.0,107.71,44917000000.0,463000000.0,3096000000.0,2450000000.0,43.736,-6064000000.0
9,UNH,MRY,2011-12-31,2011-12-31,2011-12-31,2021-08-03,461000000.0,67889000000.0,67562250000.0,20350000000.0,47539000000.0,1.508,26.441,-1018000000.0,9429000000.0,9429000000.0,76717000000.0,5142000000.0,0.851,1.4,11638000000.0,982000000.0,10656000000.0,11638000000.0,1225000000.0,1124000000.0,0.0,0.012,0.613,8464000000.0,9588000000.0,0.094,9588000000.0,8464000000.0,7959000000.0,4.81,4.73,4.81,28292000000.0,27524500000.0,28292000000.0,52266222716.0,6.0,5.451,5950000000.0,5.561,1.0,25145000000.0,0.247,26770000000.0,505000000.0,19406000000.0,16633250000.0,0.0,21451000000.0,5285000000.0,16166000000.0,39597000000.0,23922000000.0,15675000000.0,54026222716.0,306000000.0,-1459000000.0,-2613000000.0,346000000.0,-651000000.0,-2490000000.0,-4172000000.0,-1695000000.0,6968000000.0,0.0,5142000000.0,5142000000.0,5142000000.0,0.0,0.0,0.05,16681000000.0,8464000000.0,16652000000.0,0.127,1.91,10.507,10.536,2515000000.0,0.0,50.68,0.53,0.532,4549000000.0,27821000000.0,101862000000.0,101862000000.0,0.0,0.076,0.187,0.509,0.083,401000000.0,15557000000.0,1.0,1066026494.0,1070000000,1087000000.0,95.198,41119000000.0,472000000.0,2817000000.0,1351000000.0,38.429,-3572000000.0
10,UNH,MRY,2010-12-31,2010-12-31,2010-12-31,2021-08-03,252000000.0,63063000000.0,61512750000.0,18393000000.0,44670000000.0,1.531,23.058,-878000000.0,9123000000.0,9123000000.0,70957000000.0,4634000000.0,0.776,1.442,11142000000.0,2480000000.0,8662000000.0,11142000000.0,1533000000.0,1064000000.0,0.0,0.011,0.405,7864000000.0,8928000000.0,0.095,8928000000.0,7864000000.0,7383000000.0,4.14,4.1,4.14,25825000000.0,25146000000.0,25825000000.0,41146770244.0,5.0,4.609,5395000000.0,4.817,1.0,23198000000.0,0.246,25655000000.0,481000000.0,15727000000.0,14689000000.0,0.0,19329000000.0,4622000000.0,14707000000.0,37238000000.0,23700000000.0,13538000000.0,39718770244.0,-677000000.0,-2304000000.0,-2245000000.0,89000000.0,-449000000.0,-1611000000.0,-5339000000.0,-2157000000.0,6273000000.0,0.0,4634000000.0,4634000000.0,4634000000.0,0.0,0.0,0.049,15334000000.0,7864000000.0,15708000000.0,0.098,1.538,8.571,8.722,2200000000.0,0.0,36.11,0.422,0.43,3704000000.0,25562000000.0,94155000000.0,94155000000.0,0.0,0.075,0.184,0.535,0.084,326000000.0,14270000000.0,1.0,1099938251.0,1120000000,1131000000.0,84.067,37408000000.0,403000000.0,2749000000.0,2515000000.0,33.4,-5307000000.0
11,UNH,MRY,2009-12-31,2009-12-31,2009-12-31,2021-08-03,253000000.0,59045000000.0,57117250000.0,18200000000.0,40845000000.0,1.526,20.211,-739000000.0,9800000000.0,9800000000.0,67054000000.0,3822000000.0,0.821,1.501,11173000000.0,2164000000.0,9009000000.0,11173000000.0,1217000000.0,991000000.0,0.0,0.001,0.03,6359000000.0,7350000000.0,0.084,7350000000.0,6359000000.0,5808000000.0,3.27,3.24,3.27,23606000000.0,22356000000.0,23606000000.0,37073267309.0,6.0,5.044,4886000000.0,4.183,1.0,20084000000.0,0.23,23108000000.0,551000000.0,15147000000.0,16944250000.0,0.0,16933000000.0,3622000000.0,13311000000.0,35439000000.0,22163000000.0,13276000000.0,35418267309.0,2374000000.0,-486000000.0,-1519000000.0,-1427000000.0,-36000000.0,-2275000000.0,-976000000.0,249000000.0,5625000000.0,0.0,3822000000.0,3822000000.0,3822000000.0,0.0,0.0,0.044,13725000000.0,6359000000.0,15645000000.0,0.009,1.5,9.267,9.321,2140000000.0,0.0,30.48,0.406,0.409,3792000000.0,23342000000.0,87138000000.0,87138000000.0,0.0,0.067,0.171,0.375,0.073,334000000.0,12734000000.0,1.0,1162016644.0,1168000000,1179000000.0,74.604,35937000000.0,448000000.0,1986000000.0,1942000000.0,30.768,-3963000000.0
12,UNH,MRY,2008-12-31,2008-12-31,2008-12-31,2021-08-03,-52000000.0,55815000000.0,54308250000.0,14990000000.0,40825000000.0,1.495,17.117,-606000000.0,7426000000.0,7426000000.0,61839000000.0,2977000000.0,0.759,1.686,12794000000.0,1456000000.0,11338000000.0,12794000000.0,1133000000.0,981000000.0,0.0,0.001,0.03,5263000000.0,6244000000.0,0.077,6244000000.0,5263000000.0,4624000000.0,2.45,2.4,2.45,20780000000.0,19957000000.0,20780000000.0,38860735998.0,7.0,6.224,3632000000.0,2.992,1.0,19347000000.0,0.238,22417000000.0,639000000.0,19005000000.0,19200750000.0,0.0,16348000000.0,2982000000.0,13366000000.0,35035000000.0,19761000000.0,15274000000.0,32127735998.0,-1439000000.0,-3813000000.0,-2385000000.0,2359000000.0,-37000000.0,-605000000.0,-5072000000.0,-653000000.0,4238000000.0,0.0,2977000000.0,2977000000.0,2977000000.0,0.0,0.0,0.037,14084000000.0,5263000000.0,14349000000.0,0.012,1.546,10.792,10.857,2181000000.0,0.0,26.6,0.396,0.398,3644000000.0,20782000000.0,81186000000.0,81186000000.0,0.0,0.055,0.149,0.274,0.065,305000000.0,13103000000.0,1.0,1207809624.0,1214000000,1241000000.0,66.875,33398000000.0,424000000.0,1647000000.0,0.0,27.511,-4771000000.0
13,UNH,MRY,2007-12-31,2007-12-31,2007-12-31,2021-08-03,98000000.0,50899000000.0,51375750000.0,15544000000.0,35355000000.0,1.468,15.292,-871000000.0,8865000000.0,8865000000.0,56203000000.0,4654000000.0,0.841,1.537,11009000000.0,1946000000.0,9063000000.0,11009000000.0,1354000000.0,796000000.0,0.0,0.001,0.03,7849000000.0,8645000000.0,0.115,8645000000.0,7849000000.0,7305000000.0,3.55,3.42,3.55,20063000000.0,20715250000.0,20063000000.0,72980812802.0,9.0,8.442,5006000000.0,3.816,1.0,19228000000.0,0.255,18591000000.0,544000000.0,15960000000.0,9928250000.0,0.0,15631000000.0,2964000000.0,12667000000.0,30836000000.0,18492000000.0,12344000000.0,75203812802.0,-1455000000.0,-262000000.0,-5887000000.0,3579000000.0,-40000000.0,-3185000000.0,-4147000000.0,-3014000000.0,5877000000.0,0.0,4654000000.0,4654000000.0,4654000000.0,0.0,0.0,0.062,11379000000.0,7849000000.0,11985000000.0,0.008,3.748,16.159,16.394,2121000000.0,0.0,58.2,0.997,1.012,2900000000.0,18929000000.0,75431000000.0,75431000000.0,0.0,0.091,0.225,0.791,0.104,505000000.0,10583000000.0,1.0,1292161732.0,1312000000,1361000000.0,57.493,32308000000.0,386000000.0,2651000000.0,1432000000.0,24.625,-2948000000.0
14,UNH,MRY,2006-12-31,2006-12-31,2006-12-31,2021-08-03,15000000.0,48320000000.0,46607250000.0,16044000000.0,32276000000.0,1.535,15.484,-676000000.0,10320000000.0,10320000000.0,53907000000.0,4159000000.0,0.867,1.322,7456000000.0,1483000000.0,5973000000.0,7456000000.0,1268000000.0,670000000.0,0.0,0.001,0.03,6984000000.0,7654000000.0,0.107,7654000000.0,6984000000.0,6528000000.0,3.09,2.97,3.09,20810000000.0,18967500000.0,20810000000.0,72058103999.0,10.0,9.414,5850000000.0,4.353,1.0,17635000000.0,0.246,18726000000.0,456000000.0,8233000000.0,7656000000.0,0.0,12232000000.0,2590000000.0,9642000000.0,27510000000.0,18497000000.0,9013000000.0,72374103999.0,4899000000.0,-670000000.0,-1948000000.0,577000000.0,-41000000.0,474000000.0,-2101000000.0,-755000000.0,6526000000.0,0.0,4159000000.0,4159000000.0,4159000000.0,0.0,0.0,0.058,10651000000.0,6984000000.0,11789000000.0,0.01,3.478,17.402,17.388,1894000000.0,0.0,53.73,1.012,1.009,1323000000.0,14376000000.0,71542000000.0,71542000000.0,0.0,0.089,0.219,0.912,0.098,404000000.0,9981000000.0,1.0,1346996166.0,1344000000,1402000000.0,53.231,29594000000.0,561000000.0,2369000000.0,1190000000.0,22.019,-2453000000.0
15,UNH,MRY,2005-12-31,2005-12-31,2005-12-31,2021-08-03,33000000.0,41288000000.0,31930750000.0,10547000000.0,30741000000.0,1.454,14.083,-509000000.0,5421000000.0,5421000000.0,33758000000.0,3083000000.0,0.633,1.318,7095000000.0,3261000000.0,3834000000.0,7095000000.0,1000000000.0,453000000.0,0.0,0.0,0.015,5080000000.0,5533000000.0,0.119,5533000000.0,5080000000.0,4839000000.0,2.44,2.31,2.44,17815000000.0,12532000000.0,17815000000.0,78043891067.0,15.0,14.105,3574000000.0,2.825,1.0,12667000000.0,0.273,18258000000.0,241000000.0,8051000000.0,6754000000.0,0.0,11386000000.0,2415000000.0,8971000000.0,23473000000.0,16653000000.0,6820000000.0,78739891067.0,1430000000.0,-363000000.0,-2134000000.0,2656000000.0,-19000000.0,836000000.0,-3489000000.0,-2617000000.0,4083000000.0,0.0,3083000000.0,3083000000.0,3083000000.0,0.0,0.0,0.066,7587000000.0,5080000000.0,10547000000.0,0.006,4.42,25.54,25.467,1647000000.0,0.0,62.14,1.696,1.693,1207000000.0,10258000000.0,46425000000.0,46425000000.0,0.0,0.097,0.246,0.752,0.109,306000000.0,7134000000.0,1.0,1267136966.0,1265000000,1333000000.0,36.7,23030000000.0,650000000.0,1756000000.0,1225000000.0,18.206,-6106000000.0
16,UNH,MRY,2004-12-31,2004-12-31,2004-12-31,2021-08-03,132000000.0,27879000000.0,24377750000.0,8241000000.0,19638000000.0,1.568,8.56,-350000000.0,3991000000.0,3991000000.0,27912000000.0,2411000000.0,0.727,1.601,4023000000.0,673000000.0,3350000000.0,4023000000.0,1076000000.0,374000000.0,0.0,0.0,0.015,3858000000.0,4232000000.0,0.111,4232000000.0,3858000000.0,3730000000.0,1.93,1.83,1.93,10717000000.0,9032250000.0,10717000000.0,57803921697.0,15.0,13.659,3573000000.0,2.854,1.0,10305000000.0,0.27,10675000000.0,128000000.0,5907000000.0,5828000000.0,0.0,10192000000.0,2444000000.0,7748000000.0,17162000000.0,11329000000.0,5833000000.0,57538921697.0,1729000000.0,0.0,-2863000000.0,2044000000.0,-18000000.0,-550000000.0,-1644000000.0,-1294000000.0,3923000000.0,0.0,2411000000.0,2411000000.0,2411000000.0,0.0,0.0,0.063,6447000000.0,3858000000.0,7647000000.0,0.008,5.369,23.865,22.806,1139000000.0,0.0,44.015,1.506,1.442,906000000.0,7484000000.0,38217000000.0,38217000000.0,0.0,0.099,0.267,0.662,0.101,244000000.0,6073000000.0,1.0,1307257110.0,1252000000,1316000000.0,30.525,17204000000.0,353000000.0,1319000000.0,814000000.0,13.741,-3088000000.0
17,UNH,MRY,2003-12-31,2003-12-31,2003-12-31,2021-08-03,149000000.0,17634000000.0,15454750000.0,6120000000.0,11514000000.0,1.865,4.353,-352000000.0,2262000000.0,2262000000.0,20714000000.0,1825000000.0,0.698,2.439,1979000000.0,229000000.0,1750000000.0,1979000000.0,695000000.0,299000000.0,0.0,0.0,0.007,2935000000.0,3234000000.0,0.112,3234000000.0,2935000000.0,2840000000.0,1.55,1.48,1.55,5128000000.0,4747750000.0,5128000000.0,33813896023.0,12.0,10.456,2651000000.0,2.25,1.0,8109000000.0,0.281,3689000000.0,95000000.0,4894000000.0,3220000000.0,0.0,9234000000.0,2505000000.0,6729000000.0,12506000000.0,8768000000.0,3738000000.0,34130896023.0,1132000000.0,0.0,-1339000000.0,218000000.0,-9000000.0,-1126000000.0,-745000000.0,-393000000.0,3003000000.0,0.0,1825000000.0,1825000000.0,1825000000.0,0.0,0.0,0.063,5174000000.0,2935000000.0,5727000000.0,0.005,6.656,18.702,18.768,1032000000.0,0.0,29.09,1.184,1.189,745000000.0,4915000000.0,28823000000.0,28823000000.0,0.0,0.118,0.384,0.911,0.102,0.0,4875000000.0,1.0,1173286216.0,1178000000,1234000000.0,24.468,13945000000.0,269000000.0,1015000000.0,471000000.0,11.838,-2648000000.0
18,UNH,MRY,2002-12-31,2002-12-31,2002-12-31,2021-08-03,148000000.0,14164000000.0,13248250000.0,5174000000.0,8990000000.0,1.889,3.647,-419000000.0,1130000000.0,1130000000.0,18192000000.0,1352000000.0,0.617,2.199,1761000000.0,811000000.0,950000000.0,1761000000.0,587000000.0,255000000.0,0.0,0.0,0.007,2186000000.0,2441000000.0,0.098,2441000000.0,2186000000.0,2096000000.0,1.115,1.065,1.115,4428000000.0,4154750000.0,4428000000.0,26029787340.0,12.0,10.664,2004000000.0,1.651,1.0,6828000000.0,0.273,3485000000.0,90000000.0,2931000000.0,2868000000.0,0.0,7268000000.0,2770000000.0,4498000000.0,9736000000.0,8379000000.0,1357000000.0,25421787340.0,-410000000.0,0.0,-1610000000.0,177000000.0,-9000000.0,-1442000000.0,-1391000000.0,-972000000.0,2423000000.0,0.0,1352000000.0,1352000000.0,1352000000.0,0.0,0.0,0.054,4642000000.0,2186000000.0,5200000000.0,0.006,5.741,18.803,18.722,955000000.0,0.0,20.875,1.016,1.013,664000000.0,4104000000.0,25020000000.0,25020000000.0,0.0,0.102,0.325,0.762,0.087,0.0,4387000000.0,1.0,1217810172.0,1214000000,1272000000.0,20.61,10679000000.0,389000000.0,744000000.0,407000000.0,8.797,-3205000000.0
19,UNH,MRY,2001-12-31,2001-12-31,2001-12-31,2021-08-03,44000000.0,12486000000.0,11893250000.0,4946000000.0,7540000000.0,1.972,3.113,-425000000.0,1540000000.0,1540000000.0,17644000000.0,913000000.0,0.66,2.209,1584000000.0,684000000.0,900000000.0,1584000000.0,543000000.0,265000000.0,0.0,0.0,0.007,1566000000.0,1831000000.0,0.078,1831000000.0,1566000000.0,1472000000.0,0.73,0.7,0.73,3891000000.0,3745000000.0,3891000000.0,21979775693.0,14.0,12.004,1419000000.0,1.135,1.0,5810000000.0,0.248,2750000000.0,94000000.0,2289000000.0,1604000000.0,0.0,6061000000.0,2173000000.0,3888000000.0,8595000000.0,7491000000.0,1104000000.0,22064775693.0,121000000.0,0.0,-951000000.0,375000000.0,-9000000.0,-585000000.0,-1138000000.0,-713000000.0,1844000000.0,0.0,913000000.0,913000000.0,913000000.0,0.0,0.0,0.039,4244000000.0,1566000000.0,4669000000.0,0.01,5.671,24.167,24.236,847000000.0,0.0,17.692,0.941,0.943,856000000.0,3805000000.0,23454000000.0,23454000000.0,0.0,0.077,0.244,0.976,0.067,0.0,3979000000.0,1.0,1247125940.0,1250000000,1308000000.0,18.763,9736000000.0,316000000.0,559000000.0,204000000.0,7.789,-2545000000.0
20,UNH,MRY,2000-12-31,2000-12-31,2000-12-31,2021-08-03,90000000.0,11053000000.0,10495250000.0,4405000000.0,6648000000.0,2.013,2.844,-245000000.0,1419000000.0,1419000000.0,16155000000.0,736000000.0,0.67,1.997,1209000000.0,559000000.0,650000000.0,1209000000.0,479000000.0,247000000.0,0.0,0.0,0.004,1227000000.0,1474000000.0,0.07,1474000000.0,1227000000.0,1155000000.0,0.568,0.547,0.568,3688000000.0,3678500000.0,3688000000.0,19533332913.0,16.0,13.252,1276000000.0,0.984,1.0,4967000000.0,0.235,2657000000.0,72000000.0,1616000000.0,1170250000.0,0.0,5280000000.0,1846000000.0,3434000000.0,7365000000.0,6570000000.0,795000000.0,19571332913.0,-186000000.0,0.0,-952000000.0,218000000.0,-5000000.0,-739000000.0,-968000000.0,-723000000.0,1521000000.0,0.0,736000000.0,736000000.0,736000000.0,0.0,0.0,0.035,3767000000.0,1200000000.0,4316000000.0,0.007,5.307,26.591,27.016,557000000.0,0.0,15.345,0.927,0.942,867000000.0,3595000000.0,21122000000.0,21122000000.0,0.0,0.07,0.2,1.048,0.058,0.0,3520000000.0,1.0,1275420848.0,1296800000,1346000000.0,16.288,8396000000.0,235000000.0,419000000.0,145000000.0,6.474,-2165000000.0
21,UNH,MRY,1999-12-31,1999-12-31,1999-12-31,2021-08-03,165000000.0,10273000000.0,9825500000.0,4568000000.0,5705000000.0,1.991,2.774,-196000000.0,1605000000.0,1605000000.0,15043000000.0,568000000.0,0.775,1.659,991000000.0,591000000.0,400000000.0,991000000.0,473000000.0,233000000.0,0.0,0.001,0.004,943000000.0,1176000000.0,0.06,1176000000.0,943000000.0,894000000.0,0.407,0.4,0.407,3863000000.0,3984750000.0,3863000000.0,8694259228.0,9.0,7.393,993000000.0,0.713,1.0,4519000000.0,0.231,2859000000.0,49000000.0,908000000.0,1102500000.0,0.0,4442000000.0,1874000000.0,2568000000.0,6410000000.0,5892000000.0,518000000.0,9017259228.0,-39000000.0,0.0,-881000000.0,282000000.0,-6000000.0,-605000000.0,-623000000.0,-427000000.0,1189000000.0,0.0,568000000.0,568000000.0,568000000.0,0.0,0.0,0.029,3576000000.0,943000000.0,3918000000.0,0.01,2.334,15.875,16.314,278000000.0,0.0,6.64,0.461,0.473,912000000.0,3445000000.0,19562000000.0,19562000000.0,0.0,0.058,0.143,0.855,0.048,0.0,3343000000.0,1.0,1358020968.0,1392800000,1420000000.0,14.045,7414000000.0,0.0,326000000.0,118000000.0,5.323,-1324000000.0
22,UNH,MRY,1998-12-31,1998-12-31,1998-12-31,2021-08-03,44000000.0,9675000000.0,9145250000.0,4254000000.0,5421000000.0,1.898,2.648,-210000000.0,1644000000.0,1644000000.0,13523000000.0,-166000000.0,0.8,1.396,708000000.0,459000000.0,249000000.0,708000000.0,414000000.0,185000000.0,0.0,0.001,0.004,-42000000.0,143000000.0,0.008,143000000.0,-42000000.0,-46000000.0,-0.14,-0.14,-0.14,4038000000.0,4234750000.0,4038000000.0,7016187382.0,-167.0,49.064,861000000.0,0.565,1.0,3832000000.0,0.221,2517000000.0,4000000.0,906000000.0,1625250000.0,0.0,3935000000.0,1325000000.0,2610000000.0,5637000000.0,5316000000.0,321000000.0,8019187382.0,894000000.0,59000000.0,-352000000.0,708000000.0,-34000000.0,-198000000.0,21000000.0,172000000.0,1071000000.0,0.0,-166000000.0,-214000000.0,-214000000.0,0.0,0.0,-0.012,3874000000.0,-42000000.0,3729000000.0,-0.029,1.986,-37.473,-38.446,294000000.0,48000000.0,5.383,0.462,0.473,965000000.0,2885000000.0,17355000000.0,17355000000.0,0.0,-0.023,-0.051,-0.026,-0.002,0.0,2964000000.0,1.0,1489862960.0,1524800000,1524800000.0,11.382,7158000000.0,0.0,120000000.0,72000000.0,4.694,-1062000000.0
23,UNH,MRY,1997-12-31,1997-12-31,1997-12-31,2021-08-03,29000000.0,7623000000.0,7310000000.0,2193000000.0,5430000000.0,1.613,3.031,-187000000.0,750000000.0,750000000.0,8542000000.0,460000000.0,0.853,0.681,19000000.0,0.0,19000000.0,19000000.0,275000000.0,146000000.0,0.0,0.001,0.004,742000000.0,888000000.0,0.075,888000000.0,742000000.0,742000000.0,0.287,0.282,0.287,4534000000.0,4178500000.0,4534000000.0,,,,496000000.0,0.332,1.0,3252000000.0,0.276,2281000000.0,0.0,2041000000.0,1625000000.0,0.0,3319000000.0,534000000.0,2785000000.0,3089000000.0,2570000000.0,519000000.0,9569347256.0,-287000000.0,0.0,69000000.0,0.0,-35000000.0,34000000.0,-1004000000.0,-817000000.0,683000000.0,0.0,460000000.0,431000000.0,431000000.0,0.0,0.0,0.037,2510000000.0,742000000.0,2060000000.0,0.014,2.111,22.203,21.642,364000000.0,29000000.0,6.211,0.811,0.788,768000000.0,3105000000.0,11794000000.0,11794000000.0,0.0,0.059,0.103,0.457,0.063,0.0,2364000000.0,1.0,1540647576.0,1496000000,1526400000.0,7.884,5342000000.0,0.0,282000000.0,0.0,3.571,-377000000.0
24,UNH,MRY,1996-12-31,1996-12-31,1996-12-31,2021-08-03,-7000000.0,6997000000.0,,2740000000.0,4257000000.0,,2.626,-165000000.0,1037000000.0,1037000000.0,7180000000.0,356000000.0,1.037,0.83,31000000.0,0.0,31000000.0,31000000.0,228000000.0,133000000.0,0.0,0.001,0.007,581000000.0,714000000.0,0.071,714000000.0,581000000.0,581000000.0,0.225,0.22,0.225,3823000000.0,,3823000000.0,,,,397000000.0,0.273,1.0,2894000000.0,0.287,2139000000.0,0.0,1209000000.0,,0.0,2571000000.0,766000000.0,1805000000.0,3174000000.0,2643000000.0,531000000.0,,97000000.0,-52000000.0,42000000.0,0.0,0.0,7000000.0,-472000000.0,-255000000.0,562000000.0,0.0,356000000.0,327000000.0,327000000.0,0.0,0.0,0.032,2313000000.0,581000000.0,2081000000.0,0.031,,,25.0,313000000.0,29000000.0,5.625,,0.813,606000000.0,2680000000.0,10074000000.0,10074000000.0,0.0,,,,0.058,0.0,2165000000.0,1.0,,1456000000,1488000000.0,6.919,4858000000.0,0.0,225000000.0,0.0,3.337,97000000.0
25,UNH,MRY,1995-12-31,1995-12-31,1995-12-31,2021-08-03,,,,,,,,-109000000.0,,,3931000000.0,286000000.0,,,,,,,,94000000.0,,0.0,0.004,461000000.0,555000000.0,0.098,555000000.0,461000000.0,461000000.0,0.201,0.196,0.201,,,,,,,326000000.0,0.234,1.0,1740000000.0,0.307,,0.0,,,,,,,,,,,-579000000.0,0.0,37000000.0,0.0,0.0,32000000.0,-1046000000.0,-937000000.0,435000000.0,0.0,286000000.0,279000000.0,279000000.0,0.0,0.0,0.049,1279000000.0,461000000.0,,0.02,,,40.659,,7000000.0,8.172,,2.006,,,5671000000.0,5671000000.0,0.0,,,,0.081,0.0,1031000000.0,1.0,,1392000000,1416000000.0,4.074,,,175000000.0,,,
0,UNH,MRQ,2021-06-30,2021-06-30,2021-06-30,2021-08-03,-4086000000.0,210292000000.0,,58916000000.0,151376000000.0,,73.108,-562000000.0,19832000000.0,19832000000.0,54206000000.0,4372000000.0,0.77,1.985,48216000000.0,3868000000.0,44348000000.0,48216000000.0,2365000000.0,778000000.0,0.0,0.013,1.45,5872000000.0,6650000000.0,0.093,6650000000.0,5872000000.0,5462000000.0,4.52,4.46,4.52,69014000000.0,,69014000000.0,404199076933.0,20.0,17.254,4978000000.0,5.273,1.0,17115000000.0,0.24,86633000000.0,410000000.0,75486000000.0,,0.0,50988000000.0,6927000000.0,44061000000.0,136971000000.0,76557000000.0,60414000000.0,377896076933.0,-123000000.0,-3449000000.0,-922000000.0,1951000000.0,-1367000000.0,-218000000.0,-5502000000.0,-1075000000.0,5540000000.0,57000000.0,4266000000.0,4266000000.0,4266000000.0,0.0,106000000.0,0.06,11137000000.0,5978000000.0,48144000000.0,0.321,5.476,26.04,26.121,8735000000.0,0.0,400.44,1.389,1.389,27217000000.0,73090000000.0,71321000000.0,71321000000.0,0.0,,,,,170000000.0,10359000000.0,1.0,943702120.0,944000000,956000000.0,75.552,123659000000.0,0.0,1196000000.0,3641000000.0,130.995,-17641000000.0
1,UNH,MRQ,2021-03-31,2021-03-31,2021-03-31,2021-08-03,-4826000000.0,205171000000.0,,59508000000.0,145663000000.0,,70.269,-568000000.0,19955000000.0,19955000000.0,52476000000.0,4978000000.0,0.738,2.027,46258000000.0,8838000000.0,37420000000.0,46258000000.0,2612000000.0,758000000.0,0.0,0.013,1.25,6623000000.0,7381000000.0,0.105,7381000000.0,6623000000.0,6226000000.0,5.14,5.08,5.14,66404000000.0,,66404000000.0,378270990646.0,16.0,14.181,5437000000.0,5.753,1.0,17720000000.0,0.252,83004000000.0,397000000.0,67829000000.0,,0.0,49462000000.0,7056000000.0,42406000000.0,134589000000.0,80641000000.0,53948000000.0,351724990646.0,3034000000.0,-1193000000.0,-1214000000.0,2907000000.0,-1181000000.0,787000000.0,-3707000000.0,-1714000000.0,6005000000.0,-51000000.0,4862000000.0,4862000000.0,4862000000.0,0.0,116000000.0,0.069,10981000000.0,6739000000.0,47830000000.0,0.243,5.297,20.833,20.903,8496000000.0,0.0,372.07,1.338,1.337,27526000000.0,71220000000.0,70196000000.0,70196000000.0,0.0,,,,,256000000.0,10223000000.0,1.0,945319404.0,945000000,957000000.0,74.281,122167000000.0,0.0,1364000000.0,3602000000.0,129.277,-21133000000.0
2,UNH,MRQ,2020-12-31,2020-12-31,2020-12-31,2021-08-03,-3814000000.0,197289000000.0,,53718000000.0,143571000000.0,,69.011,-574000000.0,16921000000.0,16921000000.0,49704000000.0,2352000000.0,0.742,1.935,43467000000.0,4819000000.0,38648000000.0,43467000000.0,2842000000.0,732000000.0,0.0,0.014,1.25,3377000000.0,4109000000.0,0.063,4109000000.0,3377000000.0,2976000000.0,2.33,2.3,2.33,65491000000.0,,65491000000.0,358976446583.0,16.0,14.399,5527000000.0,5.824,1.0,15763000000.0,0.241,82193000000.0,401000000.0,69222000000.0,,0.0,48178000000.0,6936000000.0,41242000000.0,126750000000.0,72420000000.0,54330000000.0,332732446583.0,-629000000.0,-2813000000.0,-1475000000.0,-355000000.0,-1184000000.0,-1596000000.0,-5178000000.0,-1450000000.0,6101000000.0,44000000.0,2212000000.0,2212000000.0,2212000000.0,0.0,140000000.0,0.034,12246000000.0,3517000000.0,44367000000.0,0.536,5.081,21.602,21.607,8626000000.0,0.0,350.68,1.294,1.294,25404000000.0,69295000000.0,65467000000.0,65467000000.0,0.0,,,,,152000000.0,11514000000.0,1.0,948820710.0,949000000,961000000.0,68.985,115096000000.0,0.0,764000000.0,3367000000.0,121.281,-18702000000.0
3,UNH,MRQ,2020-09-30,2020-09-30,2020-09-30,2021-08-03,-4494000000.0,190969000000.0,,54821000000.0,136148000000.0,,68.664,-557000000.0,17550000000.0,17550000000.0,49571000000.0,3256000000.0,0.823,1.855,43794000000.0,3899000000.0,39895000000.0,43794000000.0,2391000000.0,719000000.0,0.0,0.015,1.25,4567000000.0,5286000000.0,0.081,5286000000.0,4567000000.0,4172000000.0,3.34,3.3,3.34,65231000000.0,,65231000000.0,320016180519.0,14.0,12.073,2570000000.0,2.705,1.0,15544000000.0,0.239,78461000000.0,395000000.0,72155000000.0,,0.0,46231000000.0,7047000000.0,39184000000.0,121018000000.0,66597000000.0,54421000000.0,296286180519.0,-4777000000.0,-374000000.0,-514000000.0,-2274000000.0,-1188000000.0,-5018000000.0,-2869000000.0,-1959000000.0,3127000000.0,-17000000.0,3172000000.0,3172000000.0,3172000000.0,0.0,84000000.0,0.049,10893000000.0,4651000000.0,42340000000.0,0.374,4.542,17.708,17.694,8151000000.0,0.0,311.77,1.173,1.173,25402000000.0,69715000000.0,65115000000.0,65115000000.0,0.0,,,,,139000000.0,10174000000.0,1.0,950335762.0,950000000,962000000.0,68.542,112508000000.0,0.0,1000000000.0,3340000000.0,118.429,-11776000000.0
4,UNH,MRQ,2020-06-30,2020-06-30,2020-06-30,2021-08-03,-4550000000.0,192483000000.0,,58918000000.0,133565000000.0,,67.043,-451000000.0,22327000000.0,22327000000.0,42179000000.0,6696000000.0,0.843,1.951,46057000000.0,6156000000.0,39901000000.0,46057000000.0,2299000000.0,717000000.0,0.0,0.015,1.25,9182000000.0,9899000000.0,0.159,9899000000.0,9182000000.0,8752000000.0,6.99,6.91,6.99,63624000000.0,,63624000000.0,309762534115.0,13.0,11.535,9552000000.0,10.065,1.0,19959000000.0,0.321,78424000000.0,430000000.0,67906000000.0,,0.0,43461000000.0,6683000000.0,36778000000.0,124126000000.0,69883000000.0,54243000000.0,279724534115.0,758000000.0,-3023000000.0,313000000.0,-5582000000.0,-1188000000.0,-6279000000.0,-2952000000.0,543000000.0,10003000000.0,-14000000.0,6637000000.0,6637000000.0,6637000000.0,0.0,59000000.0,0.107,10718000000.0,9241000000.0,44623000000.0,0.179,4.397,16.36,16.377,8126000000.0,0.0,294.95,1.129,1.13,23976000000.0,67776000000.0,62138000000.0,62138000000.0,0.0,,,,,157000000.0,10001000000.0,1.0,948379502.0,949000000,960000000.0,65.477,114059000000.0,0.0,2115000000.0,3286000000.0,120.189,-10965000000.0
5,UNH,MRQ,2020-03-31,2020-03-31,2020-03-31,2021-08-03,-5360000000.0,189067000000.0,,58807000000.0,130260000000.0,,60.039,-469000000.0,21569000000.0,21569000000.0,48687000000.0,3465000000.0,0.748,2.237,51607000000.0,15828000000.0,35779000000.0,51607000000.0,2509000000.0,723000000.0,0.0,0.017,1.08,4913000000.0,5636000000.0,0.087,5636000000.0,4913000000.0,4476000000.0,3.56,3.52,3.56,56977000000.0,,56977000000.0,266248227509.0,14.0,11.961,2474000000.0,2.607,1.0,15734000000.0,0.244,75501000000.0,437000000.0,64998000000.0,,0.0,42320000000.0,5742000000.0,36578000000.0,127463000000.0,78606000000.0,48857000000.0,236555227509.0,10584000000.0,-929000000.0,-1134000000.0,10797000000.0,-1024000000.0,9303000000.0,-1533000000.0,30000000.0,2943000000.0,-129000000.0,3382000000.0,3382000000.0,3382000000.0,0.0,83000000.0,0.052,10738000000.0,4996000000.0,45617000000.0,0.303,4.152,17.199,17.21,8173000000.0,0.0,249.38,0.961,0.961,24888000000.0,62327000000.0,64421000000.0,64421000000.0,0.0,,,,,231000000.0,10015000000.0,1.0,948573372.0,949000000,962000000.0,67.883,113566000000.0,0.0,1094000000.0,3030000000.0,119.669,-19799000000.0
6,UNH,MRQ,2019-12-31,2019-12-31,2019-12-31,2021-08-03,-3578000000.0,173889000000.0,,42634000000.0,131255000000.0,,60.776,-650000000.0,10985000000.0,10985000000.0,45787000000.0,3668000000.0,0.69,1.939,40678000000.0,3870000000.0,36808000000.0,40678000000.0,2622000000.0,718000000.0,0.0,0.014,1.08,4968000000.0,5686000000.0,0.093,5686000000.0,4968000000.0,4531000000.0,3.73,3.68,3.73,57616000000.0,,57616000000.0,311052040827.0,16.0,14.136,5555000000.0,5.86,1.0,15114000000.0,0.248,76008000000.0,437000000.0,65792000000.0,,0.0,43545000000.0,6336000000.0,37209000000.0,111727000000.0,61782000000.0,49945000000.0,278521040827.0,-1378000000.0,-143000000.0,-102000000.0,-4198000000.0,-1024000000.0,-6212000000.0,-1388000000.0,-476000000.0,6205000000.0,17000000.0,3541000000.0,3541000000.0,3541000000.0,0.0,127000000.0,0.058,10019000000.0,5095000000.0,40695000000.0,0.29,4.834,20.126,20.205,8704000000.0,0.0,293.98,1.15,1.155,21462000000.0,61178000000.0,60901000000.0,60901000000.0,0.0,,,,,172000000.0,9301000000.0,1.0,947414929.0,948000000,963000000.0,64.242,97881000000.0,0.0,990000000.0,2993000000.0,103.25,-19148000000.0
7,UNH,MRQ,2019-09-30,2019-09-30,2019-09-30,2021-08-03,-3709000000.0,173709000000.0,,43541000000.0,130168000000.0,,57.952,-444000000.0,12363000000.0,12363000000.0,45668000000.0,3629000000.0,0.695,2.072,44894000000.0,6387000000.0,38507000000.0,44894000000.0,2500000000.0,709000000.0,0.0,0.018,1.08,4923000000.0,5632000000.0,0.093,5632000000.0,4923000000.0,4474000000.0,3.73,3.67,3.73,54996000000.0,,54996000000.0,234477949948.0,13.0,10.993,2706000000.0,2.851,1.0,14683000000.0,0.243,75726000000.0,449000000.0,67873000000.0,,0.0,43346000000.0,6506000000.0,36840000000.0,113962000000.0,62641000000.0,51321000000.0,205949949948.0,-1382000000.0,-3449000000.0,-308000000.0,2518000000.0,-1024000000.0,-56000000.0,-4433000000.0,-374000000.0,3150000000.0,-43000000.0,3538000000.0,3538000000.0,3538000000.0,0.0,91000000.0,0.059,9669000000.0,5014000000.0,39509000000.0,0.29,3.745,15.441,15.545,8501000000.0,0.0,217.32,0.859,0.86,21116000000.0,58696000000.0,60351000000.0,60351000000.0,0.0,,,,,127000000.0,8960000000.0,1.0,947680609.0,949000000,963000000.0,63.594,97983000000.0,0.0,936000000.0,2902000000.0,103.249,-19100000000.0
8,UNH,MRQ,2019-06-30,2019-06-30,2019-06-30,2021-08-03,-3273000000.0,167200000000.0,,42038000000.0,125162000000.0,,55.898,-415000000.0,13745000000.0,13745000000.0,46782000000.0,3385000000.0,0.674,2.055,42273000000.0,7800000000.0,34473000000.0,42273000000.0,2019000000.0,654000000.0,0.0,0.015,1.08,4652000000.0,5306000000.0,0.088,5306000000.0,4652000000.0,4234000000.0,3.47,3.42,3.47,53103000000.0,,53103000000.0,257824223003.0,14.0,12.394,5459000000.0,5.746,1.0,13813000000.0,0.228,71999000000.0,418000000.0,61401000000.0,,0.0,42163000000.0,6467000000.0,35696000000.0,109144000000.0,62328000000.0,46816000000.0,231893223003.0,1338000000.0,-4062000000.0,-1374000000.0,3823000000.0,-1024000000.0,915000000.0,-5462000000.0,-1335000000.0,5874000000.0,11000000.0,3293000000.0,3293000000.0,3293000000.0,0.0,92000000.0,0.054,9069000000.0,4744000000.0,38035000000.0,0.311,4.367,17.854,17.995,8681000000.0,0.0,244.01,0.983,0.983,18175000000.0,56367000000.0,60595000000.0,60595000000.0,0.0,,,,,155000000.0,8415000000.0,1.0,950343113.0,950000000,964000000.0,63.784,95201000000.0,0.0,941000000.0,2908000000.0,100.212,-20290000000.0
9,UNH,MRQ,2019-03-31,2019-03-31,2019-03-31,2021-08-03,-3758000000.0,161197000000.0,,42815000000.0,118382000000.0,,53.992,-562000000.0,12407000000.0,12407000000.0,46320000000.0,3557000000.0,0.727,2.024,38338000000.0,3919000000.0,34419000000.0,38338000000.0,2530000000.0,639000000.0,0.0,0.015,0.9,4742000000.0,5381000000.0,0.089,5381000000.0,4742000000.0,4342000000.0,3.62,3.56,3.62,51724000000.0,,51724000000.0,262943493219.0,15.0,13.011,2672000000.0,2.789,1.0,13988000000.0,0.232,68624000000.0,400000000.0,59571000000.0,,0.0,39807000000.0,6254000000.0,33553000000.0,104692000000.0,58933000000.0,45759000000.0,237255493219.0,1541000000.0,-689000000.0,-2679000000.0,1851000000.0,-860000000.0,-272000000.0,-1416000000.0,-319000000.0,3234000000.0,-5000000.0,3467000000.0,3467000000.0,3467000000.0,0.0,90000000.0,0.057,9156000000.0,4832000000.0,38039000000.0,0.249,4.587,18.804,18.832,8230000000.0,0.0,247.26,1.025,1.024,20457000000.0,55472000000.0,60308000000.0,60308000000.0,0.0,,,,,243000000.0,8517000000.0,1.0,959538515.0,958000000,975000000.0,62.952,92573000000.0,0.0,875000000.0,2786000000.0,96.632,-16118000000.0
10,UNH,MRQ,2018-12-31,2018-12-31,2018-12-31,2021-08-03,-4160000000.0,152221000000.0,,38692000000.0,113529000000.0,,53.682,-558000000.0,10866000000.0,10866000000.0,44580000000.0,3164000000.0,0.727,1.857,36554000000.0,1973000000.0,34581000000.0,36554000000.0,2396000000.0,637000000.0,0.0,0.014,0.9,4373000000.0,5010000000.0,0.086,5010000000.0,4373000000.0,3999000000.0,3.16,3.1,3.16,51696000000.0,,51696000000.0,262951959904.0,16.0,13.571,1838000000.0,1.909,1.0,13837000000.0,0.237,68235000000.0,374000000.0,56465000000.0,,0.0,39000000000.0,6490000000.0,32510000000.0,95994000000.0,53209000000.0,42785000000.0,239661959904.0,603000000.0,-173000000.0,-757000000.0,2934000000.0,-866000000.0,-672000000.0,-1140000000.0,-370000000.0,2396000000.0,19000000.0,3040000000.0,3040000000.0,3040000000.0,0.0,124000000.0,0.052,9340000000.0,4497000000.0,36596000000.0,0.285,4.636,19.995,20.01,8458000000.0,0.0,249.12,1.059,1.06,18250000000.0,55846000000.0,58417000000.0,58417000000.0,0.0,,,,,126000000.0,8703000000.0,1.0,962034200.0,963000000,980000000.0,60.661,83986000000.0,0.0,959000000.0,2474000000.0,87.213,-14517000000.0
11,UNH,MRQ,2018-09-30,2018-09-30,2018-09-30,2021-08-03,-4386000000.0,151087000000.0,,38754000000.0,112333000000.0,,51.985,-545000000.0,10263000000.0,10263000000.0,42876000000.0,3284000000.0,0.687,1.934,33553000000.0,1500000000.0,32053000000.0,33553000000.0,2388000000.0,611000000.0,0.0,0.012,0.9,4494000000.0,5105000000.0,0.09,5105000000.0,4494000000.0,4141000000.0,3.31,3.24,3.31,50010000000.0,,50010000000.0,272743413493.0,17.0,14.495,396000000.0,0.412,1.0,13680000000.0,0.242,68201000000.0,353000000.0,49799000000.0,,0.0,38451000000.0,6522000000.0,31929000000.0,96722000000.0,56377000000.0,40345000000.0,256056413493.0,-8105000000.0,-3188000000.0,-233000000.0,-1483000000.0,-866000000.0,-4480000000.0,-4547000000.0,-761000000.0,941000000.0,-19000000.0,3188000000.0,3188000000.0,3188000000.0,0.0,96000000.0,0.056,9090000000.0,4590000000.0,38841000000.0,0.272,5.12,20.382,20.433,8042000000.0,0.0,266.04,1.164,1.164,18262000000.0,54386000000.0,56556000000.0,56556000000.0,0.0,,,,,154000000.0,8479000000.0,1.0,962473363.0,962000000,983000000.0,58.79,82886000000.0,0.0,953000000.0,2434000000.0,86.16,-17623000000.0
12,UNH,MRQ,2018-06-30,2018-06-30,2018-06-30,2021-08-03,-4080000000.0,154611000000.0,,46634000000.0,107977000000.0,,50.253,-483000000.0,18368000000.0,18368000000.0,42898000000.0,3010000000.0,0.752,2.112,35055000000.0,2959000000.0,32096000000.0,35055000000.0,7228000000.0,598000000.0,0.0,0.013,0.9,4116000000.0,4714000000.0,0.084,4714000000.0,4116000000.0,3772000000.0,3.04,2.98,3.04,48293000000.0,,48293000000.0,253109137912.0,16.0,13.83,3524000000.0,3.667,1.0,13188000000.0,0.235,64951000000.0,344000000.0,44295000000.0,,0.0,37571000000.0,6334000000.0,31237000000.0,101989000000.0,62052000000.0,39937000000.0,235767137912.0,125000000.0,-53000000.0,-317000000.0,-476000000.0,-866000000.0,-1635000000.0,-2181000000.0,-1583000000.0,4007000000.0,-66000000.0,2922000000.0,2922000000.0,2922000000.0,0.0,88000000.0,0.052,8984000000.0,4204000000.0,36866000000.0,0.296,4.882,19.879,19.979,7906000000.0,0.0,245.34,1.103,1.104,17646000000.0,52363000000.0,56086000000.0,56086000000.0,0.0,,,,,150000000.0,8386000000.0,1.0,960981242.0,961000000,982000000.0,58.362,89660000000.0,0.0,850000000.0,2095000000.0,93.299,-15418000000.0
13,UNH,MRQ,2018-03-31,2018-03-31,2018-03-31,2021-08-03,-2951000000.0,155569000000.0,,48353000000.0,107216000000.0,,49.227,-477000000.0,18243000000.0,18243000000.0,42047000000.0,2924000000.0,0.715,2.18,35585000000.0,7379000000.0,28206000000.0,35585000000.0,7683000000.0,582000000.0,0.0,0.014,0.75,3965000000.0,4547000000.0,0.082,4547000000.0,3965000000.0,3636000000.0,2.94,2.87,2.94,47553000000.0,,47553000000.0,226790864666.0,15.0,12.735,7892000000.0,8.17,1.0,13141000000.0,0.238,65883000000.0,329000000.0,39361000000.0,,0.0,36161000000.0,6720000000.0,29441000000.0,103643000000.0,67667000000.0,35976000000.0,207079864666.0,6262000000.0,-2583000000.0,-2355000000.0,3159000000.0,-722000000.0,2422000000.0,-4517000000.0,-1385000000.0,8369000000.0,-12000000.0,2836000000.0,2836000000.0,2836000000.0,0.0,88000000.0,0.051,9088000000.0,4053000000.0,37799000000.0,0.255,4.355,18.453,18.432,8144000000.0,0.0,214.0,0.997,0.996,18290000000.0,50494000000.0,55188000000.0,55188000000.0,0.0,,,,,208000000.0,8506000000.0,1.0,967662919.0,966000000,987000000.0,57.13,89686000000.0,0.0,800000000.0,2213000000.0,92.843,-19314000000.0
14,UNH,MRQ,2017-12-31,2017-12-31,2017-12-31,2021-08-03,-2667000000.0,139058000000.0,,37084000000.0,101974000000.0,,49.254,-632000000.0,11981000000.0,11981000000.0,39686000000.0,3721000000.0,0.735,1.822,31692000000.0,2857000000.0,28835000000.0,31692000000.0,2269000000.0,578000000.0,0.0,0.013,0.75,3873000000.0,4451000000.0,0.085,4451000000.0,3873000000.0,3565000000.0,3.73,3.66,3.73,47776000000.0,,47776000000.0,226633609807.0,15.0,13.185,-3209000000.0,-3.308,1.0,12375000000.0,0.238,63045000000.0,308000000.0,45261000000.0,,0.0,34951000000.0,6610000000.0,28341000000.0,87036000000.0,50463000000.0,36573000000.0,213640609807.0,-4288000000.0,-1223000000.0,-243000000.0,2262000000.0,-727000000.0,1016000000.0,-2704000000.0,-753000000.0,-2577000000.0,-23000000.0,3617000000.0,3617000000.0,3617000000.0,0.0,104000000.0,0.069,8398000000.0,3977000000.0,33051000000.0,0.201,4.472,20.235,20.133,7013000000.0,0.0,220.46,1.062,1.056,15830000000.0,48730000000.0,52061000000.0,52061000000.0,0.0,,,,,141000000.0,7820000000.0,1.0,969067449.0,970000000,991000000.0,53.671,76013000000.0,0.0,-52000000.0,2182000000.0,78.364,-13379000000.0
15,UNH,MRQ,2017-09-30,2017-09-30,2017-09-30,2021-08-03,-2353000000.0,140432000000.0,,40921000000.0,99511000000.0,,46.795,-466000000.0,16269000000.0,16269000000.0,38269000000.0,2561000000.0,0.704,2.008,29262000000.0,4539000000.0,24723000000.0,29262000000.0,6635000000.0,578000000.0,0.0,0.014,0.75,4012000000.0,4590000000.0,0.091,4590000000.0,4012000000.0,3718000000.0,2.57,2.51,2.57,45298000000.0,,45298000000.0,206713516507.0,15.0,12.583,7080000000.0,7.314,1.0,12053000000.0,0.24,61859000000.0,294000000.0,33478000000.0,,0.0,34310000000.0,6607000000.0,27703000000.0,90952000000.0,58088000000.0,32864000000.0,189359516507.0,1687000000.0,-204000000.0,85000000.0,-2706000000.0,-726000000.0,-3645000000.0,-2239000000.0,-1484000000.0,7546000000.0,25000000.0,2485000000.0,2485000000.0,2485000000.0,0.0,76000000.0,0.049,7965000000.0,4088000000.0,33841000000.0,0.292,4.18,21.955,21.785,6562000000.0,0.0,195.85,0.963,0.964,15464000000.0,45840000000.0,50322000000.0,50322000000.0,0.0,,,,,124000000.0,7387000000.0,1.0,966859926.0,968000000,989000000.0,51.986,78573000000.0,0.0,1233000000.0,2697000000.0,81.17,-17167000000.0
16,UNH,MRQ,2017-06-30,2017-06-30,2017-06-30,2021-08-03,-2591000000.0,138097000000.0,,41239000000.0,96858000000.0,,44.773,-418000000.0,14582000000.0,14582000000.0,38438000000.0,2350000000.0,0.722,2.111,31936000000.0,5739000000.0,26197000000.0,31936000000.0,6115000000.0,556000000.0,0.0,0.014,0.75,3665000000.0,4221000000.0,0.084,4221000000.0,3665000000.0,3364000000.0,2.37,2.32,2.37,43161000000.0,,43161000000.0,196441127382.0,14.0,12.337,1753000000.0,1.818,1.0,11615000000.0,0.232,60836000000.0,301000000.0,37494000000.0,,0.0,32762000000.0,6365000000.0,26397000000.0,91104000000.0,57121000000.0,33983000000.0,178682127382.0,-1560000000.0,-236000000.0,-242000000.0,-1982000000.0,-724000000.0,-2337000000.0,-1367000000.0,-743000000.0,2171000000.0,-27000000.0,2284000000.0,2284000000.0,2284000000.0,0.0,66000000.0,0.046,7884000000.0,3731000000.0,32224000000.0,0.316,4.14,22.038,21.84,6324000000.0,0.0,185.42,0.928,0.928,17770000000.0,44081000000.0,50053000000.0,50053000000.0,0.0,,,,,136000000.0,7328000000.0,1.0,963661565.0,964000000,985000000.0,51.922,77261000000.0,0.0,1080000000.0,2844000000.0,80.146,-15882000000.0
17,UNH,MRQ,2017-03-31,2017-03-31,2017-03-31,2021-08-03,-2447000000.0,137157000000.0,,40989000000.0,96168000000.0,,43.923,-507000000.0,16142000000.0,16142000000.0,37755000000.0,2191000000.0,0.712,2.183,33901000000.0,7747000000.0,26154000000.0,33901000000.0,6475000000.0,533000000.0,0.0,0.015,0.625,3394000000.0,3927000000.0,0.081,3927000000.0,3394000000.0,3111000000.0,2.28,2.23,2.28,41903000000.0,,41903000000.0,178540603140.0,13.0,11.586,5949000000.0,6.236,1.0,10968000000.0,0.225,60994000000.0,283000000.0,36379000000.0,,0.0,31856000000.0,6096000000.0,25760000000.0,91495000000.0,57543000000.0,33952000000.0,156000603140.0,5712000000.0,-468000000.0,-412000000.0,-189000000.0,-596000000.0,1525000000.0,-2289000000.0,-1339000000.0,6456000000.0,20000000.0,2172000000.0,2172000000.0,2172000000.0,0.0,19000000.0,0.045,7555000000.0,3413000000.0,31123000000.0,0.274,3.723,20.586,20.604,6329000000.0,0.0,164.01,0.825,0.828,16204000000.0,42521000000.0,48723000000.0,48723000000.0,0.0,,,,,196000000.0,7022000000.0,1.0,951165192.0,954000000,975000000.0,51.072,76163000000.0,0.0,939000000.0,2894000000.0,79.835,-16554000000.0
18,UNH,MRQ,2016-12-31,2016-12-31,2016-12-31,2021-08-03,-2681000000.0,122810000000.0,,33879000000.0,88931000000.0,,40.204,-485000000.0,10430000000.0,10430000000.0,36004000000.0,1708000000.0,0.688,2.159,32970000000.0,7193000000.0,25777000000.0,32970000000.0,1968000000.0,527000000.0,0.0,0.015,0.625,3163000000.0,3690000000.0,0.078,3690000000.0,3163000000.0,2895000000.0,1.77,1.74,1.77,38274000000.0,,38274000000.0,172756667849.0,13.0,11.572,-1894000000.0,-1.989,1.0,11531000000.0,0.243,56125000000.0,268000000.0,39973000000.0,,0.0,29818000000.0,5950000000.0,23868000000.0,82621000000.0,49252000000.0,33369000000.0,152328667849.0,-2366000000.0,967000000.0,-121000000.0,-87000000.0,-595000000.0,-351000000.0,-614000000.0,-1158000000.0,-1409000000.0,8000000.0,1684000000.0,1684000000.0,1684000000.0,0.0,24000000.0,0.035,8344000000.0,3187000000.0,29752000000.0,0.353,3.98,21.709,21.715,5901000000.0,0.0,160.04,0.824,0.824,15651000000.0,40945000000.0,47535000000.0,47535000000.0,0.0,,,,,116000000.0,7817000000.0,1.0,951816220.0,952000000,968000000.0,49.932,66685000000.0,0.0,1211000000.0,2761000000.0,70.047,-15373000000.0
19,UNH,MRQ,2016-09-30,2016-09-30,2016-09-30,2021-08-03,-2303000000.0,123642000000.0,,35768000000.0,87874000000.0,,39.55,-407000000.0,12796000000.0,12796000000.0,35165000000.0,1978000000.0,0.7,2.235,33224000000.0,7202000000.0,26022000000.0,33224000000.0,5730000000.0,515000000.0,0.0,0.016,0.625,3570000000.0,4085000000.0,0.088,4085000000.0,3570000000.0,3301000000.0,2.07,2.03,2.07,37652000000.0,,37652000000.0,158315797540.0,13.0,11.183,6796000000.0,7.139,1.0,11128000000.0,0.24,55902000000.0,269000000.0,37072000000.0,,0.0,29147000000.0,5823000000.0,23324000000.0,84151000000.0,51096000000.0,33055000000.0,133334797540.0,4579000000.0,-692000000.0,-4000000.0,69000000.0,-595000000.0,-301000000.0,-2328000000.0,-1188000000.0,7203000000.0,5000000.0,1968000000.0,1968000000.0,1968000000.0,0.0,10000000.0,0.043,7548000000.0,3580000000.0,29494000000.0,0.302,3.541,20.353,20.349,5524000000.0,0.0,140.0,0.737,0.737,14849000000.0,39945000000.0,46293000000.0,46293000000.0,0.0,,,,,107000000.0,7033000000.0,1.0,952391411.0,952000000,969000000.0,48.627,67740000000.0,0.0,1333000000.0,2492000000.0,71.155,-15328000000.0
20,UNH,MRQ,2016-06-30,2016-06-30,2016-06-30,2021-08-03,-2203000000.0,119603000000.0,,33298000000.0,86305000000.0,,38.261,-388000000.0,8217000000.0,8217000000.0,35978000000.0,1760000000.0,0.703,2.242,33198000000.0,6364000000.0,26834000000.0,33198000000.0,1567000000.0,511000000.0,0.0,0.015,0.625,3197000000.0,3708000000.0,0.08,3708000000.0,3197000000.0,2926000000.0,1.84,1.81,1.84,36386000000.0,,36386000000.0,157379543015.0,14.0,11.64,1295000000.0,1.362,1.0,10507000000.0,0.226,55759000000.0,271000000.0,41449000000.0,,0.0,27823000000.0,5612000000.0,22211000000.0,81572000000.0,47376000000.0,34196000000.0,134253543015.0,-2379000000.0,-338000000.0,-424000000.0,-591000000.0,-594000000.0,-1861000000.0,-2232000000.0,-1508000000.0,1683000000.0,31000000.0,1754000000.0,1754000000.0,1754000000.0,0.0,6000000.0,0.038,7304000000.0,3203000000.0,30998000000.0,0.34,3.69,21.724,21.757,5189000000.0,0.0,141.2,0.762,0.763,16701000000.0,38579000000.0,46485000000.0,46485000000.0,0.0,,,,,105000000.0,6793000000.0,1.0,950804129.0,951000000,967000000.0,48.88,63844000000.0,0.0,1172000000.0,2857000000.0,67.134,-14078000000.0
21,UNH,MRQ,2016-03-31,2016-03-31,2016-03-31,2021-08-03,-2804000000.0,117855000000.0,,33745000000.0,84110000000.0,,36.903,-425000000.0,10596000000.0,10596000000.0,34307000000.0,1627000000.0,0.729,2.302,33722000000.0,6504000000.0,27218000000.0,33722000000.0,1901000000.0,502000000.0,0.0,0.016,0.5,2944000000.0,3446000000.0,0.077,3446000000.0,2944000000.0,2685000000.0,1.69,1.67,1.69,35169000000.0,,35169000000.0,143712878342.0,13.0,10.981,1893000000.0,1.986,1.0,10220000000.0,0.23,55155000000.0,259000000.0,39541000000.0,,0.0,26191000000.0,5296000000.0,20895000000.0,80964000000.0,46285000000.0,34679000000.0,122541878342.0,-327000000.0,-1697000000.0,-302000000.0,1599000000.0,-477000000.0,1502000000.0,-4181000000.0,-2073000000.0,2318000000.0,34000000.0,1611000000.0,1611000000.0,1611000000.0,0.0,16000000.0,0.036,7260000000.0,2960000000.0,29563000000.0,0.296,3.484,20.386,20.428,4976000000.0,0.0,128.9,0.739,0.741,14642000000.0,37963000000.0,44527000000.0,44527000000.0,0.0,,,,,157000000.0,6758000000.0,1.0,950673998.0,953000000,967000000.0,46.723,62700000000.0,0.0,1074000000.0,3066000000.0,65.792,-12540000000.0
22,UNH,MRQ,2015-12-31,2015-12-31,2015-12-31,2021-08-03,-3334000000.0,111254000000.0,,31639000000.0,79615000000.0,,35.498,-484000000.0,10923000000.0,10923000000.0,34085000000.0,1252000000.0,0.738,2.24,31965000000.0,6634000000.0,25331000000.0,31965000000.0,2142000000.0,484000000.0,0.0,0.016,0.5,2434000000.0,2918000000.0,0.067,2918000000.0,2434000000.0,2174000000.0,1.28,1.26,1.28,33830000000.0,,33830000000.0,135922676293.0,12.0,10.737,3027000000.0,3.176,1.0,9514000000.0,0.218,52844000000.0,260000000.0,36554000000.0,,0.0,23778000000.0,4986000000.0,18792000000.0,75793000000.0,42898000000.0,32895000000.0,112123676293.0,2940000000.0,19000000.0,-34000000.0,376000000.0,-476000000.0,409000000.0,-975000000.0,-417000000.0,3511000000.0,-5000000.0,1218000000.0,1218000000.0,1218000000.0,0.0,34000000.0,0.028,7046000000.0,2468000000.0,26324000000.0,0.391,3.314,19.288,19.285,4861000000.0,0.0,117.64,0.714,0.714,13324000000.0,37125000000.0,43599000000.0,43599000000.0,0.0,,,,,100000000.0,6562000000.0,1.0,953108435.0,953000000,967000000.0,45.749,58410000000.0,0.0,956000000.0,3587000000.0,61.291,-11259000000.0
23,UNH,MRQ,2015-09-30,2015-09-30,2015-09-30,2021-08-03,-3347000000.0,108272000000.0,,29935000000.0,78337000000.0,,34.747,-356000000.0,7983000000.0,7983000000.0,31841000000.0,1618000000.0,0.749,2.222,31782000000.0,5767000000.0,26015000000.0,31782000000.0,1731000000.0,452000000.0,0.0,0.015,0.5,2997000000.0,3449000000.0,0.083,3449000000.0,2997000000.0,2768000000.0,1.68,1.65,1.68,33114000000.0,,33114000000.0,120806794906.0,11.0,9.374,2441000000.0,2.561,1.0,9648000000.0,0.233,52085000000.0,229000000.0,40033000000.0,,0.0,23425000000.0,4890000000.0,18535000000.0,73579000000.0,39953000000.0,33626000000.0,110622794906.0,96000000.0,-14405000000.0,-53000000.0,13561000000.0,-477000000.0,11951000000.0,-14570000000.0,290000000.0,2797000000.0,-82000000.0,1597000000.0,1597000000.0,1597000000.0,0.0,21000000.0,0.038,6630000000.0,3018000000.0,25206000000.0,0.298,3.341,18.12,18.155,4532000000.0,0.0,116.01,0.753,0.752,14419000000.0,36382000000.0,41489000000.0,41489000000.0,0.0,,,,,95000000.0,6178000000.0,1.0,953562580.0,953000000,967000000.0,43.535,56187000000.0,670000000.0,1171000000.0,3593000000.0,58.958,-10018000000.0
24,UNH,MRQ,2015-06-30,2015-06-30,2015-06-30,2021-08-03,-2307000000.0,91423000000.0,,27566000000.0,63857000000.0,,34.685,-343000000.0,7887000000.0,7887000000.0,27251000000.0,1585000000.0,0.771,1.72,18071000000.0,2693000000.0,15378000000.0,18071000000.0,1508000000.0,379000000.0,0.0,0.013,0.5,2895000000.0,3274000000.0,0.09,3274000000.0,2895000000.0,2744000000.0,1.66,1.64,1.66,33020000000.0,,33020000000.0,125856319842.0,11.0,9.899,820000000.0,0.861,1.0,9012000000.0,0.249,37470000000.0,151000000.0,28396000000.0,,0.0,23774000000.0,4778000000.0,18996000000.0,56788000000.0,35741000000.0,21047000000.0,116132319842.0,-763000000.0,-1203000000.0,-7000000.0,-108000000.0,-476000000.0,-617000000.0,-1325000000.0,141000000.0,1163000000.0,16000000.0,1585000000.0,1585000000.0,1585000000.0,0.0,0.0,0.044,6117000000.0,2895000000.0,24768000000.0,0.301,3.517,19.007,19.182,4473000000.0,0.0,122.0,0.84,0.84,12194000000.0,35262000000.0,36263000000.0,36263000000.0,0.0,,,,,86000000.0,5738000000.0,1.0,951904261.0,952000000,966000000.0,38.091,53953000000.0,514000000.0,1159000000.0,1877000000.0,56.673,-8175000000.0
25,UNH,MRQ,2015-03-31,2015-03-31,2015-03-31,2021-08-03,-2285000000.0,89719000000.0,,26774000000.0,62945000000.0,,33.415,-373000000.0,8650000000.0,8650000000.0,26904000000.0,1413000000.0,0.765,1.769,18374000000.0,2797000000.0,15577000000.0,18374000000.0,1734000000.0,378000000.0,0.0,0.013,0.375,2640000000.0,3018000000.0,0.084,3018000000.0,2640000000.0,2490000000.0,1.48,1.46,1.48,31878000000.0,,31878000000.0,122723600595.0,11.0,9.932,1896000000.0,1.987,1.0,8852000000.0,0.248,36223000000.0,150000000.0,28242000000.0,,0.0,24117000000.0,4701000000.0,19416000000.0,56389000000.0,34978000000.0,21411000000.0,112812600595.0,1155000000.0,-575000000.0,-704000000.0,778000000.0,-357000000.0,496000000.0,-1525000000.0,-545000000.0,2269000000.0,-85000000.0,1413000000.0,1413000000.0,1413000000.0,0.0,0.0,0.04,6212000000.0,2640000000.0,24055000000.0,0.253,3.539,19.014,19.265,4245000000.0,0.0,118.29,0.839,0.839,10386000000.0,34153000000.0,35756000000.0,35756000000.0,0.0,,,,,125000000.0,5834000000.0,1.0,953695161.0,954000000,969000000.0,37.48,53496000000.0,405000000.0,1077000000.0,2056000000.0,56.075,-8204000000.0
26,UNH,MRQ,2014-12-31,2014-12-31,2014-12-31,2021-08-03,-1392000000.0,86382000000.0,,23556000000.0,62826000000.0,,33.912,-404000000.0,7495000000.0,7495000000.0,24860000000.0,1510000000.0,0.769,1.619,17406000000.0,1399000000.0,16007000000.0,17406000000.0,1972000000.0,381000000.0,0.0,0.014,0.375,2765000000.0,3146000000.0,0.094,3146000000.0,2765000000.0,2614000000.0,1.57,1.55,1.57,32454000000.0,,32454000000.0,107309284018.0,10.0,9.131,2025000000.0,2.116,1.0,8573000000.0,0.256,36609000000.0,151000000.0,29061000000.0,,0.0,23530000000.0,4703000000.0,18827000000.0,52540000000.0,30623000000.0,21917000000.0,97025284018.0,262000000.0,-1072000000.0,-922000000.0,-152000000.0,-358000000.0,-1483000000.0,-676000000.0,546000000.0,2429000000.0,-8000000.0,1510000000.0,1510000000.0,1510000000.0,0.0,0.0,0.045,5808000000.0,2765000000.0,21287000000.0,0.239,2.99,17.267,17.49,4418000000.0,0.0,101.09,0.744,0.753,9750000000.0,33836000000.0,33433000000.0,33433000000.0,0.0,,,,,95000000.0,5427000000.0,1.0,959791117.0,957000000,974000000.0,34.935,49773000000.0,556000000.0,1104000000.0,2065000000.0,52.009,-7067000000.0
27,UNH,MRQ,2014-09-30,2014-09-30,2014-09-30,2021-08-03,-984000000.0,85426000000.0,,22963000000.0,62463000000.0,,33.647,-405000000.0,7233000000.0,7233000000.0,24047000000.0,1602000000.0,0.738,1.578,17517000000.0,2925000000.0,14592000000.0,17517000000.0,1691000000.0,373000000.0,0.0,0.015,0.375,2903000000.0,3276000000.0,0.1,3276000000.0,2903000000.0,2751000000.0,1.65,1.63,1.65,32604000000.0,,32604000000.0,94137639000.0,9.0,8.252,2795000000.0,2.884,1.0,8712000000.0,0.266,35936000000.0,152000000.0,28644000000.0,,0.0,24180000000.0,4834000000.0,19346000000.0,51436000000.0,31130000000.0,20306000000.0,83802639000.0,821000000.0,-328000000.0,-954000000.0,816000000.0,-362000000.0,-1388000000.0,-980000000.0,-207000000.0,3200000000.0,-11000000.0,1602000000.0,1602000000.0,1602000000.0,0.0,0.0,0.049,5809000000.0,2903000000.0,20722000000.0,0.227,2.57,15.138,15.293,4309000000.0,0.0,86.25,0.654,0.652,9015000000.0,33578000000.0,32759000000.0,32759000000.0,0.0,,,,,81000000.0,5436000000.0,1.0,971624800.0,969000000,982000000.0,33.807,49490000000.0,520000000.0,1149000000.0,1901000000.0,51.073,-8167000000.0
28,UNH,MRQ,2014-06-30,2014-06-30,2014-06-30,2021-08-03,-290000000.0,85466000000.0,,22851000000.0,62615000000.0,,33.641,-363000000.0,6412000000.0,6412000000.0,24452000000.0,1408000000.0,0.742,1.555,16747000000.0,2117000000.0,14630000000.0,16747000000.0,1482000000.0,364000000.0,0.0,0.015,0.375,2552000000.0,2916000000.0,0.09,2916000000.0,2552000000.0,2397000000.0,1.44,1.42,1.44,32935000000.0,,32935000000.0,89354609691.0,9.0,8.041,651000000.0,0.665,1.0,8122000000.0,0.249,36253000000.0,155000000.0,28772000000.0,,0.0,23942000000.0,4668000000.0,19274000000.0,51228000000.0,30776000000.0,20452000000.0,80103609691.0,-1102000000.0,-178000000.0,-975000000.0,-110000000.0,-366000000.0,-1849000000.0,-275000000.0,314000000.0,1014000000.0,8000000.0,1408000000.0,1408000000.0,1408000000.0,0.0,0.0,0.043,5570000000.0,2552000000.0,21930000000.0,0.26,2.432,14.554,14.73,4267000000.0,0.0,81.75,0.636,0.635,9424000000.0,33215000000.0,32574000000.0,32574000000.0,0.0,,,,,83000000.0,5206000000.0,1.0,979860669.0,979000000,991000000.0,33.273,49213000000.0,496000000.0,989000000.0,2011000000.0,50.269,-7925000000.0
29,UNH,MRQ,2014-03-31,2014-03-31,2014-03-31,2021-08-03,-573000000.0,84622000000.0,,22364000000.0,62258000000.0,,33.112,-353000000.0,7514000000.0,7514000000.0,24100000000.0,1099000000.0,0.728,1.561,16765000000.0,2241000000.0,14524000000.0,16765000000.0,1838000000.0,360000000.0,0.0,0.014,0.28,2054000000.0,2414000000.0,0.076,2414000000.0,2054000000.0,1894000000.0,1.12,1.1,1.12,32549000000.0,,32549000000.0,90687839290.0,10.0,8.292,1055000000.0,1.073,1.0,7608000000.0,0.24,36017000000.0,160000000.0,27140000000.0,,0.0,24026000000.0,4649000000.0,19377000000.0,50805000000.0,30716000000.0,20089000000.0,81103839290.0,238000000.0,-345000000.0,-695000000.0,-163000000.0,-276000000.0,-573000000.0,-603000000.0,146000000.0,1408000000.0,6000000.0,1099000000.0,1099000000.0,1099000000.0,0.0,0.0,0.035,5554000000.0,2054000000.0,21390000000.0,0.25,2.492,14.661,14.826,4065000000.0,0.0,81.99,0.655,0.651,7826000000.0,33112000000.0,31708000000.0,31708000000.0,0.0,,,,,105000000.0,5194000000.0,1.0,989191844.0,983000000,996000000.0,32.256,48605000000.0,319000000.0,795000000.0,1831000000.0,49.446,-8352000000.0
30,UNH,MRQ,2013-12-31,2013-12-31,2013-12-31,2021-08-03,-908000000.0,81882000000.0,,20380000000.0,61502000000.0,,32.246,-467000000.0,7276000000.0,7276000000.0,23682000000.0,1427000000.0,0.731,1.51,16860000000.0,1969000000.0,14891000000.0,16860000000.0,1600000000.0,350000000.0,0.0,0.014,0.28,2452000000.0,2802000000.0,0.09,2802000000.0,2452000000.0,2276000000.0,1.43,1.41,1.43,32149000000.0,,32149000000.0,84305891782.0,9.0,7.699,601000000.0,0.603,1.0,7435000000.0,0.239,35448000000.0,176000000.0,28137000000.0,,0.0,24299000000.0,4694000000.0,19605000000.0,48558000000.0,27881000000.0,20677000000.0,75808891782.0,-1010000000.0,-32000000.0,-762000000.0,6000000.0,-279000000.0,-1263000000.0,-816000000.0,-463000000.0,1068000000.0,1000000.0,1427000000.0,1427000000.0,1427000000.0,0.0,0.0,0.046,4983000000.0,2452000000.0,19033000000.0,0.196,2.358,13.477,13.47,4010000000.0,0.0,75.3,0.619,0.618,7050000000.0,33047000000.0,31117000000.0,31117000000.0,0.0,,,,,76000000.0,4633000000.0,1.0,1006758191.0,997000000,1014000000.0,31.211,46434000000.0,430000000.0,849000000.0,1796000000.0,46.574,-7501000000.0
31,UNH,MRQ,2013-09-30,2013-09-30,2013-09-30,2021-08-03,-587000000.0,81863000000.0,,21194000000.0,60669000000.0,,31.888,-361000000.0,8286000000.0,8286000000.0,22775000000.0,1570000000.0,0.761,1.522,16783000000.0,1895000000.0,14888000000.0,16783000000.0,1525000000.0,349000000.0,0.0,0.014,0.28,2631000000.0,2980000000.0,0.097,2980000000.0,2631000000.0,2453000000.0,1.56,1.53,1.56,32016000000.0,,32016000000.0,81780867236.0,9.0,7.701,3035000000.0,3.023,1.0,7849000000.0,0.256,35770000000.0,178000000.0,26723000000.0,,0.0,23910000000.0,5127000000.0,18783000000.0,48717000000.0,27867000000.0,20850000000.0,72805867236.0,632000000.0,-46000000.0,-790000000.0,159000000.0,-280000000.0,-1516000000.0,-1255000000.0,-848000000.0,3396000000.0,7000000.0,1570000000.0,1570000000.0,1570000000.0,0.0,0.0,0.051,5218000000.0,2631000000.0,18963000000.0,0.179,2.274,13.379,13.335,3829000000.0,0.0,71.61,0.606,0.598,6625000000.0,32593000000.0,30624000000.0,30624000000.0,0.0,,,,,79000000.0,4869000000.0,1.0,1016699724.0,1004000000,1024000000.0,30.502,46093000000.0,366000000.0,883000000.0,1881000000.0,45.909,-6673000000.0
32,UNH,MRQ,2013-06-30,2013-06-30,2013-06-30,2021-08-03,-535000000.0,80201000000.0,,20618000000.0,59583000000.0,,31.101,-156000000.0,7654000000.0,7654000000.0,22842000000.0,1436000000.0,0.781,1.531,16629000000.0,1086000000.0,15543000000.0,16629000000.0,1242000000.0,340000000.0,0.0,0.014,0.28,2401000000.0,2741000000.0,0.09,2741000000.0,2401000000.0,2225000000.0,1.42,1.4,1.42,31381000000.0,,31381000000.0,74801060783.0,8.0,7.079,1318000000.0,1.306,1.0,7566000000.0,0.249,35506000000.0,176000000.0,27265000000.0,,0.0,23032000000.0,5056000000.0,17976000000.0,48051000000.0,26405000000.0,21646000000.0,66790060783.0,-2384000000.0,-5000000.0,-593000000.0,-1301000000.0,-281000000.0,-3670000000.0,-114000000.0,47000000.0,1474000000.0,-74000000.0,1436000000.0,1436000000.0,1436000000.0,0.0,0.0,0.047,5165000000.0,2401000000.0,18901000000.0,0.197,2.128,12.302,12.285,3785000000.0,0.0,65.48,0.572,0.566,6694000000.0,31906000000.0,30408000000.0,30408000000.0,0.0,,,,,77000000.0,4825000000.0,1.0,1020007037.0,1009000000,1026000000.0,30.137,44695000000.0,366000000.0,789000000.0,2076000000.0,44.296,-5787000000.0
33,UNH,MRQ,2013-03-31,2013-03-31,2013-03-31,2021-08-03,388000000.0,83126000000.0,,22717000000.0,60409000000.0,,31.257,-323000000.0,10038000000.0,10038000000.0,23251000000.0,1240000000.0,0.836,1.549,18049000000.0,2390000000.0,15659000000.0,18049000000.0,1386000000.0,336000000.0,0.0,0.015,0.212,2091000000.0,2427000000.0,0.08,2427000000.0,2091000000.0,1913000000.0,1.17,1.16,1.17,31757000000.0,,31757000000.0,66983977786.0,7.0,6.455,730000000.0,0.719,1.0,7089000000.0,0.234,36119000000.0,178000000.0,27835000000.0,,0.0,23676000000.0,5678000000.0,17998000000.0,49181000000.0,27183000000.0,21998000000.0,58635977786.0,1632000000.0,-279000000.0,-427000000.0,1288000000.0,-216000000.0,1503000000.0,-904000000.0,-347000000.0,1053000000.0,-20000000.0,1192000000.0,1192000000.0,1192000000.0,0.0,48000000.0,0.039,4950000000.0,2139000000.0,18285000000.0,0.181,1.846,11.001,10.981,3945000000.0,0.0,57.21,0.516,0.511,5799000000.0,31359000000.0,30340000000.0,30340000000.0,0.0,,,,,99000000.0,4614000000.0,1.0,1024925324.0,1016000000,1029000000.0,29.862,47007000000.0,336000000.0,721000000.0,2321000000.0,46.267,-4466000000.0
34,UNH,MRQ,2012-12-31,2012-12-31,2012-12-31,2021-08-03,438000000.0,80885000000.0,,21052000000.0,59833000000.0,,30.627,-284000000.0,8406000000.0,8406000000.0,21445000000.0,1244000000.0,0.776,1.526,16754000000.0,2713000000.0,14041000000.0,16754000000.0,1505000000.0,370000000.0,0.0,0.015,0.212,2101000000.0,2471000000.0,0.086,2471000000.0,2101000000.0,1928000000.0,1.22,1.2,1.22,31178000000.0,,31178000000.0,59487759980.0,6.0,5.632,1398000000.0,1.373,1.0,7324000000.0,0.255,35968000000.0,173000000.0,26149000000.0,,0.0,23515000000.0,5804000000.0,17711000000.0,47586000000.0,27116000000.0,20470000000.0,55405759980.0,-510000000.0,-3730000000.0,80000000.0,3178000000.0,-217000000.0,1997000000.0,-4189000000.0,-175000000.0,1682000000.0,0.0,1244000000.0,1244000000.0,1244000000.0,0.0,0.0,0.043,5223000000.0,2101000000.0,17988000000.0,0.174,1.777,10.026,10.082,3939000000.0,0.0,54.24,0.501,0.504,5598000000.0,30664000000.0,28769000000.0,28769000000.0,0.0,,,,,92000000.0,4853000000.0,1.0,1021492625.0,1018000000,1037000000.0,28.26,44917000000.0,463000000.0,684000000.0,2450000000.0,44.123,-6064000000.0
35,UNH,MRQ,2012-09-30,2012-09-30,2012-09-30,2021-08-03,575000000.0,71700000000.0,,20331000000.0,51369000000.0,,29.572,-321000000.0,8916000000.0,8916000000.0,20098000000.0,1557000000.0,0.818,1.372,12998000000.0,1852000000.0,11146000000.0,12998000000.0,1186000000.0,317000000.0,0.0,0.014,0.212,2610000000.0,2927000000.0,0.107,2927000000.0,2610000000.0,2452000000.0,1.52,1.5,1.52,30223000000.0,,30223000000.0,58261222338.0,6.0,5.572,-619000000.0,-0.606,1.0,7204000000.0,0.264,29388000000.0,158000000.0,21541000000.0,,0.0,23002000000.0,5775000000.0,17227000000.0,41477000000.0,24853000000.0,16624000000.0,57222222338.0,-2662000000.0,-146000000.0,-687000000.0,684000000.0,-217000000.0,-1307000000.0,-1057000000.0,-590000000.0,-298000000.0,0.0,1557000000.0,1557000000.0,1557000000.0,0.0,0.0,0.057,4594000000.0,2610000000.0,16972000000.0,0.139,1.893,10.329,10.357,2619000000.0,0.0,55.41,0.531,0.525,4548000000.0,29638000000.0,27302000000.0,27302000000.0,0.0,,,,,87000000.0,4277000000.0,1.0,1032705691.0,1022000000,1039000000.0,26.714,42312000000.0,414000000.0,895000000.0,3033000000.0,41.401,-4522000000.0
36,UNH,MRQ,2012-06-30,2012-06-30,2012-06-30,2021-08-03,469000000.0,73465000000.0,,22727000000.0,50738000000.0,,28.575,-196000000.0,11578000000.0,11578000000.0,20633000000.0,1337000000.0,0.823,1.501,12617000000.0,1461000000.0,11156000000.0,12617000000.0,3853000000.0,326000000.0,0.0,0.012,0.212,2226000000.0,2552000000.0,0.094,2552000000.0,2226000000.0,2073000000.0,1.3,1.27,1.3,29375000000.0,,29375000000.0,61883735670.0,7.0,6.255,1989000000.0,1.935,1.0,6632000000.0,0.243,29332000000.0,153000000.0,17549000000.0,,0.0,22178000000.0,5480000000.0,16698000000.0,44090000000.0,27623000000.0,16467000000.0,60690735670.0,-83000000.0,-469000000.0,-665000000.0,-287000000.0,-218000000.0,-1263000000.0,-1005000000.0,-340000000.0,2185000000.0,0.0,1337000000.0,1337000000.0,1337000000.0,0.0,0.0,0.049,4406000000.0,2226000000.0,16951000000.0,0.163,2.066,11.551,11.653,2589000000.0,0.0,58.5,0.574,0.569,4535000000.0,28896000000.0,27265000000.0,27265000000.0,0.0,,,,,102000000.0,4080000000.0,1.0,1037448473.0,1028000000,1049000000.0,26.522,44133000000.0,461000000.0,736000000.0,2870000000.0,42.931,-4896000000.0
37,UNH,MRQ,2012-03-31,2012-03-31,2012-03-31,2021-08-03,458000000.0,72690000000.0,,22690000000.0,50000000000.0,,27.773,-269000000.0,11661000000.0,11661000000.0,20573000000.0,1388000000.0,0.826,1.519,12854000000.0,1771000000.0,11083000000.0,12854000000.0,3816000000.0,296000000.0,0.0,0.011,0.163,2317000000.0,2613000000.0,0.096,2613000000.0,2317000000.0,2169000000.0,1.34,1.31,1.34,28856000000.0,,28856000000.0,63799186942.0,7.0,6.57,3317000000.0,3.192,1.0,6709000000.0,0.246,28857000000.0,148000000.0,17564000000.0,,0.0,21725000000.0,5233000000.0,16492000000.0,43834000000.0,27462000000.0,16372000000.0,61590186942.0,2232000000.0,-1935000000.0,-734000000.0,992000000.0,-168000000.0,1044000000.0,-2398000000.0,-194000000.0,3586000000.0,0.0,1388000000.0,1388000000.0,1388000000.0,0.0,0.0,0.051,4392000000.0,2317000000.0,16418000000.0,0.122,2.134,11.881,12.029,2560000000.0,0.0,58.94,0.594,0.59,4666000000.0,28388000000.0,27282000000.0,27282000000.0,0.0,,,,,140000000.0,4096000000.0,1.0,1044964149.0,1039000000,1060000000.0,26.258,43833000000.0,432000000.0,781000000.0,2845000000.0,42.188,-4772000000.0
38,UNH,MRQ,2011-12-31,2011-12-31,2011-12-31,2021-08-03,461000000.0,67889000000.0,,20350000000.0,47539000000.0,,26.741,-212000000.0,9429000000.0,9429000000.0,19244000000.0,1258000000.0,0.851,1.4,11638000000.0,982000000.0,10656000000.0,11638000000.0,1225000000.0,290000000.0,0.0,0.012,0.163,2074000000.0,2364000000.0,0.091,2364000000.0,2074000000.0,1935000000.0,1.19,1.17,1.19,28292000000.0,,28292000000.0,52266222716.0,6.0,5.451,-627000000.0,-0.593,1.0,6672000000.0,0.257,26770000000.0,139000000.0,19406000000.0,,0.0,21451000000.0,5285000000.0,16166000000.0,39597000000.0,23922000000.0,15675000000.0,54026222716.0,-4250000000.0,-366000000.0,-830000000.0,-172000000.0,-170000000.0,-2586000000.0,-1249000000.0,-671000000.0,-415000000.0,0.0,1258000000.0,1258000000.0,1258000000.0,0.0,0.0,0.049,4598000000.0,2074000000.0,16652000000.0,0.137,1.91,10.507,10.536,2515000000.0,0.0,50.68,0.53,0.532,4549000000.0,27821000000.0,25916000000.0,25916000000.0,0.0,,,,,85000000.0,4308000000.0,1.0,1066026494.0,1058000000,1075000000.0,24.495,41119000000.0,472000000.0,677000000.0,1351000000.0,38.865,-3572000000.0
39,UNH,MRQ,2011-09-30,2011-09-30,2011-09-30,2021-08-03,397000000.0,70910000000.0,,24508000000.0,46402000000.0,,26.171,-290000000.0,13679000000.0,13679000000.0,19017000000.0,1271000000.0,0.856,1.544,11919000000.0,2364000000.0,9555000000.0,11919000000.0,3631000000.0,294000000.0,0.0,0.012,0.163,2070000000.0,2364000000.0,0.094,2364000000.0,2070000000.0,1941000000.0,1.19,1.17,1.19,27872000000.0,,27872000000.0,50988472128.0,6.0,5.456,4674000000.0,4.389,1.0,6263000000.0,0.248,26578000000.0,129000000.0,13954000000.0,,0.0,20693000000.0,5295000000.0,15398000000.0,43038000000.0,28618000000.0,14420000000.0,49632472128.0,3904000000.0,-644000000.0,-753000000.0,660000000.0,-172000000.0,305000000.0,-1365000000.0,-431000000.0,4964000000.0,0.0,1271000000.0,1271000000.0,1271000000.0,0.0,0.0,0.05,4193000000.0,2070000000.0,16091000000.0,0.137,1.781,10.074,10.092,2388000000.0,0.0,46.12,0.496,0.491,4376000000.0,27464000000.0,25280000000.0,25280000000.0,0.0,,,,,98000000.0,3899000000.0,1.0,1076159413.0,1065000000,1083000000.0,23.737,44332000000.0,492000000.0,670000000.0,2422000000.0,41.626,-4110000000.0
40,UNH,MRQ,2011-06-30,2011-06-30,2011-06-30,2021-08-03,332000000.0,66115000000.0,,20429000000.0,45686000000.0,,25.454,-303000000.0,9775000000.0,9775000000.0,19132000000.0,1267000000.0,0.838,1.416,11131000000.0,1689000000.0,9442000000.0,11131000000.0,1474000000.0,270000000.0,0.0,0.01,0.163,2099000000.0,2369000000.0,0.094,2369000000.0,2099000000.0,1980000000.0,1.18,1.16,1.18,27363000000.0,,27363000000.0,57738707952.0,7.0,6.159,892000000.0,0.83,1.0,6102000000.0,0.242,26301000000.0,119000000.0,16796000000.0,,0.0,19977000000.0,5042000000.0,14935000000.0,38752000000.0,24374000000.0,14378000000.0,55883707952.0,-15000000.0,92000000.0,-506000000.0,-510000000.0,-174000000.0,-989000000.0,-221000000.0,-10000000.0,1195000000.0,0.0,1267000000.0,1267000000.0,1267000000.0,0.0,0.0,0.05,4003000000.0,2099000000.0,15894000000.0,0.138,2.042,11.329,11.386,2302000000.0,0.0,51.58,0.568,0.564,4812000000.0,27020000000.0,25234000000.0,25234000000.0,0.0,,,,,95000000.0,3733000000.0,1.0,1083437533.0,1075000000,1094000000.0,23.473,39814000000.0,153000000.0,713000000.0,2488000000.0,37.036,-3945000000.0
41,UNH,MRQ,2011-03-31,2011-03-31,2011-03-31,2021-08-03,207000000.0,65335000000.0,,19818000000.0,45517000000.0,,24.467,-213000000.0,9790000000.0,9790000000.0,19324000000.0,1346000000.0,0.808,1.459,11645000000.0,2286000000.0,9359000000.0,11645000000.0,1382000000.0,270000000.0,0.0,0.012,0.125,2221000000.0,2491000000.0,0.098,2491000000.0,2221000000.0,2103000000.0,1.24,1.22,1.24,26571000000.0,,26571000000.0,51453997231.0,6.0,5.62,1011000000.0,0.931,1.0,6108000000.0,0.24,26286000000.0,118000000.0,16377000000.0,,0.0,19762000000.0,4830000000.0,14932000000.0,38764000000.0,24527000000.0,14237000000.0,49434997231.0,667000000.0,-541000000.0,-524000000.0,368000000.0,-135000000.0,780000000.0,-1337000000.0,-583000000.0,1224000000.0,0.0,1346000000.0,1346000000.0,1346000000.0,0.0,0.0,0.053,3887000000.0,2221000000.0,15925000000.0,0.101,1.86,10.323,10.391,2189000000.0,0.0,45.2,0.513,0.509,4322000000.0,26353000000.0,25432000000.0,25432000000.0,0.0,,,,,123000000.0,3617000000.0,1.0,1093694629.0,1086000000,1099000000.0,23.418,39049000000.0,235000000.0,757000000.0,2436000000.0,35.957,-4709000000.0
42,UNH,MRQ,2010-12-31,2010-12-31,2010-12-31,2021-08-03,252000000.0,63063000000.0,,18393000000.0,44670000000.0,,23.628,-330000000.0,9123000000.0,9123000000.0,17821000000.0,1043000000.0,0.776,1.442,11142000000.0,2480000000.0,8662000000.0,11142000000.0,1533000000.0,320000000.0,0.0,0.011,0.125,1802000000.0,2122000000.0,0.088,2122000000.0,1802000000.0,1684000000.0,0.96,0.95,0.96,25825000000.0,,25825000000.0,41146770244.0,5.0,4.609,1111000000.0,1.016,1.0,6209000000.0,0.258,25655000000.0,118000000.0,15727000000.0,,0.0,19329000000.0,4622000000.0,14707000000.0,37238000000.0,23700000000.0,13538000000.0,39718770244.0,-454000000.0,-232000000.0,-542000000.0,512000000.0,-136000000.0,-190000000.0,-1705000000.0,-1143000000.0,1441000000.0,0.0,1043000000.0,1043000000.0,1043000000.0,0.0,0.0,0.043,4407000000.0,1802000000.0,15708000000.0,0.13,1.538,8.571,8.722,2200000000.0,0.0,36.11,0.422,0.43,3704000000.0,25562000000.0,24030000000.0,24030000000.0,0.0,,,,,76000000.0,4087000000.0,1.0,1099938251.0,1093000000,1107000000.0,21.985,37408000000.0,403000000.0,641000000.0,2515000000.0,34.225,-5307000000.0
43,UNH,MRQ,2010-09-30,2010-09-30,2010-09-30,2021-08-03,491000000.0,63023000000.0,,18256000000.0,44767000000.0,,22.97,-205000000.0,9577000000.0,9577000000.0,17728000000.0,1277000000.0,0.747,1.461,11005000000.0,2929000000.0,8076000000.0,11005000000.0,1110000000.0,247000000.0,0.0,0.008,0.125,2145000000.0,2392000000.0,0.101,2392000000.0,2145000000.0,2026000000.0,1.15,1.14,1.15,25611000000.0,,25611000000.0,40202043652.0,5.0,4.654,2699000000.0,2.421,1.0,5940000000.0,0.251,25863000000.0,119000000.0,14146000000.0,,0.0,18683000000.0,3934000000.0,14749000000.0,37412000000.0,24442000000.0,12970000000.0,39473043652.0,-406000000.0,-1907000000.0,-568000000.0,252000000.0,-139000000.0,-494000000.0,-2816000000.0,-704000000.0,2904000000.0,0.0,1277000000.0,1277000000.0,1277000000.0,0.0,0.0,0.054,3795000000.0,2145000000.0,16329000000.0,0.109,1.541,8.704,8.756,2033000000.0,0.0,35.11,0.429,0.426,3790000000.0,25109000000.0,23668000000.0,23668000000.0,0.0,,,,,83000000.0,3548000000.0,1.0,1124267834.0,1115000000,1124000000.0,21.227,37160000000.0,505000000.0,749000000.0,0.0,33.327,-6186000000.0
44,UNH,MRQ,2010-06-30,2010-06-30,2010-06-30,2021-08-03,353000000.0,60424000000.0,,18982000000.0,41442000000.0,,22.031,-211000000.0,9983000000.0,9983000000.0,17755000000.0,1123000000.0,0.822,1.434,10712000000.0,2676000000.0,8036000000.0,10712000000.0,992000000.0,249000000.0,0.0,0.005,0.155,1901000000.0,2150000000.0,0.092,2150000000.0,1901000000.0,1782000000.0,1.0,0.99,1.0,24829000000.0,,24829000000.0,32884720747.0,5.0,4.024,512000000.0,0.454,1.0,5509000000.0,0.237,23242000000.0,119000000.0,14808000000.0,,0.0,17550000000.0,3531000000.0,14019000000.0,35595000000.0,23103000000.0,12492000000.0,32281720747.0,63000000.0,-87000000.0,-604000000.0,148000000.0,-174000000.0,-425000000.0,-235000000.0,63000000.0,723000000.0,0.0,1123000000.0,1123000000.0,1123000000.0,0.0,0.0,0.048,3608000000.0,1901000000.0,15544000000.0,0.155,1.3,7.52,7.553,2069000000.0,0.0,28.4,0.359,0.356,4576000000.0,24465000000.0,23264000000.0,23264000000.0,0.0,,,,,67000000.0,3359000000.0,1.0,1136680308.0,1127000000,1135000000.0,20.642,37182000000.0,391000000.0,659000000.0,0.0,32.992,-4121000000.0
45,UNH,MRQ,2010-03-31,2010-03-31,2010-03-31,2021-08-03,252000000.0,59541000000.0,,18379000000.0,41162000000.0,,21.239,-132000000.0,9920000000.0,9920000000.0,17653000000.0,1191000000.0,0.801,1.448,10523000000.0,2522000000.0,8001000000.0,10523000000.0,1144000000.0,248000000.0,0.0,0.0,0.0,2016000000.0,2264000000.0,0.098,2264000000.0,2016000000.0,1891000000.0,1.04,1.03,1.04,24319000000.0,,24319000000.0,39189615492.0,6.0,5.082,1073000000.0,0.937,1.0,5540000000.0,0.239,23127000000.0,125000000.0,14075000000.0,,0.0,17391000000.0,3556000000.0,13835000000.0,35222000000.0,22942000000.0,12280000000.0,37816615492.0,120000000.0,-78000000.0,-531000000.0,-823000000.0,0.0,-502000000.0,-583000000.0,-373000000.0,1205000000.0,0.0,1191000000.0,1191000000.0,1191000000.0,0.0,0.0,0.051,3524000000.0,2016000000.0,15666000000.0,0.0,1.555,9.386,9.361,2070000000.0,0.0,32.67,0.428,0.424,3973000000.0,24056000000.0,23193000000.0,23193000000.0,0.0,,,,,100000000.0,3276000000.0,1.0,1157533379.0,1145000000,1156000000.0,20.256,36414000000.0,335000000.0,700000000.0,0.0,31.803,-4563000000.0
46,UNH,MRQ,2009-12-31,2009-12-31,2009-12-31,2021-08-03,253000000.0,59045000000.0,,18200000000.0,40845000000.0,,20.474,-256000000.0,9800000000.0,9800000000.0,16538000000.0,944000000.0,0.821,1.501,11173000000.0,2164000000.0,9009000000.0,11173000000.0,1217000000.0,258000000.0,0.0,0.001,0.0,1575000000.0,1833000000.0,0.084,1833000000.0,1575000000.0,1431000000.0,0.82,0.81,0.82,23606000000.0,,23606000000.0,37073267309.0,6.0,5.044,1024000000.0,0.888,1.0,5246000000.0,0.241,23108000000.0,144000000.0,15147000000.0,,0.0,16933000000.0,3622000000.0,13311000000.0,35439000000.0,22163000000.0,13276000000.0,35418267309.0,265000000.0,-84000000.0,-198000000.0,258000000.0,0.0,-153000000.0,-862000000.0,-522000000.0,1280000000.0,0.0,944000000.0,944000000.0,944000000.0,0.0,0.0,0.043,3671000000.0,1575000000.0,15645000000.0,0.0,1.5,9.267,9.321,2140000000.0,0.0,30.48,0.406,0.409,3792000000.0,23342000000.0,21784000000.0,21784000000.0,0.0,,,,,75000000.0,3413000000.0,1.0,1162016644.0,1153000000,1164000000.0,18.893,35937000000.0,448000000.0,487000000.0,1942000000.0,31.168,-3963000000.0
47,UNH,MRQ,2009-09-30,2009-09-30,2009-09-30,2021-08-03,329000000.0,57449000000.0,,17304000000.0,40145000000.0,,19.859,-172000000.0,9535000000.0,9535000000.0,16613000000.0,1035000000.0,0.876,1.509,11190000000.0,500000000.0,10690000000.0,11190000000.0,1051000000.0,250000000.0,0.0,0.001,0.0,1676000000.0,1926000000.0,0.089,1926000000.0,1676000000.0,1539000000.0,0.9,0.89,0.9,22898000000.0,,22898000000.0,33579020914.0,6.0,4.76,2569000000.0,2.228,1.0,5082000000.0,0.234,22692000000.0,137000000.0,16667000000.0,,0.0,16536000000.0,3305000000.0,13231000000.0,34551000000.0,19745000000.0,14806000000.0,29107020914.0,2288000000.0,-2000000.0,0.0,-557000000.0,0.0,-829000000.0,376000000.0,550000000.0,2741000000.0,0.0,1035000000.0,1035000000.0,1035000000.0,0.0,0.0,0.048,3406000000.0,1676000000.0,15349000000.0,0.0,1.271,8.076,8.21,2054000000.0,0.0,25.04,0.339,0.336,3574000000.0,22476000000.0,21695000000.0,21695000000.0,0.0,,,,,79000000.0,3156000000.0,1.0,1162420963.0,1153000000,1164000000.0,18.816,34757000000.0,415000000.0,504000000.0,1809000000.0,30.145,-2441000000.0
48,UNH,MRQ,2009-06-30,2009-06-30,2009-06-30,2021-08-03,94000000.0,55890000000.0,,15684000000.0,40206000000.0,,18.415,-151000000.0,7247000000.0,7247000000.0,16929000000.0,859000000.0,0.798,1.594,11719000000.0,1012000000.0,10707000000.0,11719000000.0,976000000.0,249000000.0,0.0,0.001,0.0,1440000000.0,1689000000.0,0.078,1689000000.0,1440000000.0,1301000000.0,0.73,0.73,0.73,21545000000.0,,21545000000.0,33563977985.0,6.0,4.808,341000000.0,0.291,1.0,4726000000.0,0.218,22755000000.0,139000000.0,17955000000.0,,0.0,16295000000.0,3132000000.0,13163000000.0,34345000000.0,19652000000.0,14693000000.0,29713977985.0,-640000000.0,-400000000.0,-805000000.0,-1000000.0,-36000000.0,-798000000.0,-334000000.0,217000000.0,492000000.0,0.0,859000000.0,859000000.0,859000000.0,0.0,0.0,0.04,3286000000.0,1440000000.0,14810000000.0,0.0,1.379,8.516,8.584,2080000000.0,0.0,24.98,0.353,0.347,4226000000.0,21440000000.0,21655000000.0,21655000000.0,0.0,,,,,85000000.0,3037000000.0,1.0,1189510728.0,1170000000,1180000000.0,18.509,33135000000.0,321000000.0,442000000.0,1690000000.0,28.321,-3968000000.0
49,UNH,MRQ,2009-03-31,2009-03-31,2009-03-31,2021-08-03,6000000.0,56085000000.0,,16123000000.0,39962000000.0,,17.842,-160000000.0,7887000000.0,7887000000.0,16974000000.0,984000000.0,0.825,1.624,11737000000.0,514000000.0,11223000000.0,11737000000.0,1078000000.0,234000000.0,0.0,0.001,0.03,1668000000.0,1902000000.0,0.086,1902000000.0,1668000000.0,1537000000.0,0.82,0.81,0.82,21375000000.0,,21375000000.0,30810836706.0,6.0,4.963,952000000.0,0.795,1.0,5030000000.0,0.229,22378000000.0,131000000.0,18008000000.0,,0.0,16395000000.0,3145000000.0,13250000000.0,34710000000.0,19549000000.0,15161000000.0,25442836706.0,461000000.0,0.0,-516000000.0,-1127000000.0,0.0,-495000000.0,-156000000.0,4000000.0,1112000000.0,0.0,984000000.0,984000000.0,984000000.0,0.0,0.0,0.045,3362000000.0,1668000000.0,14969000000.0,0.037,1.19,8.575,8.508,2106000000.0,0.0,20.93,0.307,0.303,4188000000.0,21357000000.0,22004000000.0,22004000000.0,0.0,,,,,95000000.0,3128000000.0,1.0,1215615705.0,1198000000,1210000000.0,18.367,33707000000.0,403000000.0,553000000.0,1647000000.0,28.136,-3426000000.0
50,UNH,MRQ,2008-12-31,2008-12-31,2008-12-31,2021-08-03,-52000000.0,55815000000.0,,14990000000.0,40825000000.0,,17.375,-8000000.0,7426000000.0,7426000000.0,15430000000.0,726000000.0,0.759,1.686,12794000000.0,1456000000.0,11338000000.0,12794000000.0,1133000000.0,259000000.0,0.0,0.001,0.0,1279000000.0,1538000000.0,0.075,1538000000.0,1279000000.0,1124000000.0,0.6,0.6,0.6,20780000000.0,,20780000000.0,38860735998.0,7.0,6.224,1593000000.0,1.332,1.0,5024000000.0,0.246,22417000000.0,155000000.0,19005000000.0,,0.0,16348000000.0,2982000000.0,13366000000.0,35035000000.0,19761000000.0,15274000000.0,32127735998.0,1345000000.0,-53000000.0,-56000000.0,738000000.0,0.0,-534000000.0,278000000.0,339000000.0,1601000000.0,0.0,726000000.0,726000000.0,726000000.0,0.0,0.0,0.035,3745000000.0,1279000000.0,14349000000.0,0.0,1.546,10.792,10.857,2181000000.0,0.0,26.6,0.396,0.398,3644000000.0,20782000000.0,20454000000.0,20454000000.0,0.0,,,,,74000000.0,3486000000.0,1.0,1207809624.0,1196000000,1214000000.0,17.102,33398000000.0,424000000.0,398000000.0,0.0,27.925,-4771000000.0
51,UNH,MRQ,2008-09-30,2008-09-30,2008-09-30,2021-08-03,-182000000.0,53707000000.0,,12959000000.0,40748000000.0,,16.516,-183000000.0,6081000000.0,6081000000.0,15330000000.0,920000000.0,0.66,1.701,12814000000.0,1938000000.0,10876000000.0,12814000000.0,1441000000.0,254000000.0,0.0,0.001,0.0,1598000000.0,1852000000.0,0.092,1852000000.0,1598000000.0,1432000000.0,0.76,0.75,0.76,19885000000.0,,19885000000.0,38794087417.0,6.0,5.581,1574000000.0,1.307,1.0,4826000000.0,0.239,22467000000.0,166000000.0,18340000000.0,,0.0,16426000000.0,2837000000.0,13589000000.0,33822000000.0,19633000000.0,14189000000.0,30916087417.0,808000000.0,-48000000.0,-371000000.0,-441000000.0,0.0,-669000000.0,-280000000.0,-49000000.0,1757000000.0,0.0,920000000.0,920000000.0,920000000.0,0.0,0.0,0.046,3228000000.0,1598000000.0,13096000000.0,0.0,1.555,8.917,9.068,2246000000.0,0.0,25.39,0.389,0.385,1873000000.0,20055000000.0,20156000000.0,20156000000.0,0.0,,,,,84000000.0,2974000000.0,1.0,1217648185.0,1204000000,1227000000.0,16.741,31240000000.0,354000000.0,512000000.0,1449000000.0,25.947,-6674000000.0
52,UNH,MRQ,2008-06-30,2008-06-30,2008-06-30,2021-08-03,-35000000.0,54168000000.0,,13255000000.0,40913000000.0,,15.957,-203000000.0,5273000000.0,5273000000.0,15610000000.0,337000000.0,0.663,1.792,13151000000.0,1929000000.0,11222000000.0,13151000000.0,1410000000.0,243000000.0,0.0,0.001,0.0,673000000.0,916000000.0,0.045,916000000.0,673000000.0,509000000.0,0.28,0.27,0.28,19404000000.0,,19404000000.0,39200478084.0,6.0,5.258,397000000.0,0.326,1.0,4662000000.0,0.23,22545000000.0,164000000.0,19514000000.0,,0.0,16611000000.0,2911000000.0,13700000000.0,34764000000.0,19987000000.0,14777000000.0,32253478084.0,-1002000000.0,-447000000.0,-561000000.0,204000000.0,-37000000.0,-302000000.0,-1300000000.0,-650000000.0,600000000.0,0.0,337000000.0,337000000.0,337000000.0,0.0,0.0,0.017,3989000000.0,673000000.0,13278000000.0,0.0,1.662,8.421,8.692,2257000000.0,0.0,26.25,0.414,0.409,2350000000.0,19427000000.0,20272000000.0,20272000000.0,0.0,,,,,75000000.0,3746000000.0,1.0,1228703927.0,1216000000,1245000000.0,16.671,31623000000.0,380000000.0,172000000.0,1695000000.0,26.006,-6732000000.0
53,UNH,MRQ,2008-03-31,2008-03-31,2008-03-31,2021-08-03,126000000.0,53543000000.0,,13767000000.0,39776000000.0,,15.935,-212000000.0,6275000000.0,6275000000.0,15469000000.0,994000000.0,0.733,1.71,13222000000.0,1727000000.0,11495000000.0,13222000000.0,1483000000.0,225000000.0,0.0,0.001,0.03,1713000000.0,1938000000.0,0.095,1938000000.0,1713000000.0,1559000000.0,0.8,0.78,0.8,19759000000.0,,19759000000.0,45141509538.0,6.0,5.124,68000000.0,0.055,1.0,4835000000.0,0.238,21763000000.0,154000000.0,19944000000.0,,0.0,16196000000.0,2851000000.0,13345000000.0,33784000000.0,18783000000.0,15001000000.0,42997509538.0,-2590000000.0,-3265000000.0,-1397000000.0,1858000000.0,0.0,900000000.0,-3770000000.0,-293000000.0,280000000.0,0.0,994000000.0,994000000.0,994000000.0,0.0,0.0,0.049,3122000000.0,1713000000.0,12268000000.0,0.037,2.176,9.108,9.362,2203000000.0,0.0,34.36,0.561,0.556,1934000000.0,19621000000.0,20304000000.0,20304000000.0,0.0,,,,,72000000.0,2897000000.0,1.0,1251382699.0,1240000000,1278000000.0,16.374,31780000000.0,346000000.0,565000000.0,1652000000.0,25.629,-5016000000.0
54,UNH,MRQ,2007-12-31,2007-12-31,2007-12-31,2021-08-03,98000000.0,50899000000.0,,15544000000.0,35355000000.0,,15.76,-185000000.0,8865000000.0,8865000000.0,13762000000.0,1216000000.0,0.841,1.537,11009000000.0,1946000000.0,9063000000.0,11009000000.0,1354000000.0,207000000.0,0.0,0.001,0.0,2038000000.0,2245000000.0,0.12,2245000000.0,2038000000.0,1885000000.0,0.96,0.92,0.96,20063000000.0,,20063000000.0,72980812802.0,9.0,8.442,885000000.0,0.695,1.0,4943000000.0,0.264,18591000000.0,153000000.0,15960000000.0,,0.0,15631000000.0,2964000000.0,12667000000.0,30836000000.0,18492000000.0,12344000000.0,75203812802.0,-1485000000.0,-57000000.0,-1992000000.0,2895000000.0,0.0,-715000000.0,-1840000000.0,-1598000000.0,1070000000.0,0.0,1216000000.0,1216000000.0,1216000000.0,0.0,0.0,0.065,2905000000.0,2038000000.0,11985000000.0,0.0,3.748,16.159,16.394,2121000000.0,0.0,58.2,0.997,1.012,2900000000.0,18929000000.0,18705000000.0,18705000000.0,0.0,,,,,60000000.0,2698000000.0,1.0,1292161732.0,1273000000,1319000000.0,14.694,32308000000.0,386000000.0,669000000.0,1432000000.0,25.379,-2948000000.0
55,UNH,MRQ,2007-09-30,2007-09-30,2007-09-30,2021-08-03,22000000.0,50441000000.0,,16839000000.0,33602000000.0,,15.847,-223000000.0,10350000000.0,10350000000.0,13706000000.0,1283000000.0,0.858,1.441,8127000000.0,1162000000.0,6965000000.0,8127000000.0,1209000000.0,202000000.0,0.0,0.001,0.0,2155000000.0,2357000000.0,0.126,2357000000.0,2155000000.0,2013000000.0,0.98,0.95,0.98,20665000000.0,,20665000000.0,59560876797.0,8.0,6.96,293000000.0,0.225,1.0,4973000000.0,0.266,18686000000.0,142000000.0,9903000000.0,,0.0,13817000000.0,2871000000.0,10946000000.0,29776000000.0,19629000000.0,10147000000.0,64163876797.0,-2682000000.0,-62000000.0,-1879000000.0,-291000000.0,0.0,-2766000000.0,-432000000.0,-147000000.0,516000000.0,0.0,1283000000.0,1283000000.0,1283000000.0,0.0,0.0,0.069,2818000000.0,2155000000.0,12457000000.0,0.0,3.105,13.909,13.957,1999000000.0,0.0,48.43,0.857,0.844,1318000000.0,17714000000.0,18679000000.0,18679000000.0,0.0,,,,,95000000.0,2616000000.0,1.0,1324878728.0,1304000000,1348000000.0,14.324,31755000000.0,521000000.0,730000000.0,1343000000.0,24.352,-2790000000.0
56,UNH,MRQ,2007-06-30,2007-06-30,2007-06-30,2021-08-03,-62000000.0,53154000000.0,,19953000000.0,33201000000.0,,15.886,-239000000.0,13032000000.0,13032000000.0,14125000000.0,1228000000.0,0.908,1.523,8429000000.0,1465000000.0,6964000000.0,8429000000.0,2834000000.0,196000000.0,0.0,0.001,0.0,2074000000.0,2270000000.0,0.119,2270000000.0,2074000000.0,1941000000.0,0.93,0.89,0.93,21065000000.0,,21065000000.0,63525103303.0,8.0,7.717,1464000000.0,1.104,1.0,4875000000.0,0.257,18726000000.0,133000000.0,7862000000.0,,0.0,13429000000.0,2872000000.0,10557000000.0,32089000000.0,21963000000.0,10126000000.0,68530103303.0,973000000.0,-143000000.0,-1248000000.0,1373000000.0,-40000000.0,333000000.0,-1063000000.0,-681000000.0,1703000000.0,0.0,1228000000.0,1228000000.0,1228000000.0,0.0,0.0,0.065,2801000000.0,2074000000.0,12742000000.0,0.0,3.253,15.428,15.404,1953000000.0,0.0,51.14,0.924,0.915,1536000000.0,16430000000.0,19000000000.0,19000000000.0,0.0,,,,,90000000.0,2605000000.0,1.0,1340048950.0,1326000000,1377000000.0,14.329,34428000000.0,595000000.0,713000000.0,1332000000.0,25.964,-2010000000.0
57,UNH,MRQ,2007-03-31,2007-03-31,2007-03-31,2021-08-03,24000000.0,51009000000.0,,18407000000.0,32602000000.0,,15.687,-224000000.0,12059000000.0,12059000000.0,14610000000.0,927000000.0,0.865,1.421,7054000000.0,1581000000.0,5473000000.0,7054000000.0,2847000000.0,191000000.0,0.0,0.001,0.03,1582000000.0,1773000000.0,0.093,1773000000.0,1582000000.0,1466000000.0,0.69,0.66,0.69,21068000000.0,,21068000000.0,68874341471.0,10.0,8.833,2364000000.0,1.76,1.0,4437000000.0,0.233,18734000000.0,116000000.0,5988000000.0,,0.0,12744000000.0,2721000000.0,10023000000.0,29941000000.0,21282000000.0,8659000000.0,71738341471.0,1739000000.0,0.0,-768000000.0,-398000000.0,0.0,-37000000.0,-812000000.0,-588000000.0,2588000000.0,0.0,927000000.0,927000000.0,927000000.0,0.0,0.0,0.049,2855000000.0,1582000000.0,12135000000.0,0.043,3.405,17.101,16.978,1884000000.0,0.0,52.97,0.983,0.974,1311000000.0,15243000000.0,19047000000.0,19047000000.0,0.0,,,,,260000000.0,2664000000.0,1.0,1354320209.0,1343000000,1399000000.0,14.182,32275000000.0,583000000.0,539000000.0,1356000000.0,24.032,-2875000000.0
58,UNH,MRQ,2006-12-31,2006-12-31,2006-12-31,2021-08-03,15000000.0,48320000000.0,,16044000000.0,32276000000.0,,15.484,-210000000.0,10320000000.0,10320000000.0,13414000000.0,1175000000.0,0.867,1.322,7456000000.0,1483000000.0,5973000000.0,7456000000.0,1268000000.0,177000000.0,0.0,0.001,0.0,1981000000.0,2158000000.0,0.119,2158000000.0,1981000000.0,1852000000.0,0.87,0.84,0.87,20810000000.0,,20810000000.0,72058103999.0,10.0,9.414,1390000000.0,1.034,1.0,4714000000.0,0.26,18726000000.0,129000000.0,8233000000.0,,0.0,12232000000.0,2590000000.0,9642000000.0,27510000000.0,18497000000.0,9013000000.0,72374103999.0,1068000000.0,-670000000.0,46000000.0,32000000.0,0.0,86000000.0,-618000000.0,262000000.0,1600000000.0,0.0,1175000000.0,1175000000.0,1175000000.0,0.0,0.0,0.065,2733000000.0,1981000000.0,11789000000.0,0.0,3.478,17.402,17.388,1894000000.0,0.0,53.73,1.012,1.009,1323000000.0,14376000000.0,18128000000.0,18128000000.0,0.0,,,,,127000000.0,2556000000.0,1.0,1346996166.0,1344000000,1396000000.0,13.488,29594000000.0,561000000.0,677000000.0,1190000000.0,22.019,-2453000000.0
59,UNH,MRQ,2006-09-30,2006-09-30,2006-09-30,2021-08-03,17000000.0,46424000000.0,,14996000000.0,31428000000.0,,14.541,-137000000.0,9252000000.0,9252000000.0,13520000000.0,1112000000.0,0.831,1.381,7325000000.0,1447000000.0,5878000000.0,7325000000.0,1139000000.0,168000000.0,0.0,0.001,0.0,1863000000.0,2031000000.0,0.113,2031000000.0,1863000000.0,1734000000.0,0.83,0.8,0.83,19500000000.0,,19500000000.0,65956211367.0,10.0,9.541,177000000.0,0.132,1.0,4450000000.0,0.248,18633000000.0,129000000.0,7812000000.0,,0.0,11730000000.0,2578000000.0,9152000000.0,26924000000.0,18052000000.0,8872000000.0,66272211367.0,-220000000.0,0.0,105000000.0,-28000000.0,0.0,-174000000.0,-360000000.0,-223000000.0,314000000.0,0.0,1112000000.0,1112000000.0,1112000000.0,0.0,0.0,0.062,2587000000.0,1863000000.0,11897000000.0,0.0,3.399,17.616,17.385,1721000000.0,0.0,49.2,1.009,1.004,1218000000.0,13201000000.0,17970000000.0,17970000000.0,0.0,,,,,93000000.0,2419000000.0,1.0,1346996166.0,1341000000,1397000000.0,13.4,27791000000.0,568000000.0,622000000.0,1173000000.0,20.724,-3056000000.0
60,UNH,MRQ,2006-06-30,2006-06-30,2006-06-30,2021-08-03,-93000000.0,46637000000.0,,15478000000.0,31159000000.0,,13.471,-158000000.0,9472000000.0,9472000000.0,13553000000.0,981000000.0,0.803,1.585,7365000000.0,939000000.0,6426000000.0,7365000000.0,2653000000.0,168000000.0,0.0,0.001,0.0,1667000000.0,1835000000.0,0.103,1835000000.0,1667000000.0,1551000000.0,0.73,0.7,0.73,18038000000.0,,18038000000.0,60002488313.0,10.0,9.493,1564000000.0,1.168,1.0,4310000000.0,0.241,18624000000.0,116000000.0,6638000000.0,,0.0,11340000000.0,2403000000.0,8937000000.0,28599000000.0,19268000000.0,9331000000.0,60318488313.0,1628000000.0,0.0,-490000000.0,-143000000.0,-41000000.0,-47000000.0,-47000000.0,111000000.0,1722000000.0,0.0,981000000.0,981000000.0,981000000.0,0.0,0.0,0.055,2643000000.0,1667000000.0,11974000000.0,0.0,3.344,17.484,16.962,1666000000.0,0.0,44.78,1.016,1.01,1350000000.0,12089000000.0,17863000000.0,17863000000.0,0.0,,,,,94000000.0,2475000000.0,1.0,1346996166.0,1339000000,1395000000.0,13.341,28013000000.0,627000000.0,570000000.0,1106000000.0,20.921,-3790000000.0
61,UNH,MRQ,2006-03-31,2006-03-31,2006-03-31,2021-08-03,-48000000.0,45048000000.0,,13624000000.0,31424000000.0,,12.95,-171000000.0,7844000000.0,7844000000.0,13420000000.0,891000000.0,0.752,1.571,7499000000.0,1073000000.0,6426000000.0,7499000000.0,2524000000.0,157000000.0,0.0,0.001,0.03,1473000000.0,1630000000.0,0.093,1630000000.0,1473000000.0,1391000000.0,0.66,0.63,0.66,17522000000.0,,17522000000.0,77452475198.0,14.0,13.226,2719000000.0,2.01,1.0,4161000000.0,0.237,18633000000.0,82000000.0,7941000000.0,,0.0,11538000000.0,2318000000.0,9220000000.0,27526000000.0,18129000000.0,9397000000.0,75762475198.0,2423000000.0,0.0,-1609000000.0,716000000.0,0.0,609000000.0,-1076000000.0,-905000000.0,2890000000.0,0.0,891000000.0,891000000.0,891000000.0,0.0,0.0,0.051,2688000000.0,1473000000.0,11384000000.0,0.045,4.324,23.398,22.167,1681000000.0,0.0,55.86,1.433,1.43,1316000000.0,11149000000.0,17581000000.0,17581000000.0,0.0,,,,,90000000.0,2531000000.0,1.0,1356292073.0,1353000000,1419000000.0,12.994,26415000000.0,684000000.0,500000000.0,1186000000.0,19.523,-4505000000.0
62,UNH,MRQ,2005-12-31,2005-12-31,2005-12-31,2021-08-03,33000000.0,41288000000.0,,10547000000.0,30741000000.0,,14.017,-142000000.0,5421000000.0,5421000000.0,8928000000.0,778000000.0,0.633,1.318,7095000000.0,3261000000.0,3834000000.0,7095000000.0,1000000000.0,120000000.0,0.0,0.0,0.0,1297000000.0,1417000000.0,0.115,1417000000.0,1297000000.0,1222000000.0,0.61,0.58,0.61,17815000000.0,,17815000000.0,78043891067.0,15.0,14.105,419000000.0,0.33,1.0,3358000000.0,0.273,18258000000.0,75000000.0,8051000000.0,,0.0,11386000000.0,2415000000.0,8971000000.0,23473000000.0,16653000000.0,6820000000.0,78739891067.0,244000000.0,-363000000.0,-86000000.0,2198000000.0,0.0,2170000000.0,-2487000000.0,-1982000000.0,561000000.0,0.0,778000000.0,778000000.0,778000000.0,0.0,0.0,0.063,2061000000.0,1297000000.0,10547000000.0,0.0,4.42,25.54,25.467,1647000000.0,0.0,62.14,1.696,1.693,1207000000.0,10258000000.0,12286000000.0,12286000000.0,0.0,,,,,81000000.0,1941000000.0,1.0,1267136966.0,1271000000,1342000000.0,9.666,23030000000.0,650000000.0,444000000.0,1225000000.0,18.12,-6106000000.0
63,UNH,MRQ,2005-09-30,2005-09-30,2005-09-30,2021-08-03,42000000.0,29696000000.0,,9252000000.0,20444000000.0,,8.947,-145000000.0,5177000000.0,5177000000.0,8396000000.0,800000000.0,0.769,1.645,4481000000.0,631000000.0,3850000000.0,4481000000.0,1230000000.0,116000000.0,0.0,0.0,0.0,1323000000.0,1439000000.0,0.124,1439000000.0,1323000000.0,1261000000.0,0.64,0.61,0.64,11229000000.0,,11229000000.0,71196275403.0,15.0,13.779,994000000.0,0.792,1.0,3217000000.0,0.277,10864000000.0,62000000.0,6107000000.0,,0.0,10350000000.0,2115000000.0,8235000000.0,18467000000.0,12029000000.0,6438000000.0,70988275403.0,1135000000.0,0.0,-134000000.0,231000000.0,0.0,190000000.0,-194000000.0,-49000000.0,1139000000.0,0.0,800000000.0,800000000.0,800000000.0,0.0,0.0,0.069,1894000000.0,1323000000.0,8335000000.0,0.0,6.322,24.752,24.867,1345000000.0,0.0,56.2,1.555,1.545,941000000.0,9895000000.0,11613000000.0,11613000000.0,0.0,,,,,81000000.0,1778000000.0,1.0,1263136573.0,1255000000,1322000000.0,9.253,18832000000.0,1019000000.0,461000000.0,838000000.0,15.006,-2777000000.0
64,UNH,MRQ,2005-06-30,2005-06-30,2005-06-30,2021-08-03,123000000.0,28521000000.0,,8060000000.0,20461000000.0,,8.37,-109000000.0,4042000000.0,4042000000.0,8304000000.0,769000000.0,0.697,1.709,4250000000.0,400000000.0,3850000000.0,4250000000.0,895000000.0,108000000.0,0.0,0.0,0.0,1262000000.0,1370000000.0,0.12,1370000000.0,1262000000.0,1207000000.0,0.61,0.58,0.61,10529000000.0,,10529000000.0,66194535578.0,15.0,13.457,1136000000.0,0.903,1.0,3075000000.0,0.27,10741000000.0,55000000.0,6426000000.0,,0.0,10570000000.0,2140000000.0,8430000000.0,17992000000.0,11562000000.0,6430000000.0,66017535578.0,-31000000.0,0.0,-946000000.0,0.0,-19000000.0,-867000000.0,-409000000.0,-300000000.0,1245000000.0,0.0,769000000.0,769000000.0,769000000.0,0.0,0.0,0.068,1813000000.0,1262000000.0,8405000000.0,0.0,6.27,23.868,24.028,1290000000.0,0.0,52.14,1.504,1.494,914000000.0,9053000000.0,11379000000.0,11379000000.0,0.0,,,,,75000000.0,1705000000.0,1.0,1266159102.0,1258000000,1324000000.0,9.045,17780000000.0,964000000.0,438000000.0,861000000.0,14.134,-3502000000.0
65,UNH,MRQ,2005-03-31,2005-03-31,2005-03-31,2021-08-03,42000000.0,28218000000.0,,8057000000.0,20161000000.0,,8.259,-113000000.0,4073000000.0,4073000000.0,8130000000.0,736000000.0,0.714,1.673,4250000000.0,400000000.0,3850000000.0,4250000000.0,879000000.0,109000000.0,0.0,0.0,0.015,1198000000.0,1307000000.0,0.117,1307000000.0,1198000000.0,1149000000.0,0.58,0.55,0.58,10555000000.0,,10555000000.0,61216278656.0,15.0,13.363,1025000000.0,0.802,1.0,3017000000.0,0.271,10678000000.0,49000000.0,6432000000.0,,0.0,10352000000.0,2139000000.0,8213000000.0,17663000000.0,11285000000.0,6378000000.0,61184278656.0,82000000.0,0.0,-968000000.0,227000000.0,0.0,-657000000.0,-399000000.0,-286000000.0,1138000000.0,0.0,736000000.0,736000000.0,736000000.0,0.0,0.0,0.066,1819000000.0,1198000000.0,8152000000.0,0.026,5.797,23.596,23.263,1270000000.0,0.0,47.69,1.484,1.479,908000000.0,8263000000.0,11147000000.0,11147000000.0,0.0,,,,,69000000.0,1710000000.0,1.0,1282958244.0,1278000000,1344000000.0,8.722,17540000000.0,937000000.0,413000000.0,837000000.0,13.725,-3228000000.0
66,UNH,MRQ,2004-12-31,2004-12-31,2004-12-31,2021-08-03,132000000.0,27879000000.0,,8241000000.0,19638000000.0,,8.225,-110000000.0,3991000000.0,3991000000.0,8537000000.0,563000000.0,0.727,1.601,4023000000.0,673000000.0,3350000000.0,4023000000.0,1076000000.0,106000000.0,0.0,0.0,0.0,945000000.0,1051000000.0,0.091,1051000000.0,945000000.0,903000000.0,0.43,0.4,0.43,10717000000.0,,10717000000.0,57803921697.0,15.0,13.659,928000000.0,0.712,1.0,2973000000.0,0.258,10675000000.0,42000000.0,5907000000.0,,0.0,10192000000.0,2444000000.0,7748000000.0,17162000000.0,11329000000.0,5833000000.0,57538921697.0,356000000.0,0.0,-1205000000.0,123000000.0,-18000000.0,-846000000.0,164000000.0,274000000.0,1038000000.0,0.0,563000000.0,563000000.0,563000000.0,0.0,0.0,0.049,2028000000.0,945000000.0,7647000000.0,0.0,5.369,23.865,22.806,1139000000.0,0.0,44.015,1.506,1.442,906000000.0,7484000000.0,11510000000.0,11510000000.0,0.0,,,,,244000000.0,1922000000.0,1.0,1307257110.0,1303000000,1379000000.0,8.833,17204000000.0,353000000.0,340000000.0,814000000.0,13.203,-3088000000.0
67,UNH,MRQ,2004-09-30,2004-09-30,2004-09-30,2021-08-03,136000000.0,27897000000.0,,8196000000.0,19701000000.0,,8.639,-81000000.0,3635000000.0,3635000000.0,7180000000.0,698000000.0,0.776,1.521,3900000000.0,150000000.0,3750000000.0,3900000000.0,762000000.0,99000000.0,0.0,0.0,0.0,1092000000.0,1191000000.0,0.121,1191000000.0,1092000000.0,1058000000.0,0.55,0.52,0.55,11067000000.0,,11067000000.0,48314825948.0,13.0,11.877,877000000.0,0.685,1.0,2679000000.0,0.272,10414000000.0,34000000.0,7181000000.0,,0.0,10824000000.0,2733000000.0,8091000000.0,16830000000.0,10567000000.0,6263000000.0,49014825948.0,535000000.0,0.0,-587000000.0,1500000000.0,0.0,936000000.0,-1359000000.0,-1278000000.0,958000000.0,0.0,698000000.0,698000000.0,698000000.0,0.0,0.0,0.071,1587000000.0,1092000000.0,7690000000.0,0.0,4.429,20.813,19.054,1196000000.0,0.0,36.87,1.432,1.38,910000000.0,6745000000.0,9859000000.0,9859000000.0,0.0,,,,,0.0,1488000000.0,1.0,1329395876.0,1281000000,1341000000.0,7.696,17483000000.0,918000000.0,360000000.0,871000000.0,13.648,-2371000000.0
68,UNH,MRQ,2004-06-30,2004-06-30,2004-06-30,2021-08-03,37000000.0,20883000000.0,,7028000000.0,13855000000.0,,5.834,-76000000.0,3100000000.0,3100000000.0,6326000000.0,596000000.0,0.75,1.934,2400000000.0,150000000.0,2250000000.0,2400000000.0,611000000.0,87000000.0,0.0,0.0,0.0,945000000.0,1032000000.0,0.119,1032000000.0,945000000.0,917000000.0,0.49,0.47,0.49,7118000000.0,,7118000000.0,38021029371.0,11.0,10.234,941000000.0,0.771,1.0,2378000000.0,0.273,6009000000.0,28000000.0,4802000000.0,,0.0,9025000000.0,2341000000.0,6684000000.0,13765000000.0,9372000000.0,4393000000.0,38335029371.0,386000000.0,0.0,-569000000.0,0.0,0.0,-575000000.0,-56000000.0,20000000.0,1017000000.0,0.0,596000000.0,596000000.0,596000000.0,0.0,0.0,0.068,1433000000.0,945000000.0,6669000000.0,0.0,5.386,17.972,17.388,1162000000.0,0.0,31.125,1.213,1.201,836000000.0,6046000000.0,8704000000.0,8704000000.0,0.0,,,,,0.0,1346000000.0,1.0,1231647530.0,1220000000,1277000000.0,7.134,14874000000.0,751000000.0,321000000.0,529000000.0,12.192,-2344000000.0
69,UNH,MRQ,2004-03-31,2004-03-31,2004-03-31,2021-08-03,194000000.0,20852000000.0,,6444000000.0,14408000000.0,,6.012,-83000000.0,2714000000.0,2714000000.0,5869000000.0,554000000.0,0.705,1.885,2400000000.0,150000000.0,2250000000.0,2400000000.0,662000000.0,82000000.0,0.0,0.0,0.015,876000000.0,958000000.0,0.118,958000000.0,876000000.0,852000000.0,0.46,0.44,0.46,7227000000.0,,7227000000.0,39727608608.0,13.0,11.462,827000000.0,0.688,1.0,2275000000.0,0.279,5977000000.0,24000000.0,5422000000.0,,0.0,9454000000.0,2205000000.0,7249000000.0,13625000000.0,9139000000.0,4486000000.0,40010608608.0,452000000.0,0.0,-502000000.0,421000000.0,0.0,-65000000.0,-393000000.0,-310000000.0,910000000.0,0.0,554000000.0,554000000.0,554000000.0,0.0,0.0,0.068,1399000000.0,876000000.0,6253000000.0,0.033,5.536,20.248,19.293,1182000000.0,0.0,32.22,1.334,1.291,873000000.0,5469000000.0,8144000000.0,8144000000.0,0.0,,,,,0.0,1317000000.0,1.0,1241794184.0,1202000000,1260000000.0,6.775,14875000000.0,652000000.0,298000000.0,622000000.0,12.375,-2695000000.0
70,UNH,MRQ,2003-12-31,2003-12-31,2003-12-31,2021-08-03,149000000.0,17634000000.0,,6120000000.0,11514000000.0,,4.421,-71000000.0,2262000000.0,2262000000.0,5381000000.0,507000000.0,0.698,2.439,1979000000.0,229000000.0,1750000000.0,1979000000.0,695000000.0,77000000.0,0.0,0.0,0.0,810000000.0,887000000.0,0.118,887000000.0,810000000.0,786000000.0,0.435,0.415,0.435,5128000000.0,,5128000000.0,33813896023.0,12.0,10.456,799000000.0,0.689,1.0,2142000000.0,0.285,3689000000.0,24000000.0,4894000000.0,,0.0,9234000000.0,2505000000.0,6729000000.0,12506000000.0,8768000000.0,3738000000.0,34130896023.0,195000000.0,0.0,-191000000.0,229000000.0,-9000000.0,42000000.0,-717000000.0,-646000000.0,870000000.0,0.0,507000000.0,507000000.0,507000000.0,0.0,0.0,0.067,1332000000.0,810000000.0,5727000000.0,0.0,6.656,18.702,18.768,1032000000.0,0.0,29.09,1.184,1.189,745000000.0,4915000000.0,7523000000.0,7523000000.0,0.0,,,,,0.0,1255000000.0,1.0,1173286216.0,1160000000,1216000000.0,6.485,13945000000.0,269000000.0,279000000.0,471000000.0,12.022,-2648000000.0
71,UNH,MRQ,2003-09-30,2003-09-30,2003-09-30,2021-08-03,156000000.0,14902000000.0,,5771000000.0,9131000000.0,,4.029,-100000000.0,2067000000.0,2067000000.0,5174000000.0,476000000.0,0.699,2.14,1750000000.0,350000000.0,1400000000.0,1750000000.0,474000000.0,75000000.0,0.0,0.0,0.0,763000000.0,838000000.0,0.116,838000000.0,763000000.0,739000000.0,0.405,0.385,0.405,4746000000.0,,4746000000.0,29498979251.0,11.0,9.745,543000000.0,0.461,1.0,2064000000.0,0.285,3563000000.0,24000000.0,2763000000.0,,0.0,6911000000.0,2397000000.0,4514000000.0,10156000000.0,8259000000.0,1897000000.0,30001979251.0,-186000000.0,0.0,-434000000.0,0.0,0.0,-434000000.0,-395000000.0,-295000000.0,643000000.0,0.0,476000000.0,476000000.0,476000000.0,0.0,0.0,0.066,1301000000.0,763000000.0,5633000000.0,0.0,6.322,17.679,17.594,1054000000.0,0.0,25.16,1.072,1.059,880000000.0,4584000000.0,7238000000.0,7238000000.0,0.0,,,,,0.0,1226000000.0,1.0,1192447506.0,1178000000,1234000000.0,6.144,11339000000.0,427000000.0,263000000.0,497000000.0,9.626,-2488000000.0
72,UNH,MRQ,2003-06-30,2003-06-30,2003-06-30,2021-08-03,185000000.0,14838000000.0,,5784000000.0,9054000000.0,,3.96,-89000000.0,2253000000.0,2253000000.0,5109000000.0,439000000.0,0.693,2.175,1750000000.0,350000000.0,1400000000.0,1750000000.0,452000000.0,74000000.0,0.0,0.0,0.0,709000000.0,783000000.0,0.11,783000000.0,709000000.0,685000000.0,0.37,0.355,0.37,4673000000.0,,4673000000.0,29777971512.0,12.0,10.533,676000000.0,0.573,1.0,1978000000.0,0.279,3548000000.0,24000000.0,2436000000.0,,0.0,6708000000.0,2238000000.0,4470000000.0,10165000000.0,8351000000.0,1814000000.0,29777971512.0,451000000.0,0.0,-291000000.0,-52000000.0,0.0,-352000000.0,38000000.0,127000000.0,765000000.0,0.0,439000000.0,439000000.0,439000000.0,0.0,0.0,0.062,1269000000.0,709000000.0,5784000000.0,0.0,6.372,18.919,19.034,1036000000.0,0.0,25.125,1.103,1.098,836000000.0,4468000000.0,7087000000.0,7087000000.0,0.0,,,,,0.0,1195000000.0,1.0,1185192896.0,1180000000,1236000000.0,6.006,11290000000.0,457000000.0,246000000.0,414000000.0,9.568,-2567000000.0
73,UNH,MRQ,2003-03-31,2003-03-31,2003-03-31,2021-08-03,150000000.0,14445000000.0,,5369000000.0,9076000000.0,,3.722,-92000000.0,1802000000.0,1802000000.0,5050000000.0,403000000.0,0.657,2.25,1802000000.0,402000000.0,1400000000.0,1802000000.0,491000000.0,73000000.0,0.0,0.0,0.007,653000000.0,726000000.0,0.104,726000000.0,653000000.0,630000000.0,0.34,0.325,0.34,4444000000.0,,4444000000.0,27995651325.0,12.0,10.649,633000000.0,0.53,1.0,1925000000.0,0.276,3486000000.0,23000000.0,2787000000.0,,0.0,6829000000.0,2274000000.0,4555000000.0,10001000000.0,8172000000.0,1829000000.0,27364651325.0,672000000.0,0.0,-423000000.0,41000000.0,0.0,-382000000.0,329000000.0,421000000.0,725000000.0,0.0,403000000.0,403000000.0,403000000.0,0.0,0.0,0.058,1272000000.0,653000000.0,5530000000.0,0.021,6.158,18.743,18.862,1035000000.0,0.0,22.918,1.053,1.053,835000000.0,4291000000.0,6975000000.0,6975000000.0,0.0,,,,,0.0,1199000000.0,1.0,1194050456.0,1194000000,1246000000.0,5.842,10959000000.0,458000000.0,227000000.0,429000000.0,9.178,-2803000000.0
74,UNH,MRQ,2002-12-31,2002-12-31,2002-12-31,2021-08-03,148000000.0,14164000000.0,,5174000000.0,8990000000.0,,3.666,-124000000.0,1130000000.0,1130000000.0,4830000000.0,379000000.0,0.617,2.199,1761000000.0,811000000.0,950000000.0,1761000000.0,587000000.0,71000000.0,0.0,0.0,0.0,609000000.0,680000000.0,0.102,680000000.0,609000000.0,587000000.0,0.315,0.3,0.315,4428000000.0,,4428000000.0,26029787340.0,12.0,10.664,636000000.0,0.526,1.0,1852000000.0,0.277,3485000000.0,22000000.0,2931000000.0,,0.0,7268000000.0,2770000000.0,4498000000.0,9736000000.0,8379000000.0,1357000000.0,25421787340.0,64000000.0,0.0,-334000000.0,87000000.0,0.0,-247000000.0,-449000000.0,-325000000.0,760000000.0,0.0,379000000.0,379000000.0,379000000.0,0.0,0.0,0.057,1243000000.0,609000000.0,5200000000.0,0.0,5.741,18.803,18.722,955000000.0,0.0,20.875,1.016,1.013,664000000.0,4104000000.0,6682000000.0,6682000000.0,0.0,,,,,0.0,1172000000.0,1.0,1217810172.0,1208000000,1260000000.0,5.531,10679000000.0,389000000.0,208000000.0,407000000.0,8.84,-3205000000.0
75,UNH,MRQ,2002-09-30,2002-09-30,2002-09-30,2021-08-03,156000000.0,13707000000.0,,4928000000.0,8779000000.0,,3.634,-79000000.0,1066000000.0,1066000000.0,4509000000.0,353000000.0,0.644,2.143,1674000000.0,374000000.0,1300000000.0,1674000000.0,430000000.0,66000000.0,0.0,0.0,0.0,572000000.0,638000000.0,0.102,638000000.0,572000000.0,548000000.0,0.295,0.28,0.295,4361000000.0,,4361000000.0,26298731117.0,13.0,11.678,554000000.0,0.462,1.0,1738000000.0,0.278,3404000000.0,24000000.0,3264000000.0,,0.0,6958000000.0,2538000000.0,4420000000.0,9346000000.0,7647000000.0,1699000000.0,26464731117.0,-630000000.0,0.0,-564000000.0,144000000.0,0.0,-420000000.0,-843000000.0,-764000000.0,633000000.0,0.0,353000000.0,353000000.0,353000000.0,0.0,0.0,0.057,1166000000.0,572000000.0,5083000000.0,0.0,6.069,21.692,21.849,955000000.0,0.0,21.805,1.086,1.074,873000000.0,3724000000.0,6247000000.0,6247000000.0,0.0,,,,,0.0,1100000000.0,1.0,1213700120.0,1200000000,1260000000.0,5.206,10303000000.0,451000000.0,195000000.0,399000000.0,8.586,-2719000000.0
76,UNH,MRQ,2002-06-30,2002-06-30,2002-06-30,2021-08-03,86000000.0,12838000000.0,,5213000000.0,7625000000.0,,3.263,-88000000.0,1696000000.0,1696000000.0,4418000000.0,325000000.0,0.721,2.225,1530000000.0,230000000.0,1300000000.0,1530000000.0,354000000.0,62000000.0,0.0,0.0,0.0,523000000.0,585000000.0,0.096,585000000.0,523000000.0,503000000.0,0.265,0.255,0.265,3981000000.0,,3981000000.0,28254437440.0,16.0,13.603,572000000.0,0.469,1.0,1660000000.0,0.273,2836000000.0,20000000.0,2608000000.0,,0.0,5972000000.0,2146000000.0,3826000000.0,8857000000.0,7228000000.0,1629000000.0,28191437440.0,249000000.0,0.0,-326000000.0,20000000.0,-9000000.0,-315000000.0,-96000000.0,-8000000.0,660000000.0,0.0,325000000.0,325000000.0,325000000.0,0.0,0.0,0.053,1137000000.0,523000000.0,4992000000.0,0.0,7.081,25.675,25.716,963000000.0,0.0,22.887,1.172,1.161,898000000.0,3892000000.0,6078000000.0,6078000000.0,0.0,,,,,0.0,1075000000.0,1.0,1231739484.0,1220000000,1282000000.0,4.982,10002000000.0,473000000.0,178000000.0,329000000.0,8.198,-2015000000.0
77,UNH,MRQ,2002-03-31,2002-03-31,2002-03-31,2021-08-03,30000000.0,12284000000.0,,4805000000.0,7479000000.0,,3.13,-128000000.0,1447000000.0,1447000000.0,4435000000.0,295000000.0,0.694,2.191,1510000000.0,210000000.0,1300000000.0,1510000000.0,352000000.0,56000000.0,0.0,0.0,0.007,482000000.0,538000000.0,0.089,538000000.0,482000000.0,458000000.0,0.24,0.23,0.24,3849000000.0,,3849000000.0,23741341084.0,14.0,12.238,242000000.0,0.197,1.0,1578000000.0,0.262,2759000000.0,24000000.0,2669000000.0,,0.0,5888000000.0,2120000000.0,3768000000.0,8435000000.0,6919000000.0,1516000000.0,23826341084.0,-93000000.0,0.0,-386000000.0,-74000000.0,0.0,-460000000.0,-3000000.0,125000000.0,370000000.0,0.0,295000000.0,295000000.0,295000000.0,0.0,0.0,0.049,1096000000.0,482000000.0,4801000000.0,0.029,6.19,23.922,23.822,952000000.0,0.0,19.105,1.002,0.988,834000000.0,3816000000.0,6013000000.0,6013000000.0,0.0,,,,,0.0,1040000000.0,1.0,1247125940.0,1229600000,1286000000.0,4.89,9525000000.0,404000000.0,163000000.0,216000000.0,7.746,-2114000000.0
78,UNH,MRQ,2001-12-31,2001-12-31,2001-12-31,2021-08-03,44000000.0,12486000000.0,,4946000000.0,7540000000.0,,3.14,-85000000.0,1540000000.0,1540000000.0,4479000000.0,247000000.0,0.66,2.209,1584000000.0,684000000.0,900000000.0,1584000000.0,543000000.0,70000000.0,0.0,0.0,0.0,421000000.0,491000000.0,0.082,491000000.0,421000000.0,397000000.0,0.198,0.193,0.198,3891000000.0,,3891000000.0,21979775693.0,14.0,12.004,276000000.0,0.223,1.0,1541000000.0,0.256,2750000000.0,24000000.0,2289000000.0,,0.0,6061000000.0,2173000000.0,3888000000.0,8595000000.0,7491000000.0,1104000000.0,22064775693.0,15000000.0,0.0,-143000000.0,144000000.0,0.0,1000000.0,-347000000.0,-262000000.0,361000000.0,0.0,247000000.0,247000000.0,247000000.0,0.0,0.0,0.041,1120000000.0,421000000.0,4669000000.0,0.0,5.671,24.167,24.236,847000000.0,0.0,17.692,0.941,0.943,856000000.0,3805000000.0,6020000000.0,6020000000.0,0.0,,,,,0.0,1050000000.0,1.0,1247125940.0,1239200000,1298400000.0,4.858,9736000000.0,316000000.0,150000000.0,204000000.0,7.857,-2545000000.0
79,UNH,MRQ,2001-09-30,2001-09-30,2001-09-30,2021-08-03,98000000.0,12102000000.0,,4759000000.0,7343000000.0,,3.005,-123000000.0,1525000000.0,1525000000.0,4465000000.0,231000000.0,0.63,2.258,1440000000.0,790000000.0,650000000.0,1440000000.0,522000000.0,67000000.0,0.0,0.0,0.0,396000000.0,463000000.0,0.078,463000000.0,396000000.0,373000000.0,0.188,0.177,0.188,3715000000.0,,3715000000.0,20796134438.0,14.0,11.823,384000000.0,0.311,1.0,1476000000.0,0.248,3078000000.0,23000000.0,1380000000.0,,0.0,5923000000.0,2045000000.0,3878000000.0,8387000000.0,7559000000.0,828000000.0,20784134438.0,185000000.0,0.0,-170000000.0,88000000.0,0.0,-82000000.0,-240000000.0,-117000000.0,507000000.0,0.0,231000000.0,231000000.0,231000000.0,0.0,0.0,0.039,1080000000.0,396000000.0,4722000000.0,0.0,5.595,23.726,23.921,387000000.0,0.0,16.625,0.909,0.899,894000000.0,3614000000.0,5941000000.0,5941000000.0,0.0,,,,,0.0,1013000000.0,1.0,1250173500.0,1236400000,1295600000.0,4.805,9024000000.0,0.0,142000000.0,178000000.0,7.299,-2800000000.0
80,UNH,MRQ,2001-06-30,2001-06-30,2001-06-30,2021-08-03,72000000.0,11632000000.0,,4478000000.0,7154000000.0,,2.87,-125000000.0,1340000000.0,1340000000.0,4394000000.0,223000000.0,0.621,2.238,1352000000.0,702000000.0,650000000.0,1352000000.0,526000000.0,64000000.0,0.0,0.0,0.0,384000000.0,448000000.0,0.077,448000000.0,384000000.0,360000000.0,0.177,0.17,0.177,3592000000.0,,3592000000.0,19377101194.0,14.0,11.624,376000000.0,0.3,1.0,1419000000.0,0.244,3052000000.0,24000000.0,1381000000.0,,0.0,5674000000.0,1937000000.0,3737000000.0,8040000000.0,7211000000.0,829000000.0,19586101194.0,21000000.0,0.0,-408000000.0,242000000.0,-9000000.0,-175000000.0,-305000000.0,-180000000.0,501000000.0,0.0,223000000.0,223000000.0,223000000.0,0.0,0.0,0.038,1035000000.0,384000000.0,4583000000.0,0.0,5.453,23.683,23.75,365000000.0,0.0,15.438,0.878,0.867,876000000.0,3517000000.0,5813000000.0,5813000000.0,0.0,,,,,0.0,971000000.0,1.0,1268735300.0,1251600000,1308400000.0,4.644,8580000000.0,0.0,137000000.0,179000000.0,6.855,-2733000000.0
81,UNH,MRQ,2001-03-31,2001-03-31,2001-03-31,2021-08-03,92000000.0,11353000000.0,,4392000000.0,6961000000.0,,2.977,-92000000.0,1319000000.0,1319000000.0,4306000000.0,212000000.0,0.648,2.002,1110000000.0,460000000.0,650000000.0,1110000000.0,513000000.0,64000000.0,0.0,0.0,0.007,365000000.0,429000000.0,0.076,429000000.0,365000000.0,342000000.0,0.168,0.16,0.168,3782000000.0,,3782000000.0,18471275719.0,14.0,11.78,383000000.0,0.301,1.0,1374000000.0,0.242,3004000000.0,23000000.0,1366000000.0,,0.0,5496000000.0,1871000000.0,3625000000.0,7571000000.0,6774000000.0,797000000.0,19085275719.0,-100000000.0,0.0,-230000000.0,-99000000.0,0.0,-329000000.0,-246000000.0,-154000000.0,475000000.0,0.0,212000000.0,212000000.0,212000000.0,0.0,0.0,0.037,1009000000.0,365000000.0,4472000000.0,0.042,5.046,24.658,24.61,332000000.0,0.0,14.815,0.879,0.867,895000000.0,3687000000.0,5680000000.0,5680000000.0,0.0,,,,,0.0,945000000.0,1.0,1288240008.0,1270400000,1327600000.0,4.471,8349000000.0,0.0,130000000.0,147000000.0,6.572,-2382000000.0
82,UNH,MRQ,2000-12-31,2000-12-31,2000-12-31,2021-08-03,90000000.0,11053000000.0,,4405000000.0,6648000000.0,,2.873,-99000000.0,1419000000.0,1419000000.0,4155000000.0,210000000.0,0.67,1.997,1209000000.0,559000000.0,650000000.0,1209000000.0,479000000.0,62000000.0,0.0,0.0,0.0,357000000.0,419000000.0,0.077,419000000.0,357000000.0,336000000.0,0.162,0.157,0.162,3688000000.0,,3688000000.0,19533332913.0,16.0,13.252,455000000.0,0.354,1.0,1279000000.0,0.235,2657000000.0,21000000.0,1616000000.0,,0.0,5280000000.0,1846000000.0,3434000000.0,7365000000.0,6570000000.0,795000000.0,19571332913.0,316000000.0,0.0,-237000000.0,144000000.0,0.0,-93000000.0,-145000000.0,-46000000.0,554000000.0,0.0,210000000.0,210000000.0,210000000.0,0.0,0.0,0.039,949000000.0,330000000.0,4316000000.0,0.0,5.307,26.591,27.016,557000000.0,0.0,15.345,0.927,0.942,867000000.0,3595000000.0,5434000000.0,5434000000.0,0.0,,,,,0.0,887000000.0,1.0,1275420848.0,1283600000,1336400000.0,4.233,8396000000.0,235000000.0,126000000.0,145000000.0,6.541,-2165000000.0
83,UNH,MRQ,2000-09-30,2000-09-30,2000-09-30,2021-08-03,89000000.0,10463000000.0,,3995000000.0,6468000000.0,,2.84,-58000000.0,1103000000.0,1103000000.0,4105000000.0,182000000.0,0.636,1.861,1065000000.0,665000000.0,400000000.0,1065000000.0,275000000.0,62000000.0,0.0,0.0,0.0,309000000.0,371000000.0,0.069,371000000.0,309000000.0,291000000.0,0.142,0.135,0.142,3657000000.0,,3657000000.0,15418686764.0,14.0,11.214,163000000.0,0.127,1.0,1264000000.0,0.235,2891000000.0,18000000.0,1253000000.0,,0.0,5069000000.0,1761000000.0,3308000000.0,6806000000.0,6281000000.0,525000000.0,15866686764.0,-219000000.0,0.0,-274000000.0,191000000.0,0.0,-83000000.0,-357000000.0,-299000000.0,221000000.0,0.0,182000000.0,182000000.0,182000000.0,0.0,0.0,0.034,955000000.0,309000000.0,4233000000.0,0.0,4.339,23.231,23.738,269000000.0,0.0,12.344,0.767,0.769,906000000.0,3566000000.0,5369000000.0,5369000000.0,0.0,,,,,0.0,893000000.0,1.0,1285402472.0,1287600000,1342800000.0,4.17,7572000000.0,0.0,109000000.0,125000000.0,5.881,-2286000000.0
84,UNH,MRQ,2000-06-30,2000-06-30,2000-06-30,2021-08-03,61000000.0,10313000000.0,,4160000000.0,6153000000.0,,2.85,-39000000.0,1322000000.0,1322000000.0,3992000000.0,170000000.0,0.685,1.781,874000000.0,474000000.0,400000000.0,874000000.0,470000000.0,61000000.0,0.0,0.0,0.0,288000000.0,349000000.0,0.067,349000000.0,288000000.0,272000000.0,0.13,0.125,0.13,3709000000.0,,3709000000.0,13546567205.0,13.0,10.388,341000000.0,0.262,1.0,1228000000.0,0.235,2893000000.0,16000000.0,896000000.0,,0.0,4671000000.0,1678000000.0,2993000000.0,6604000000.0,6076000000.0,528000000.0,13926567205.0,46000000.0,0.0,-127000000.0,-22000000.0,-5000000.0,-154000000.0,-180000000.0,-141000000.0,380000000.0,0.0,170000000.0,170000000.0,170000000.0,0.0,0.0,0.033,940000000.0,288000000.0,4093000000.0,0.0,3.755,21.592,22.284,267000000.0,0.0,10.719,0.689,0.69,914000000.0,3646000000.0,5220000000.0,5220000000.0,0.0,,,,,0.0,879000000.0,1.0,1299271576.0,1301200000,1348800000.0,4.012,7420000000.0,0.0,102000000.0,128000000.0,5.702,-1916000000.0
85,UNH,MRQ,2000-03-31,2000-03-31,2000-03-31,2021-08-03,96000000.0,10152000000.0,,4162000000.0,5990000000.0,,2.781,-49000000.0,1276000000.0,1276000000.0,3903000000.0,174000000.0,0.697,1.774,896000000.0,496000000.0,400000000.0,896000000.0,472000000.0,62000000.0,0.0,0.001,0.004,273000000.0,335000000.0,0.066,335000000.0,273000000.0,256000000.0,0.133,0.13,0.133,3660000000.0,,3660000000.0,9121292624.0,9.0,7.386,317000000.0,0.241,1.0,1196000000.0,0.235,2888000000.0,17000000.0,916000000.0,,0.0,4540000000.0,1719000000.0,2821000000.0,6492000000.0,5968000000.0,524000000.0,9735292624.0,-329000000.0,0.0,-314000000.0,-95000000.0,0.0,-409000000.0,-286000000.0,-237000000.0,366000000.0,0.0,174000000.0,174000000.0,174000000.0,0.0,0.0,0.034,923000000.0,273000000.0,3996000000.0,0.03,2.66,15.959,16.598,281000000.0,0.0,7.452,0.49,0.494,919000000.0,3562000000.0,5099000000.0,5099000000.0,0.0,,,,,0.0,861000000.0,1.0,1306312328.0,1316000000,1348800000.0,3.875,7264000000.0,0.0,82000000.0,124000000.0,5.52,-1806000000.0
86,UNH,MRQ,1999-12-31,1999-12-31,1999-12-31,2021-08-03,165000000.0,10273000000.0,,4568000000.0,5705000000.0,,2.883,-45000000.0,1605000000.0,1605000000.0,3808000000.0,157000000.0,0.775,1.659,991000000.0,591000000.0,400000000.0,991000000.0,473000000.0,62000000.0,0.0,0.001,0.0,258000000.0,320000000.0,0.064,320000000.0,258000000.0,241000000.0,0.115,0.114,0.115,3863000000.0,,3863000000.0,8694259228.0,9.0,7.393,449000000.0,0.335,1.0,1184000000.0,0.237,2859000000.0,17000000.0,908000000.0,,0.0,4442000000.0,1874000000.0,2568000000.0,6410000000.0,5892000000.0,518000000.0,9017259228.0,632000000.0,276000000.0,-235000000.0,342000000.0,-1000000.0,106000000.0,32000000.0,-199000000.0,494000000.0,0.0,157000000.0,157000000.0,157000000.0,0.0,0.0,0.031,926000000.0,258000000.0,3918000000.0,0.0,2.334,15.875,16.314,278000000.0,0.0,6.64,0.461,0.473,912000000.0,3445000000.0,4992000000.0,4992000000.0,0.0,,,,,0.0,864000000.0,1.0,1358020968.0,1340000000,1376800000.0,3.725,7414000000.0,0.0,84000000.0,118000000.0,5.533,-1324000000.0
87,UNH,MRQ,1999-09-30,1999-09-30,1999-09-30,2021-08-03,195000000.0,9785000000.0,,3623000000.0,6162000000.0,,2.855,-54000000.0,973000000.0,973000000.0,3769000000.0,144000000.0,0.662,1.465,650000000.0,400000000.0,250000000.0,650000000.0,206000000.0,61000000.0,0.0,0.001,0.0,239000000.0,300000000.0,0.061,300000000.0,239000000.0,229000000.0,0.104,0.101,0.104,3970000000.0,,3970000000.0,7859569645.0,9.0,7.005,253000000.0,0.182,1.0,1134000000.0,0.231,2817000000.0,10000000.0,1176000000.0,,0.0,4525000000.0,1475000000.0,3050000000.0,5815000000.0,5469000000.0,346000000.0,8440569645.0,-257000000.0,-177000000.0,-111000000.0,0.0,0.0,-111000000.0,-453000000.0,-222000000.0,307000000.0,0.0,144000000.0,144000000.0,144000000.0,0.0,0.0,0.029,895000000.0,239000000.0,3915000000.0,0.0,2.126,16.326,16.859,295000000.0,0.0,6.086,0.439,0.44,967000000.0,3290000000.0,4903000000.0,4903000000.0,0.0,,,,,0.0,834000000.0,1.0,1386825984.0,1390400000,1421600000.0,3.526,6968000000.0,0.0,85000000.0,96000000.0,5.012,-1846000000.0
88,UNH,MRQ,1999-06-30,1999-06-30,1999-06-30,2021-08-03,419000000.0,9754000000.0,,3648000000.0,6106000000.0,,2.989,-50000000.0,1230000000.0,1230000000.0,3746000000.0,135000000.0,0.694,1.346,649000000.0,400000000.0,249000000.0,649000000.0,226000000.0,55000000.0,0.0,0.001,0.0,225000000.0,280000000.0,0.058,280000000.0,225000000.0,214000000.0,0.098,0.095,0.098,4158000000.0,,4158000000.0,10122174959.0,12.0,9.381,216000000.0,0.155,1.0,1112000000.0,0.229,2621000000.0,11000000.0,1292000000.0,,0.0,4577000000.0,1372000000.0,3205000000.0,5596000000.0,5260000000.0,336000000.0,10842174959.0,-139000000.0,-99000000.0,-187000000.0,-1000000.0,-5000000.0,-193000000.0,-212000000.0,-63000000.0,266000000.0,0.0,135000000.0,135000000.0,135000000.0,0.0,0.0,0.028,887000000.0,225000000.0,3756000000.0,0.0,2.608,21.641,22.955,280000000.0,0.0,7.827,0.581,0.583,975000000.0,3146000000.0,4858000000.0,4858000000.0,0.0,,,,,0.0,832000000.0,1.0,1385138928.0,1391200000,1422400000.0,3.492,7133000000.0,0.0,79000000.0,87000000.0,5.127,-1612000000.0
89,UNH,MRQ,1999-03-31,1999-03-31,1999-03-31,2021-08-03,167000000.0,9490000000.0,,3922000000.0,5568000000.0,,2.743,-47000000.0,1369000000.0,1369000000.0,3720000000.0,132000000.0,0.75,1.404,649000000.0,400000000.0,249000000.0,649000000.0,199000000.0,55000000.0,0.0,0.001,0.004,221000000.0,276000000.0,0.057,276000000.0,221000000.0,210000000.0,0.091,0.09,0.091,3948000000.0,,3948000000.0,8576769046.0,-286.0,51.052,75000000.0,0.052,1.0,1089000000.0,0.226,2509000000.0,11000000.0,1034000000.0,,0.0,4057000000.0,1292000000.0,2765000000.0,5542000000.0,5227000000.0,315000000.0,9512769046.0,-275000000.0,0.0,-348000000.0,-59000000.0,0.0,-407000000.0,10000000.0,57000000.0,122000000.0,0.0,132000000.0,132000000.0,132000000.0,0.0,0.0,0.027,868000000.0,221000000.0,3703000000.0,0.044,2.41,-46.178,-52.202,294000000.0,0.0,6.577,0.527,0.524,1039000000.0,3017000000.0,4809000000.0,4809000000.0,0.0,,,,,0.0,813000000.0,1.0,1446259072.0,1439200000,1461600000.0,3.341,6981000000.0,0.0,78000000.0,0.0,4.851,-1305000000.0
90,UNH,MRQ,1998-12-31,1998-12-31,1998-12-31,2021-08-03,44000000.0,9675000000.0,,4254000000.0,5421000000.0,,2.708,-98000000.0,1644000000.0,1644000000.0,3582000000.0,132000000.0,0.8,1.396,708000000.0,459000000.0,249000000.0,708000000.0,414000000.0,52000000.0,0.0,0.001,0.0,214000000.0,266000000.0,0.057,266000000.0,214000000.0,210000000.0,0.069,0.069,0.069,4038000000.0,,4038000000.0,7016187382.0,-167.0,49.064,540000000.0,0.362,1.0,1063000000.0,0.229,2517000000.0,4000000.0,906000000.0,,0.0,3935000000.0,1325000000.0,2610000000.0,5637000000.0,5316000000.0,321000000.0,8019187382.0,619000000.0,59000000.0,-151000000.0,708000000.0,-7000000.0,30000000.0,-49000000.0,-10000000.0,638000000.0,0.0,132000000.0,106000000.0,106000000.0,0.0,0.0,0.023,849000000.0,214000000.0,3729000000.0,0.0,1.986,-37.473,-38.446,294000000.0,26000000.0,5.383,0.462,0.473,965000000.0,2885000000.0,4645000000.0,4645000000.0,0.0,,,,,0.0,797000000.0,1.0,1489862960.0,1491200000,1491200000.0,3.115,7158000000.0,0.0,78000000.0,72000000.0,4.8,-1062000000.0
91,UNH,MRQ,1998-09-30,1998-09-30,1998-09-30,2021-08-03,56000000.0,8914000000.0,,3523000000.0,5391000000.0,,2.669,-22000000.0,1025000000.0,1025000000.0,3354000000.0,135000000.0,0.821,1.174,22000000.0,0.0,22000000.0,22000000.0,168000000.0,43000000.0,0.0,0.001,0.0,214000000.0,257000000.0,0.059,257000000.0,214000000.0,214000000.0,0.084,0.083,0.084,4100000000.0,,4100000000.0,6194595290.0,-97.0,56.831,194000000.0,0.126,1.0,1006000000.0,0.231,2200000000.0,0.0,1419000000.0,,0.0,4126000000.0,1267000000.0,2859000000.0,4814000000.0,4292000000.0,522000000.0,6836595290.0,362000000.0,0.0,-202000000.0,0.0,-7000000.0,-209000000.0,355000000.0,377000000.0,216000000.0,0.0,135000000.0,128000000.0,128000000.0,0.0,0.0,0.029,792000000.0,214000000.0,3261000000.0,0.0,1.667,-33.027,-33.397,332000000.0,7000000.0,4.375,0.434,0.426,1104000000.0,2779000000.0,4360000000.0,4360000000.0,0.0,,,,,0.0,749000000.0,1.0,1562650352.0,1536000000,1552000000.0,2.839,6714000000.0,0.0,79000000.0,0.0,4.371,-769000000.0
92,UNH,MRQ,1998-06-30,1998-06-30,1998-06-30,2021-08-03,31000000.0,8888000000.0,,3255000000.0,5633000000.0,,2.676,-78000000.0,663000000.0,663000000.0,3435000000.0,-565000000.0,0.768,1.152,21000000.0,0.0,21000000.0,21000000.0,167000000.0,48000000.0,0.0,0.001,0.0,-679000000.0,-631000000.0,-0.149,-631000000.0,-679000000.0,-679000000.0,-0.37,-0.37,-0.37,4131000000.0,,4131000000.0,11625333810.0,-128.0,152.965,77000000.0,0.05,1.0,800000000.0,0.189,2020000000.0,0.0,1990000000.0,,0.0,4475000000.0,1195000000.0,3280000000.0,4757000000.0,4236000000.0,521000000.0,12273333810.0,-5000000.0,0.0,-4000000.0,0.0,-13000000.0,-17000000.0,-143000000.0,-65000000.0,155000000.0,0.0,-565000000.0,-572000000.0,-572000000.0,0.0,0.0,-0.135,1479000000.0,-679000000.0,3314000000.0,0.0,2.971,-54.307,-55.673,333000000.0,7000000.0,7.961,0.855,0.856,1219000000.0,2649000000.0,4235000000.0,4235000000.0,0.0,,,,,0.0,706000000.0,1.0,1541634016.0,1544000000,1544000000.0,2.743,6868000000.0,0.0,-114000000.0,0.0,4.448,-981000000.0
93,UNH,MRQ,1998-03-31,1998-03-31,1998-03-31,2021-08-03,21000000.0,9104000000.0,,3235000000.0,5869000000.0,,3.025,-12000000.0,668000000.0,668000000.0,3152000000.0,132000000.0,0.827,0.949,20000000.0,0.0,20000000.0,20000000.0,170000000.0,42000000.0,0.0,0.001,0.004,209000000.0,251000000.0,0.061,251000000.0,209000000.0,209000000.0,0.081,0.079,0.081,4670000000.0,,4670000000.0,11738616318.0,15.0,12.663,50000000.0,0.032,1.0,963000000.0,0.234,2356000000.0,0.0,2186000000.0,,0.0,4450000000.0,1268000000.0,3182000000.0,4434000000.0,3914000000.0,520000000.0,12469616318.0,-82000000.0,0.0,5000000.0,0.0,-7000000.0,-2000000.0,-142000000.0,-130000000.0,62000000.0,0.0,132000000.0,125000000.0,125000000.0,0.0,0.0,0.03,754000000.0,209000000.0,3317000000.0,0.049,2.67,27.406,26.979,331000000.0,7000000.0,8.094,0.955,0.957,1145000000.0,3231000000.0,4115000000.0,4115000000.0,0.0,,,,,0.0,712000000.0,1.0,1540647576.0,1544000000,1592000000.0,2.665,6748000000.0,0.0,77000000.0,0.0,4.37,-679000000.0
94,UNH,MRQ,1997-12-31,1997-12-31,1997-12-31,2021-08-03,29000000.0,7623000000.0,,2193000000.0,5430000000.0,,2.983,-55000000.0,750000000.0,750000000.0,2215000000.0,119000000.0,0.853,0.681,19000000.0,0.0,19000000.0,19000000.0,275000000.0,40000000.0,0.0,0.001,0.0,192000000.0,232000000.0,0.076,232000000.0,192000000.0,192000000.0,0.074,0.072,0.074,4534000000.0,,4534000000.0,,,,463000000.0,0.305,1.0,838000000.0,0.274,2281000000.0,0.0,2041000000.0,,0.0,3319000000.0,534000000.0,2785000000.0,3089000000.0,2570000000.0,519000000.0,9569347256.0,305000000.0,0.0,4000000.0,0.0,-8000000.0,-4000000.0,-209000000.0,-154000000.0,518000000.0,0.0,119000000.0,112000000.0,112000000.0,0.0,0.0,0.037,646000000.0,192000000.0,2060000000.0,0.0,2.111,22.203,21.642,364000000.0,7000000.0,6.211,0.811,0.788,768000000.0,3105000000.0,3053000000.0,3053000000.0,0.0,,,,,0.0,606000000.0,1.0,1540647576.0,1520000000,1521600000.0,2.009,5342000000.0,0.0,73000000.0,0.0,3.514,-377000000.0
95,UNH,MRQ,1997-09-30,1997-09-30,1997-09-30,2021-08-03,,,,,,,,-42000000.0,,,2144000000.0,116000000.0,,,,,,,,37000000.0,,0.001,0.0,187000000.0,224000000.0,0.076,224000000.0,187000000.0,187000000.0,0.072,0.071,0.072,,,,,,,-10000000.0,-0.007,1.0,815000000.0,0.275,,0.0,,,,,,,,,,,-165000000.0,0.0,13000000.0,0.0,-7000000.0,6000000.0,-203000000.0,-161000000.0,32000000.0,0.0,116000000.0,109000000.0,109000000.0,0.0,0.0,0.037,628000000.0,187000000.0,,0.0,,,,,7000000.0,6.25,,,,,2959000000.0,2959000000.0,0.0,,,,,0.0,591000000.0,1.0,,1504000000,1536000000.0,1.967,,,71000000.0,,,
96,UNH,MRQ,1997-06-30,1997-06-30,1997-06-30,2021-08-03,,,,,,,,-57000000.0,,,2119000000.0,116000000.0,,,,,,,,35000000.0,,0.001,0.004,185000000.0,220000000.0,0.075,220000000.0,185000000.0,185000000.0,0.072,0.071,0.072,,,,,,,56000000.0,0.037,1.0,812000000.0,0.277,,0.0,,,,,,,,,,,-294000000.0,0.0,35000000.0,0.0,-20000000.0,22000000.0,-429000000.0,-372000000.0,113000000.0,0.0,116000000.0,109000000.0,109000000.0,0.0,0.0,0.037,627000000.0,185000000.0,,0.056,,,,,7000000.0,6.5,,,,,2931000000.0,2931000000.0,0.0,,,,,0.0,592000000.0,1.0,,1496000000,1528000000.0,1.959,,,69000000.0,,,
97,UNH,MRQ,1997-03-31,1997-03-31,1997-03-31,2021-08-03,,,,,,,,-33000000.0,,,2064000000.0,109000000.0,,,,,,,,34000000.0,,0.001,0.0,179000000.0,213000000.0,0.075,213000000.0,179000000.0,179000000.0,0.069,0.068,0.069,,,,,,,-13000000.0,-0.009,1.0,788000000.0,0.276,,0.0,,,,,,,,,,,-133000000.0,0.0,17000000.0,0.0,0.0,10000000.0,-163000000.0,-130000000.0,20000000.0,0.0,109000000.0,102000000.0,102000000.0,0.0,0.0,0.036,609000000.0,179000000.0,,0.0,,,,,7000000.0,5.952,,,,,2852000000.0,2852000000.0,0.0,,,,,0.0,575000000.0,1.0,,1480000000,1512000000.0,1.927,,,70000000.0,,,
98,UNH,MRQ,1996-12-31,1996-12-31,1996-12-31,2021-08-03,-7000000.0,6997000000.0,,2740000000.0,4257000000.0,,2.626,,1037000000.0,1037000000.0,,,1.037,0.83,31000000.0,0.0,31000000.0,31000000.0,228000000.0,,0.0,0.001,0.0,,,,,,,,,,3823000000.0,,3823000000.0,,,,,,1.0,,,2139000000.0,,1209000000.0,,0.0,2571000000.0,766000000.0,1805000000.0,3174000000.0,2643000000.0,531000000.0,,,,,,,,,,,,,,,,,,,,2081000000.0,,,,25.0,313000000.0,,5.625,,0.813,606000000.0,2680000000.0,,,,,,,,,,1.0,,1456000000,,,4858000000.0,0.0,,0.0,3.337,97000000.0
0,UNH,MRT,2021-06-30,2021-06-30,2021-06-30,2021-08-03,-4086000000.0,210292000000.0,200930250000.0,58916000000.0,151376000000.0,1.354,73.108,-2261000000.0,19832000000.0,19832000000.0,205957000000.0,14958000000.0,0.77,1.985,48216000000.0,3868000000.0,44348000000.0,48216000000.0,2365000000.0,2987000000.0,0.0,0.013,5.2,20439000000.0,23426000000.0,0.086,23426000000.0,20439000000.0,18836000000.0,15.33,15.14,15.33,69014000000.0,66535000000.0,69014000000.0,404199076933.0,20.0,17.254,18512000000.0,19.61,1.0,66142000000.0,0.243,86633000000.0,1603000000.0,75486000000.0,71173000000.0,0.0,50988000000.0,6927000000.0,44061000000.0,136971000000.0,76557000000.0,60414000000.0,377896076933.0,-2495000000.0,-7829000000.0,-4125000000.0,2229000000.0,-4920000000.0,-6045000000.0,-17256000000.0,-6198000000.0,20773000000.0,33000000.0,14512000000.0,14512000000.0,14512000000.0,0.0,446000000.0,0.053,45257000000.0,20885000000.0,48144000000.0,0.339,5.476,26.04,26.121,8735000000.0,0.0,400.44,1.389,1.389,27217000000.0,73090000000.0,272099000000.0,272099000000.0,0.0,0.072,0.218,0.287,0.075,717000000.0,42270000000.0,1.0,943702120.0,944000000,956000000.0,288.24,123659000000.0,0.0,4324000000.0,3641000000.0,130.995,-17641000000.0
1,UNH,MRT,2021-03-31,2021-03-31,2021-03-31,2021-08-03,-4826000000.0,205171000000.0,196478000000.0,59508000000.0,145663000000.0,1.338,70.269,-2150000000.0,19955000000.0,19955000000.0,193930000000.0,17282000000.0,0.738,2.027,46258000000.0,8838000000.0,37420000000.0,46258000000.0,2612000000.0,2926000000.0,0.0,0.013,5.0,23749000000.0,26675000000.0,0.101,26675000000.0,23749000000.0,22126000000.0,17.8,17.59,17.8,66404000000.0,65187500000.0,66404000000.0,378270990646.0,16.0,14.181,23086000000.0,24.43,1.0,68986000000.0,0.262,83004000000.0,1623000000.0,67829000000.0,69278000000.0,0.0,49462000000.0,7056000000.0,42406000000.0,134589000000.0,80641000000.0,53948000000.0,351724990646.0,-1614000000.0,-7403000000.0,-2890000000.0,-5304000000.0,-4741000000.0,-12106000000.0,-14706000000.0,-4580000000.0,25236000000.0,-38000000.0,16883000000.0,16883000000.0,16883000000.0,0.0,399000000.0,0.064,44838000000.0,24148000000.0,47830000000.0,0.281,5.297,20.833,20.903,8496000000.0,0.0,372.07,1.338,1.337,27526000000.0,71220000000.0,262916000000.0,262916000000.0,0.0,0.086,0.259,0.343,0.09,704000000.0,41912000000.0,1.0,945319404.0,945000000,957000000.0,278.218,122167000000.0,0.0,5243000000.0,3602000000.0,129.277,-21133000000.0
2,UNH,MRT,2020-12-31,2020-12-31,2020-12-31,2021-08-03,-3814000000.0,197289000000.0,192452000000.0,53718000000.0,143571000000.0,1.336,69.011,-2051000000.0,16921000000.0,16921000000.0,190141000000.0,15769000000.0,0.742,1.935,43467000000.0,4819000000.0,38648000000.0,43467000000.0,2842000000.0,2891000000.0,0.0,0.014,4.83,22039000000.0,24930000000.0,0.097,24930000000.0,22039000000.0,20376000000.0,16.23,16.03,16.23,65491000000.0,62830750000.0,65491000000.0,358976446583.0,16.0,14.399,20123000000.0,21.204,1.0,67000000000.0,0.261,82193000000.0,1663000000.0,69222000000.0,68570250000.0,0.0,48178000000.0,6936000000.0,41242000000.0,126750000000.0,72420000000.0,54330000000.0,332732446583.0,5936000000.0,-7139000000.0,-2810000000.0,2586000000.0,-4584000000.0,-3590000000.0,-12532000000.0,-2836000000.0,22174000000.0,-116000000.0,15403000000.0,15403000000.0,15403000000.0,0.0,366000000.0,0.06,44595000000.0,22405000000.0,44367000000.0,0.298,5.081,21.602,21.607,8626000000.0,0.0,350.68,1.294,1.294,25404000000.0,69295000000.0,257141000000.0,257141000000.0,0.0,0.08,0.245,0.321,0.086,679000000.0,41704000000.0,1.0,948820710.0,949000000,961000000.0,270.96,115096000000.0,0.0,4973000000.0,3367000000.0,121.281,-18702000000.0
3,UNH,MRT,2020-09-30,2020-09-30,2020-09-30,2021-08-03,-4494000000.0,190969000000.0,186602000000.0,54821000000.0,136148000000.0,1.354,68.664,-2127000000.0,17550000000.0,17550000000.0,186224000000.0,17085000000.0,0.823,1.855,43794000000.0,3899000000.0,39895000000.0,43794000000.0,2391000000.0,2877000000.0,0.0,0.015,4.66,23630000000.0,26507000000.0,0.105,26507000000.0,23630000000.0,21931000000.0,17.62,17.41,17.62,65231000000.0,60862000000.0,65231000000.0,320016180519.0,14.0,12.073,20151000000.0,21.212,1.0,66351000000.0,0.263,78461000000.0,1699000000.0,72155000000.0,67712750000.0,0.0,46231000000.0,7047000000.0,39184000000.0,121018000000.0,66597000000.0,54421000000.0,296286180519.0,5187000000.0,-4469000000.0,-1437000000.0,-1257000000.0,-4424000000.0,-8206000000.0,-8742000000.0,-1862000000.0,22278000000.0,-143000000.0,16732000000.0,16732000000.0,16732000000.0,0.0,353000000.0,0.066,42368000000.0,23983000000.0,42340000000.0,0.264,4.542,17.708,17.694,8151000000.0,0.0,311.77,1.173,1.173,25402000000.0,69715000000.0,252575000000.0,252575000000.0,0.0,0.09,0.275,0.349,0.094,699000000.0,39491000000.0,1.0,950335762.0,950000000,962000000.0,265.868,112508000000.0,0.0,5199000000.0,3340000000.0,118.429,-11776000000.0
4,UNH,MRT,2020-06-30,2020-06-30,2020-06-30,2021-08-03,-4550000000.0,192483000000.0,182287000000.0,58918000000.0,133565000000.0,1.359,67.043,-2014000000.0,22327000000.0,22327000000.0,182321000000.0,17458000000.0,0.843,1.951,46057000000.0,6156000000.0,39901000000.0,46057000000.0,2299000000.0,2867000000.0,0.0,0.015,4.49,23986000000.0,26853000000.0,0.108,26853000000.0,23986000000.0,22233000000.0,18.01,17.78,18.01,63624000000.0,58303250000.0,63624000000.0,309762534115.0,13.0,11.535,20287000000.0,21.377,1.0,65490000000.0,0.264,78424000000.0,1753000000.0,67906000000.0,66642250000.0,0.0,43461000000.0,6683000000.0,36778000000.0,124126000000.0,69883000000.0,54243000000.0,279724534115.0,8582000000.0,-7544000000.0,-1231000000.0,3535000000.0,-4260000000.0,-3244000000.0,-10306000000.0,-277000000.0,22301000000.0,-169000000.0,17098000000.0,17098000000.0,17098000000.0,0.0,360000000.0,0.069,41144000000.0,24346000000.0,44623000000.0,0.249,4.397,16.36,16.377,8126000000.0,0.0,294.95,1.129,1.13,23976000000.0,67776000000.0,247811000000.0,247811000000.0,0.0,0.094,0.293,0.36,0.097,687000000.0,38277000000.0,1.0,948379502.0,949000000,960000000.0,261.129,114059000000.0,0.0,5135000000.0,3286000000.0,120.189,-10965000000.0
5,UNH,MRT,2020-03-31,2020-03-31,2020-03-31,2021-08-03,-5360000000.0,189067000000.0,175966250000.0,58807000000.0,130260000000.0,1.4,60.039,-1978000000.0,21569000000.0,21569000000.0,186924000000.0,14147000000.0,0.748,2.237,51607000000.0,15828000000.0,35779000000.0,51607000000.0,2509000000.0,2804000000.0,0.0,0.017,4.32,19456000000.0,22260000000.0,0.09,22260000000.0,19456000000.0,17715000000.0,14.49,14.29,14.49,56977000000.0,55673000000.0,56977000000.0,266248227509.0,14.0,11.961,16194000000.0,17.064,1.0,59344000000.0,0.241,75501000000.0,1741000000.0,64998000000.0,65016000000.0,0.0,42320000000.0,5742000000.0,36578000000.0,127463000000.0,78606000000.0,48857000000.0,236555227509.0,9162000000.0,-8583000000.0,-2918000000.0,12940000000.0,-4096000000.0,3950000000.0,-12816000000.0,-2155000000.0,18172000000.0,-144000000.0,13754000000.0,13754000000.0,13754000000.0,0.0,393000000.0,0.056,39495000000.0,19849000000.0,45617000000.0,0.298,4.152,17.199,17.21,8173000000.0,0.0,249.38,0.961,0.961,24888000000.0,62327000000.0,246268000000.0,246268000000.0,0.0,0.078,0.247,0.299,0.079,685000000.0,36691000000.0,1.0,948573372.0,949000000,962000000.0,259.503,113566000000.0,0.0,3961000000.0,3030000000.0,119.669,-19799000000.0
6,UNH,MRT,2019-12-31,2019-12-31,2019-12-31,2021-08-03,-3578000000.0,173889000000.0,168998750000.0,42634000000.0,131255000000.0,1.433,60.585,-2071000000.0,10985000000.0,10985000000.0,184557000000.0,14239000000.0,0.69,1.939,40678000000.0,3870000000.0,36808000000.0,40678000000.0,2622000000.0,2720000000.0,0.0,0.014,4.14,19285000000.0,22005000000.0,0.091,22005000000.0,19285000000.0,17581000000.0,14.55,14.33,14.55,57616000000.0,54359750000.0,57616000000.0,311052040827.0,16.0,14.136,16392000000.0,17.237,1.0,57598000000.0,0.238,76008000000.0,1704000000.0,65792000000.0,63659250000.0,0.0,43545000000.0,6336000000.0,37209000000.0,111727000000.0,61782000000.0,49945000000.0,278521040827.0,119000000.0,-8343000000.0,-4463000000.0,3994000000.0,-3932000000.0,-5625000000.0,-12699000000.0,-2504000000.0,18463000000.0,-20000000.0,13839000000.0,13839000000.0,13839000000.0,0.0,400000000.0,0.057,37913000000.0,19685000000.0,40695000000.0,0.285,4.834,20.126,20.205,8704000000.0,0.0,293.98,1.15,1.155,21462000000.0,61178000000.0,242155000000.0,242155000000.0,0.0,0.082,0.255,0.303,0.08,697000000.0,35193000000.0,1.0,947414929.0,951000000,966000000.0,254.632,97881000000.0,0.0,3742000000.0,2993000000.0,102.924,-19148000000.0
7,UNH,MRT,2019-09-30,2019-09-30,2019-09-30,2021-08-03,-3709000000.0,173709000000.0,163581750000.0,43541000000.0,130168000000.0,1.465,57.952,-1979000000.0,12363000000.0,12363000000.0,183350000000.0,13735000000.0,0.695,2.072,44894000000.0,6387000000.0,38507000000.0,44894000000.0,2500000000.0,2639000000.0,0.0,0.018,3.96,18690000000.0,21329000000.0,0.089,21329000000.0,18690000000.0,17049000000.0,13.98,13.75,13.98,54996000000.0,52879750000.0,54996000000.0,234477949948.0,13.0,10.993,12675000000.0,13.356,1.0,56321000000.0,0.235,75726000000.0,1641000000.0,67873000000.0,61327500000.0,0.0,43346000000.0,6506000000.0,36840000000.0,113962000000.0,62641000000.0,51321000000.0,205949949948.0,2100000000.0,-8373000000.0,-5118000000.0,11126000000.0,-3774000000.0,-85000000.0,-12451000000.0,-2398000000.0,14654000000.0,-18000000.0,13338000000.0,13338000000.0,13338000000.0,0.0,397000000.0,0.056,37234000000.0,19087000000.0,39509000000.0,0.283,3.745,15.441,15.545,8501000000.0,0.0,217.32,0.859,0.86,21116000000.0,58696000000.0,239671000000.0,239671000000.0,0.0,0.082,0.252,0.305,0.078,651000000.0,34595000000.0,1.0,947680609.0,949000000,963000000.0,252.551,97983000000.0,0.0,3711000000.0,2902000000.0,103.249,-19100000000.0
8,UNH,MRT,2019-06-30,2019-06-30,2019-06-30,2021-08-03,-3273000000.0,167200000000.0,157926250000.0,42038000000.0,125162000000.0,1.494,55.898,-2080000000.0,13745000000.0,13745000000.0,180558000000.0,13390000000.0,0.674,2.055,42273000000.0,7800000000.0,34473000000.0,42273000000.0,2019000000.0,2541000000.0,0.0,0.015,3.78,18261000000.0,20802000000.0,0.088,20802000000.0,18261000000.0,16716000000.0,13.56,13.32,13.56,53103000000.0,51633250000.0,53103000000.0,257824223003.0,14.0,12.394,10365000000.0,10.911,1.0,55318000000.0,0.235,71999000000.0,1545000000.0,61401000000.0,56809000000.0,0.0,42163000000.0,6467000000.0,35696000000.0,109144000000.0,62328000000.0,46816000000.0,231893223003.0,-4623000000.0,-8112000000.0,-5043000000.0,7125000000.0,-3616000000.0,-4509000000.0,-12565000000.0,-2785000000.0,12445000000.0,6000000.0,12988000000.0,12988000000.0,12988000000.0,0.0,402000000.0,0.055,36655000000.0,18663000000.0,38035000000.0,0.279,4.367,17.854,17.995,8681000000.0,0.0,244.01,0.983,0.983,18175000000.0,56367000000.0,235876000000.0,235876000000.0,0.0,0.082,0.252,0.321,0.077,678000000.0,34114000000.0,1.0,950343113.0,950000000,964000000.0,248.291,95201000000.0,0.0,3728000000.0,2908000000.0,100.212,-20290000000.0
9,UNH,MRT,2019-03-31,2019-03-31,2019-03-31,2021-08-03,-3758000000.0,161197000000.0,154779000000.0,42815000000.0,118382000000.0,1.495,53.992,-2148000000.0,12407000000.0,12407000000.0,176674000000.0,13015000000.0,0.727,2.024,38338000000.0,3919000000.0,34419000000.0,38338000000.0,2530000000.0,2485000000.0,0.0,0.015,3.6,17725000000.0,20210000000.0,0.087,20210000000.0,17725000000.0,16254000000.0,13.13,12.88,13.13,51724000000.0,50430750000.0,51724000000.0,262943493219.0,15.0,13.011,8430000000.0,8.8,1.0,54693000000.0,0.236,68624000000.0,1471000000.0,59571000000.0,52532500000.0,0.0,39807000000.0,6254000000.0,33553000000.0,104692000000.0,58933000000.0,45759000000.0,237255493219.0,-5836000000.0,-4103000000.0,-3986000000.0,2826000000.0,-3458000000.0,-7059000000.0,-9284000000.0,-3033000000.0,10578000000.0,-71000000.0,12617000000.0,12617000000.0,12617000000.0,0.0,398000000.0,0.055,36570000000.0,18123000000.0,38039000000.0,0.274,4.587,18.804,18.832,8230000000.0,0.0,247.26,1.025,1.024,20457000000.0,55472000000.0,231367000000.0,231367000000.0,0.0,0.082,0.25,0.337,0.077,673000000.0,34085000000.0,1.0,959538515.0,958000000,975000000.0,241.51,92573000000.0,0.0,3637000000.0,2786000000.0,96.632,-16118000000.0
10,UNH,MRT,2018-12-31,2018-12-31,2018-12-31,2021-08-03,-4160000000.0,152221000000.0,153372000000.0,38692000000.0,113529000000.0,1.475,53.682,-2063000000.0,10866000000.0,10866000000.0,172401000000.0,12382000000.0,0.727,1.857,36554000000.0,1973000000.0,34581000000.0,36554000000.0,2396000000.0,2428000000.0,0.0,0.014,3.45,16948000000.0,19376000000.0,0.086,19376000000.0,16948000000.0,15548000000.0,12.45,12.19,12.45,51696000000.0,49388000000.0,51696000000.0,262951959904.0,16.0,13.571,13650000000.0,14.174,1.0,53846000000.0,0.238,68235000000.0,1400000000.0,56465000000.0,47480000000.0,0.0,39000000000.0,6490000000.0,32510000000.0,95994000000.0,53209000000.0,42785000000.0,239661959904.0,-1115000000.0,-5997000000.0,-3662000000.0,4134000000.0,-3320000000.0,-4365000000.0,-12385000000.0,-4099000000.0,15713000000.0,-78000000.0,11986000000.0,11986000000.0,11986000000.0,0.0,396000000.0,0.053,36502000000.0,17344000000.0,36596000000.0,0.277,4.636,19.995,20.01,8458000000.0,0.0,249.12,1.059,1.06,18250000000.0,55846000000.0,226247000000.0,226247000000.0,0.0,0.078,0.243,0.357,0.075,638000000.0,34074000000.0,1.0,962034200.0,963000000,983000000.0,234.94,83986000000.0,0.0,3562000000.0,2474000000.0,87.213,-14517000000.0
11,UNH,MRT,2018-09-30,2018-09-30,2018-09-30,2021-08-03,-4386000000.0,151087000000.0,150081250000.0,38754000000.0,112333000000.0,1.465,51.985,-2137000000.0,10263000000.0,10263000000.0,167507000000.0,12939000000.0,0.687,1.934,33553000000.0,1500000000.0,32053000000.0,33553000000.0,2388000000.0,2369000000.0,0.0,0.012,3.3,16448000000.0,18817000000.0,0.086,18817000000.0,16448000000.0,15114000000.0,13.02,12.75,13.02,50010000000.0,48408000000.0,50010000000.0,272743413493.0,17.0,14.495,8603000000.0,8.943,1.0,52384000000.0,0.238,68201000000.0,1334000000.0,49799000000.0,44679000000.0,0.0,38451000000.0,6522000000.0,31929000000.0,96722000000.0,56377000000.0,40345000000.0,256056413493.0,-6006000000.0,-7047000000.0,-3148000000.0,3462000000.0,-3181000000.0,-2677000000.0,-13949000000.0,-4482000000.0,10740000000.0,-120000000.0,12563000000.0,12563000000.0,12563000000.0,0.0,376000000.0,0.057,35560000000.0,16824000000.0,38841000000.0,0.253,5.12,20.382,20.433,8042000000.0,0.0,266.04,1.164,1.164,18262000000.0,54386000000.0,219891000000.0,219891000000.0,0.0,0.084,0.26,0.368,0.075,653000000.0,33191000000.0,1.0,962473363.0,962000000,983000000.0,228.577,82886000000.0,0.0,2551000000.0,2434000000.0,86.16,-17623000000.0
12,UNH,MRT,2018-06-30,2018-06-30,2018-06-30,2021-08-03,-4080000000.0,154611000000.0,147417500000.0,46634000000.0,107977000000.0,1.449,50.253,-2058000000.0,18368000000.0,18368000000.0,162900000000.0,12216000000.0,0.752,2.112,35055000000.0,2959000000.0,32096000000.0,35055000000.0,7228000000.0,2336000000.0,0.0,0.013,3.15,15966000000.0,18302000000.0,0.086,18302000000.0,15966000000.0,14691000000.0,12.28,12.02,12.28,48293000000.0,47230000000.0,48293000000.0,253109137912.0,16.0,13.83,15287000000.0,15.907,1.0,50757000000.0,0.238,64951000000.0,1275000000.0,44295000000.0,40598750000.0,0.0,37571000000.0,6334000000.0,31237000000.0,101989000000.0,62052000000.0,39937000000.0,235767137912.0,3786000000.0,-4063000000.0,-2830000000.0,2239000000.0,-3041000000.0,-1842000000.0,-11641000000.0,-5205000000.0,17345000000.0,-76000000.0,11860000000.0,11860000000.0,11860000000.0,0.0,356000000.0,0.056,34435000000.0,16322000000.0,36866000000.0,0.257,4.882,19.879,19.979,7906000000.0,0.0,245.34,1.103,1.104,17646000000.0,52363000000.0,213657000000.0,213657000000.0,0.0,0.08,0.251,0.393,0.075,623000000.0,32099000000.0,1.0,960981242.0,961000000,982000000.0,222.328,89660000000.0,0.0,2831000000.0,2095000000.0,93.299,-15418000000.0
13,UNH,MRT,2018-03-31,2018-03-31,2018-03-31,2021-08-03,-2951000000.0,155569000000.0,143289000000.0,48353000000.0,107216000000.0,1.449,49.227,-1993000000.0,18243000000.0,18243000000.0,158440000000.0,11556000000.0,0.715,2.18,35585000000.0,7379000000.0,28206000000.0,35585000000.0,7683000000.0,2294000000.0,0.0,0.014,3.0,15515000000.0,17809000000.0,0.086,17809000000.0,15515000000.0,14283000000.0,11.61,11.36,11.61,47553000000.0,45947000000.0,47553000000.0,226790864666.0,15.0,12.735,13516000000.0,13.992,1.0,49184000000.0,0.237,65883000000.0,1232000000.0,39361000000.0,38898500000.0,0.0,36161000000.0,6720000000.0,29441000000.0,103643000000.0,67667000000.0,35976000000.0,207079864666.0,2101000000.0,-4246000000.0,-2755000000.0,733000000.0,-2899000000.0,-2544000000.0,-10827000000.0,-4365000000.0,15509000000.0,-37000000.0,11222000000.0,11222000000.0,11222000000.0,0.0,334000000.0,0.054,33335000000.0,15849000000.0,37799000000.0,0.258,4.355,18.453,18.432,8144000000.0,0.0,214.0,0.997,0.996,18290000000.0,50494000000.0,207624000000.0,207624000000.0,0.0,0.078,0.244,0.399,0.075,609000000.0,31041000000.0,1.0,967662919.0,966000000,987000000.0,214.932,89686000000.0,0.0,3061000000.0,2213000000.0,92.843,-19314000000.0
14,UNH,MRT,2017-12-31,2017-12-31,2017-12-31,2021-08-03,-2667000000.0,139058000000.0,138686000000.0,37084000000.0,101974000000.0,1.45,49.56,-2023000000.0,11981000000.0,11981000000.0,154148000000.0,10823000000.0,0.735,1.822,31692000000.0,2857000000.0,28835000000.0,31692000000.0,2269000000.0,2245000000.0,0.0,0.013,2.875,14944000000.0,17189000000.0,0.085,17189000000.0,14944000000.0,13758000000.0,10.95,10.72,10.95,47776000000.0,44534500000.0,47776000000.0,226633609807.0,15.0,13.185,11573000000.0,12.005,1.0,47011000000.0,0.234,63045000000.0,1186000000.0,45261000000.0,38153000000.0,0.0,34951000000.0,6610000000.0,28341000000.0,87036000000.0,50463000000.0,36573000000.0,213640609807.0,1551000000.0,-2131000000.0,-812000000.0,-2615000000.0,-2773000000.0,-3441000000.0,-8599000000.0,-4319000000.0,13596000000.0,-5000000.0,10558000000.0,10558000000.0,10558000000.0,0.0,265000000.0,0.052,31802000000.0,15209000000.0,33051000000.0,0.263,4.472,20.235,20.133,7013000000.0,0.0,220.46,1.062,1.056,15830000000.0,48730000000.0,201159000000.0,201159000000.0,0.0,0.076,0.237,0.392,0.074,597000000.0,29557000000.0,1.0,969067449.0,964000000,985000000.0,208.671,76013000000.0,0.0,3200000000.0,2182000000.0,78.852,-13379000000.0
15,UNH,MRT,2017-09-30,2017-09-30,2017-09-30,2021-08-03,-2353000000.0,140432000000.0,134624000000.0,40921000000.0,99511000000.0,1.461,46.795,-1876000000.0,16269000000.0,16269000000.0,150466000000.0,8810000000.0,0.704,2.008,29262000000.0,4539000000.0,24723000000.0,29262000000.0,6635000000.0,2194000000.0,0.0,0.014,2.75,14234000000.0,16428000000.0,0.084,16428000000.0,14234000000.0,13088000000.0,8.99,8.8,8.99,45298000000.0,42159000000.0,45298000000.0,206713516507.0,15.0,12.583,12888000000.0,13.314,1.0,46167000000.0,0.235,61859000000.0,1146000000.0,33478000000.0,36831000000.0,0.0,34310000000.0,6607000000.0,27703000000.0,90952000000.0,58088000000.0,32864000000.0,189359516507.0,3473000000.0,59000000.0,-690000000.0,-4964000000.0,-2641000000.0,-4808000000.0,-6509000000.0,-4724000000.0,14764000000.0,26000000.0,8625000000.0,8625000000.0,8625000000.0,0.0,185000000.0,0.044,31748000000.0,14419000000.0,33841000000.0,0.306,4.18,21.955,21.785,6562000000.0,0.0,195.85,0.963,0.964,15464000000.0,45840000000.0,196633000000.0,196633000000.0,0.0,0.064,0.205,0.386,0.072,572000000.0,29554000000.0,1.0,966859926.0,968000000,989000000.0,203.133,78573000000.0,0.0,4463000000.0,2697000000.0,81.17,-17167000000.0
16,UNH,MRT,2017-06-30,2017-06-30,2017-06-30,2021-08-03,-2591000000.0,138097000000.0,130426500000.0,41239000000.0,96858000000.0,1.477,44.773,-1817000000.0,14582000000.0,14582000000.0,147362000000.0,8227000000.0,0.722,2.111,31936000000.0,5739000000.0,26197000000.0,31936000000.0,6115000000.0,2131000000.0,0.0,0.014,2.625,13792000000.0,15923000000.0,0.083,15923000000.0,13792000000.0,12671000000.0,8.49,8.32,8.49,43161000000.0,40247500000.0,43161000000.0,196441127382.0,14.0,12.337,12604000000.0,13.075,1.0,45242000000.0,0.235,60836000000.0,1121000000.0,37494000000.0,37729500000.0,0.0,32762000000.0,6365000000.0,26397000000.0,91104000000.0,57121000000.0,33983000000.0,178682127382.0,6365000000.0,-429000000.0,-779000000.0,-2189000000.0,-2510000000.0,-1464000000.0,-6598000000.0,-4428000000.0,14421000000.0,6000000.0,8108000000.0,8108000000.0,8108000000.0,0.0,119000000.0,0.042,31331000000.0,13911000000.0,32224000000.0,0.309,4.14,22.038,21.84,6324000000.0,0.0,185.42,0.928,0.928,17770000000.0,44081000000.0,192604000000.0,192604000000.0,0.0,0.062,0.201,0.366,0.072,555000000.0,29200000000.0,1.0,963661565.0,964000000,985000000.0,199.797,77261000000.0,0.0,4563000000.0,2844000000.0,80.146,-15882000000.0
17,UNH,MRT,2017-03-31,2017-03-31,2017-03-31,2021-08-03,-2447000000.0,137157000000.0,125803000000.0,40989000000.0,96168000000.0,1.503,43.923,-1787000000.0,16142000000.0,16142000000.0,144902000000.0,7637000000.0,0.712,2.183,33901000000.0,7747000000.0,26154000000.0,33901000000.0,6475000000.0,2086000000.0,0.0,0.015,2.5,13324000000.0,15410000000.0,0.082,15410000000.0,13324000000.0,12233000000.0,7.96,7.81,7.96,41903000000.0,38553750000.0,41903000000.0,178540603140.0,13.0,11.586,12146000000.0,12.732,1.0,44134000000.0,0.233,60994000000.0,1091000000.0,36379000000.0,38718250000.0,0.0,31856000000.0,6096000000.0,25760000000.0,91495000000.0,57543000000.0,33952000000.0,156000603140.0,5546000000.0,-531000000.0,-961000000.0,-798000000.0,-2380000000.0,-988000000.0,-7463000000.0,-5193000000.0,13933000000.0,64000000.0,7578000000.0,7578000000.0,7578000000.0,0.0,59000000.0,0.04,30751000000.0,13383000000.0,31123000000.0,0.314,3.723,20.586,20.604,6329000000.0,0.0,164.01,0.825,0.828,16204000000.0,42521000000.0,189036000000.0,189036000000.0,0.0,0.06,0.197,0.344,0.07,524000000.0,28665000000.0,1.0,951165192.0,954000000,975000000.0,198.151,76163000000.0,0.0,4655000000.0,2894000000.0,79.835,-16554000000.0
18,UNH,MRT,2016-12-31,2016-12-31,2016-12-31,2021-08-03,-2681000000.0,122810000000.0,120977500000.0,33879000000.0,88931000000.0,1.528,40.204,-1705000000.0,10430000000.0,10430000000.0,141454000000.0,7073000000.0,0.688,2.159,32970000000.0,7193000000.0,25777000000.0,32970000000.0,1968000000.0,2055000000.0,0.0,0.015,2.375,12874000000.0,14929000000.0,0.081,14929000000.0,12874000000.0,11807000000.0,7.37,7.25,7.37,38274000000.0,36870250000.0,38274000000.0,172756667849.0,13.0,11.572,8090000000.0,8.498,1.0,43386000000.0,0.235,56125000000.0,1067000000.0,39973000000.0,39508750000.0,0.0,29818000000.0,5950000000.0,23868000000.0,82621000000.0,49252000000.0,33369000000.0,152328667849.0,-493000000.0,-1760000000.0,-851000000.0,990000000.0,-2261000000.0,-1011000000.0,-9355000000.0,-5927000000.0,9795000000.0,78000000.0,7017000000.0,7017000000.0,7017000000.0,0.0,56000000.0,0.038,30456000000.0,12930000000.0,29752000000.0,0.322,3.98,21.709,21.715,5901000000.0,0.0,160.04,0.824,0.824,15651000000.0,40945000000.0,184840000000.0,184840000000.0,0.0,0.058,0.19,0.326,0.07,485000000.0,28401000000.0,1.0,951816220.0,952000000,968000000.0,194.16,66685000000.0,0.0,4790000000.0,2761000000.0,70.047,-15373000000.0
19,UNH,MRT,2016-09-30,2016-09-30,2016-09-30,2021-08-03,-2303000000.0,123642000000.0,118088500000.0,35768000000.0,87874000000.0,1.532,39.55,-1704000000.0,12796000000.0,12796000000.0,139535000000.0,6617000000.0,0.7,2.235,33224000000.0,7202000000.0,26022000000.0,33224000000.0,5730000000.0,2012000000.0,0.0,0.016,2.25,12145000000.0,14157000000.0,0.078,14157000000.0,12145000000.0,11086000000.0,6.88,6.77,6.88,37652000000.0,35759250000.0,37652000000.0,158315797540.0,13.0,11.183,13011000000.0,13.667,1.0,41369000000.0,0.229,55902000000.0,1059000000.0,37072000000.0,38654000000.0,0.0,29147000000.0,5823000000.0,23324000000.0,84151000000.0,51096000000.0,33055000000.0,133334797540.0,4813000000.0,-2708000000.0,-764000000.0,1453000000.0,-2142000000.0,-251000000.0,-9716000000.0,-5186000000.0,14715000000.0,65000000.0,6551000000.0,6551000000.0,6551000000.0,0.0,66000000.0,0.036,29158000000.0,12211000000.0,29494000000.0,0.327,3.541,20.353,20.349,5524000000.0,0.0,140.0,0.737,0.737,14849000000.0,39945000000.0,180904000000.0,180904000000.0,0.0,0.055,0.183,0.314,0.067,469000000.0,27146000000.0,1.0,952391411.0,952000000,969000000.0,190.025,67740000000.0,0.0,4535000000.0,2492000000.0,71.155,-15328000000.0
20,UNH,MRT,2016-06-30,2016-06-30,2016-06-30,2021-08-03,-2203000000.0,119603000000.0,114246000000.0,33298000000.0,86305000000.0,1.541,38.261,-1653000000.0,8217000000.0,8217000000.0,136211000000.0,6257000000.0,0.703,2.242,33198000000.0,6364000000.0,26834000000.0,33198000000.0,1567000000.0,1949000000.0,0.0,0.015,2.125,11572000000.0,13521000000.0,0.077,13521000000.0,11572000000.0,10553000000.0,6.49,6.39,6.49,36386000000.0,34624750000.0,36386000000.0,157379543015.0,14.0,11.64,8656000000.0,9.102,1.0,39889000000.0,0.227,55759000000.0,1019000000.0,41449000000.0,39394250000.0,0.0,27823000000.0,5612000000.0,22211000000.0,81572000000.0,47376000000.0,34196000000.0,134253543015.0,330000000.0,-16421000000.0,-813000000.0,14945000000.0,-2024000000.0,12001000000.0,-21958000000.0,-3708000000.0,10309000000.0,-22000000.0,6180000000.0,6180000000.0,6180000000.0,0.0,77000000.0,0.035,28240000000.0,11649000000.0,30998000000.0,0.327,3.69,21.724,21.757,5189000000.0,0.0,141.2,0.762,0.763,16701000000.0,38579000000.0,176100000000.0,176100000000.0,0.0,0.054,0.178,0.294,0.066,457000000.0,26291000000.0,1.0,950804129.0,951000000,967000000.0,185.174,63844000000.0,0.0,4373000000.0,2857000000.0,67.134,-14078000000.0
21,UNH,MRT,2016-03-31,2016-03-31,2016-03-31,2021-08-03,-2804000000.0,117855000000.0,107201000000.0,33745000000.0,84110000000.0,1.547,36.903,-1608000000.0,10596000000.0,10596000000.0,127484000000.0,6082000000.0,0.729,2.302,33722000000.0,6504000000.0,27218000000.0,33722000000.0,1901000000.0,1817000000.0,0.0,0.016,2.0,11270000000.0,13087000000.0,0.079,13087000000.0,11270000000.0,10371000000.0,6.31,6.22,6.31,35169000000.0,33783250000.0,35169000000.0,143712878342.0,13.0,10.981,8181000000.0,8.584,1.0,38394000000.0,0.231,55155000000.0,899000000.0,39541000000.0,36131000000.0,0.0,26191000000.0,5296000000.0,20895000000.0,80964000000.0,46285000000.0,34679000000.0,122541878342.0,1946000000.0,-17286000000.0,-396000000.0,15428000000.0,-1906000000.0,13245000000.0,-21051000000.0,-2059000000.0,9789000000.0,-37000000.0,6011000000.0,6011000000.0,6011000000.0,0.0,71000000.0,0.036,27053000000.0,11341000000.0,29563000000.0,0.317,3.484,20.386,20.428,4976000000.0,0.0,128.9,0.739,0.741,14642000000.0,37963000000.0,165878000000.0,165878000000.0,0.0,0.056,0.178,0.312,0.068,438000000.0,25236000000.0,1.0,950673998.0,953000000,967000000.0,174.059,62700000000.0,0.0,4360000000.0,3066000000.0,65.792,-12540000000.0
22,UNH,MRT,2015-12-31,2015-12-31,2015-12-31,2021-08-03,-3334000000.0,111254000000.0,100167000000.0,31639000000.0,79615000000.0,1.568,35.498,-1556000000.0,10923000000.0,10923000000.0,120081000000.0,5868000000.0,0.738,2.24,31965000000.0,6634000000.0,25331000000.0,31965000000.0,2142000000.0,1693000000.0,0.0,0.016,1.875,10966000000.0,12659000000.0,0.081,12659000000.0,10966000000.0,10176000000.0,6.1,6.01,6.1,33830000000.0,32960500000.0,33830000000.0,135922676293.0,12.0,10.737,8184000000.0,8.588,1.0,37026000000.0,0.236,52844000000.0,790000000.0,36554000000.0,33306250000.0,0.0,23778000000.0,4986000000.0,18792000000.0,75793000000.0,42898000000.0,32895000000.0,112123676293.0,3428000000.0,-16164000000.0,-798000000.0,14607000000.0,-1786000000.0,12239000000.0,-18395000000.0,-531000000.0,9740000000.0,-156000000.0,5813000000.0,5813000000.0,5813000000.0,0.0,55000000.0,0.037,26005000000.0,11021000000.0,26324000000.0,0.307,3.314,19.288,19.285,4861000000.0,0.0,117.64,0.714,0.714,13324000000.0,37125000000.0,157107000000.0,157107000000.0,0.0,0.058,0.176,0.329,0.07,406000000.0,24312000000.0,1.0,953108435.0,953000000,967000000.0,164.855,58410000000.0,0.0,4363000000.0,3587000000.0,61.291,-11259000000.0
23,UNH,MRT,2015-09-30,2015-09-30,2015-09-30,2021-08-03,-3347000000.0,108272000000.0,93949000000.0,29935000000.0,78337000000.0,1.564,34.747,-1476000000.0,7983000000.0,7983000000.0,110856000000.0,6126000000.0,0.749,2.222,31782000000.0,5767000000.0,26015000000.0,31782000000.0,1731000000.0,1590000000.0,0.0,0.015,1.75,11297000000.0,12887000000.0,0.088,12887000000.0,11297000000.0,10616000000.0,6.39,6.3,6.39,33114000000.0,32616500000.0,33114000000.0,120806794906.0,11.0,9.374,7182000000.0,7.536,1.0,36085000000.0,0.246,52085000000.0,681000000.0,40033000000.0,31433000000.0,0.0,23425000000.0,4890000000.0,18535000000.0,73579000000.0,39953000000.0,33626000000.0,110622794906.0,750000000.0,-17255000000.0,-1686000000.0,14079000000.0,-1668000000.0,10347000000.0,-18096000000.0,432000000.0,8658000000.0,-159000000.0,6105000000.0,6105000000.0,6105000000.0,0.0,21000000.0,0.042,24767000000.0,11318000000.0,25206000000.0,0.274,3.341,18.12,18.155,4532000000.0,0.0,116.01,0.753,0.752,14419000000.0,36382000000.0,146941000000.0,146941000000.0,0.0,0.065,0.187,0.359,0.077,401000000.0,23177000000.0,1.0,953562580.0,953000000,967000000.0,154.188,56187000000.0,670000000.0,4511000000.0,3593000000.0,58.958,-10018000000.0
24,UNH,MRT,2015-06-30,2015-06-30,2015-06-30,2021-08-03,-2307000000.0,91423000000.0,88237500000.0,27566000000.0,63857000000.0,1.566,34.685,-1525000000.0,7887000000.0,7887000000.0,103062000000.0,6110000000.0,0.771,1.72,18071000000.0,2693000000.0,15378000000.0,18071000000.0,1508000000.0,1511000000.0,0.0,0.013,1.625,11203000000.0,12714000000.0,0.092,12714000000.0,11203000000.0,10599000000.0,6.36,6.28,6.36,33020000000.0,32489000000.0,33020000000.0,125856319842.0,11.0,9.899,7536000000.0,7.916,1.0,35149000000.0,0.254,37470000000.0,604000000.0,28396000000.0,28585750000.0,0.0,23774000000.0,4778000000.0,18996000000.0,56788000000.0,35741000000.0,21047000000.0,116132319842.0,1475000000.0,-3178000000.0,-2587000000.0,1334000000.0,-1553000000.0,-2992000000.0,-4506000000.0,-65000000.0,9061000000.0,-88000000.0,6110000000.0,6110000000.0,6110000000.0,0.0,0.0,0.044,23946000000.0,11203000000.0,24768000000.0,0.256,3.517,19.007,19.182,4473000000.0,0.0,122.0,0.84,0.84,12194000000.0,35262000000.0,138211000000.0,138211000000.0,0.0,0.069,0.188,0.392,0.081,387000000.0,22435000000.0,1.0,951904261.0,952000000,966000000.0,145.18,53953000000.0,514000000.0,4489000000.0,1877000000.0,56.673,-8175000000.0
25,UNH,MRT,2015-03-31,2015-03-31,2015-03-31,2021-08-03,-2285000000.0,89719000000.0,86748250000.0,26774000000.0,62945000000.0,1.551,33.415,-1545000000.0,8650000000.0,8650000000.0,100263000000.0,5933000000.0,0.765,1.769,18374000000.0,2797000000.0,15577000000.0,18374000000.0,1734000000.0,1496000000.0,0.0,0.013,1.5,10860000000.0,12356000000.0,0.092,12356000000.0,10860000000.0,10252000000.0,6.14,6.06,6.14,31878000000.0,32467750000.0,31878000000.0,122723600595.0,11.0,9.932,7367000000.0,7.722,1.0,34259000000.0,0.255,36223000000.0,608000000.0,28242000000.0,28679750000.0,0.0,24117000000.0,4701000000.0,19416000000.0,56389000000.0,34978000000.0,21411000000.0,112812600595.0,1136000000.0,-2153000000.0,-3555000000.0,1332000000.0,-1443000000.0,-4224000000.0,-3456000000.0,108000000.0,8912000000.0,-96000000.0,5933000000.0,5933000000.0,5933000000.0,0.0,0.0,0.044,23399000000.0,10860000000.0,24055000000.0,0.244,3.539,19.014,19.265,4245000000.0,0.0,118.29,0.839,0.839,10386000000.0,34153000000.0,134522000000.0,134522000000.0,0.0,0.068,0.183,0.379,0.081,384000000.0,21903000000.0,1.0,953695161.0,954000000,969000000.0,141.008,53496000000.0,405000000.0,4319000000.0,2056000000.0,56.075,-8204000000.0
26,UNH,MRT,2014-12-31,2014-12-31,2014-12-31,2021-08-03,-1392000000.0,86382000000.0,85474000000.0,23556000000.0,62826000000.0,1.526,33.389,-1525000000.0,7495000000.0,7495000000.0,97459000000.0,5619000000.0,0.769,1.619,17406000000.0,1399000000.0,16007000000.0,17406000000.0,1972000000.0,1478000000.0,0.0,0.014,1.405,10274000000.0,11752000000.0,0.09,11752000000.0,10274000000.0,9656000000.0,5.78,5.7,5.78,32454000000.0,32635500000.0,32454000000.0,107309284018.0,10.0,9.131,6526000000.0,6.714,1.0,33015000000.0,0.253,36609000000.0,618000000.0,29061000000.0,28404250000.0,0.0,23530000000.0,4703000000.0,18827000000.0,52540000000.0,30623000000.0,21917000000.0,97025284018.0,219000000.0,-1923000000.0,-3546000000.0,391000000.0,-1362000000.0,-5293000000.0,-2534000000.0,799000000.0,8051000000.0,-5000000.0,5619000000.0,5619000000.0,5619000000.0,0.0,0.0,0.043,22741000000.0,10274000000.0,21287000000.0,0.243,2.99,17.267,17.49,4418000000.0,0.0,101.09,0.744,0.753,9750000000.0,33836000000.0,130474000000.0,130474000000.0,0.0,0.066,0.172,0.362,0.079,364000000.0,21263000000.0,1.0,959791117.0,972000000,986000000.0,134.233,49773000000.0,556000000.0,4037000000.0,2065000000.0,51.207,-7067000000.0
27,UNH,MRT,2014-09-30,2014-09-30,2014-09-30,2021-08-03,-984000000.0,85426000000.0,84349000000.0,22963000000.0,62463000000.0,1.519,33.647,-1588000000.0,7233000000.0,7233000000.0,96281000000.0,5536000000.0,0.738,1.578,17517000000.0,2925000000.0,14592000000.0,17517000000.0,1691000000.0,1447000000.0,0.0,0.015,1.31,9961000000.0,11408000000.0,0.089,11408000000.0,9961000000.0,9318000000.0,5.64,5.56,5.64,32604000000.0,32559250000.0,32604000000.0,94137639000.0,9.0,8.252,5102000000.0,5.265,1.0,31877000000.0,0.249,35936000000.0,643000000.0,28644000000.0,28173250000.0,0.0,24180000000.0,4834000000.0,19346000000.0,51436000000.0,31130000000.0,20306000000.0,83802639000.0,-1053000000.0,-883000000.0,-3386000000.0,549000000.0,-1283000000.0,-5073000000.0,-2674000000.0,-210000000.0,6690000000.0,4000000.0,5536000000.0,5536000000.0,5536000000.0,0.0,0.0,0.043,21916000000.0,9961000000.0,20722000000.0,0.232,2.57,15.138,15.293,4309000000.0,0.0,86.25,0.654,0.652,9015000000.0,33578000000.0,128158000000.0,128158000000.0,0.0,0.066,0.17,0.354,0.078,345000000.0,20469000000.0,1.0,971624800.0,969000000,982000000.0,132.258,49490000000.0,520000000.0,3782000000.0,1901000000.0,51.073,-8167000000.0
28,UNH,MRT,2014-06-30,2014-06-30,2014-06-30,2021-08-03,-290000000.0,85466000000.0,83458250000.0,22851000000.0,62615000000.0,1.51,33.641,-1544000000.0,6412000000.0,6412000000.0,95009000000.0,5504000000.0,0.742,1.555,16747000000.0,2117000000.0,14630000000.0,16747000000.0,1482000000.0,1423000000.0,0.0,0.015,1.215,9689000000.0,11112000000.0,0.088,11112000000.0,9689000000.0,9020000000.0,5.55,5.46,5.55,32935000000.0,32412250000.0,32935000000.0,89354609691.0,9.0,8.041,5342000000.0,5.457,1.0,31014000000.0,0.246,36253000000.0,669000000.0,28772000000.0,27693000000.0,0.0,23942000000.0,4668000000.0,19274000000.0,51228000000.0,30776000000.0,20452000000.0,80103609691.0,-1242000000.0,-601000000.0,-3222000000.0,-108000000.0,-1201000000.0,-5201000000.0,-2949000000.0,-851000000.0,6886000000.0,22000000.0,5504000000.0,5504000000.0,5504000000.0,0.0,0.0,0.044,21325000000.0,9689000000.0,21930000000.0,0.219,2.432,14.554,14.73,4267000000.0,0.0,81.75,0.636,0.635,9424000000.0,33215000000.0,126023000000.0,126023000000.0,0.0,0.066,0.17,0.35,0.077,343000000.0,19902000000.0,1.0,979860669.0,979000000,991000000.0,128.726,49213000000.0,496000000.0,3516000000.0,2011000000.0,50.269,-7925000000.0
29,UNH,MRT,2014-03-31,2014-03-31,2014-03-31,2021-08-03,-573000000.0,84622000000.0,82142000000.0,22364000000.0,62258000000.0,1.508,33.112,-1337000000.0,7514000000.0,7514000000.0,93399000000.0,5532000000.0,0.728,1.561,16765000000.0,2241000000.0,14524000000.0,16765000000.0,1838000000.0,1399000000.0,0.0,0.014,1.12,9538000000.0,10937000000.0,0.088,10937000000.0,9538000000.0,8848000000.0,5.53,5.44,5.53,32549000000.0,32023750000.0,32549000000.0,90687839290.0,10.0,8.292,6009000000.0,6.113,1.0,30458000000.0,0.246,36017000000.0,690000000.0,27140000000.0,27316250000.0,0.0,24026000000.0,4649000000.0,19377000000.0,50805000000.0,30716000000.0,20089000000.0,81103839290.0,-2524000000.0,-428000000.0,-2840000000.0,-1299000000.0,-1116000000.0,-7022000000.0,-2788000000.0,-1118000000.0,7346000000.0,-60000000.0,5532000000.0,5532000000.0,5532000000.0,0.0,0.0,0.045,20920000000.0,9538000000.0,21390000000.0,0.203,2.492,14.661,14.826,4065000000.0,0.0,81.99,0.655,0.651,7826000000.0,33112000000.0,123857000000.0,123857000000.0,0.0,0.067,0.173,0.349,0.077,337000000.0,19521000000.0,1.0,989191844.0,983000000,996000000.0,125.999,48605000000.0,319000000.0,3316000000.0,1831000000.0,49.446,-8352000000.0
30,UNH,MRT,2013-12-31,2013-12-31,2013-12-31,2021-08-03,-908000000.0,81882000000.0,81768000000.0,20380000000.0,61502000000.0,1.498,31.957,-1307000000.0,7276000000.0,7276000000.0,92550000000.0,5673000000.0,0.731,1.51,16860000000.0,1969000000.0,14891000000.0,16860000000.0,1600000000.0,1375000000.0,0.0,0.014,1.052,9575000000.0,10950000000.0,0.089,10950000000.0,9575000000.0,8867000000.0,5.59,5.5,5.59,32149000000.0,31825750000.0,32149000000.0,84305891782.0,9.0,7.699,5684000000.0,5.65,1.0,29939000000.0,0.244,35448000000.0,708000000.0,28137000000.0,27490000000.0,0.0,24299000000.0,4694000000.0,19605000000.0,48558000000.0,27881000000.0,20677000000.0,75808891782.0,-1130000000.0,-362000000.0,-2572000000.0,152000000.0,-1056000000.0,-4946000000.0,-3089000000.0,-1611000000.0,6991000000.0,-86000000.0,5625000000.0,5625000000.0,5625000000.0,0.0,48000000.0,0.046,20316000000.0,9623000000.0,19033000000.0,0.188,2.358,13.477,13.47,4010000000.0,0.0,75.3,0.619,0.618,7050000000.0,33047000000.0,122489000000.0,122489000000.0,0.0,0.069,0.177,0.348,0.078,331000000.0,18941000000.0,1.0,1006758191.0,1006000000,1023000000.0,121.758,46434000000.0,430000000.0,3242000000.0,1796000000.0,46.157,-7501000000.0
31,UNH,MRT,2013-09-30,2013-09-30,2013-09-30,2021-08-03,-587000000.0,81863000000.0,81518750000.0,21194000000.0,60669000000.0,1.474,31.888,-1124000000.0,8286000000.0,8286000000.0,90313000000.0,5490000000.0,0.761,1.522,16783000000.0,1895000000.0,14888000000.0,16783000000.0,1525000000.0,1395000000.0,0.0,0.014,0.985,9224000000.0,10619000000.0,0.088,10619000000.0,9224000000.0,8519000000.0,5.37,5.29,5.37,32016000000.0,31583000000.0,32016000000.0,81780867236.0,9.0,7.701,6481000000.0,6.455,1.0,29828000000.0,0.248,35770000000.0,705000000.0,26723000000.0,26993000000.0,0.0,23910000000.0,5127000000.0,18783000000.0,48717000000.0,27867000000.0,20850000000.0,72805867236.0,-630000000.0,-4060000000.0,-1730000000.0,3324000000.0,-994000000.0,-1686000000.0,-6462000000.0,-1323000000.0,7605000000.0,-87000000.0,5442000000.0,5442000000.0,5442000000.0,0.0,48000000.0,0.045,20556000000.0,9272000000.0,18963000000.0,0.183,2.274,13.379,13.335,3829000000.0,0.0,71.61,0.606,0.598,6625000000.0,32593000000.0,120141000000.0,120141000000.0,0.0,0.067,0.172,0.342,0.077,347000000.0,19161000000.0,1.0,1016699724.0,1004000000,1024000000.0,119.662,46093000000.0,366000000.0,3077000000.0,1881000000.0,45.909,-6673000000.0
32,UNH,MRT,2013-06-30,2013-06-30,2013-06-30,2021-08-03,-535000000.0,80201000000.0,78978000000.0,20618000000.0,59583000000.0,1.479,31.101,-1084000000.0,7654000000.0,7654000000.0,87636000000.0,5477000000.0,0.781,1.531,16629000000.0,1086000000.0,15543000000.0,16629000000.0,1242000000.0,1363000000.0,0.0,0.014,0.918,9203000000.0,10566000000.0,0.09,10566000000.0,9203000000.0,8518000000.0,5.33,5.26,5.33,31381000000.0,31134750000.0,31381000000.0,74801060783.0,8.0,7.079,2827000000.0,2.802,1.0,29183000000.0,0.25,35506000000.0,685000000.0,27265000000.0,25697500000.0,0.0,23032000000.0,5056000000.0,17976000000.0,48051000000.0,26405000000.0,21646000000.0,66790060783.0,-3924000000.0,-4160000000.0,-1627000000.0,3849000000.0,-931000000.0,-1477000000.0,-6264000000.0,-1065000000.0,3911000000.0,-94000000.0,5429000000.0,5429000000.0,5429000000.0,0.0,48000000.0,0.046,19932000000.0,9251000000.0,18901000000.0,0.172,2.128,12.302,12.285,3785000000.0,0.0,65.48,0.572,0.566,6694000000.0,31906000000.0,116819000000.0,116819000000.0,0.0,0.069,0.174,0.358,0.079,355000000.0,18569000000.0,1.0,1020007037.0,1009000000,1026000000.0,115.777,44695000000.0,366000000.0,3089000000.0,2076000000.0,44.296,-5787000000.0
33,UNH,MRT,2013-03-31,2013-03-31,2013-03-31,2021-08-03,388000000.0,83126000000.0,77294000000.0,22717000000.0,60409000000.0,1.471,31.257,-1124000000.0,10038000000.0,10038000000.0,85427000000.0,5378000000.0,0.836,1.549,18049000000.0,2390000000.0,15659000000.0,18049000000.0,1386000000.0,1349000000.0,0.0,0.015,0.85,9028000000.0,10377000000.0,0.091,10377000000.0,9028000000.0,8366000000.0,5.21,5.13,5.21,31757000000.0,30633250000.0,31757000000.0,66983977786.0,7.0,6.455,3498000000.0,3.443,1.0,28249000000.0,0.249,36119000000.0,662000000.0,27835000000.0,23268500000.0,0.0,23676000000.0,5678000000.0,17998000000.0,49181000000.0,27183000000.0,21998000000.0,58635977786.0,-1623000000.0,-4624000000.0,-1699000000.0,4863000000.0,-868000000.0,930000000.0,-7155000000.0,-1452000000.0,4622000000.0,-20000000.0,5330000000.0,5330000000.0,5330000000.0,0.0,48000000.0,0.047,19173000000.0,9076000000.0,18285000000.0,0.163,1.846,11.001,10.981,3945000000.0,0.0,57.21,0.516,0.511,5799000000.0,31359000000.0,113676000000.0,113676000000.0,0.0,0.069,0.174,0.388,0.079,380000000.0,17824000000.0,1.0,1024925324.0,1016000000,1029000000.0,111.886,47007000000.0,336000000.0,3036000000.0,2321000000.0,46.267,-4466000000.0
34,UNH,MRT,2012-12-31,2012-12-31,2012-12-31,2021-08-03,438000000.0,80885000000.0,74685000000.0,21052000000.0,59833000000.0,1.481,30.358,-1070000000.0,8406000000.0,8406000000.0,82749000000.0,5526000000.0,0.776,1.526,16754000000.0,2713000000.0,14041000000.0,16754000000.0,1505000000.0,1309000000.0,0.0,0.015,0.8,9254000000.0,10563000000.0,0.095,10563000000.0,9254000000.0,8622000000.0,5.38,5.28,5.38,31178000000.0,29908000000.0,31178000000.0,59487759980.0,6.0,5.632,6085000000.0,5.925,1.0,27869000000.0,0.252,35968000000.0,632000000.0,26149000000.0,20700750000.0,0.0,23515000000.0,5804000000.0,17711000000.0,47586000000.0,27116000000.0,20470000000.0,55405759980.0,-1023000000.0,-6280000000.0,-2006000000.0,4567000000.0,-820000000.0,471000000.0,-8649000000.0,-1299000000.0,7155000000.0,0.0,5526000000.0,5526000000.0,5526000000.0,0.0,0.0,0.05,18615000000.0,9254000000.0,17988000000.0,0.149,1.777,10.026,10.082,3939000000.0,0.0,54.24,0.501,0.504,5598000000.0,30664000000.0,110618000000.0,110618000000.0,0.0,0.074,0.185,0.447,0.084,421000000.0,17306000000.0,1.0,1021492625.0,1027000000,1046000000.0,107.71,44917000000.0,463000000.0,3096000000.0,2450000000.0,43.736,-6064000000.0
35,UNH,MRT,2012-09-30,2012-09-30,2012-09-30,2021-08-03,575000000.0,71700000000.0,71436000000.0,20331000000.0,51369000000.0,1.509,29.572,-998000000.0,8916000000.0,8916000000.0,80548000000.0,5540000000.0,0.818,1.372,12998000000.0,1852000000.0,11146000000.0,12998000000.0,1186000000.0,1229000000.0,0.0,0.014,0.75,9227000000.0,10456000000.0,0.097,10456000000.0,9227000000.0,8629000000.0,5.35,5.25,5.35,30223000000.0,29186500000.0,30223000000.0,58261222338.0,6.0,5.572,4060000000.0,3.973,1.0,27217000000.0,0.253,29388000000.0,598000000.0,21541000000.0,19015000000.0,0.0,23002000000.0,5775000000.0,17227000000.0,41477000000.0,24853000000.0,16624000000.0,57222222338.0,-4763000000.0,-2916000000.0,-2916000000.0,1217000000.0,-773000000.0,-4112000000.0,-5709000000.0,-1795000000.0,5058000000.0,0.0,5540000000.0,5540000000.0,5540000000.0,0.0,0.0,0.051,17990000000.0,9227000000.0,16972000000.0,0.14,1.893,10.329,10.357,2619000000.0,0.0,55.41,0.531,0.525,4548000000.0,29638000000.0,107765000000.0,107765000000.0,0.0,0.078,0.19,0.485,0.086,414000000.0,16761000000.0,1.0,1032705691.0,1022000000,1039000000.0,105.445,42312000000.0,414000000.0,3089000000.0,3033000000.0,41.401,-4522000000.0
36,UNH,MRT,2012-06-30,2012-06-30,2012-06-30,2021-08-03,469000000.0,73465000000.0,71238500000.0,22727000000.0,50738000000.0,1.484,28.575,-967000000.0,11578000000.0,11578000000.0,79467000000.0,5254000000.0,0.823,1.501,12617000000.0,1461000000.0,11156000000.0,12617000000.0,3853000000.0,1206000000.0,0.0,0.012,0.7,8687000000.0,9893000000.0,0.094,9893000000.0,8687000000.0,8118000000.0,5.02,4.92,5.02,29375000000.0,28598750000.0,29375000000.0,61883735670.0,7.0,6.255,9353000000.0,9.098,1.0,26276000000.0,0.248,29332000000.0,569000000.0,17549000000.0,17118250000.0,0.0,22178000000.0,5480000000.0,16698000000.0,44090000000.0,27623000000.0,16467000000.0,60690735670.0,1803000000.0,-3414000000.0,-2982000000.0,1193000000.0,-728000000.0,-2500000000.0,-6017000000.0,-1636000000.0,10320000000.0,0.0,5254000000.0,5254000000.0,5254000000.0,0.0,0.0,0.05,17589000000.0,8687000000.0,16951000000.0,0.139,2.066,11.551,11.653,2589000000.0,0.0,58.5,0.574,0.569,4535000000.0,28896000000.0,105743000000.0,105743000000.0,0.0,0.074,0.184,0.507,0.082,425000000.0,16383000000.0,1.0,1037448473.0,1028000000,1049000000.0,102.863,44133000000.0,461000000.0,2864000000.0,2870000000.0,42.931,-4896000000.0
37,UNH,MRT,2012-03-31,2012-03-31,2012-03-31,2021-08-03,458000000.0,72690000000.0,69401000000.0,22690000000.0,50000000000.0,1.494,27.773,-1074000000.0,11661000000.0,11661000000.0,77966000000.0,5184000000.0,0.826,1.519,12854000000.0,1771000000.0,11083000000.0,12854000000.0,3816000000.0,1150000000.0,0.0,0.011,0.65,8560000000.0,9710000000.0,0.094,9710000000.0,8560000000.0,8025000000.0,4.9,4.81,4.9,28856000000.0,28095750000.0,28856000000.0,63799186942.0,7.0,6.57,8256000000.0,7.946,1.0,25746000000.0,0.248,28857000000.0,535000000.0,17564000000.0,16930000000.0,0.0,21725000000.0,5233000000.0,16492000000.0,43834000000.0,27462000000.0,16372000000.0,61590186942.0,1871000000.0,-2853000000.0,-2823000000.0,970000000.0,-684000000.0,-2226000000.0,-5233000000.0,-1306000000.0,9330000000.0,0.0,5184000000.0,5184000000.0,5184000000.0,0.0,0.0,0.05,17186000000.0,8560000000.0,16418000000.0,0.133,2.134,11.881,12.029,2560000000.0,0.0,58.94,0.594,0.59,4666000000.0,28388000000.0,103712000000.0,103712000000.0,0.0,0.075,0.185,0.506,0.083,418000000.0,16036000000.0,1.0,1044964149.0,1039000000,1060000000.0,99.819,43833000000.0,432000000.0,2841000000.0,2845000000.0,42.188,-4772000000.0
38,UNH,MRT,2011-12-31,2011-12-31,2011-12-31,2021-08-03,461000000.0,67889000000.0,67562250000.0,20350000000.0,47539000000.0,1.508,26.441,-1018000000.0,9429000000.0,9429000000.0,76717000000.0,5142000000.0,0.851,1.4,11638000000.0,982000000.0,10656000000.0,11638000000.0,1225000000.0,1124000000.0,0.0,0.012,0.613,8464000000.0,9588000000.0,0.094,9588000000.0,8464000000.0,7959000000.0,4.81,4.73,4.81,28292000000.0,27524500000.0,28292000000.0,52266222716.0,6.0,5.451,5950000000.0,5.561,1.0,25145000000.0,0.247,26770000000.0,505000000.0,19406000000.0,16633250000.0,0.0,21451000000.0,5285000000.0,16166000000.0,39597000000.0,23922000000.0,15675000000.0,54026222716.0,306000000.0,-1459000000.0,-2613000000.0,346000000.0,-651000000.0,-2490000000.0,-4172000000.0,-1695000000.0,6968000000.0,0.0,5142000000.0,5142000000.0,5142000000.0,0.0,0.0,0.05,16681000000.0,8464000000.0,16652000000.0,0.127,1.91,10.507,10.536,2515000000.0,0.0,50.68,0.53,0.532,4549000000.0,27821000000.0,101862000000.0,101862000000.0,0.0,0.076,0.187,0.509,0.083,401000000.0,15557000000.0,1.0,1066026494.0,1070000000,1087000000.0,95.198,41119000000.0,472000000.0,2817000000.0,1351000000.0,38.429,-3572000000.0
39,UNH,MRT,2011-09-30,2011-09-30,2011-09-30,2021-08-03,397000000.0,70910000000.0,66355750000.0,24508000000.0,46402000000.0,1.507,26.171,-1136000000.0,13679000000.0,13679000000.0,75294000000.0,4927000000.0,0.856,1.544,11919000000.0,2364000000.0,9555000000.0,11919000000.0,3631000000.0,1154000000.0,0.0,0.012,0.575,8192000000.0,9346000000.0,0.093,9346000000.0,8192000000.0,7708000000.0,4.57,4.5,4.57,27872000000.0,26907750000.0,27872000000.0,50988472128.0,6.0,5.456,7688000000.0,7.219,1.0,24682000000.0,0.247,26578000000.0,484000000.0,13954000000.0,15713500000.0,0.0,20693000000.0,5295000000.0,15398000000.0,43038000000.0,28618000000.0,14420000000.0,49632472128.0,4102000000.0,-1325000000.0,-2325000000.0,1030000000.0,-617000000.0,-94000000.0,-4628000000.0,-2167000000.0,8824000000.0,0.0,4927000000.0,4927000000.0,4927000000.0,0.0,0.0,0.049,16490000000.0,8192000000.0,16091000000.0,0.126,1.781,10.074,10.092,2388000000.0,0.0,46.12,0.496,0.491,4376000000.0,27464000000.0,99976000000.0,99976000000.0,0.0,0.074,0.183,0.521,0.082,392000000.0,15336000000.0,1.0,1076159413.0,1065000000,1083000000.0,93.874,44332000000.0,492000000.0,2781000000.0,2422000000.0,41.626,-4110000000.0
40,UNH,MRT,2011-06-30,2011-06-30,2011-06-30,2021-08-03,332000000.0,66115000000.0,64384000000.0,20429000000.0,45686000000.0,1.528,25.454,-1051000000.0,9775000000.0,9775000000.0,74005000000.0,4933000000.0,0.838,1.416,11131000000.0,1689000000.0,9442000000.0,11131000000.0,1474000000.0,1107000000.0,0.0,0.01,0.537,8267000000.0,9374000000.0,0.095,9374000000.0,8267000000.0,7793000000.0,4.53,4.47,4.53,27363000000.0,26342500000.0,27363000000.0,57738707952.0,7.0,6.159,5713000000.0,5.314,1.0,24359000000.0,0.248,26301000000.0,474000000.0,16796000000.0,15761500000.0,0.0,19977000000.0,5042000000.0,14935000000.0,38752000000.0,24374000000.0,14378000000.0,55883707952.0,-208000000.0,-2588000000.0,-2140000000.0,622000000.0,-584000000.0,-893000000.0,-6079000000.0,-2440000000.0,6764000000.0,0.0,4933000000.0,4933000000.0,4933000000.0,0.0,0.0,0.05,16092000000.0,8267000000.0,15894000000.0,0.119,2.042,11.329,11.386,2302000000.0,0.0,51.58,0.568,0.564,4812000000.0,27020000000.0,98364000000.0,98364000000.0,0.0,0.077,0.187,0.525,0.084,377000000.0,14985000000.0,1.0,1083437533.0,1075000000,1094000000.0,91.501,39814000000.0,153000000.0,2860000000.0,2488000000.0,37.036,-3945000000.0
41,UNH,MRT,2011-03-31,2011-03-31,2011-03-31,2021-08-03,207000000.0,65335000000.0,62961250000.0,19818000000.0,45517000000.0,1.531,24.467,-959000000.0,9790000000.0,9790000000.0,72628000000.0,4789000000.0,0.808,1.459,11645000000.0,2286000000.0,9359000000.0,11645000000.0,1382000000.0,1086000000.0,0.0,0.012,0.53,8069000000.0,9155000000.0,0.095,9155000000.0,8069000000.0,7595000000.0,4.35,4.3,4.35,26571000000.0,25709000000.0,26571000000.0,51453997231.0,6.0,5.62,5333000000.0,4.911,1.0,23766000000.0,0.247,26286000000.0,474000000.0,16377000000.0,15264500000.0,0.0,19762000000.0,4830000000.0,14932000000.0,38764000000.0,24527000000.0,14237000000.0,49434997231.0,-130000000.0,-2767000000.0,-2238000000.0,1280000000.0,-584000000.0,-329000000.0,-6093000000.0,-2367000000.0,6292000000.0,0.0,4789000000.0,4789000000.0,4789000000.0,0.0,0.0,0.05,15697000000.0,8069000000.0,15925000000.0,0.122,1.86,10.323,10.391,2189000000.0,0.0,45.2,0.513,0.509,4322000000.0,26353000000.0,96394000000.0,96394000000.0,0.0,0.076,0.186,0.529,0.084,349000000.0,14611000000.0,1.0,1093694629.0,1086000000,1099000000.0,88.761,39049000000.0,235000000.0,2806000000.0,2436000000.0,35.957,-4709000000.0
42,UNH,MRT,2010-12-31,2010-12-31,2010-12-31,2021-08-03,252000000.0,63063000000.0,61512750000.0,18393000000.0,44670000000.0,1.531,23.058,-878000000.0,9123000000.0,9123000000.0,70957000000.0,4634000000.0,0.776,1.442,11142000000.0,2480000000.0,8662000000.0,11142000000.0,1533000000.0,1064000000.0,0.0,0.011,0.405,7864000000.0,8928000000.0,0.095,8928000000.0,7864000000.0,7383000000.0,4.14,4.1,4.14,25825000000.0,25146000000.0,25825000000.0,41146770244.0,5.0,4.609,5395000000.0,4.817,1.0,23198000000.0,0.246,25655000000.0,481000000.0,15727000000.0,14689000000.0,0.0,19329000000.0,4622000000.0,14707000000.0,37238000000.0,23700000000.0,13538000000.0,39718770244.0,-677000000.0,-2304000000.0,-2245000000.0,89000000.0,-449000000.0,-1611000000.0,-5339000000.0,-2157000000.0,6273000000.0,0.0,4634000000.0,4634000000.0,4634000000.0,0.0,0.0,0.049,15334000000.0,7864000000.0,15708000000.0,0.098,1.538,8.571,8.722,2200000000.0,0.0,36.11,0.422,0.43,3704000000.0,25562000000.0,94155000000.0,94155000000.0,0.0,0.075,0.184,0.535,0.084,326000000.0,14270000000.0,1.0,1099938251.0,1120000000,1131000000.0,84.067,37408000000.0,403000000.0,2749000000.0,2515000000.0,33.4,-5307000000.0
43,UNH,MRT,2010-09-30,2010-09-30,2010-09-30,2021-08-03,491000000.0,63023000000.0,60508250000.0,18256000000.0,44767000000.0,1.519,22.97,-804000000.0,9577000000.0,9577000000.0,69674000000.0,4535000000.0,0.747,1.461,11005000000.0,2929000000.0,8076000000.0,11005000000.0,1110000000.0,1002000000.0,0.0,0.008,0.28,7637000000.0,8639000000.0,0.094,8639000000.0,7637000000.0,7130000000.0,4.01,3.97,4.01,25611000000.0,24591250000.0,25611000000.0,40202043652.0,5.0,4.654,5308000000.0,4.761,1.0,22235000000.0,0.242,25863000000.0,507000000.0,14146000000.0,14544000000.0,0.0,18683000000.0,3934000000.0,14749000000.0,37412000000.0,24442000000.0,12970000000.0,39473043652.0,42000000.0,-2156000000.0,-1901000000.0,-165000000.0,-313000000.0,-1574000000.0,-4496000000.0,-1536000000.0,6112000000.0,0.0,4535000000.0,4535000000.0,4535000000.0,0.0,0.0,0.049,14598000000.0,7637000000.0,16329000000.0,0.07,1.541,8.704,8.756,2033000000.0,0.0,35.11,0.429,0.426,3790000000.0,25109000000.0,91909000000.0,91909000000.0,0.0,0.075,0.184,0.525,0.083,325000000.0,13596000000.0,1.0,1124267834.0,1115000000,1124000000.0,82.43,37160000000.0,505000000.0,2595000000.0,0.0,33.327,-6186000000.0
44,UNH,MRT,2010-06-30,2010-06-30,2010-06-30,2021-08-03,353000000.0,60424000000.0,59114750000.0,18982000000.0,41442000000.0,1.521,22.031,-771000000.0,9983000000.0,9983000000.0,68559000000.0,4293000000.0,0.822,1.434,10712000000.0,2676000000.0,8036000000.0,10712000000.0,992000000.0,1005000000.0,0.0,0.005,0.155,7168000000.0,8173000000.0,0.091,8173000000.0,7168000000.0,6643000000.0,3.76,3.72,3.76,24829000000.0,23913000000.0,24829000000.0,32884720747.0,5.0,4.024,5178000000.0,4.594,1.0,21377000000.0,0.238,23242000000.0,525000000.0,14808000000.0,15174250000.0,0.0,17550000000.0,3531000000.0,14019000000.0,35595000000.0,23103000000.0,12492000000.0,32281720747.0,2736000000.0,-251000000.0,-1333000000.0,-974000000.0,-174000000.0,-1909000000.0,-1304000000.0,-282000000.0,5949000000.0,0.0,4293000000.0,4293000000.0,4293000000.0,0.0,0.0,0.048,14209000000.0,7168000000.0,15544000000.0,0.041,1.3,7.52,7.553,2069000000.0,0.0,28.4,0.359,0.356,4576000000.0,24465000000.0,89936000000.0,89936000000.0,0.0,0.073,0.18,0.472,0.08,321000000.0,13204000000.0,1.0,1136680308.0,1127000000,1135000000.0,79.801,37182000000.0,391000000.0,2350000000.0,0.0,32.992,-4121000000.0
45,UNH,MRT,2010-03-31,2010-03-31,2010-03-31,2021-08-03,252000000.0,59541000000.0,57981250000.0,18379000000.0,41162000000.0,1.523,21.239,-711000000.0,9920000000.0,9920000000.0,67733000000.0,4029000000.0,0.801,1.448,10523000000.0,2522000000.0,8001000000.0,10523000000.0,1144000000.0,1005000000.0,0.0,0.0,0.0,6707000000.0,7712000000.0,0.087,7712000000.0,6707000000.0,6162000000.0,3.49,3.46,3.49,24319000000.0,23092000000.0,24319000000.0,39189615492.0,6.0,5.082,5007000000.0,4.373,1.0,20594000000.0,0.233,23127000000.0,545000000.0,14075000000.0,15961000000.0,0.0,17391000000.0,3556000000.0,13835000000.0,35222000000.0,22942000000.0,12280000000.0,37816615492.0,2033000000.0,-564000000.0,-1534000000.0,-1123000000.0,-36000000.0,-2282000000.0,-1403000000.0,-128000000.0,5718000000.0,0.0,4029000000.0,4029000000.0,4029000000.0,0.0,0.0,0.046,13887000000.0,6707000000.0,15666000000.0,0.0,1.555,9.386,9.361,2070000000.0,0.0,32.67,0.428,0.424,3973000000.0,24056000000.0,88327000000.0,88327000000.0,0.0,0.069,0.174,0.42,0.076,339000000.0,12882000000.0,1.0,1157533379.0,1145000000,1156000000.0,77.141,36414000000.0,335000000.0,2133000000.0,0.0,31.803,-4563000000.0
46,UNH,MRT,2009-12-31,2009-12-31,2009-12-31,2021-08-03,253000000.0,59045000000.0,57117250000.0,18200000000.0,40845000000.0,1.526,20.211,-739000000.0,9800000000.0,9800000000.0,67054000000.0,3822000000.0,0.821,1.501,11173000000.0,2164000000.0,9009000000.0,11173000000.0,1217000000.0,991000000.0,0.0,0.001,0.03,6359000000.0,7350000000.0,0.084,7350000000.0,6359000000.0,5808000000.0,3.27,3.24,3.27,23606000000.0,22356000000.0,23606000000.0,37073267309.0,6.0,5.044,4886000000.0,4.183,1.0,20084000000.0,0.23,23108000000.0,551000000.0,15147000000.0,16944250000.0,0.0,16933000000.0,3622000000.0,13311000000.0,35439000000.0,22163000000.0,13276000000.0,35418267309.0,2374000000.0,-486000000.0,-1519000000.0,-1427000000.0,-36000000.0,-2275000000.0,-976000000.0,249000000.0,5625000000.0,0.0,3822000000.0,3822000000.0,3822000000.0,0.0,0.0,0.044,13725000000.0,6359000000.0,15645000000.0,0.009,1.5,9.267,9.321,2140000000.0,0.0,30.48,0.406,0.409,3792000000.0,23342000000.0,87138000000.0,87138000000.0,0.0,0.067,0.171,0.375,0.073,334000000.0,12734000000.0,1.0,1162016644.0,1168000000,1179000000.0,74.604,35937000000.0,448000000.0,1986000000.0,1942000000.0,30.768,-3963000000.0
47,UNH,MRT,2009-09-30,2009-09-30,2009-09-30,2021-08-03,329000000.0,57449000000.0,56309750000.0,17304000000.0,40145000000.0,1.524,19.859,-491000000.0,9535000000.0,9535000000.0,65946000000.0,3604000000.0,0.876,1.509,11190000000.0,500000000.0,10690000000.0,11190000000.0,1051000000.0,992000000.0,0.0,0.001,0.03,6063000000.0,7055000000.0,0.082,7055000000.0,6063000000.0,5501000000.0,3.05,3.03,3.05,22898000000.0,21649500000.0,22898000000.0,33579020914.0,6.0,4.76,5455000000.0,4.731,1.0,19862000000.0,0.231,22692000000.0,562000000.0,16667000000.0,17908750000.0,0.0,16536000000.0,3305000000.0,13231000000.0,34551000000.0,19745000000.0,14806000000.0,29107020914.0,3454000000.0,-455000000.0,-1377000000.0,-947000000.0,-36000000.0,-2656000000.0,164000000.0,1110000000.0,5946000000.0,0.0,3604000000.0,3604000000.0,3604000000.0,0.0,0.0,0.042,13799000000.0,6063000000.0,15349000000.0,0.01,1.271,8.076,8.21,2054000000.0,0.0,25.04,0.339,0.336,3574000000.0,22476000000.0,85808000000.0,85808000000.0,0.0,0.064,0.166,0.339,0.071,333000000.0,12807000000.0,1.0,1162420963.0,1153000000,1164000000.0,74.422,34757000000.0,415000000.0,1897000000.0,1809000000.0,30.145,-2441000000.0
48,UNH,MRT,2009-06-30,2009-06-30,2009-06-30,2021-08-03,94000000.0,55890000000.0,55374250000.0,15684000000.0,40206000000.0,1.522,18.415,-502000000.0,7247000000.0,7247000000.0,64663000000.0,3489000000.0,0.798,1.594,11719000000.0,1012000000.0,10707000000.0,11719000000.0,976000000.0,996000000.0,0.0,0.001,0.03,5985000000.0,6981000000.0,0.083,6981000000.0,5985000000.0,5394000000.0,2.91,2.89,2.91,21545000000.0,20896250000.0,21545000000.0,33563977985.0,6.0,4.808,4460000000.0,3.812,1.0,19606000000.0,0.233,22755000000.0,591000000.0,17955000000.0,18327000000.0,0.0,16295000000.0,3132000000.0,13163000000.0,34345000000.0,19652000000.0,14693000000.0,29713977985.0,1974000000.0,-501000000.0,-1748000000.0,-831000000.0,-36000000.0,-2496000000.0,-492000000.0,511000000.0,4962000000.0,0.0,3489000000.0,3489000000.0,3489000000.0,0.0,0.0,0.041,13621000000.0,5985000000.0,14810000000.0,0.01,1.379,8.516,8.584,2080000000.0,0.0,24.98,0.353,0.347,4226000000.0,21440000000.0,84269000000.0,84269000000.0,0.0,0.063,0.167,0.327,0.071,338000000.0,12625000000.0,1.0,1189510728.0,1170000000,1180000000.0,72.025,33135000000.0,321000000.0,1905000000.0,1690000000.0,28.321,-3968000000.0
49,UNH,MRT,2009-03-31,2009-03-31,2009-03-31,2021-08-03,6000000.0,56085000000.0,54943750000.0,16123000000.0,39962000000.0,1.509,17.842,-554000000.0,7887000000.0,7887000000.0,63344000000.0,2967000000.0,0.825,1.624,11737000000.0,514000000.0,11223000000.0,11737000000.0,1078000000.0,990000000.0,0.0,0.001,0.03,5218000000.0,6208000000.0,0.075,6208000000.0,5218000000.0,4602000000.0,2.46,2.43,2.46,21375000000.0,20361000000.0,21375000000.0,30810836706.0,6.0,4.963,4516000000.0,3.77,1.0,19542000000.0,0.236,22378000000.0,616000000.0,18008000000.0,18716750000.0,0.0,16395000000.0,3145000000.0,13250000000.0,34710000000.0,19549000000.0,15161000000.0,25442836706.0,1612000000.0,-548000000.0,-1504000000.0,-626000000.0,-37000000.0,-2000000000.0,-1458000000.0,-356000000.0,5070000000.0,0.0,2967000000.0,2967000000.0,2967000000.0,0.0,0.0,0.036,14324000000.0,5218000000.0,14969000000.0,0.012,1.19,8.575,8.508,2106000000.0,0.0,20.93,0.307,0.303,4188000000.0,21357000000.0,82886000000.0,82886000000.0,0.0,0.054,0.146,0.279,0.063,328000000.0,13334000000.0,1.0,1215615705.0,1198000000,1210000000.0,69.187,33707000000.0,403000000.0,1635000000.0,1647000000.0,28.136,-3426000000.0
50,UNH,MRT,2008-12-31,2008-12-31,2008-12-31,2021-08-03,-52000000.0,55815000000.0,54308250000.0,14990000000.0,40825000000.0,1.495,17.117,-606000000.0,7426000000.0,7426000000.0,61839000000.0,2977000000.0,0.759,1.686,12794000000.0,1456000000.0,11338000000.0,12794000000.0,1133000000.0,981000000.0,0.0,0.001,0.03,5263000000.0,6244000000.0,0.077,6244000000.0,5263000000.0,4624000000.0,2.45,2.4,2.45,20780000000.0,19957000000.0,20780000000.0,38860735998.0,7.0,6.224,3632000000.0,2.992,1.0,19347000000.0,0.238,22417000000.0,639000000.0,19005000000.0,19200750000.0,0.0,16348000000.0,2982000000.0,13366000000.0,35035000000.0,19761000000.0,15274000000.0,32127735998.0,-1439000000.0,-3813000000.0,-2385000000.0,2359000000.0,-37000000.0,-605000000.0,-5072000000.0,-653000000.0,4238000000.0,0.0,2977000000.0,2977000000.0,2977000000.0,0.0,0.0,0.037,14084000000.0,5263000000.0,14349000000.0,0.012,1.546,10.792,10.857,2181000000.0,0.0,26.6,0.396,0.398,3644000000.0,20782000000.0,81186000000.0,81186000000.0,0.0,0.055,0.149,0.274,0.065,305000000.0,13103000000.0,1.0,1207809624.0,1214000000,1241000000.0,66.875,33398000000.0,424000000.0,1647000000.0,0.0,27.511,-4771000000.0
51,UNH,MRT,2008-09-30,2008-09-30,2008-09-30,2021-08-03,-182000000.0,53707000000.0,53079250000.0,12959000000.0,40748000000.0,1.497,16.516,-783000000.0,6081000000.0,6081000000.0,60171000000.0,3467000000.0,0.66,1.701,12814000000.0,1938000000.0,10876000000.0,12814000000.0,1441000000.0,929000000.0,0.0,0.001,0.03,6022000000.0,6951000000.0,0.088,6951000000.0,6022000000.0,5385000000.0,2.8,2.72,2.8,19885000000.0,19777750000.0,19885000000.0,38794087417.0,6.0,5.581,2924000000.0,2.429,1.0,19266000000.0,0.243,22467000000.0,637000000.0,18340000000.0,18439500000.0,0.0,16426000000.0,2837000000.0,13589000000.0,33822000000.0,19633000000.0,14189000000.0,30916087417.0,-4269000000.0,-3817000000.0,-4321000000.0,4516000000.0,-37000000.0,-786000000.0,-7190000000.0,-2590000000.0,3707000000.0,0.0,3467000000.0,3467000000.0,3467000000.0,0.0,0.0,0.044,13244000000.0,6022000000.0,13096000000.0,0.011,1.555,8.917,9.068,2246000000.0,0.0,25.39,0.389,0.385,1873000000.0,20055000000.0,79437000000.0,79437000000.0,0.0,0.065,0.175,0.327,0.076,291000000.0,12315000000.0,1.0,1217648185.0,1204000000,1227000000.0,65.978,31240000000.0,354000000.0,1918000000.0,1449000000.0,25.947,-6674000000.0
52,UNH,MRT,2008-06-30,2008-06-30,2008-06-30,2021-08-03,-35000000.0,54168000000.0,52262750000.0,13255000000.0,40913000000.0,1.492,15.957,-823000000.0,5273000000.0,5273000000.0,58547000000.0,3830000000.0,0.663,1.792,13151000000.0,1929000000.0,11222000000.0,13151000000.0,1410000000.0,877000000.0,0.0,0.001,0.03,6579000000.0,7456000000.0,0.096,7456000000.0,6579000000.0,5966000000.0,3.02,2.92,3.02,19404000000.0,19972750000.0,19404000000.0,39200478084.0,6.0,5.258,1643000000.0,1.351,1.0,19413000000.0,0.249,22545000000.0,613000000.0,19514000000.0,16330250000.0,0.0,16611000000.0,2911000000.0,13700000000.0,34764000000.0,19987000000.0,14777000000.0,32253478084.0,-7759000000.0,-3831000000.0,-5829000000.0,4666000000.0,-37000000.0,-2883000000.0,-7342000000.0,-2688000000.0,2466000000.0,0.0,3830000000.0,3830000000.0,3830000000.0,0.0,0.0,0.049,12834000000.0,6579000000.0,13278000000.0,0.01,1.662,8.421,8.692,2257000000.0,0.0,26.25,0.414,0.409,2350000000.0,19427000000.0,77960000000.0,77960000000.0,0.0,0.073,0.192,0.403,0.084,302000000.0,11957000000.0,1.0,1228703927.0,1216000000,1245000000.0,64.112,31623000000.0,380000000.0,2136000000.0,1695000000.0,26.006,-6732000000.0
53,UNH,MRT,2008-03-31,2008-03-31,2008-03-31,2021-08-03,126000000.0,53543000000.0,52009250000.0,13767000000.0,39776000000.0,1.475,15.935,-859000000.0,6275000000.0,6275000000.0,57062000000.0,4721000000.0,0.733,1.71,13222000000.0,1727000000.0,11495000000.0,13222000000.0,1483000000.0,830000000.0,0.0,0.001,0.03,7980000000.0,8810000000.0,0.115,8810000000.0,7980000000.0,7398000000.0,3.67,3.54,3.67,19759000000.0,20388000000.0,19759000000.0,45141509538.0,6.0,5.124,2710000000.0,2.185,1.0,19626000000.0,0.256,21763000000.0,582000000.0,19944000000.0,13417250000.0,0.0,16196000000.0,2851000000.0,13345000000.0,33784000000.0,18783000000.0,15001000000.0,42997509538.0,-5784000000.0,-3527000000.0,-6516000000.0,5835000000.0,-40000000.0,-2248000000.0,-7105000000.0,-2719000000.0,3569000000.0,0.0,4721000000.0,4721000000.0,4721000000.0,0.0,0.0,0.062,11646000000.0,7980000000.0,12268000000.0,0.008,2.176,9.108,9.362,2203000000.0,0.0,34.36,0.561,0.556,1934000000.0,19621000000.0,76688000000.0,76688000000.0,0.0,0.091,0.232,0.595,0.104,317000000.0,10816000000.0,1.0,1251382699.0,1240000000,1278000000.0,61.845,31780000000.0,346000000.0,2677000000.0,1652000000.0,25.629,-5016000000.0
54,UNH,MRT,2007-12-31,2007-12-31,2007-12-31,2021-08-03,98000000.0,50899000000.0,51375750000.0,15544000000.0,35355000000.0,1.468,15.292,-871000000.0,8865000000.0,8865000000.0,56203000000.0,4654000000.0,0.841,1.537,11009000000.0,1946000000.0,9063000000.0,11009000000.0,1354000000.0,796000000.0,0.0,0.001,0.03,7849000000.0,8645000000.0,0.115,8645000000.0,7849000000.0,7305000000.0,3.55,3.42,3.55,20063000000.0,20715250000.0,20063000000.0,72980812802.0,9.0,8.442,5006000000.0,3.816,1.0,19228000000.0,0.255,18591000000.0,544000000.0,15960000000.0,9928250000.0,0.0,15631000000.0,2964000000.0,12667000000.0,30836000000.0,18492000000.0,12344000000.0,75203812802.0,-1455000000.0,-262000000.0,-5887000000.0,3579000000.0,-40000000.0,-3185000000.0,-4147000000.0,-3014000000.0,5877000000.0,0.0,4654000000.0,4654000000.0,4654000000.0,0.0,0.0,0.062,11379000000.0,7849000000.0,11985000000.0,0.008,3.748,16.159,16.394,2121000000.0,0.0,58.2,0.997,1.012,2900000000.0,18929000000.0,75431000000.0,75431000000.0,0.0,0.091,0.225,0.791,0.104,505000000.0,10583000000.0,1.0,1292161732.0,1312000000,1361000000.0,57.493,32308000000.0,386000000.0,2651000000.0,1432000000.0,24.625,-2948000000.0
55,UNH,MRT,2007-09-30,2007-09-30,2007-09-30,2021-08-03,22000000.0,50441000000.0,50731000000.0,16839000000.0,33602000000.0,1.476,15.847,-896000000.0,10350000000.0,10350000000.0,55855000000.0,4613000000.0,0.858,1.441,8127000000.0,1162000000.0,6965000000.0,8127000000.0,1209000000.0,766000000.0,0.0,0.001,0.03,7792000000.0,8558000000.0,0.114,8558000000.0,7792000000.0,7272000000.0,3.47,3.34,3.47,20665000000.0,20902000000.0,20665000000.0,59560876797.0,8.0,6.96,5511000000.0,4.226,1.0,18999000000.0,0.254,18686000000.0,520000000.0,9903000000.0,7996500000.0,0.0,13817000000.0,2871000000.0,10946000000.0,29776000000.0,19629000000.0,10147000000.0,64163876797.0,1098000000.0,-875000000.0,-3849000000.0,716000000.0,-40000000.0,-2384000000.0,-2925000000.0,-1154000000.0,6407000000.0,0.0,4613000000.0,4613000000.0,4613000000.0,0.0,0.0,0.062,11207000000.0,7792000000.0,12457000000.0,0.009,3.105,13.909,13.957,1999000000.0,0.0,48.43,0.857,0.844,1318000000.0,17714000000.0,74854000000.0,74854000000.0,0.0,0.091,0.221,0.974,0.104,572000000.0,10441000000.0,1.0,1324878728.0,1304000000,1348000000.0,57.403,31755000000.0,521000000.0,2659000000.0,1343000000.0,24.352,-2790000000.0
56,UNH,MRT,2007-06-30,2007-06-30,2007-06-30,2021-08-03,-62000000.0,53154000000.0,49726750000.0,19953000000.0,33201000000.0,1.491,15.886,-810000000.0,13032000000.0,13032000000.0,55669000000.0,4442000000.0,0.908,1.523,8429000000.0,1465000000.0,6964000000.0,8429000000.0,2834000000.0,732000000.0,0.0,0.001,0.03,7500000000.0,8232000000.0,0.111,8232000000.0,7500000000.0,6993000000.0,3.32,3.19,3.32,21065000000.0,20610750000.0,21065000000.0,63525103303.0,8.0,7.717,5395000000.0,4.069,1.0,18476000000.0,0.249,18726000000.0,507000000.0,7862000000.0,7473750000.0,0.0,13429000000.0,2872000000.0,10557000000.0,32089000000.0,21963000000.0,10126000000.0,68530103303.0,3560000000.0,-813000000.0,-1865000000.0,979000000.0,-40000000.0,208000000.0,-2853000000.0,-1230000000.0,6205000000.0,0.0,4442000000.0,4442000000.0,4442000000.0,0.0,0.0,0.06,10976000000.0,7500000000.0,12742000000.0,0.009,3.253,15.428,15.404,1953000000.0,0.0,51.14,0.924,0.915,1536000000.0,16430000000.0,74145000000.0,74145000000.0,0.0,0.089,0.216,1.004,0.101,570000000.0,10244000000.0,1.0,1340048950.0,1326000000,1377000000.0,55.916,34428000000.0,595000000.0,2551000000.0,1332000000.0,25.964,-2010000000.0
57,UNH,MRT,2007-03-31,2007-03-31,2007-03-31,2021-08-03,24000000.0,51009000000.0,48097500000.0,18407000000.0,32602000000.0,1.518,15.687,-729000000.0,12059000000.0,12059000000.0,55097000000.0,4195000000.0,0.865,1.421,7054000000.0,1581000000.0,5473000000.0,7054000000.0,2847000000.0,704000000.0,0.0,0.001,0.03,7093000000.0,7797000000.0,0.107,7797000000.0,7093000000.0,6603000000.0,3.12,3.0,3.12,21068000000.0,19854000000.0,21068000000.0,68874341471.0,10.0,8.833,5495000000.0,4.092,1.0,17911000000.0,0.245,18734000000.0,490000000.0,5988000000.0,7167750000.0,0.0,12744000000.0,2721000000.0,10023000000.0,29941000000.0,21282000000.0,8659000000.0,71738341471.0,4215000000.0,-670000000.0,-1107000000.0,-537000000.0,-41000000.0,-172000000.0,-1837000000.0,-438000000.0,6224000000.0,0.0,4195000000.0,4195000000.0,4195000000.0,0.0,0.0,0.057,10818000000.0,7093000000.0,12135000000.0,0.01,3.405,17.101,16.978,1884000000.0,0.0,52.97,0.983,0.974,1311000000.0,15243000000.0,73008000000.0,73008000000.0,0.0,0.087,0.211,0.99,0.097,574000000.0,10114000000.0,1.0,1354320209.0,1343000000,1399000000.0,54.362,32275000000.0,583000000.0,2408000000.0,1356000000.0,24.032,-2875000000.0
58,UNH,MRT,2006-12-31,2006-12-31,2006-12-31,2021-08-03,15000000.0,48320000000.0,46607250000.0,16044000000.0,32276000000.0,1.535,15.484,-676000000.0,10320000000.0,10320000000.0,53907000000.0,4159000000.0,0.867,1.322,7456000000.0,1483000000.0,5973000000.0,7456000000.0,1268000000.0,670000000.0,0.0,0.001,0.03,6984000000.0,7654000000.0,0.107,7654000000.0,6984000000.0,6528000000.0,3.09,2.97,3.09,20810000000.0,18967500000.0,20810000000.0,72058103999.0,10.0,9.414,5850000000.0,4.353,1.0,17635000000.0,0.246,18726000000.0,456000000.0,8233000000.0,7656000000.0,0.0,12232000000.0,2590000000.0,9642000000.0,27510000000.0,18497000000.0,9013000000.0,72374103999.0,4899000000.0,-670000000.0,-1948000000.0,577000000.0,-41000000.0,474000000.0,-2101000000.0,-755000000.0,6526000000.0,0.0,4159000000.0,4159000000.0,4159000000.0,0.0,0.0,0.058,10651000000.0,6984000000.0,11789000000.0,0.01,3.478,17.402,17.388,1894000000.0,0.0,53.73,1.012,1.009,1323000000.0,14376000000.0,71542000000.0,71542000000.0,0.0,0.089,0.219,0.912,0.098,404000000.0,9981000000.0,1.0,1346996166.0,1344000000,1402000000.0,53.231,29594000000.0,561000000.0,2369000000.0,1190000000.0,22.019,-2453000000.0
59,UNH,MRT,2006-09-30,2006-09-30,2006-09-30,2021-08-03,17000000.0,46424000000.0,44849250000.0,14996000000.0,31428000000.0,1.465,14.541,-608000000.0,9252000000.0,9252000000.0,49421000000.0,3762000000.0,0.831,1.381,7325000000.0,1447000000.0,5878000000.0,7325000000.0,1139000000.0,613000000.0,0.0,0.001,0.03,6300000000.0,6913000000.0,0.105,6913000000.0,6300000000.0,5898000000.0,2.83,2.71,2.83,19500000000.0,18218750000.0,19500000000.0,65956211367.0,10.0,9.541,4879000000.0,3.638,1.0,16279000000.0,0.248,18633000000.0,402000000.0,7812000000.0,7610500000.0,0.0,11730000000.0,2578000000.0,9152000000.0,26924000000.0,18052000000.0,8872000000.0,66272211367.0,4075000000.0,-363000000.0,-2080000000.0,2743000000.0,-41000000.0,2558000000.0,-3970000000.0,-2999000000.0,5487000000.0,0.0,3762000000.0,3762000000.0,3762000000.0,0.0,0.0,0.057,9979000000.0,6300000000.0,11897000000.0,0.011,3.399,17.616,17.385,1721000000.0,0.0,49.2,1.009,1.004,1218000000.0,13201000000.0,65700000000.0,65700000000.0,0.0,0.084,0.206,0.828,0.096,358000000.0,9366000000.0,1.0,1346996166.0,1341000000,1397000000.0,48.993,27791000000.0,568000000.0,2136000000.0,1173000000.0,20.724,-3056000000.0
60,UNH,MRT,2006-06-30,2006-06-30,2006-06-30,2021-08-03,-93000000.0,46637000000.0,40667250000.0,15478000000.0,31159000000.0,1.459,13.471,-616000000.0,9472000000.0,9472000000.0,44297000000.0,3450000000.0,0.803,1.585,7365000000.0,939000000.0,6426000000.0,7365000000.0,2653000000.0,561000000.0,0.0,0.001,0.03,5760000000.0,6321000000.0,0.107,6321000000.0,5760000000.0,5425000000.0,2.64,2.52,2.64,18038000000.0,16151000000.0,18038000000.0,60002488313.0,10.0,9.493,5696000000.0,4.254,1.0,15046000000.0,0.254,18624000000.0,335000000.0,6638000000.0,7184250000.0,0.0,11340000000.0,2403000000.0,8937000000.0,28599000000.0,19268000000.0,9331000000.0,60318488313.0,5430000000.0,-363000000.0,-2319000000.0,3002000000.0,-41000000.0,2922000000.0,-3804000000.0,-2825000000.0,6312000000.0,0.0,3450000000.0,3450000000.0,3450000000.0,0.0,0.0,0.058,9286000000.0,5760000000.0,11974000000.0,0.011,3.344,17.484,16.962,1666000000.0,0.0,44.78,1.016,1.01,1350000000.0,12089000000.0,59343000000.0,59343000000.0,0.0,0.085,0.214,0.802,0.097,346000000.0,8725000000.0,1.0,1346996166.0,1339000000,1395000000.0,44.319,28013000000.0,627000000.0,1975000000.0,1106000000.0,20.921,-3790000000.0
61,UNH,MRT,2006-03-31,2006-03-31,2006-03-31,2021-08-03,-48000000.0,45048000000.0,36138250000.0,13624000000.0,31424000000.0,1.463,12.95,-567000000.0,7844000000.0,7844000000.0,39048000000.0,3238000000.0,0.752,1.571,7499000000.0,1073000000.0,6426000000.0,7499000000.0,2524000000.0,501000000.0,0.0,0.001,0.03,5355000000.0,5856000000.0,0.111,5856000000.0,5355000000.0,5081000000.0,2.52,2.4,2.52,17522000000.0,14273750000.0,17522000000.0,77452475198.0,14.0,13.226,5268000000.0,3.894,1.0,13811000000.0,0.261,18633000000.0,274000000.0,7941000000.0,7131250000.0,0.0,11538000000.0,2318000000.0,9220000000.0,27526000000.0,18129000000.0,9397000000.0,75762475198.0,3771000000.0,-363000000.0,-2775000000.0,3145000000.0,-19000000.0,2102000000.0,-4166000000.0,-3236000000.0,5835000000.0,0.0,3238000000.0,3238000000.0,3238000000.0,0.0,0.0,0.061,8456000000.0,5355000000.0,11384000000.0,0.012,4.324,23.398,22.167,1681000000.0,0.0,55.86,1.433,1.43,1316000000.0,11149000000.0,52859000000.0,52859000000.0,0.0,0.09,0.227,0.751,0.101,327000000.0,7955000000.0,1.0,1356292073.0,1353000000,1419000000.0,39.068,26415000000.0,684000000.0,1843000000.0,1186000000.0,19.523,-4505000000.0
62,UNH,MRT,2005-12-31,2005-12-31,2005-12-31,2021-08-03,33000000.0,41288000000.0,31930750000.0,10547000000.0,30741000000.0,1.454,14.083,-509000000.0,5421000000.0,5421000000.0,33758000000.0,3083000000.0,0.633,1.318,7095000000.0,3261000000.0,3834000000.0,7095000000.0,1000000000.0,453000000.0,0.0,0.0,0.015,5080000000.0,5533000000.0,0.119,5533000000.0,5080000000.0,4839000000.0,2.44,2.31,2.44,17815000000.0,12532000000.0,17815000000.0,78043891067.0,15.0,14.105,3574000000.0,2.825,1.0,12667000000.0,0.273,18258000000.0,241000000.0,8051000000.0,6754000000.0,0.0,11386000000.0,2415000000.0,8971000000.0,23473000000.0,16653000000.0,6820000000.0,78739891067.0,1430000000.0,-363000000.0,-2134000000.0,2656000000.0,-19000000.0,836000000.0,-3489000000.0,-2617000000.0,4083000000.0,0.0,3083000000.0,3083000000.0,3083000000.0,0.0,0.0,0.066,7587000000.0,5080000000.0,10547000000.0,0.006,4.42,25.54,25.467,1647000000.0,0.0,62.14,1.696,1.693,1207000000.0,10258000000.0,46425000000.0,46425000000.0,0.0,0.097,0.246,0.752,0.109,306000000.0,7134000000.0,1.0,1267136966.0,1265000000,1333000000.0,36.7,23030000000.0,650000000.0,1756000000.0,1225000000.0,18.206,-6106000000.0
63,UNH,MRT,2005-09-30,2005-09-30,2005-09-30,2021-08-03,42000000.0,29696000000.0,28578500000.0,9252000000.0,20444000000.0,1.597,8.947,-477000000.0,5177000000.0,5177000000.0,33367000000.0,2868000000.0,0.769,1.645,4481000000.0,631000000.0,3850000000.0,4481000000.0,1230000000.0,439000000.0,0.0,0.0,0.015,4728000000.0,5167000000.0,0.113,5167000000.0,4728000000.0,4520000000.0,2.26,2.14,2.26,11229000000.0,10757500000.0,11229000000.0,71196275403.0,15.0,13.779,4083000000.0,3.253,1.0,12282000000.0,0.269,10864000000.0,208000000.0,6107000000.0,6218000000.0,0.0,10350000000.0,2115000000.0,8235000000.0,18467000000.0,12029000000.0,6438000000.0,70988275403.0,1542000000.0,0.0,-3253000000.0,581000000.0,-37000000.0,-2180000000.0,-838000000.0,-361000000.0,4560000000.0,0.0,2868000000.0,2868000000.0,2868000000.0,0.0,0.0,0.063,7554000000.0,4728000000.0,8335000000.0,0.007,6.322,24.752,24.867,1345000000.0,0.0,56.2,1.555,1.545,941000000.0,9895000000.0,45649000000.0,45649000000.0,0.0,0.1,0.267,0.76,0.104,469000000.0,7115000000.0,1.0,1263136573.0,1255000000,1322000000.0,36.374,18832000000.0,1019000000.0,1652000000.0,838000000.0,15.006,-2777000000.0
64,UNH,MRT,2005-06-30,2005-06-30,2005-06-30,2021-08-03,123000000.0,28521000000.0,28128750000.0,8060000000.0,20461000000.0,1.561,8.37,-413000000.0,4042000000.0,4042000000.0,32151000000.0,2766000000.0,0.697,1.709,4250000000.0,400000000.0,3850000000.0,4250000000.0,895000000.0,422000000.0,0.0,0.0,0.015,4497000000.0,4919000000.0,0.112,4919000000.0,4497000000.0,4317000000.0,2.17,2.05,2.17,10529000000.0,10717000000.0,10529000000.0,66194535578.0,15.0,13.457,3966000000.0,3.153,1.0,11744000000.0,0.268,10741000000.0,180000000.0,6426000000.0,6486500000.0,0.0,10570000000.0,2140000000.0,8430000000.0,17992000000.0,11562000000.0,6430000000.0,66017535578.0,942000000.0,0.0,-3706000000.0,1850000000.0,-37000000.0,-1434000000.0,-2003000000.0,-1590000000.0,4379000000.0,0.0,2766000000.0,2766000000.0,2766000000.0,0.0,0.0,0.063,7247000000.0,4497000000.0,8405000000.0,0.007,6.27,23.868,24.028,1290000000.0,0.0,52.14,1.504,1.494,914000000.0,9053000000.0,43895000000.0,43895000000.0,0.0,0.098,0.258,0.693,0.102,388000000.0,6825000000.0,1.0,1266159102.0,1258000000,1324000000.0,34.893,17780000000.0,964000000.0,1551000000.0,861000000.0,14.134,-3502000000.0
65,UNH,MRT,2005-03-31,2005-03-31,2005-03-31,2021-08-03,42000000.0,28218000000.0,26219250000.0,8057000000.0,20161000000.0,1.572,8.259,-380000000.0,4073000000.0,4073000000.0,30173000000.0,2593000000.0,0.714,1.673,4250000000.0,400000000.0,3850000000.0,4250000000.0,879000000.0,401000000.0,0.0,0.0,0.015,4180000000.0,4581000000.0,0.111,4581000000.0,4180000000.0,4027000000.0,2.05,1.94,2.05,10555000000.0,9864250000.0,10555000000.0,61216278656.0,15.0,13.363,3771000000.0,2.951,1.0,11047000000.0,0.268,10678000000.0,153000000.0,6432000000.0,6080500000.0,0.0,10352000000.0,2139000000.0,8213000000.0,17663000000.0,11285000000.0,6378000000.0,61184278656.0,1359000000.0,0.0,-3329000000.0,1850000000.0,-18000000.0,-1142000000.0,-1650000000.0,-1270000000.0,4151000000.0,0.0,2593000000.0,2593000000.0,2593000000.0,0.0,0.0,0.063,6867000000.0,4180000000.0,8152000000.0,0.007,5.797,23.596,23.263,1270000000.0,0.0,47.69,1.484,1.479,908000000.0,8263000000.0,41220000000.0,41220000000.0,0.0,0.099,0.263,0.687,0.101,313000000.0,6466000000.0,1.0,1282958244.0,1278000000,1344000000.0,32.254,17540000000.0,937000000.0,1434000000.0,837000000.0,13.725,-3228000000.0
66,UNH,MRT,2004-12-31,2004-12-31,2004-12-31,2021-08-03,132000000.0,27879000000.0,24377750000.0,8241000000.0,19638000000.0,1.568,8.56,-350000000.0,3991000000.0,3991000000.0,27912000000.0,2411000000.0,0.727,1.601,4023000000.0,673000000.0,3350000000.0,4023000000.0,1076000000.0,374000000.0,0.0,0.0,0.015,3858000000.0,4232000000.0,0.111,4232000000.0,3858000000.0,3730000000.0,1.93,1.83,1.93,10717000000.0,9032250000.0,10717000000.0,57803921697.0,15.0,13.659,3573000000.0,2.854,1.0,10305000000.0,0.27,10675000000.0,128000000.0,5907000000.0,5828000000.0,0.0,10192000000.0,2444000000.0,7748000000.0,17162000000.0,11329000000.0,5833000000.0,57538921697.0,1729000000.0,0.0,-2863000000.0,2044000000.0,-18000000.0,-550000000.0,-1644000000.0,-1294000000.0,3923000000.0,0.0,2411000000.0,2411000000.0,2411000000.0,0.0,0.0,0.063,6447000000.0,3858000000.0,7647000000.0,0.008,5.369,23.865,22.806,1139000000.0,0.0,44.015,1.506,1.442,906000000.0,7484000000.0,38217000000.0,38217000000.0,0.0,0.099,0.267,0.662,0.101,244000000.0,6073000000.0,1.0,1307257110.0,1252000000,1316000000.0,30.525,17204000000.0,353000000.0,1319000000.0,814000000.0,13.741,-3088000000.0
67,UNH,MRT,2004-09-30,2004-09-30,2004-09-30,2021-08-03,136000000.0,27897000000.0,21816500000.0,8196000000.0,19701000000.0,1.569,8.639,-311000000.0,3635000000.0,3635000000.0,24756000000.0,2355000000.0,0.776,1.521,3900000000.0,150000000.0,3750000000.0,3900000000.0,762000000.0,345000000.0,0.0,0.0,0.015,3723000000.0,4068000000.0,0.119,4068000000.0,3723000000.0,3613000000.0,1.935,1.845,1.935,11067000000.0,7635000000.0,11067000000.0,48314825948.0,13.0,11.877,3444000000.0,2.689,1.0,9474000000.0,0.277,10414000000.0,110000000.0,7181000000.0,5574750000.0,0.0,10824000000.0,2733000000.0,8091000000.0,16830000000.0,10567000000.0,6263000000.0,49014825948.0,1568000000.0,0.0,-1849000000.0,2150000000.0,-9000000.0,338000000.0,-2525000000.0,-2214000000.0,3755000000.0,0.0,2355000000.0,2355000000.0,2355000000.0,0.0,0.0,0.069,5751000000.0,3723000000.0,7690000000.0,0.008,4.429,20.813,19.054,1196000000.0,0.0,36.87,1.432,1.38,910000000.0,6745000000.0,34230000000.0,34230000000.0,0.0,0.108,0.308,0.668,0.109,0.0,5406000000.0,1.0,1329395876.0,1281000000,1341000000.0,26.721,17483000000.0,918000000.0,1258000000.0,871000000.0,13.648,-2371000000.0
68,UNH,MRT,2004-06-30,2004-06-30,2004-06-30,2021-08-03,37000000.0,20883000000.0,18567750000.0,7028000000.0,13855000000.0,1.702,5.834,-330000000.0,3100000000.0,3100000000.0,22750000000.0,2133000000.0,0.75,1.934,2400000000.0,150000000.0,2250000000.0,2400000000.0,611000000.0,321000000.0,0.0,0.0,0.015,3394000000.0,3715000000.0,0.118,3715000000.0,3394000000.0,3294000000.0,1.79,1.71,1.79,7118000000.0,6054750000.0,7118000000.0,38021029371.0,11.0,10.234,3110000000.0,2.549,1.0,8859000000.0,0.28,6009000000.0,100000000.0,4802000000.0,4470250000.0,0.0,9025000000.0,2341000000.0,6684000000.0,13765000000.0,9372000000.0,4393000000.0,38335029371.0,847000000.0,0.0,-1696000000.0,650000000.0,-9000000.0,-1032000000.0,-1561000000.0,-1231000000.0,3440000000.0,0.0,2133000000.0,2133000000.0,2133000000.0,0.0,0.0,0.067,5465000000.0,3394000000.0,6669000000.0,0.008,5.386,17.972,17.388,1162000000.0,0.0,31.125,1.213,1.201,836000000.0,6046000000.0,31609000000.0,31609000000.0,0.0,0.115,0.352,0.759,0.107,0.0,5144000000.0,1.0,1231647530.0,1220000000,1277000000.0,25.909,14874000000.0,751000000.0,1161000000.0,529000000.0,12.192,-2344000000.0
69,UNH,MRT,2004-03-31,2004-03-31,2004-03-31,2021-08-03,194000000.0,20852000000.0,17056500000.0,6444000000.0,14408000000.0,1.758,6.012,-343000000.0,2714000000.0,2714000000.0,21533000000.0,1976000000.0,0.705,1.885,2400000000.0,150000000.0,2250000000.0,2400000000.0,662000000.0,308000000.0,0.0,0.0,0.015,3158000000.0,3466000000.0,0.116,3466000000.0,3158000000.0,3062000000.0,1.67,1.595,1.67,7227000000.0,5443500000.0,7227000000.0,39727608608.0,13.0,11.462,2845000000.0,2.367,1.0,8459000000.0,0.282,5977000000.0,96000000.0,5422000000.0,3878750000.0,0.0,9454000000.0,2205000000.0,7249000000.0,13625000000.0,9139000000.0,4486000000.0,40010608608.0,912000000.0,0.0,-1418000000.0,598000000.0,-9000000.0,-809000000.0,-1467000000.0,-1124000000.0,3188000000.0,0.0,1976000000.0,1976000000.0,1976000000.0,0.0,0.0,0.066,5301000000.0,3158000000.0,6253000000.0,0.009,5.536,20.248,19.293,1182000000.0,0.0,32.22,1.334,1.291,873000000.0,5469000000.0,29992000000.0,29992000000.0,0.0,0.116,0.363,0.814,0.105,0.0,4993000000.0,1.0,1241794184.0,1202000000,1260000000.0,24.952,14875000000.0,652000000.0,1086000000.0,622000000.0,12.375,-2695000000.0
70,UNH,MRT,2003-12-31,2003-12-31,2003-12-31,2021-08-03,149000000.0,17634000000.0,15454750000.0,6120000000.0,11514000000.0,1.865,4.353,-352000000.0,2262000000.0,2262000000.0,20714000000.0,1825000000.0,0.698,2.439,1979000000.0,229000000.0,1750000000.0,1979000000.0,695000000.0,299000000.0,0.0,0.0,0.007,2935000000.0,3234000000.0,0.112,3234000000.0,2935000000.0,2840000000.0,1.55,1.48,1.55,5128000000.0,4747750000.0,5128000000.0,33813896023.0,12.0,10.456,2651000000.0,2.25,1.0,8109000000.0,0.281,3689000000.0,95000000.0,4894000000.0,3220000000.0,0.0,9234000000.0,2505000000.0,6729000000.0,12506000000.0,8768000000.0,3738000000.0,34130896023.0,1132000000.0,0.0,-1339000000.0,218000000.0,-9000000.0,-1126000000.0,-745000000.0,-393000000.0,3003000000.0,0.0,1825000000.0,1825000000.0,1825000000.0,0.0,0.0,0.063,5174000000.0,2935000000.0,5727000000.0,0.005,6.656,18.702,18.768,1032000000.0,0.0,29.09,1.184,1.189,745000000.0,4915000000.0,28823000000.0,28823000000.0,0.0,0.118,0.384,0.911,0.102,0.0,4875000000.0,1.0,1173286216.0,1178000000,1234000000.0,24.468,13945000000.0,269000000.0,1015000000.0,471000000.0,11.838,-2648000000.0
71,UNH,MRT,2003-09-30,2003-09-30,2003-09-30,2021-08-03,156000000.0,14902000000.0,14587250000.0,5771000000.0,9131000000.0,1.918,4.029,-405000000.0,2067000000.0,2067000000.0,20163000000.0,1697000000.0,0.699,2.14,1750000000.0,350000000.0,1400000000.0,1750000000.0,474000000.0,293000000.0,0.0,0.0,0.007,2734000000.0,3027000000.0,0.108,3027000000.0,2734000000.0,2641000000.0,1.43,1.365,1.43,4746000000.0,4572750000.0,4746000000.0,29498979251.0,11.0,9.745,2488000000.0,2.112,1.0,7819000000.0,0.279,3563000000.0,93000000.0,2763000000.0,2729250000.0,0.0,6911000000.0,2397000000.0,4514000000.0,10156000000.0,8259000000.0,1897000000.0,30001979251.0,1001000000.0,0.0,-1482000000.0,76000000.0,0.0,-1415000000.0,-477000000.0,-72000000.0,2893000000.0,0.0,1697000000.0,1697000000.0,1697000000.0,0.0,0.0,0.061,5085000000.0,2734000000.0,5633000000.0,0.005,6.322,17.679,17.594,1054000000.0,0.0,25.16,1.072,1.059,880000000.0,4584000000.0,27982000000.0,27982000000.0,0.0,0.116,0.371,1.002,0.098,0.0,4792000000.0,1.0,1192447506.0,1178000000,1234000000.0,23.754,11339000000.0,427000000.0,944000000.0,497000000.0,9.626,-2488000000.0
72,UNH,MRT,2003-06-30,2003-06-30,2003-06-30,2021-08-03,185000000.0,14838000000.0,14288500000.0,5784000000.0,9054000000.0,1.889,3.96,-384000000.0,2253000000.0,2253000000.0,19498000000.0,1574000000.0,0.693,2.175,1750000000.0,350000000.0,1400000000.0,1750000000.0,452000000.0,284000000.0,0.0,0.0,0.007,2543000000.0,2827000000.0,0.105,2827000000.0,2543000000.0,2450000000.0,1.32,1.26,1.32,4673000000.0,4476500000.0,4673000000.0,29777971512.0,12.0,10.533,2499000000.0,2.118,1.0,7493000000.0,0.278,3548000000.0,93000000.0,2436000000.0,2854500000.0,0.0,6708000000.0,2238000000.0,4470000000.0,10165000000.0,8351000000.0,1814000000.0,29777971512.0,557000000.0,0.0,-1612000000.0,220000000.0,0.0,-1401000000.0,-925000000.0,-541000000.0,2883000000.0,0.0,1574000000.0,1574000000.0,1574000000.0,0.0,0.0,0.058,4950000000.0,2543000000.0,5784000000.0,0.005,6.372,18.919,19.034,1036000000.0,0.0,25.125,1.103,1.098,836000000.0,4468000000.0,26991000000.0,26991000000.0,0.0,0.11,0.352,0.891,0.094,0.0,4666000000.0,1.0,1185192896.0,1180000000,1236000000.0,22.874,11290000000.0,457000000.0,876000000.0,414000000.0,9.568,-2567000000.0
73,UNH,MRT,2003-03-31,2003-03-31,2003-03-31,2021-08-03,150000000.0,14445000000.0,13788500000.0,5369000000.0,9076000000.0,1.884,3.722,-383000000.0,1802000000.0,1802000000.0,18807000000.0,1460000000.0,0.657,2.25,1802000000.0,402000000.0,1400000000.0,1802000000.0,491000000.0,272000000.0,0.0,0.0,0.007,2357000000.0,2629000000.0,0.101,2629000000.0,2357000000.0,2268000000.0,1.215,1.16,1.215,4444000000.0,4303500000.0,4444000000.0,27995651325.0,12.0,10.649,2395000000.0,2.006,1.0,7175000000.0,0.276,3486000000.0,89000000.0,2787000000.0,2897500000.0,0.0,6829000000.0,2274000000.0,4555000000.0,10001000000.0,8172000000.0,1829000000.0,27364651325.0,355000000.0,0.0,-1647000000.0,292000000.0,-9000000.0,-1364000000.0,-1059000000.0,-676000000.0,2778000000.0,0.0,1460000000.0,1460000000.0,1460000000.0,0.0,0.0,0.056,4818000000.0,2357000000.0,5530000000.0,0.006,6.158,18.743,18.862,1035000000.0,0.0,22.918,1.053,1.053,835000000.0,4291000000.0,25982000000.0,25982000000.0,0.0,0.106,0.339,0.813,0.091,0.0,4546000000.0,1.0,1194050456.0,1194000000,1246000000.0,21.76,10959000000.0,458000000.0,808000000.0,429000000.0,9.178,-2803000000.0
74,UNH,MRT,2002-12-31,2002-12-31,2002-12-31,2021-08-03,148000000.0,14164000000.0,13248250000.0,5174000000.0,8990000000.0,1.889,3.647,-419000000.0,1130000000.0,1130000000.0,18192000000.0,1352000000.0,0.617,2.199,1761000000.0,811000000.0,950000000.0,1761000000.0,587000000.0,255000000.0,0.0,0.0,0.007,2186000000.0,2441000000.0,0.098,2441000000.0,2186000000.0,2096000000.0,1.115,1.065,1.115,4428000000.0,4154750000.0,4428000000.0,26029787340.0,12.0,10.664,2004000000.0,1.651,1.0,6828000000.0,0.273,3485000000.0,90000000.0,2931000000.0,2868000000.0,0.0,7268000000.0,2770000000.0,4498000000.0,9736000000.0,8379000000.0,1357000000.0,25421787340.0,-410000000.0,0.0,-1610000000.0,177000000.0,-9000000.0,-1442000000.0,-1391000000.0,-972000000.0,2423000000.0,0.0,1352000000.0,1352000000.0,1352000000.0,0.0,0.0,0.054,4642000000.0,2186000000.0,5200000000.0,0.006,5.741,18.803,18.722,955000000.0,0.0,20.875,1.016,1.013,664000000.0,4104000000.0,25020000000.0,25020000000.0,0.0,0.102,0.325,0.762,0.087,0.0,4387000000.0,1.0,1217810172.0,1214000000,1272000000.0,20.61,10679000000.0,389000000.0,744000000.0,407000000.0,8.797,-3205000000.0
75,UNH,MRT,2002-09-30,2002-09-30,2002-09-30,2021-08-03,156000000.0,13707000000.0,12828750000.0,4928000000.0,8779000000.0,1.899,3.634,-380000000.0,1066000000.0,1066000000.0,17841000000.0,1220000000.0,0.644,2.143,1674000000.0,374000000.0,1300000000.0,1674000000.0,430000000.0,254000000.0,0.0,0.0,0.007,1998000000.0,2252000000.0,0.092,2252000000.0,1998000000.0,1906000000.0,0.998,0.958,0.998,4361000000.0,4020500000.0,4361000000.0,26298731117.0,13.0,11.678,1644000000.0,1.37,1.0,6517000000.0,0.268,3404000000.0,92000000.0,3264000000.0,2707500000.0,0.0,6958000000.0,2538000000.0,4420000000.0,9346000000.0,7647000000.0,1699000000.0,26464731117.0,-459000000.0,0.0,-1419000000.0,234000000.0,-9000000.0,-1194000000.0,-1289000000.0,-909000000.0,2024000000.0,0.0,1220000000.0,1220000000.0,1220000000.0,0.0,0.0,0.05,4519000000.0,1998000000.0,5083000000.0,0.007,6.069,21.692,21.849,955000000.0,0.0,21.805,1.086,1.074,873000000.0,3724000000.0,24358000000.0,24358000000.0,0.0,0.095,0.303,0.738,0.082,0.0,4265000000.0,1.0,1213700120.0,1200000000,1260000000.0,20.298,10303000000.0,451000000.0,686000000.0,399000000.0,8.586,-2719000000.0
76,UNH,MRT,2002-06-30,2002-06-30,2002-06-30,2021-08-03,86000000.0,12838000000.0,12427500000.0,5213000000.0,7625000000.0,1.935,3.263,-424000000.0,1696000000.0,1696000000.0,17797000000.0,1098000000.0,0.721,2.225,1530000000.0,230000000.0,1300000000.0,1530000000.0,354000000.0,255000000.0,0.0,0.0,0.007,1822000000.0,2077000000.0,0.086,2077000000.0,1822000000.0,1731000000.0,0.89,0.855,0.89,3981000000.0,3859000000.0,3981000000.0,28254437440.0,16.0,13.603,1474000000.0,1.208,1.0,6255000000.0,0.26,2836000000.0,91000000.0,2608000000.0,2236500000.0,0.0,5972000000.0,2146000000.0,3826000000.0,8857000000.0,7228000000.0,1629000000.0,28191437440.0,356000000.0,0.0,-1025000000.0,178000000.0,-9000000.0,-856000000.0,-686000000.0,-262000000.0,1898000000.0,0.0,1098000000.0,1098000000.0,1098000000.0,0.0,0.0,0.046,4433000000.0,1822000000.0,4992000000.0,0.008,7.081,25.675,25.716,963000000.0,0.0,22.887,1.172,1.161,898000000.0,3892000000.0,24052000000.0,24052000000.0,0.0,0.088,0.285,0.815,0.076,0.0,4178000000.0,1.0,1231739484.0,1220000000,1282000000.0,19.715,10002000000.0,473000000.0,633000000.0,329000000.0,8.198,-2015000000.0
77,UNH,MRT,2002-03-31,2002-03-31,2002-03-31,2021-08-03,30000000.0,12284000000.0,12126000000.0,4805000000.0,7479000000.0,1.962,3.13,-461000000.0,1447000000.0,1447000000.0,17773000000.0,996000000.0,0.694,2.191,1510000000.0,210000000.0,1300000000.0,1510000000.0,352000000.0,257000000.0,0.0,0.0,0.007,1683000000.0,1940000000.0,0.082,1940000000.0,1683000000.0,1588000000.0,0.802,0.77,0.802,3849000000.0,3761750000.0,3849000000.0,23741341084.0,14.0,12.238,1278000000.0,1.039,1.0,6014000000.0,0.253,2759000000.0,95000000.0,2669000000.0,1929750000.0,0.0,5888000000.0,2120000000.0,3768000000.0,8435000000.0,6919000000.0,1516000000.0,23826341084.0,128000000.0,0.0,-1107000000.0,400000000.0,-9000000.0,-716000000.0,-895000000.0,-434000000.0,1739000000.0,0.0,996000000.0,996000000.0,996000000.0,0.0,0.0,0.042,4331000000.0,1683000000.0,4801000000.0,0.009,6.19,23.922,23.822,952000000.0,0.0,19.105,1.002,0.988,834000000.0,3816000000.0,23787000000.0,23787000000.0,0.0,0.082,0.265,0.872,0.071,0.0,4074000000.0,1.0,1247125940.0,1229600000,1286000000.0,19.345,9525000000.0,404000000.0,592000000.0,216000000.0,7.746,-2114000000.0
78,UNH,MRT,2001-12-31,2001-12-31,2001-12-31,2021-08-03,44000000.0,12486000000.0,11893250000.0,4946000000.0,7540000000.0,1.972,3.113,-425000000.0,1540000000.0,1540000000.0,17644000000.0,913000000.0,0.66,2.209,1584000000.0,684000000.0,900000000.0,1584000000.0,543000000.0,265000000.0,0.0,0.0,0.007,1566000000.0,1831000000.0,0.078,1831000000.0,1566000000.0,1472000000.0,0.73,0.7,0.73,3891000000.0,3745000000.0,3891000000.0,21979775693.0,14.0,12.004,1419000000.0,1.135,1.0,5810000000.0,0.248,2750000000.0,94000000.0,2289000000.0,1604000000.0,0.0,6061000000.0,2173000000.0,3888000000.0,8595000000.0,7491000000.0,1104000000.0,22064775693.0,121000000.0,0.0,-951000000.0,375000000.0,-9000000.0,-585000000.0,-1138000000.0,-713000000.0,1844000000.0,0.0,913000000.0,913000000.0,913000000.0,0.0,0.0,0.039,4244000000.0,1566000000.0,4669000000.0,0.01,5.671,24.167,24.236,847000000.0,0.0,17.692,0.941,0.943,856000000.0,3805000000.0,23454000000.0,23454000000.0,0.0,0.077,0.244,0.976,0.067,0.0,3979000000.0,1.0,1247125940.0,1250000000,1308000000.0,18.763,9736000000.0,316000000.0,559000000.0,204000000.0,7.789,-2545000000.0
79,UNH,MRT,2001-09-30,2001-09-30,2001-09-30,2021-08-03,98000000.0,12102000000.0,11535000000.0,4759000000.0,7343000000.0,1.982,3.005,-439000000.0,1525000000.0,1525000000.0,17320000000.0,876000000.0,0.63,2.258,1440000000.0,790000000.0,650000000.0,1440000000.0,522000000.0,257000000.0,0.0,0.0,0.007,1502000000.0,1759000000.0,0.077,1759000000.0,1502000000.0,1411000000.0,0.695,0.665,0.695,3715000000.0,3694250000.0,3715000000.0,20796134438.0,14.0,11.823,1598000000.0,1.292,1.0,5548000000.0,0.243,3078000000.0,91000000.0,1380000000.0,1435750000.0,0.0,5923000000.0,2045000000.0,3878000000.0,8387000000.0,7559000000.0,828000000.0,20784134438.0,422000000.0,0.0,-1045000000.0,375000000.0,-9000000.0,-679000000.0,-936000000.0,-497000000.0,2037000000.0,0.0,876000000.0,876000000.0,876000000.0,0.0,0.0,0.038,4073000000.0,1475000000.0,4722000000.0,0.01,5.595,23.726,23.921,387000000.0,0.0,16.625,0.909,0.899,894000000.0,3614000000.0,22868000000.0,22868000000.0,0.0,0.076,0.237,1.046,0.066,0.0,3816000000.0,1.0,1250173500.0,1236400000,1295600000.0,18.496,9024000000.0,0.0,535000000.0,178000000.0,7.299,-2800000000.0
80,UNH,MRT,2001-06-30,2001-06-30,2001-06-30,2021-08-03,72000000.0,11632000000.0,11125250000.0,4478000000.0,7154000000.0,2.004,2.87,-374000000.0,1340000000.0,1340000000.0,16960000000.0,827000000.0,0.621,2.238,1352000000.0,702000000.0,650000000.0,1352000000.0,526000000.0,252000000.0,0.0,0.0,0.007,1415000000.0,1667000000.0,0.075,1667000000.0,1415000000.0,1329000000.0,0.65,0.623,0.65,3592000000.0,3679750000.0,3592000000.0,19377101194.0,14.0,11.624,1377000000.0,1.1,1.0,5336000000.0,0.239,3052000000.0,86000000.0,1381000000.0,1404000000.0,0.0,5674000000.0,1937000000.0,3737000000.0,8040000000.0,7211000000.0,829000000.0,19586101194.0,18000000.0,0.0,-1149000000.0,478000000.0,-9000000.0,-680000000.0,-1053000000.0,-679000000.0,1751000000.0,0.0,827000000.0,827000000.0,827000000.0,0.0,0.0,0.037,3948000000.0,1388000000.0,4583000000.0,0.011,5.453,23.683,23.75,365000000.0,0.0,15.438,0.878,0.867,876000000.0,3517000000.0,22296000000.0,22296000000.0,0.0,0.074,0.225,1.008,0.063,0.0,3696000000.0,1.0,1268735300.0,1251600000,1308400000.0,17.814,8580000000.0,0.0,502000000.0,179000000.0,6.855,-2733000000.0
81,UNH,MRT,2001-03-31,2001-03-31,2001-03-31,2021-08-03,92000000.0,11353000000.0,10795500000.0,4392000000.0,6961000000.0,2.01,2.977,-288000000.0,1319000000.0,1319000000.0,16558000000.0,774000000.0,0.648,2.002,1110000000.0,460000000.0,650000000.0,1110000000.0,513000000.0,249000000.0,0.0,0.0,0.007,1319000000.0,1568000000.0,0.072,1568000000.0,1319000000.0,1241000000.0,0.602,0.578,0.602,3782000000.0,3709000000.0,3782000000.0,18471275719.0,14.0,11.78,1342000000.0,1.056,1.0,5145000000.0,0.237,3004000000.0,78000000.0,1366000000.0,1282750000.0,0.0,5496000000.0,1871000000.0,3625000000.0,7571000000.0,6774000000.0,797000000.0,19085275719.0,43000000.0,0.0,-868000000.0,214000000.0,-5000000.0,-659000000.0,-928000000.0,-640000000.0,1630000000.0,0.0,774000000.0,774000000.0,774000000.0,0.0,0.0,0.036,3853000000.0,1292000000.0,4472000000.0,0.012,5.046,24.658,24.61,332000000.0,0.0,14.815,0.879,0.867,895000000.0,3687000000.0,21703000000.0,21703000000.0,0.0,0.072,0.209,1.028,0.061,0.0,3604000000.0,1.0,1288240008.0,1270400000,1327600000.0,17.084,8349000000.0,0.0,467000000.0,147000000.0,6.572,-2382000000.0
82,UNH,MRT,2000-12-31,2000-12-31,2000-12-31,2021-08-03,90000000.0,11053000000.0,10495250000.0,4405000000.0,6648000000.0,2.013,2.844,-245000000.0,1419000000.0,1419000000.0,16155000000.0,736000000.0,0.67,1.997,1209000000.0,559000000.0,650000000.0,1209000000.0,479000000.0,247000000.0,0.0,0.0,0.004,1227000000.0,1474000000.0,0.07,1474000000.0,1227000000.0,1155000000.0,0.568,0.547,0.568,3688000000.0,3678500000.0,3688000000.0,19533332913.0,16.0,13.252,1276000000.0,0.984,1.0,4967000000.0,0.235,2657000000.0,72000000.0,1616000000.0,1170250000.0,0.0,5280000000.0,1846000000.0,3434000000.0,7365000000.0,6570000000.0,795000000.0,19571332913.0,-186000000.0,0.0,-952000000.0,218000000.0,-5000000.0,-739000000.0,-968000000.0,-723000000.0,1521000000.0,0.0,736000000.0,736000000.0,736000000.0,0.0,0.0,0.035,3767000000.0,1200000000.0,4316000000.0,0.007,5.307,26.591,27.016,557000000.0,0.0,15.345,0.927,0.942,867000000.0,3595000000.0,21122000000.0,21122000000.0,0.0,0.07,0.2,1.048,0.058,0.0,3520000000.0,1.0,1275420848.0,1296800000,1346000000.0,16.288,8396000000.0,235000000.0,419000000.0,145000000.0,6.474,-2165000000.0
83,UNH,MRT,2000-09-30,2000-09-30,2000-09-30,2021-08-03,89000000.0,10463000000.0,10300250000.0,3995000000.0,6468000000.0,2.008,2.84,-191000000.0,1103000000.0,1103000000.0,15808000000.0,683000000.0,0.636,1.861,1065000000.0,665000000.0,400000000.0,1065000000.0,275000000.0,247000000.0,0.0,0.0,0.004,1128000000.0,1375000000.0,0.066,1375000000.0,1128000000.0,1060000000.0,0.52,0.504,0.52,3657000000.0,3722250000.0,3657000000.0,15418686764.0,14.0,11.214,1270000000.0,0.986,1.0,4872000000.0,0.236,2891000000.0,68000000.0,1253000000.0,993250000.0,0.0,5069000000.0,1761000000.0,3308000000.0,6806000000.0,6281000000.0,525000000.0,15866686764.0,130000000.0,276000000.0,-950000000.0,416000000.0,-6000000.0,-540000000.0,-791000000.0,-876000000.0,1461000000.0,0.0,683000000.0,683000000.0,683000000.0,0.0,0.0,0.033,3744000000.0,1128000000.0,4233000000.0,0.008,4.339,23.231,23.738,269000000.0,0.0,12.344,0.767,0.769,906000000.0,3566000000.0,20680000000.0,20680000000.0,0.0,0.066,0.183,1.136,0.055,0.0,3497000000.0,1.0,1285402472.0,1287600000,1342800000.0,16.061,7572000000.0,0.0,377000000.0,125000000.0,5.881,-2286000000.0
84,UNH,MRT,2000-06-30,2000-06-30,2000-06-30,2021-08-03,61000000.0,10313000000.0,10130750000.0,4160000000.0,6153000000.0,1.995,2.85,-187000000.0,1322000000.0,1322000000.0,15472000000.0,645000000.0,0.685,1.781,874000000.0,474000000.0,400000000.0,874000000.0,470000000.0,246000000.0,0.0,0.0,0.004,1058000000.0,1304000000.0,0.065,1304000000.0,1058000000.0,998000000.0,0.481,0.47,0.481,3709000000.0,3800500000.0,3709000000.0,13546567205.0,13.0,10.388,1360000000.0,1.045,1.0,4742000000.0,0.235,2893000000.0,60000000.0,896000000.0,974000000.0,0.0,4671000000.0,1678000000.0,2993000000.0,6604000000.0,6076000000.0,528000000.0,13926567205.0,92000000.0,99000000.0,-787000000.0,225000000.0,-6000000.0,-568000000.0,-887000000.0,-799000000.0,1547000000.0,0.0,645000000.0,645000000.0,645000000.0,0.0,0.0,0.032,3684000000.0,1058000000.0,4093000000.0,0.008,3.755,21.592,22.284,267000000.0,0.0,10.719,0.689,0.69,914000000.0,3646000000.0,20214000000.0,20214000000.0,0.0,0.064,0.17,1.086,0.052,0.0,3438000000.0,1.0,1299271576.0,1301200000,1348800000.0,15.535,7420000000.0,0.0,353000000.0,128000000.0,5.702,-1916000000.0
85,UNH,MRT,2000-03-31,2000-03-31,2000-03-31,2021-08-03,96000000.0,10152000000.0,9991000000.0,4162000000.0,5990000000.0,1.987,2.781,-198000000.0,1276000000.0,1276000000.0,15226000000.0,610000000.0,0.697,1.774,896000000.0,496000000.0,400000000.0,896000000.0,472000000.0,240000000.0,0.0,0.001,0.004,995000000.0,1235000000.0,0.062,1235000000.0,995000000.0,940000000.0,0.449,0.44,0.449,3660000000.0,3912750000.0,3660000000.0,9121292624.0,9.0,7.386,1235000000.0,0.938,1.0,4626000000.0,0.233,2888000000.0,55000000.0,916000000.0,1073000000.0,0.0,4540000000.0,1719000000.0,2821000000.0,6492000000.0,5968000000.0,524000000.0,9735292624.0,-93000000.0,0.0,-847000000.0,246000000.0,-6000000.0,-607000000.0,-919000000.0,-721000000.0,1433000000.0,0.0,610000000.0,610000000.0,610000000.0,0.0,0.0,0.031,3631000000.0,995000000.0,3996000000.0,0.009,2.66,15.959,16.598,281000000.0,0.0,7.452,0.49,0.494,919000000.0,3562000000.0,19852000000.0,19852000000.0,0.0,0.061,0.156,0.927,0.05,0.0,3391000000.0,1.0,1306312328.0,1316000000,1348800000.0,15.085,7264000000.0,0.0,330000000.0,124000000.0,5.52,-1806000000.0
86,UNH,MRT,1999-12-31,1999-12-31,1999-12-31,2021-08-03,165000000.0,10273000000.0,9825500000.0,4568000000.0,5705000000.0,1.991,2.774,-196000000.0,1605000000.0,1605000000.0,15043000000.0,568000000.0,0.775,1.659,991000000.0,591000000.0,400000000.0,991000000.0,473000000.0,233000000.0,0.0,0.001,0.004,943000000.0,1176000000.0,0.06,1176000000.0,943000000.0,894000000.0,0.407,0.4,0.407,3863000000.0,3984750000.0,3863000000.0,8694259228.0,9.0,7.393,993000000.0,0.713,1.0,4519000000.0,0.231,2859000000.0,49000000.0,908000000.0,1102500000.0,0.0,4442000000.0,1874000000.0,2568000000.0,6410000000.0,5892000000.0,518000000.0,9017259228.0,-39000000.0,0.0,-881000000.0,282000000.0,-6000000.0,-605000000.0,-623000000.0,-427000000.0,1189000000.0,0.0,568000000.0,568000000.0,568000000.0,0.0,0.0,0.029,3576000000.0,943000000.0,3918000000.0,0.01,2.334,15.875,16.314,278000000.0,0.0,6.64,0.461,0.473,912000000.0,3445000000.0,19562000000.0,19562000000.0,0.0,0.058,0.143,0.855,0.048,0.0,3343000000.0,1.0,1358020968.0,1392800000,1420000000.0,14.045,7414000000.0,0.0,326000000.0,118000000.0,5.323,-1324000000.0
87,UNH,MRT,1999-09-30,1999-09-30,1999-09-30,2021-08-03,195000000.0,9785000000.0,9676000000.0,3623000000.0,6162000000.0,1.986,2.855,-249000000.0,973000000.0,973000000.0,14817000000.0,543000000.0,0.662,1.465,650000000.0,400000000.0,250000000.0,650000000.0,206000000.0,223000000.0,0.0,0.001,0.004,899000000.0,1122000000.0,0.058,1122000000.0,899000000.0,863000000.0,0.361,0.355,0.361,3970000000.0,4028500000.0,3970000000.0,7859569645.0,9.0,7.005,1084000000.0,0.78,1.0,4398000000.0,0.229,2817000000.0,36000000.0,1176000000.0,1102000000.0,0.0,4525000000.0,1475000000.0,3050000000.0,5815000000.0,5469000000.0,346000000.0,8440569645.0,-52000000.0,-217000000.0,-797000000.0,648000000.0,-12000000.0,-681000000.0,-704000000.0,-238000000.0,1333000000.0,0.0,543000000.0,517000000.0,517000000.0,0.0,0.0,0.027,3499000000.0,899000000.0,3915000000.0,0.011,2.126,16.326,16.859,295000000.0,26000000.0,6.086,0.439,0.44,967000000.0,3290000000.0,19215000000.0,19215000000.0,0.0,0.053,0.128,0.816,0.047,0.0,3276000000.0,1.0,1386825984.0,1390400000,1421600000.0,13.82,6968000000.0,0.0,320000000.0,96000000.0,5.012,-1846000000.0
88,UNH,MRT,1999-06-30,1999-06-30,1999-06-30,2021-08-03,419000000.0,9754000000.0,9458250000.0,3648000000.0,6106000000.0,1.974,2.989,-217000000.0,1230000000.0,1230000000.0,14402000000.0,534000000.0,0.694,1.346,649000000.0,400000000.0,249000000.0,649000000.0,226000000.0,205000000.0,0.0,0.001,0.004,874000000.0,1079000000.0,0.058,1079000000.0,874000000.0,848000000.0,0.341,0.336,0.341,4158000000.0,4061000000.0,4158000000.0,10122174959.0,12.0,9.381,1025000000.0,0.737,1.0,4270000000.0,0.229,2621000000.0,26000000.0,1292000000.0,1162750000.0,0.0,4577000000.0,1372000000.0,3205000000.0,5596000000.0,5260000000.0,336000000.0,10842174959.0,567000000.0,-40000000.0,-888000000.0,648000000.0,-19000000.0,-779000000.0,104000000.0,361000000.0,1242000000.0,0.0,534000000.0,501000000.0,501000000.0,0.0,0.0,0.027,3396000000.0,874000000.0,3756000000.0,0.012,2.608,21.641,22.955,280000000.0,33000000.0,7.827,0.581,0.583,975000000.0,3146000000.0,18672000000.0,18672000000.0,0.0,0.053,0.123,0.752,0.047,0.0,3191000000.0,1.0,1385138928.0,1391200000,1422400000.0,13.422,7133000000.0,0.0,314000000.0,87000000.0,5.127,-1612000000.0
89,UNH,MRT,1999-03-31,1999-03-31,1999-03-31,2021-08-03,167000000.0,9490000000.0,9241750000.0,3922000000.0,5568000000.0,1.953,2.743,-245000000.0,1369000000.0,1369000000.0,14091000000.0,-166000000.0,0.75,1.404,649000000.0,400000000.0,249000000.0,649000000.0,199000000.0,198000000.0,0.0,0.001,0.004,-30000000.0,168000000.0,0.009,168000000.0,-30000000.0,-45000000.0,-0.126,-0.129,-0.126,3948000000.0,4054250000.0,3948000000.0,8576769046.0,-286.0,51.052,886000000.0,0.616,1.0,3958000000.0,0.219,2509000000.0,15000000.0,1034000000.0,1337250000.0,0.0,4057000000.0,1292000000.0,2765000000.0,5542000000.0,5227000000.0,315000000.0,9512769046.0,701000000.0,59000000.0,-705000000.0,649000000.0,-27000000.0,-603000000.0,173000000.0,359000000.0,1131000000.0,0.0,-166000000.0,-206000000.0,-206000000.0,0.0,0.0,-0.011,3988000000.0,-30000000.0,3703000000.0,-0.032,2.41,-46.178,-52.202,294000000.0,40000000.0,6.577,0.527,0.524,1039000000.0,3017000000.0,18049000000.0,18049000000.0,0.0,-0.022,-0.051,-0.022,-0.002,0.0,3065000000.0,1.0,1446259072.0,1439200000,1461600000.0,12.541,6981000000.0,0.0,121000000.0,0.0,4.851,-1305000000.0
90,UNH,MRT,1998-12-31,1998-12-31,1998-12-31,2021-08-03,44000000.0,9675000000.0,9145250000.0,4254000000.0,5421000000.0,1.898,2.648,-210000000.0,1644000000.0,1644000000.0,13523000000.0,-166000000.0,0.8,1.396,708000000.0,459000000.0,249000000.0,708000000.0,414000000.0,185000000.0,0.0,0.001,0.004,-42000000.0,143000000.0,0.008,143000000.0,-42000000.0,-46000000.0,-0.14,-0.14,-0.14,4038000000.0,4234750000.0,4038000000.0,7016187382.0,-167.0,49.064,861000000.0,0.565,1.0,3832000000.0,0.221,2517000000.0,4000000.0,906000000.0,1625250000.0,0.0,3935000000.0,1325000000.0,2610000000.0,5637000000.0,5316000000.0,321000000.0,8019187382.0,894000000.0,59000000.0,-352000000.0,708000000.0,-34000000.0,-198000000.0,21000000.0,172000000.0,1071000000.0,0.0,-166000000.0,-214000000.0,-214000000.0,0.0,0.0,-0.012,3874000000.0,-42000000.0,3729000000.0,-0.029,1.986,-37.473,-38.446,294000000.0,48000000.0,5.383,0.462,0.473,965000000.0,2885000000.0,17355000000.0,17355000000.0,0.0,-0.023,-0.051,-0.026,-0.002,0.0,2964000000.0,1.0,1489862960.0,1524800000,1524800000.0,11.382,7158000000.0,0.0,120000000.0,72000000.0,4.694,-1062000000.0
91,UNH,MRT,1998-09-30,1998-09-30,1998-09-30,2021-08-03,56000000.0,8914000000.0,8632250000.0,3523000000.0,5391000000.0,1.826,2.669,-167000000.0,1025000000.0,1025000000.0,12156000000.0,-179000000.0,0.821,1.174,22000000.0,0.0,22000000.0,22000000.0,168000000.0,173000000.0,0.0,0.001,0.004,-64000000.0,109000000.0,0.007,109000000.0,-64000000.0,-64000000.0,-0.131,-0.136,-0.131,4100000000.0,4358750000.0,4100000000.0,6194595290.0,-97.0,56.831,784000000.0,0.51,1.0,3607000000.0,0.229,2200000000.0,0.0,1419000000.0,1909000000.0,0.0,4126000000.0,1267000000.0,2859000000.0,4814000000.0,4292000000.0,522000000.0,6836595290.0,580000000.0,0.0,-197000000.0,0.0,-35000000.0,-232000000.0,-139000000.0,28000000.0,951000000.0,0.0,-179000000.0,-207000000.0,-207000000.0,0.0,0.0,-0.013,3671000000.0,-64000000.0,3261000000.0,-0.031,1.667,-33.027,-33.397,332000000.0,28000000.0,4.375,0.434,0.426,1104000000.0,2779000000.0,15763000000.0,15763000000.0,0.0,-0.024,-0.047,-0.034,-0.004,0.0,2773000000.0,1.0,1562650352.0,1536000000,1552000000.0,10.262,6714000000.0,0.0,115000000.0,0.0,4.371,-769000000.0
92,UNH,MRT,1998-06-30,1998-06-30,1998-06-30,2021-08-03,31000000.0,8888000000.0,,3255000000.0,5633000000.0,,2.676,-187000000.0,663000000.0,663000000.0,10946000000.0,-198000000.0,0.768,1.152,21000000.0,0.0,21000000.0,21000000.0,167000000.0,167000000.0,0.0,0.001,0.004,-91000000.0,76000000.0,0.005,76000000.0,-91000000.0,-91000000.0,-0.143,-0.148,-0.143,4131000000.0,,4131000000.0,11625333810.0,-128.0,152.965,580000000.0,0.376,1.0,3416000000.0,0.238,2020000000.0,0.0,1990000000.0,,0.0,4475000000.0,1195000000.0,3280000000.0,4757000000.0,4236000000.0,521000000.0,12273333810.0,53000000.0,0.0,18000000.0,0.0,-35000000.0,-17000000.0,-697000000.0,-510000000.0,767000000.0,0.0,-198000000.0,-226000000.0,-226000000.0,0.0,0.0,-0.016,3507000000.0,-91000000.0,3314000000.0,-0.028,2.971,-54.307,-55.673,333000000.0,28000000.0,7.961,0.855,0.856,1219000000.0,2649000000.0,14362000000.0,14362000000.0,0.0,,,,-0.006,0.0,2615000000.0,1.0,1541634016.0,1544000000,1544000000.0,9.302,6868000000.0,0.0,107000000.0,0.0,4.448,-981000000.0
93,UNH,MRT,1998-03-31,1998-03-31,1998-03-31,2021-08-03,21000000.0,9104000000.0,,3235000000.0,5869000000.0,,3.025,-166000000.0,668000000.0,668000000.0,9630000000.0,483000000.0,0.827,0.949,20000000.0,0.0,20000000.0,20000000.0,170000000.0,154000000.0,0.0,0.001,0.007,773000000.0,927000000.0,0.071,927000000.0,773000000.0,773000000.0,0.3,0.294,0.3,4670000000.0,,4670000000.0,11738616318.0,15.0,12.663,559000000.0,0.362,1.0,3428000000.0,0.263,2356000000.0,0.0,2186000000.0,,0.0,4450000000.0,1268000000.0,3182000000.0,4434000000.0,3914000000.0,520000000.0,12469616318.0,-236000000.0,0.0,57000000.0,0.0,-42000000.0,22000000.0,-983000000.0,-817000000.0,725000000.0,0.0,483000000.0,455000000.0,455000000.0,0.0,0.0,0.035,2655000000.0,773000000.0,3317000000.0,0.023,2.67,27.406,26.979,331000000.0,28000000.0,8.094,0.955,0.957,1145000000.0,3231000000.0,13058000000.0,13058000000.0,0.0,,,,0.059,0.0,2501000000.0,1.0,1540647576.0,1544000000,1592000000.0,8.457,6748000000.0,0.0,290000000.0,0.0,4.37,-679000000.0
94,UNH,MRT,1997-12-31,1997-12-31,1997-12-31,2021-08-03,29000000.0,7623000000.0,7310000000.0,2193000000.0,5430000000.0,1.613,3.031,-187000000.0,750000000.0,750000000.0,8542000000.0,460000000.0,0.853,0.681,19000000.0,0.0,19000000.0,19000000.0,275000000.0,146000000.0,0.0,0.001,0.004,742000000.0,888000000.0,0.075,888000000.0,742000000.0,742000000.0,0.287,0.282,0.287,4534000000.0,4178500000.0,4534000000.0,,,,496000000.0,0.332,1.0,3252000000.0,0.276,2281000000.0,0.0,2041000000.0,1625000000.0,0.0,3319000000.0,534000000.0,2785000000.0,3089000000.0,2570000000.0,519000000.0,9569347256.0,-287000000.0,0.0,69000000.0,0.0,-35000000.0,34000000.0,-1004000000.0,-817000000.0,683000000.0,0.0,460000000.0,431000000.0,431000000.0,0.0,0.0,0.037,2510000000.0,742000000.0,2060000000.0,0.014,2.111,22.203,21.642,364000000.0,29000000.0,6.211,0.811,0.788,768000000.0,3105000000.0,11794000000.0,11794000000.0,0.0,0.059,0.103,0.457,0.063,0.0,2364000000.0,1.0,1540647576.0,1496000000,1526400000.0,7.884,5342000000.0,0.0,282000000.0,0.0,3.571,-377000000.0
95,UNH,MRT,1997-09-30,1997-09-30,1997-09-30,2021-08-03,,,,,,,,,,,,,,,,,,,,,,0.001,0.004,,,,,,,,,,,,,,,,,,1.0,,,,,,,,,,,,,,,,,,,,,,,,,,,,,,,,,,,,,,,,6.25,,,,,,,,,,,,,,1.0,,1504000000,,,,,,,,
96,UNH,MRT,1997-06-30,1997-06-30,1997-06-30,2021-08-03,,,,,,,,,,,,,,,,,,,,,,0.001,0.004,,,,,,,,,,,,,,,,,,1.0,,,,,,,,,,,,,,,,,,,,,,,,,,,,,,,,,,,,,,,,6.5,,,,,,,,,,,,,,1.0,,1496000000,,,,,,,,
97,UNH,MRT,1997-03-31,1997-03-31,1997-03-31,2021-08-03,,,,,,,,,,,,,,,,,,,,,,0.001,0.004,,,,,,,,,,,,,,,,,,1.0,,,,,,,,,,,,,,,,,,,,,,,,,,,,,,,,,,,,,,,,5.952,,,,,,,,,,,,,,1.0,,1480000000,,,,,,,,
98,UNH,MRT,1996-12-31,1996-12-31,1996-12-31,2021-08-03,-7000000.0,6997000000.0,,2740000000.0,4257000000.0,,2.626,-165000000.0,1037000000.0,1037000000.0,7180000000.0,356000000.0,1.037,0.83,31000000.0,0.0,31000000.0,31000000.0,228000000.0,133000000.0,0.0,0.001,0.007,581000000.0,714000000.0,0.071,714000000.0,581000000.0,581000000.0,0.225,0.22,0.225,3823000000.0,,3823000000.0,,,,397000000.0,0.273,1.0,2894000000.0,0.287,2139000000.0,0.0,1209000000.0,,0.0,2571000000.0,766000000.0,1805000000.0,3174000000.0,2643000000.0,531000000.0,,97000000.0,-52000000.0,42000000.0,0.0,0.0,7000000.0,-472000000.0,-255000000.0,562000000.0,0.0,356000000.0,327000000.0,327000000.0,0.0,0.0,0.032,2313000000.0,581000000.0,2081000000.0,0.031,,,25.0,313000000.0,29000000.0,5.625,,0.813,606000000.0,2680000000.0,10074000000.0,10074000000.0,0.0,,,,0.058,0.0,2165000000.0,1.0,,1456000000,1488000000.0,6.919,4858000000.0,0.0,225000000.0,0.0,3.337,97000000.0
99,UNH,MRT,1995-12-31,1995-12-31,1995-12-31,2021-08-03,,,,,,,,-109000000.0,,,3931000000.0,286000000.0,,,,,,,,94000000.0,,0.0,0.004,461000000.0,555000000.0,0.098,555000000.0,461000000.0,461000000.0,0.201,0.196,0.201,,,,,,,326000000.0,0.234,1.0,1740000000.0,0.307,,0.0,,,,,,,,,,,-579000000.0,0.0,37000000.0,0.0,0.0,32000000.0,-1046000000.0,-937000000.0,435000000.0,0.0,286000000.0,279000000.0,279000000.0,0.0,0.0,0.049,1279000000.0,461000000.0,,0.02,,,40.659,,7000000.0,8.172,,2.006,,,5671000000.0,5671000000.0,0.0,,,,0.081,0.0,1031000000.0,1.0,,1392000000,1416000000.0,4.074,,,175000000.0,,,
