None,ticker,dimension,calendardate,datekey,reportperiod,lastupdated,accoci,assets,assetsavg,assetsc,assetsnc,assetturnover,bvps,capex,cashneq,cashnequsd,cor,consolinc,currentratio,de,debt,debtc,debtnc,debtusd,deferredrev,depamor,deposits,divyield,dps,ebit,ebitda,ebitdamargin,ebitdausd,ebitusd,ebt,eps,epsdil,epsusd,equity,equityavg,equityusd,ev,evebit,evebitda,fcf,fcfps,fxusd,gp,grossmargin,intangibles,intexp,invcap,invcapavg,inventory,investments,investmentsc,investmentsnc,liabilities,liabilitiesc,liabilitiesnc,marketcap,ncf,ncfbus,ncfcommon,ncfdebt,ncfdiv,ncff,ncfi,ncfinv,ncfo,ncfx,netinc,netinccmn,netinccmnusd,netincdis,netincnci,netmargin,opex,opinc,payables,payoutratio,pb,pe,pe1,ppnenet,prefdivis,price,ps,ps1,receivables,retearn,revenue,revenueusd,rnd,roa,roe,roic,ros,sbcomp,sgna,sharefactor,sharesbas,shareswa,shareswadil,sps,tangibles,taxassets,taxexp,taxliabilities,tbvps,workingcapital
0,HOLX,MRY,2020-12-31,2020-09-26,2020-09-26,2021-07-28,-49700000.0,7195800000.0,6783150000.0,2222300000.0,4973500000.0,0.557,10.297,-156400000.0,701000000.0,701000000.0,1548900000.0,1110500000.0,1.793,1.659,3058100000.0,326800000.0,2731300000.0,3058100000.0,199000000.0,376000000.0,0.0,0.0,0.0,1123100000.0,1499100000.0,0.397,1499100000.0,1123100000.0,1006600000.0,4.24,4.21,4.24,2705200000.0,2324300000.0,2705200000.0,19238000323.0,17.0,12.833,740200000.0,2.817,1.0,2227500000.0,0.59,3965400000.0,116500000.0,4348200000.0,4189300000.0,395100000.0,0.0,0.0,0.0,4488500000.0,1239300000.0,3249200000.0,16665700323.0,99200000.0,19900000.0,-588000000.0,-31500000.0,0.0,-659900000.0,-141600000.0,0.0,896600000.0,4100000.0,1115200000.0,1115200000.0,1115200000.0,0.0,-4700000.0,0.295,1122500000.0,1105000000.0,178800000.0,0.0,6.161,14.944,15.177,491500000.0,0.0,64.35,4.413,4.477,1028900000.0,-1573200000.0,3776400000.0,3776400000.0,222500000.0,0.164,0.48,0.268,0.297,83300000.0,840600000.0,1.0,258985242.0,262727000,264613000.0,14.374,3230400000.0,38800000.0,-108600000.0,201800000.0,12.296,983000000.0
1,HOLX,MRY,2019-12-31,2019-09-28,2019-09-28,2021-07-28,-42300000.0,6442100000.0,6605325000.0,1793100000.0,4649000000.0,0.51,7.853,-113600000.0,601800000.0,601800000.0,2196400000.0,-203600000.0,1.676,2.045,3076000000.0,273200000.0,2802800000.0,3076000000.0,195300000.0,463100000.0,0.0,0.0,0.0,-116900000.0,346200000.0,0.103,346200000.0,-116900000.0,-257700000.0,-0.76,-0.76,-0.76,2115700000.0,2221600000.0,2115700000.0,15908155671.0,-136.0,45.951,535900000.0,1.989,1.0,1170900000.0,0.348,4023500000.0,140800000.0,3822700000.0,3780425000.0,444900000.0,0.0,0.0,0.0,4326400000.0,1070100000.0,3256300000.0,13261055671.0,-64900000.0,-157200000.0,-150300000.0,-260400000.0,0.0,-431500000.0,-280700000.0,-3000000.0,649500000.0,-2200000.0,-203600000.0,-203600000.0,-203600000.0,0.0,0.0,-0.06,1294700000.0,-123800000.0,186500000.0,0.0,6.268,-65.133,-65.276,470900000.0,0.0,49.61,3.938,3.969,648700000.0,-2688700000.0,3367300000.0,3367300000.0,232200000.0,-0.031,-0.092,-0.031,-0.035,62000000.0,897200000.0,1.0,267306101.0,269413000,269413000.0,12.499,2418600000.0,34900000.0,-54100000.0,275300000.0,8.977,723000000.0
2,HOLX,MRY,2018-12-31,2018-09-29,2018-09-29,2021-07-28,-25500000.0,7230900000.0,7401250000.0,1723200000.0,5507700000.0,0.435,8.829,-105600000.0,666700000.0,666700000.0,1521200000.0,-111300000.0,1.229,1.977,3326900000.0,601400000.0,2725500000.0,3326900000.0,191100000.0,480300000.0,0.0,0.0,0.0,-269900000.0,210400000.0,0.065,210400000.0,-269900000.0,-418600000.0,-0.4,-0.4,-0.4,2428800000.0,2629475000.0,2428800000.0,13846391033.0,-51.0,65.81,627300000.0,2.28,1.0,1696700000.0,0.527,4931800000.0,148700000.0,3556700000.0,3596900000.0,384100000.0,0.0,0.0,0.0,4802100000.0,1402600000.0,3399500000.0,11151591033.0,126100000.0,-76500000.0,-242600000.0,-141800000.0,0.0,-404800000.0,-195200000.0,-6000000.0,732900000.0,-6800000.0,-111300000.0,-111300000.0,-111300000.0,0.0,0.0,-0.035,1934600000.0,-237900000.0,192200000.0,0.0,4.591,-100.194,-102.45,478200000.0,0.0,40.98,3.465,3.503,579200000.0,-2494000000.0,3217900000.0,3217900000.0,218700000.0,-0.015,-0.042,-0.075,-0.084,65000000.0,910700000.0,1.0,272122768.0,275105000,275105000.0,11.697,2299100000.0,31700000.0,-307300000.0,498200000.0,8.357,320600000.0
3,HOLX,MRY,2017-12-31,2017-09-30,2017-09-30,2021-07-28,-16200000.0,7979600000.0,8035500000.0,1478600000.0,6501000000.0,0.381,9.952,-107600000.0,540600000.0,540600000.0,1437800000.0,755500000.0,0.793,1.866,3347200000.0,1152400000.0,2194800000.0,3347200000.0,192000000.0,449200000.0,0.0,0.0,0.0,1383700000.0,1832900000.0,0.599,1832900000.0,1383700000.0,1230500000.0,2.7,2.64,2.7,2784700000.0,2669000000.0,2784700000.0,12947871578.0,9.0,7.064,-99300000.0,-0.355,1.0,1621000000.0,0.53,5943500000.0,153200000.0,2977200000.0,3152125000.0,331600000.0,0.0,0.0,0.0,5194900000.0,1865500000.0,3329400000.0,10290571578.0,-7800000.0,306900000.0,-151100000.0,-136500000.0,0.0,-309200000.0,285800000.0,87100000.0,8300000.0,7300000.0,755500000.0,755500000.0,755500000.0,0.0,0.0,0.247,1150500000.0,470500000.0,166600000.0,0.0,3.695,13.621,13.589,472800000.0,0.0,36.69,3.364,3.356,533500000.0,-2382700000.0,3058800000.0,3058800000.0,232800000.0,0.094,0.283,0.439,0.452,68200000.0,841900000.0,1.0,280473469.0,279811000,285653000.0,10.932,2036100000.0,22400000.0,475000000.0,973600000.0,7.277,-386900000.0
4,HOLX,MRY,2016-12-31,2016-09-24,2016-09-24,2021-07-28,-32300000.0,7317000000.0,7397375000.0,1326600000.0,5990400000.0,0.383,7.647,-94500000.0,548400000.0,548400000.0,1269400000.0,330800000.0,1.471,2.415,3345400000.0,296000000.0,3049400000.0,3345400000.0,177300000.0,465400000.0,0.0,0.0,0.0,570600000.0,1036000000.0,0.366,1036000000.0,570600000.0,415300000.0,1.18,1.16,1.18,2142700000.0,2099025000.0,2142700000.0,13647608813.0,24.0,13.173,703700000.0,2.511,1.0,1563300000.0,0.552,5446500000.0,155300000.0,3765600000.0,3875925000.0,274700000.0,0.0,0.0,0.0,5174300000.0,901900000.0,4272400000.0,10666908813.0,57100000.0,0.0,-211500000.0,-442800000.0,0.0,-670700000.0,-68400000.0,36300000.0,798200000.0,-2000000.0,330800000.0,330800000.0,330800000.0,0.0,0.0,0.117,1014700000.0,548600000.0,156900000.0,0.0,4.978,32.246,32.585,460200000.0,0.0,38.45,3.766,3.804,447000000.0,-3138200000.0,2832700000.0,2832700000.0,232100000.0,0.045,0.158,0.147,0.201,65400000.0,682400000.0,1.0,277422856.0,280213000,286156000.0,10.109,1870500000.0,16900000.0,84500000.0,982600000.0,6.675,424700000.0
5,HOLX,MRY,2015-12-31,2015-09-26,2015-09-26,2021-07-28,-14500000.0,7642500000.0,7970725000.0,1265800000.0,6376700000.0,0.339,7.411,-89400000.0,492700000.0,492700000.0,1272300000.0,131600000.0,1.342,2.676,3612200000.0,391200000.0,3221000000.0,3612200000.0,182700000.0,491400000.0,0.0,0.0,0.0,382700000.0,874100000.0,0.323,874100000.0,382700000.0,177200000.0,0.47,0.45,0.47,2079200000.0,2146825000.0,2079200000.0,14325603400.0,37.0,16.389,707400000.0,2.521,1.0,1432700000.0,0.53,5831400000.0,205500000.0,3987200000.0,4249750000.0,283100000.0,0.0,0.0,0.0,5563300000.0,943400000.0,4619900000.0,11272103400.0,-244800000.0,0.0,70000000.0,-991300000.0,0.0,-947400000.0,-86100000.0,10000000.0,796800000.0,-8100000.0,131600000.0,131600000.0,131600000.0,0.0,0.0,0.049,977600000.0,455100000.0,117000000.0,0.0,5.421,85.654,85.106,457100000.0,0.0,40.0,4.167,4.149,416100000.0,-3469000000.0,2705000000.0,2705000000.0,214900000.0,0.017,0.061,0.09,0.141,59300000.0,624000000.0,1.0,281802585.0,280566000,289537000.0,9.641,1811100000.0,40700000.0,45600000.0,1178400000.0,6.455,322400000.0
6,HOLX,MRY,2014-12-31,2014-09-27,2014-09-27,2021-07-28,2600000.0,8414700000.0,8418350750.0,1565800000.0,6848900000.0,0.301,7.488,-80200000.0,741600000.0,741600000.0,1285200000.0,17300000.0,2.527,3.079,4267700000.0,114500000.0,4153200000.0,4267700000.0,171000000.0,523200000.0,0.0,0.0,0.0,268700000.0,791900000.0,0.313,791900000.0,268700000.0,48100000.0,0.06,0.06,0.06,2063000000.0,2006233500.0,2063000000.0,10398325951.0,39.0,13.131,428200000.0,1.554,1.0,1245500000.0,0.492,6244400000.0,220600000.0,5076800000.0,5090857000.0,330600000.0,0.0,0.0,0.0,6351700000.0,619600000.0,5732100000.0,6766225951.0,-86400000.0,10100000.0,81400000.0,-597400000.0,0.0,-525100000.0,-67000000.0,-7300000.0,508400000.0,-2700000.0,17300000.0,17300000.0,17300000.0,0.0,0.0,0.007,965800000.0,279700000.0,92100000.0,0.0,3.28,391.111,406.0,461900000.0,0.0,24.36,2.674,2.652,396000000.0,-3600600000.0,2530700000.0,2530700000.0,203200000.0,0.002,0.009,0.053,0.106,44300000.0,591500000.0,1.0,277759686.0,275499000,278360000.0,9.186,2170300000.0,61800000.0,30800000.0,1375400000.0,7.878,946200000.0
7,HOLX,MRY,2013-12-31,2013-09-28,2013-09-28,2021-07-28,20400000.0,9000800000.0,10027941000.0,1624200000.0,7376600000.0,0.249,7.225,-90100000.0,829400000.0,829400000.0,1330900000.0,-1172800000.0,1.492,3.636,4805900000.0,563800000.0,4242100000.0,4805900000.0,132300000.0,516000000.0,0.0,0.0,0.0,-911800000.0,-395800000.0,-0.159,-395800000.0,-911800000.0,-1192900000.0,-4.36,-4.36,-4.36,1941500000.0,2728268500.0,1941500000.0,9695216890.0,-11.0,-24.495,403700000.0,1.502,1.0,1161400000.0,0.466,6721200000.0,281100000.0,5167700000.0,5242055750.0,289400000.0,0.0,0.0,0.0,7059300000.0,1088400000.0,5970900000.0,5654931890.0,262100000.0,62000000.0,75100000.0,-274400000.0,0.0,-248800000.0,18800000.0,-1600000.0,493800000.0,-1700000.0,-1172800000.0,-1172800000.0,-1172800000.0,0.0,0.0,-0.471,2056300000.0,-894900000.0,80500000.0,0.0,2.913,-4.822,-4.796,491500000.0,0.0,20.91,2.269,2.254,409300000.0,-3616400000.0,2492300000.0,2492300000.0,197600000.0,-0.117,-0.43,-0.174,-0.366,44900000.0,569800000.0,1.0,270441506.0,268704000,268704000.0,9.275,2279600000.0,44700000.0,-20100000.0,1575100000.0,8.484,535800000.0
8,HOLX,MRY,2012-12-31,2012-09-29,2012-09-29,2021-07-28,6790000.0,10477108000.0,7149560500.0,1563014000.0,8914094000.0,0.28,11.214,-78700000.0,566126000.0,566126000.0,1008200000.0,-73600000.0,2.363,2.538,5035614000.0,64435000.0,4971179000.0,5035614000.0,129688000.0,345800000.0,0.0,0.0,0.0,78600000.0,424400000.0,0.212,424400000.0,78600000.0,-61700000.0,-0.28,-0.28,-0.28,2961031000.0,2977138250.0,2961031000.0,5988669564.0,76.0,14.111,291500000.0,1.104,1.0,994400000.0,0.497,8244029000.0,140300000.0,6041218000.0,2928538250.0,367191000.0,0.0,0.0,0.0,7516077000.0,661349000.0,6854728000.0,5352129564.0,-151900000.0,-3772200000.0,28600000.0,3394900000.0,0.0,3328100000.0,-3850800000.0,-300000.0,370200000.0,600000.0,-73600000.0,-73600000.0,-73600000.0,0.0,0.0,-0.037,842200000.0,152200000.0,87223000.0,0.0,1.808,-72.719,-72.214,507998000.0,0.0,20.22,2.673,2.666,409333000.0,-2443554000.0,2002600000.0,2002600000.0,131000000.0,-0.01,-0.025,0.027,0.039,34400000.0,542800000.0,1.0,264694835.0,264041000,264041000.0,7.584,2233079000.0,81560000.0,11900000.0,1771585000.0,8.457,901665000.0
9,HOLX,MRY,2011-12-31,2011-09-24,2011-09-24,2021-07-28,1995000.0,6008780000.0,5861956250.0,1342900000.0,4665880000.0,0.305,11.248,-55663000.0,712869000.0,712869000.0,866168000.0,157150000.0,2.636,1.046,1488580000.0,0.0,1488580000.0,1488580000.0,120656000.0,304736000.0,0.0,0.0,0.0,342232000.0,646968000.0,0.362,646968000.0,342232000.0,227386000.0,0.6,0.59,0.6,2936895000.0,2864160000.0,2936895000.0,4945437822.0,14.0,7.644,400361000.0,1.533,1.0,923181000.0,0.516,4381137000.0,114846000.0,1893904000.0,1898284500.0,230544000.0,0.0,0.0,0.0,3071885000.0,509450000.0,2562435000.0,4089338822.0,196707000.0,-216137000.0,25404000.0,-6689000.0,0.0,7674000.0,-266587000.0,-99000.0,456024000.0,-404000.0,157150000.0,157150000.0,157150000.0,0.0,0.0,0.088,556752000.0,366429000.0,63467000.0,0.0,1.392,26.022,26.0,238666000.0,0.0,15.6,2.285,2.276,318712000.0,-2369920000.0,1789349000.0,1789349000.0,116696000.0,0.027,0.055,0.18,0.191,31820000.0,446293000.0,1.0,262137104.0,261099000,264305000.0,6.853,1627643000.0,49705000.0,70236000.0,957426000.0,6.234,833450000.0
10,HOLX,MRY,2010-12-31,2010-09-25,2010-09-25,2021-07-28,143000.0,5625834000.0,5694700500.0,1098881000.0,4526953000.0,0.295,10.429,-46658000.0,516567000.0,516567000.0,942914000.0,-62813000.0,2.487,1.085,1448415000.0,1362000.0,1447053000.0,1448415000.0,120516000.0,294768000.0,0.0,0.0,0.0,72116000.0,366884000.0,0.218,366884000.0,72116000.0,-54991000.0,-0.24,-0.24,-0.24,2698549000.0,2766611250.0,2698549000.0,5255276393.0,73.0,14.324,410054000.0,1.585,1.0,736638000.0,0.439,4227795000.0,127107000.0,1887975000.0,1929064750.0,192482000.0,0.0,0.0,0.0,2927285000.0,441912000.0,2485373000.0,4317457393.0,222439000.0,-85357000.0,12594000.0,-177004000.0,0.0,-167575000.0,-66980000.0,-117000.0,456712000.0,282000.0,-62813000.0,-62813000.0,-62813000.0,0.0,0.0,-0.037,666701000.0,69937000.0,57480000.0,0.0,1.6,-68.735,-69.417,251698000.0,0.0,16.66,2.571,2.567,283103000.0,-2527070000.0,1679552000.0,1679552000.0,104305000.0,-0.011,-0.023,0.037,0.043,32117000.0,395714000.0,1.0,259151104.0,258743000,258743000.0,6.491,1398039000.0,76752000.0,7822000.0,955611000.0,5.403,656969000.0
11,HOLX,MRY,2009-12-31,2009-09-26,2009-09-26,2021-07-28,7028000.0,5684226000.0,6331299000.0,818625000.0,4865601000.0,0.259,10.626,-58234000.0,294102000.0,294102000.0,779648000.0,-2216642000.0,2.486,1.085,1552251000.0,38373000.0,1513878000.0,1552251000.0,97544000.0,273924000.0,0.0,0.0,0.0,-2019173000.0,-1745249000.0,-1.066,-1745249000.0,-2019173000.0,-2154130000.0,-8.64,-8.64,-8.64,2725977000.0,3069853750.0,2725977000.0,5940042249.0,-3.0,-3.404,492222000.0,1.919,1.0,857486000.0,0.524,4531527000.0,134957000.0,2081558000.0,2551815250.0,179889000.0,0.0,0.0,0.0,2958249000.0,329290000.0,2628959000.0,4177979249.0,197525000.0,-229000.0,10887000.0,-301310000.0,0.0,-288624000.0,-65610000.0,-550000.0,550456000.0,1303000.0,-2216642000.0,-2216642000.0,-2216642000.0,0.0,0.0,-1.354,2874160000.0,-2016674000.0,46589000.0,0.0,1.533,-1.885,-1.884,278377000.0,0.0,16.28,2.552,2.551,263231000.0,-2464257000.0,1637134000.0,1637134000.0,102453000.0,-0.35,-0.722,-0.791,-1.233,29961000.0,379677000.0,1.0,256632632.0,256545000,256545000.0,6.381,1152699000.0,52337000.0,62512000.0,1045183000.0,4.493,489335000.0
12,HOLX,MRY,2008-12-31,2008-09-27,2008-09-27,2021-07-28,4945000.0,8134632000.0,7909330500.0,693578000.0,7441054000.0,0.212,18.873,-78885000.0,99290000.0,99290000.0,781981000.0,-415588000.0,2.035,0.752,2200900000.0,38480000.0,2162420000.0,2200900000.0,78559000.0,172950000.0,0.0,0.0,0.0,-194229000.0,-21279000.0,-0.013,-21279000.0,-194229000.0,-327272000.0,-1.69,-1.69,-1.69,4642269000.0,4678633500.0,4642269000.0,6742632520.0,-35.0,-316.868,283331000.0,1.152,1.0,892518000.0,0.533,7080147000.0,133043000.0,2815220000.0,2572445750.0,174667000.0,0.0,0.0,0.0,3492363000.0,340875000.0,3151488000.0,5125196520.0,-4742000.0,-2609341000.0,171014000.0,2118750000.0,0.0,2311079000.0,-2677069000.0,3311000.0,362216000.0,-968000.0,-415588000.0,-415588000.0,-415588000.0,0.0,0.0,-0.248,1090060000.0,-197542000.0,59590000.0,0.0,1.104,-12.332,-11.834,283975000.0,0.0,20.0,3.061,2.938,321299000.0,-217644000.0,1674499000.0,1674499000.0,88184000.0,-0.053,-0.089,-0.076,-0.116,-37076000.0,402166000.0,1.0,256259826.0,245968000,245968000.0,6.808,1054485000.0,71457000.0,88316000.0,920838000.0,4.287,352703000.0
13,HOLX,MRY,2007-12-31,2007-09-29,2007-09-29,2021-07-28,4123000.0,1066349000.0,934940000.0,399180000.0,667169000.0,0.79,7.539,-21413000.0,100403000.0,100403000.0,393039000.0,94578000.0,2.235,0.323,11199000.0,1977000.0,9222000.0,11199000.0,45769000.0,31162000.0,0.0,0.0,0.0,151000000.0,182162000.0,0.247,182162000.0,151000000.0,148489000.0,0.88,0.86,0.88,805723000.0,697801250.0,805723000.0,3206586032.0,21.0,17.603,132514000.0,1.24,1.0,345329000.0,0.468,581889000.0,2511000.0,216644000.0,203815250.0,105289000.0,0.0,0.0,0.0,260626000.0,178612000.0,82014000.0,3290786032.0,70480000.0,-28826000.0,9609000.0,-53995000.0,0.0,-22460000.0,-59904000.0,50000.0,153927000.0,-1083000.0,94578000.0,94578000.0,94578000.0,0.0,0.0,0.128,197577000.0,147752000.0,42289000.0,0.0,4.084,34.794,34.659,69769000.0,0.0,30.5,4.457,4.415,152743000.0,168453000.0,738368000.0,738368000.0,44381000.0,0.101,0.136,0.741,0.205,-15822000.0,147612000.0,1.0,107894624.0,106873000,109669000.0,6.909,484460000.0,29417000.0,53911000.0,54866000.0,4.533,220568000.0
14,HOLX,MRY,2006-12-31,2006-09-30,2006-09-30,2021-07-28,-442000.0,856205000.0,471137250.0,290022000.0,566183000.0,0.982,6.512,-12989000.0,29923000.0,29923000.0,269375000.0,27423000.0,1.742,0.413,64084000.0,57921000.0,6163000.0,64084000.0,30903000.0,16133000.0,0.0,0.0,0.0,54453000.0,70586000.0,0.153,70586000.0,54453000.0,53223000.0,0.29,0.29,0.29,605750000.0,346314250.0,605750000.0,2194020414.0,40.0,31.083,3524000.0,0.038,1.0,193305000.0,0.418,500155000.0,1230000.0,223682000.0,150699500.0,93477000.0,0.0,0.0,0.0,250455000.0,166529000.0,83926000.0,2293437414.0,-84071000.0,-199422000.0,10639000.0,52052000.0,0.0,90599000.0,-191982000.0,0.0,16513000.0,799000.0,27423000.0,27423000.0,27423000.0,0.0,0.0,0.059,142966000.0,50339000.0,26443000.0,0.0,3.786,83.632,75.034,61723000.0,0.0,21.76,4.957,4.375,108566000.0,73875000.0,462680000.0,462680000.0,28113000.0,0.058,0.079,0.361,0.118,-23957000.0,98415000.0,1.0,105396940.0,93025000,97240000.0,4.974,356050000.0,50944000.0,25800000.0,60858000.0,3.827,123493000.0
15,HOLX,MRY,2005-12-31,2005-09-24,2005-09-24,2021-07-28,-1239000.0,279839000.0,248974500.0,228375000.0,51464000.0,1.155,2.543,-7699000.0,113994000.0,113994000.0,175570000.0,28256000.0,4.096,0.285,0.0,0.0,0.0,0.0,21134000.0,7574000.0,0.0,0.0,0.0,34850000.0,42424000.0,0.147,42424000.0,34850000.0,34695000.0,0.33,0.33,0.33,217834000.0,194079500.0,217834000.0,1082923042.0,31.0,25.526,37479000.0,0.438,1.0,112114000.0,0.39,11447000.0,155000.0,98638000.0,88331750.0,44520000.0,0.0,0.0,0.0,62005000.0,55760000.0,6245000.0,1184580042.0,45659000.0,0.0,15868000.0,-947000.0,0.0,14921000.0,-14299000.0,0.0,45178000.0,-141000.0,28256000.0,28256000.0,28256000.0,0.0,0.0,0.098,79483000.0,32631000.0,14163000.0,0.0,5.438,41.923,40.727,33329000.0,0.0,13.44,4.118,4.001,57742000.0,46452000.0,287684000.0,287684000.0,18617000.0,0.113,0.146,0.395,0.121,7561000.0,60866000.0,1.0,88138396.0,85648000,90252000.0,3.359,268392000.0,6023000.0,6439000.0,1471000.0,3.134,172615000.0
16,HOLX,MRY,2004-12-31,2004-09-25,2004-09-25,2021-07-28,-1115000.0,211751000.0,200965000.0,166053000.0,45698000.0,1.138,2.052,-7187000.0,68335000.0,68335000.0,144247000.0,12164000.0,3.833,0.273,947000.0,475000.0,472000.0,947000.0,13013000.0,7589000.0,0.0,0.0,0.0,13126000.0,20715000.0,0.091,20715000.0,13126000.0,12927000.0,0.15,0.15,0.15,166275000.0,158319750.0,166275000.0,335515185.0,26.0,16.197,19439000.0,0.24,1.0,84458000.0,0.369,12536000.0,199000.0,88500000.0,91081250.0,40174000.0,0.0,0.0,0.0,45476000.0,43327000.0,2149000.0,390926185.0,23158000.0,-341000.0,5003000.0,-1083000.0,0.0,3920000.0,-7365000.0,0.0,26626000.0,-23000.0,12164000.0,12164000.0,12164000.0,0.0,0.0,0.053,71872000.0,12586000.0,10546000.0,0.0,2.351,32.138,31.767,32877000.0,0.0,4.765,1.709,1.688,48409000.0,18196000.0,228705000.0,228705000.0,16659000.0,0.061,0.077,0.144,0.057,0.0,55213000.0,1.0,82041172.0,81032000,85186000.0,2.822,199215000.0,0.0,763000.0,1677000.0,2.458,122726000.0
17,HOLX,MRY,2003-12-31,2003-09-27,2003-09-27,2021-07-28,-1296000.0,188603000.0,183397000.0,141988000.0,46615000.0,1.113,1.897,-8146000.0,45177000.0,45177000.0,130455000.0,2882000.0,3.724,0.266,2030000.0,480000.0,1550000.0,2030000.0,9440000.0,7405000.0,0.0,0.0,0.0,3503000.0,10908000.0,0.053,10908000.0,3503000.0,3058000.0,0.035,0.035,0.035,148927000.0,144861250.0,148927000.0,231658576.0,66.0,21.237,-3415000.0,-0.043,1.0,73580000.0,0.361,13850000.0,445000.0,93480000.0,94323000.0,43426000.0,0.0,0.0,0.0,39676000.0,38126000.0,1550000.0,269438576.0,-659000.0,0.0,3055000.0,-718000.0,0.0,2337000.0,-7922000.0,0.0,4731000.0,195000.0,2882000.0,2882000.0,2882000.0,0.0,0.0,0.014,70555000.0,3025000.0,10819000.0,0.0,1.809,93.49,97.286,32106000.0,0.0,3.405,1.321,1.31,43831000.0,6032000.0,204035000.0,204035000.0,18381000.0,0.016,0.02,0.037,0.017,0.0,52174000.0,1.0,79130272.0,78516000,80522000.0,2.599,174753000.0,0.0,176000.0,0.0,2.226,103862000.0
18,HOLX,MRY,2002-12-31,2002-09-28,2002-09-28,2021-07-28,-1877000.0,184147000.0,203722000.0,137942000.0,46205000.0,0.934,1.933,-6138000.0,45836000.0,45836000.0,118376000.0,179000.0,3.495,0.293,2748000.0,480000.0,2268000.0,2748000.0,9254000.0,7476000.0,0.0,0.0,0.0,2730000.0,10206000.0,0.054,10206000.0,2730000.0,-250000.0,0.003,0.003,0.003,142409000.0,141546250.0,142409000.0,187641223.0,69.0,18.385,823000.0,0.011,1.0,71816000.0,0.378,15766000.0,2980000.0,85823000.0,134926250.0,37855000.0,0.0,0.0,0.0,41738000.0,39470000.0,2268000.0,191565223.0,33082000.0,0.0,29341000.0,-28303000.0,0.0,1038000.0,25112000.0,0.0,6961000.0,-29000.0,179000.0,179000.0,179000.0,0.0,0.0,0.001,69659000.0,2157000.0,10929000.0,0.0,1.345,1070.197,820.833,29380000.0,0.0,2.462,1.007,0.954,39440000.0,3150000.0,190192000.0,190192000.0,20362000.0,0.001,0.001,0.02,0.014,0.0,47227000.0,1.0,77792984.0,73676000,76768000.0,2.581,168381000.0,0.0,-429000.0,0.0,2.285,98472000.0
19,HOLX,MRY,2001-12-31,2001-09-29,2001-09-29,2021-07-28,-2157000.0,195119000.0,200031750.0,99575000.0,95544000.0,0.901,1.806,-4330000.0,12754000.0,12754000.0,119446000.0,-20850000.0,1.814,0.745,30899000.0,2483000.0,28416000.0,30899000.0,8754000.0,8735000.0,0.0,0.0,0.0,-17779000.0,-9044000.0,-0.05,-9044000.0,-17779000.0,-20681000.0,-0.338,-0.338,-0.338,111807000.0,117586250.0,111807000.0,94864101.0,-5.0,-10.489,-14581000.0,-0.236,1.0,60750000.0,0.337,17890000.0,2902000.0,140478000.0,139360000.0,39285000.0,0.0,0.0,0.0,83312000.0,54896000.0,28416000.0,78630101.0,-10024000.0,932000.0,904000.0,3961000.0,0.0,4865000.0,-4657000.0,0.0,-10251000.0,19000.0,-20850000.0,-20850000.0,-20850000.0,0.0,0.0,-0.116,79556000.0,-18806000.0,18152000.0,0.0,0.703,-3.771,-3.735,60056000.0,0.0,1.262,0.436,0.434,42227000.0,2971000.0,180196000.0,180196000.0,23328000.0,-0.104,-0.177,-0.128,-0.099,968000.0,54710000.0,1.0,62281268.0,61900000,61900000.0,2.911,177229000.0,16516000.0,169000.0,0.0,2.863,44679000.0
20,HOLX,MRY,2000-12-31,2000-09-30,2000-09-30,2021-07-28,-2172000.0,219655000.0,184192250.0,116105000.0,103550000.0,0.512,2.147,-5821000.0,22778000.0,22778000.0,65454000.0,-18619000.0,1.841,0.669,25388000.0,388000.0,25000000.0,25388000.0,13642000.0,4420000.0,0.0,0.0,0.0,-28792000.0,-24372000.0,-0.258,-24372000.0,-28792000.0,-29019000.0,-0.305,-0.305,-0.305,131572000.0,141764000.0,131572000.0,80987800.0,-3.0,-3.323,-6498000.0,-0.106,1.0,28883000.0,0.306,23627000.0,227000.0,135555000.0,116342750.0,39706000.0,0.0,0.0,0.0,88083000.0,63083000.0,25000000.0,114674800.0,-13730000.0,-30198000.0,549000.0,-715000.0,0.0,-166000.0,-12101000.0,29136000.0,-677000.0,-786000.0,-18619000.0,-18619000.0,-18619000.0,0.0,0.0,-0.197,61242000.0,-32359000.0,16414000.0,0.0,0.872,-6.159,-6.097,62794000.0,0.0,1.859,1.216,1.208,50580000.0,23821000.0,94337000.0,94337000.0,17178000.0,-0.101,-0.131,-0.247,-0.305,105000.0,39064000.0,1.0,61669696.0,61280000,61280000.0,1.539,196028000.0,16809000.0,-10400000.0,0.0,3.199,53022000.0
21,HOLX,MRY,1999-12-31,1999-09-25,1999-09-25,2021-07-28,-1331000.0,175770000.0,176093750.0,115171000.0,60599000.0,0.478,2.696,-8879000.0,36508000.0,36508000.0,50333000.0,-3747000.0,4.544,0.169,1103000.0,1103000.0,0.0,1103000.0,8079000.0,3474000.0,0.0,0.0,0.0,-5274000.0,-1800000.0,-0.021,-1800000.0,-5274000.0,-5822000.0,-0.068,-0.068,-0.068,150422000.0,146876000.0,150422000.0,26775696.0,-5.0,-14.875,-6572000.0,-0.118,1.0,33807000.0,0.402,0.0,548000.0,115017000.0,108534750.0,17596000.0,26170000.0,26170000.0,0.0,25348000.0,25348000.0,0.0,64061696.0,-11915000.0,-7972000.0,294000.0,-2695000.0,0.0,-2358000.0,-11131000.0,5827000.0,2307000.0,-733000.0,-3747000.0,-3747000.0,-3747000.0,0.0,0.0,-0.045,43285000.0,-9478000.0,6063000.0,0.0,0.426,-17.097,-15.397,50470000.0,0.0,1.047,0.761,0.694,28056000.0,42440000.0,84140000.0,84140000.0,12664000.0,-0.021,-0.026,-0.049,-0.063,243000.0,30621000.0,1.0,61185956.0,55800000,55800000.0,1.508,175770000.0,6225000.0,-2075000.0,0.0,3.15,89823000.0
22,HOLX,MRY,1998-12-31,1998-09-26,1998-09-26,2021-07-28,-575000.0,172597000.0,162781899.0,131848000.0,40749000.0,0.71,2.647,-22597000.0,48423000.0,48423000.0,55891000.0,10388000.0,4.093,0.229,3799000.0,3799000.0,0.0,3799000.0,10466000.0,1851000.0,0.0,0.0,0.0,16188000.0,18039000.0,0.156,18039000.0,16188000.0,16188000.0,0.195,0.188,0.195,140382000.0,135271513.0,140382000.0,127764879.0,8.0,7.083,-7968000.0,-0.15,1.0,59673000.0,0.516,0.0,0.0,95758000.0,90973622.0,20438000.0,27479000.0,27479000.0,0.0,32215000.0,32215000.0,0.0,172289011.0,20331000.0,0.0,1123000.0,3716000.0,0.0,6035000.0,-573000.0,25738000.0,14629000.0,240000.0,10388000.0,10388000.0,10388000.0,0.0,0.0,0.09,49483000.0,10190000.0,5497000.0,0.0,1.227,16.585,16.513,25898000.0,0.0,3.22,1.491,1.478,29287000.0,46187000.0,115564000.0,115564000.0,9778000.0,0.064,0.077,0.178,0.14,302000.0,39041000.0,1.0,53505904.0,53036000,55064000.0,2.179,172597000.0,0.0,5800000.0,0.0,3.254,99633000.0
23,HOLX,MRY,1997-12-31,1997-09-27,1997-09-27,2021-07-28,-831000.0,144667000.0,,130769000.0,13898000.0,,2.44,-2082000.0,28092000.0,28092000.0,47492000.0,17729000.0,7.306,0.141,83000.0,83000.0,0.0,83000.0,3288000.0,1252000.0,0.0,0.0,0.0,27569000.0,28821000.0,0.27,28821000.0,27569000.0,27569000.0,0.343,0.325,0.343,126767000.0,,126767000.0,,,,10480000.0,0.202,1.0,59197000.0,0.555,0.0,0.0,98758000.0,,13205000.0,56173000.0,56173000.0,0.0,17900000.0,17900000.0,0.0,,-662000.0,0.0,1574000.0,-2452000.0,0.0,-408000.0,-12148000.0,-9961000.0,12562000.0,-668000.0,17729000.0,17729000.0,17729000.0,0.0,0.0,0.166,36974000.0,22223000.0,5232000.0,0.0,,,18.681,4704000.0,0.0,6.407,,3.12,29231000.0,35799000.0,106689000.0,106689000.0,8527000.0,,,,0.258,271000.0,28275000.0,1.0,,51944000,54688000.0,2.054,144667000.0,0.0,9840000.0,0.0,2.785,112869000.0
24,HOLX,MRY,1996-12-31,1996-09-28,1996-09-28,2021-07-28,,,,,,,,-2383000.0,,,41253000.0,11357000.0,,,,,,,,891000.0,,0.0,0.0,17057000.0,17948000.0,0.196,17948000.0,17057000.0,17057000.0,0.242,0.228,0.242,,,,,,,-1300000.0,-0.028,1.0,50338000.0,0.55,,0.0,,,,,,,,,,,15867000.0,0.0,59781000.0,605000.0,0.0,65316000.0,-50558000.0,-48246000.0,1083000.0,26000.0,11357000.0,11357000.0,11357000.0,0.0,0.0,0.124,35864000.0,14474000.0,,0.0,,,29.442,,0.0,7.125,,3.64,,,91591000.0,91591000.0,7283000.0,,,,0.186,110000.0,25585000.0,1.0,,46793484,50095932.0,1.957,,,5700000.0,,,
0,HOLX,MRQ,2021-06-30,2021-06-26,2021-06-26,2021-07-28,-42200000.0,8590600000.0,,2418200000.0,6172400000.0,,15.131,-35100000.0,827600000.0,827600000.0,466700000.0,268100000.0,1.651,1.216,3141300000.0,463700000.0,2677600000.0,3141300000.0,228100000.0,101100000.0,0.0,0.0,0.0,359400000.0,460500000.0,0.394,460500000.0,359400000.0,337800000.0,1.05,1.04,1.05,3877100000.0,,3877100000.0,18840394149.0,7.0,6.177,627700000.0,2.45,1.0,701600000.0,0.601,5065000000.0,21600000.0,4374700000.0,,502900000.0,0.0,0.0,0.0,4713500000.0,1464600000.0,3248900000.0,16883194149.0,11200000.0,-723300000.0,-182300000.0,300600000.0,0.0,109600000.0,-758400000.0,0.0,662800000.0,-2800000.0,268400000.0,268400000.0,268400000.0,0.0,-300000.0,0.23,343000000.0,358600000.0,208400000.0,0.0,4.355,8.286,8.372,551100000.0,0.0,65.89,2.982,2.981,943200000.0,-30500000.0,1168300000.0,1168300000.0,69000000.0,,,,,15400000.0,260000000.0,1.0,256233027.0,256230000,258581000.0,4.56,3525600000.0,63000000.0,69400000.0,284800000.0,13.76,953600000.0
1,HOLX,MRQ,2021-03-31,2021-03-27,2021-03-27,2021-07-28,-35800000.0,8044000000.0,,2662400000.0,5381600000.0,,14.68,-41200000.0,816400000.0,816400000.0,451800000.0,619400000.0,2.569,1.12,2773600000.0,77900000.0,2695700000.0,2773600000.0,211900000.0,95200000.0,0.0,0.0,0.0,802300000.0,897500000.0,0.584,897500000.0,802300000.0,781000000.0,2.4,2.38,2.4,3794400000.0,,3794400000.0,20832028769.0,8.0,7.232,511000000.0,1.977,1.0,1085800000.0,0.706,4304800000.0,21300000.0,4660000000.0,,456200000.0,0.0,0.0,0.0,4249000000.0,1036400000.0,3212600000.0,18917528769.0,-52300000.0,-435100000.0,-109800000.0,-19100000.0,0.0,-129200000.0,-478200000.0,0.0,552200000.0,2900000.0,619900000.0,619900000.0,619900000.0,0.0,-500000.0,0.403,303700000.0,782100000.0,225100000.0,0.0,4.986,9.92,9.989,533600000.0,0.0,73.42,3.558,3.569,1212300000.0,-298900000.0,1537600000.0,1537600000.0,71500000.0,,,,,17000000.0,220400000.0,1.0,257661792.0,258473000,260749000.0,5.949,3739200000.0,85400000.0,161100000.0,229800000.0,14.467,1626000000.0
2,HOLX,MRQ,2020-12-31,2020-12-26,2020-12-26,2021-07-28,-30700000.0,7550700000.0,,2596300000.0,4954400000.0,,12.637,-44800000.0,868700000.0,868700000.0,429400000.0,653400000.0,2.459,1.31,2783200000.0,76900000.0,2706300000.0,2783200000.0,195400000.0,92800000.0,0.0,0.0,0.0,861500000.0,954300000.0,0.593,954300000.0,861500000.0,833400000.0,2.53,2.5,2.53,3267900000.0,,3267900000.0,21573713998.0,12.0,9.682,605200000.0,2.34,1.0,1180400000.0,0.733,3908100000.0,28100000.0,4501100000.0,,420200000.0,0.0,0.0,0.0,4281700000.0,1056000000.0,3225700000.0,19216613998.0,167700000.0,-4900000.0,-78000000.0,-303800000.0,0.0,-428200000.0,-49900000.0,0.0,650000000.0,-4200000.0,654400000.0,654400000.0,654400000.0,0.0,-1000000.0,0.407,290300000.0,890100000.0,184300000.0,0.0,5.88,13.89,14.055,514500000.0,0.0,74.77,4.237,4.263,1216100000.0,-918800000.0,1609800000.0,1609800000.0,59300000.0,,,,,18600000.0,219500000.0,1.0,257009683.0,258605000,261785000.0,6.225,3642600000.0,29900000.0,179000000.0,189400000.0,14.086,1540300000.0
3,HOLX,MRQ,2020-09-30,2020-09-26,2020-09-26,2021-07-28,-49700000.0,7195800000.0,,2222300000.0,4973500000.0,,10.408,-58300000.0,701000000.0,701000000.0,415100000.0,493600000.0,1.793,1.659,3058100000.0,326800000.0,2731300000.0,3058100000.0,199000000.0,94300000.0,0.0,0.0,0.0,643400000.0,737700000.0,0.548,737700000.0,643400000.0,618400000.0,1.89,1.87,1.89,2705200000.0,,2705200000.0,19238000323.0,17.0,12.833,383700000.0,1.476,1.0,931800000.0,0.692,3965400000.0,25000000.0,4348200000.0,,395100000.0,0.0,0.0,0.0,4488500000.0,1239300000.0,3249200000.0,16665700323.0,-43200000.0,-79600000.0,-89300000.0,-259900000.0,0.0,-350900000.0,-137900000.0,0.0,442000000.0,3600000.0,494900000.0,494900000.0,494900000.0,0.0,-1300000.0,0.367,299000000.0,632800000.0,178800000.0,0.0,6.161,14.944,15.177,491500000.0,0.0,64.35,4.413,4.477,1028900000.0,-1573200000.0,1346900000.0,1346900000.0,57000000.0,,,,,29600000.0,221300000.0,1.0,258985242.0,259907000,263176000.0,5.182,3230400000.0,38800000.0,123500000.0,201800000.0,12.429,983000000.0
4,HOLX,MRQ,2020-06-30,2020-06-27,2020-06-27,2021-07-28,-61900000.0,6803100000.0,,1982800000.0,4820300000.0,,8.678,-35000000.0,744200000.0,744200000.0,356800000.0,136400000.0,1.473,2.015,3316500000.0,567300000.0,2749200000.0,3316500000.0,187700000.0,93600000.0,0.0,0.0,0.0,197300000.0,290900000.0,0.354,290900000.0,197300000.0,169900000.0,0.53,0.53,0.53,2255100000.0,,2255100000.0,16594967887.0,42.0,21.094,188000000.0,0.723,1.0,466100000.0,0.566,3845400000.0,27400000.0,4184300000.0,,413600000.0,0.0,0.0,0.0,4544500000.0,1345700000.0,3198800000.0,13819167887.0,-55600000.0,0.0,18200000.0,-259700000.0,0.0,-241700000.0,-36300000.0,0.0,223000000.0,-600000.0,137900000.0,137900000.0,137900000.0,0.0,-1500000.0,0.168,275100000.0,191000000.0,127300000.0,0.0,6.128,27.816,28.468,456200000.0,0.0,53.52,4.193,4.221,728000000.0,-2068100000.0,822900000.0,822900000.0,55100000.0,,,,,19900000.0,208800000.0,1.0,258205678.0,259870000,261047000.0,3.167,2957700000.0,45500000.0,32000000.0,214100000.0,11.381,637100000.0
5,HOLX,MRQ,2020-03-31,2020-03-28,2020-03-28,2021-07-28,-58900000.0,6821800000.0,,1936600000.0,4885200000.0,,7.925,-31600000.0,799800000.0,799800000.0,360300000.0,94800000.0,1.308,2.268,3575600000.0,807900000.0,2767700000.0,3575600000.0,187600000.0,93700000.0,0.0,0.0,0.0,151700000.0,245400000.0,0.325,245400000.0,151700000.0,120400000.0,0.37,0.36,0.37,2086100000.0,,2086100000.0,11478824919.0,33.0,15.134,86100000.0,0.327,1.0,395800000.0,0.523,3920800000.0,31300000.0,4195900000.0,,401300000.0,0.0,0.0,0.0,4730600000.0,1480900000.0,3249700000.0,8757424919.0,418300000.0,111300000.0,-249700000.0,481900000.0,0.0,222600000.0,78300000.0,0.0,117700000.0,-300000.0,96300000.0,96300000.0,96300000.0,0.0,-1500000.0,0.127,239900000.0,155900000.0,134400000.0,0.0,4.198,19.341,19.565,445300000.0,0.0,33.26,2.634,2.633,597200000.0,-2206000000.0,756100000.0,756100000.0,49300000.0,,,,,15700000.0,177600000.0,1.0,263302012.0,263238000,264506000.0,2.872,2901000000.0,62600000.0,24100000.0,235900000.0,11.02,455700000.0
6,HOLX,MRQ,2019-12-31,2019-12-28,2019-12-28,2021-07-28,-28700000.0,6311900000.0,,1637600000.0,4674300000.0,,8.402,-31500000.0,370800000.0,370800000.0,416700000.0,385800000.0,1.57,1.801,3092200000.0,304000000.0,2788200000.0,3092200000.0,171500000.0,94400000.0,0.0,0.0,0.0,130500000.0,224900000.0,0.264,224900000.0,130500000.0,97700000.0,1.44,1.43,1.44,2250800000.0,,2250800000.0,16514293720.0,-130.0,52.964,82400000.0,0.308,1.0,433800000.0,0.51,3961200000.0,32800000.0,4028800000.0,,380800000.0,0.0,0.0,0.0,4054200000.0,1043300000.0,3010900000.0,14040093720.0,-220300000.0,-11800000.0,-267200000.0,6200000.0,0.0,-289900000.0,-45700000.0,0.0,113900000.0,1400000.0,386100000.0,386100000.0,386100000.0,0.0,-300000.0,0.454,308100000.0,125700000.0,123700000.0,0.0,6.238,167.343,163.625,452000000.0,0.0,52.36,4.145,4.141,581800000.0,-2302300000.0,850500000.0,850500000.0,61200000.0,,,,,18100000.0,232500000.0,1.0,268145411.0,267893000,269721000.0,3.175,2350700000.0,30900000.0,-288400000.0,5700000.0,8.775,594300000.0
7,HOLX,MRQ,2019-09-30,2019-09-28,2019-09-28,2021-07-28,-42300000.0,6442100000.0,,1793100000.0,4649000000.0,,7.868,-31400000.0,601800000.0,601800000.0,616400000.0,-123500000.0,1.676,2.045,3076000000.0,273200000.0,2802800000.0,3076000000.0,195300000.0,113400000.0,0.0,0.0,0.0,-87900000.0,25500000.0,0.029,25500000.0,-87900000.0,-122700000.0,-0.46,-0.46,-0.46,2115700000.0,,2115700000.0,15908155671.0,-136.0,45.951,216300000.0,0.804,1.0,249500000.0,0.288,4023500000.0,34800000.0,3822700000.0,,444900000.0,0.0,0.0,0.0,4326400000.0,1070100000.0,3256300000.0,13261055671.0,173900000.0,-47800000.0,13900000.0,-400000.0,0.0,9200000.0,-80800000.0,0.0,247700000.0,-2200000.0,-123500000.0,-123500000.0,-123500000.0,0.0,0.0,-0.143,336000000.0,-86500000.0,186500000.0,0.0,6.268,-65.133,-65.276,470900000.0,0.0,49.61,3.938,3.969,648700000.0,-2688700000.0,865900000.0,865900000.0,60400000.0,,,,,13500000.0,225600000.0,1.0,267306101.0,268894000,268894000.0,3.22,2418600000.0,34900000.0,800000.0,275300000.0,8.995,723000000.0
8,HOLX,MRQ,2019-06-30,2019-06-29,2019-06-29,2021-07-28,-34200000.0,6522400000.0,,1591800000.0,4930600000.0,,8.242,-30300000.0,427900000.0,427900000.0,407600000.0,93900000.0,1.568,1.943,3075000000.0,263800000.0,2811200000.0,3075000000.0,186500000.0,113300000.0,0.0,0.0,0.0,149400000.0,262700000.0,0.308,262700000.0,149400000.0,114300000.0,0.35,0.35,0.35,2216500000.0,,2216500000.0,15602967627.0,204.0,28.614,133400000.0,0.496,1.0,444800000.0,0.522,4354300000.0,35100000.0,3800000000.0,,467900000.0,0.0,0.0,0.0,4305900000.0,1015200000.0,3290700000.0,12871767627.0,26900000.0,-800000.0,-42900000.0,-58500000.0,0.0,-104500000.0,-32800000.0,0.0,163700000.0,500000.0,93900000.0,93900000.0,93900000.0,0.0,0.0,0.11,299500000.0,145300000.0,161500000.0,0.0,5.807,-434.857,-436.545,469800000.0,0.0,48.02,3.883,3.896,586800000.0,-2565200000.0,852400000.0,852400000.0,61400000.0,,,,,13900000.0,223500000.0,1.0,268050138.0,268932000,270789000.0,3.17,2168100000.0,43200000.0,20400000.0,312700000.0,8.062,576600000.0
9,HOLX,MRQ,2019-03-31,2019-03-30,2019-03-30,2021-07-28,-30500000.0,6525300000.0,,1511000000.0,5014300000.0,,8.022,-29300000.0,401000000.0,401000000.0,776000000.0,-272600000.0,1.446,2.021,3132200000.0,312400000.0,2819800000.0,3132200000.0,190500000.0,117600000.0,0.0,0.0,0.0,-318900000.0,-201300000.0,-0.246,-201300000.0,-318900000.0,-353700000.0,-1.01,-1.01,-1.01,2159800000.0,,2159800000.0,16938034723.0,253.0,31.199,104200000.0,0.387,1.0,42400000.0,0.052,4439400000.0,34800000.0,3771900000.0,,443400000.0,0.0,0.0,0.0,4365500000.0,1045200000.0,3320300000.0,14099634723.0,89900000.0,-2000000.0,12200000.0,-18400000.0,0.0,-8000000.0,-36400000.0,-3000000.0,133500000.0,800000.0,-272600000.0,-272600000.0,-272600000.0,0.0,0.0,-0.333,365600000.0,-323200000.0,165200000.0,0.0,6.528,-1330.154,-968.0,469700000.0,0.0,48.4,4.29,3.965,557500000.0,-2659100000.0,818400000.0,818400000.0,57300000.0,,,,,17500000.0,223400000.0,1.0,291314767.0,269235000,269235000.0,3.04,2085900000.0,40000000.0,-81100000.0,335400000.0,7.748,465800000.0
10,HOLX,MRQ,2018-12-31,2018-12-29,2018-12-29,2021-07-28,-31900000.0,6931500000.0,,1401900000.0,5529600000.0,,8.849,-22600000.0,311100000.0,311100000.0,396600000.0,98600000.0,1.301,1.895,3149500000.0,321100000.0,2828400000.0,3149500000.0,185200000.0,118800000.0,0.0,0.0,0.0,140400000.0,259200000.0,0.312,259200000.0,140400000.0,104300000.0,0.36,0.36,0.36,2394400000.0,,2394400000.0,14358860066.0,-54.0,67.859,82000000.0,0.303,1.0,434100000.0,0.523,4965100000.0,36100000.0,3727100000.0,,418600000.0,0.0,0.0,0.0,4537100000.0,1077700000.0,3459400000.0,11698660066.0,-355600000.0,-106600000.0,-133500000.0,-183100000.0,0.0,-328200000.0,-130700000.0,0.0,104600000.0,-1300000.0,98600000.0,98600000.0,98600000.0,0.0,0.0,0.119,293600000.0,140500000.0,176300000.0,0.0,4.886,-27.894,-26.967,472600000.0,0.0,40.45,3.591,3.36,578600000.0,-2386500000.0,830700000.0,830700000.0,53200000.0,,,,,17100000.0,224600000.0,1.0,289212857.0,270590000,272372000.0,3.07,1966400000.0,29700000.0,5700000.0,456500000.0,7.267,324200000.0
11,HOLX,MRQ,2018-09-30,2018-09-29,2018-09-29,2021-07-28,-25500000.0,7230900000.0,,1723200000.0,5507700000.0,,8.906,-32100000.0,666700000.0,666700000.0,392400000.0,50500000.0,1.229,1.977,3326900000.0,601400000.0,2725500000.0,3326900000.0,191100000.0,119100000.0,0.0,0.0,0.0,105600000.0,224700000.0,0.276,224700000.0,105600000.0,71300000.0,0.19,0.19,0.19,2428800000.0,,2428800000.0,13846391033.0,-51.0,65.81,200300000.0,0.734,1.0,421000000.0,0.518,4931800000.0,34300000.0,3556700000.0,,384100000.0,0.0,0.0,0.0,4802100000.0,1402600000.0,3399500000.0,11151591033.0,91300000.0,-72100000.0,-79400000.0,52100000.0,0.0,-27900000.0,-107500000.0,0.0,232400000.0,-5700000.0,50500000.0,50500000.0,50500000.0,0.0,0.0,0.062,322000000.0,99000000.0,192200000.0,0.0,4.591,-100.194,-102.45,478200000.0,0.0,40.98,3.465,3.503,579200000.0,-2494000000.0,813400000.0,813400000.0,52700000.0,,,,,11900000.0,251600000.0,1.0,272122768.0,272720000,272720000.0,2.983,2299100000.0,31700000.0,20800000.0,498200000.0,8.43,320600000.0
12,HOLX,MRQ,2018-06-30,2018-06-30,2018-06-30,2021-07-28,-18600000.0,7091400000.0,,1595400000.0,5496000000.0,,8.949,-24700000.0,575400000.0,575400000.0,388000000.0,112900000.0,1.292,1.895,3270200000.0,526900000.0,2743300000.0,3270200000.0,195000000.0,120500000.0,0.0,0.0,0.0,139800000.0,260300000.0,0.316,260300000.0,139800000.0,105300000.0,0.41,0.41,0.41,2449500000.0,,2449500000.0,13612184865.0,-51.0,63.43,209300000.0,0.765,1.0,436000000.0,0.529,4942400000.0,34500000.0,3608600000.0,,370500000.0,0.0,0.0,0.0,4641900000.0,1235200000.0,3406700000.0,10852184865.0,-38800000.0,0.0,-88800000.0,-148500000.0,0.0,-241500000.0,-26400000.0,0.0,234000000.0,-4900000.0,112900000.0,112900000.0,112900000.0,0.0,0.0,0.137,302900000.0,133100000.0,167300000.0,0.0,4.43,-137.196,-141.964,461500000.0,0.0,39.75,3.384,3.392,551700000.0,-2544500000.0,824000000.0,824000000.0,54400000.0,,,,,17200000.0,227400000.0,1.0,273010940.0,273729000,275569000.0,3.01,2149000000.0,44200000.0,-7600000.0,494900000.0,7.851,360200000.0
13,HOLX,MRQ,2018-03-31,2018-03-31,2018-03-31,2021-07-28,-600000.0,7234400000.0,,1635200000.0,5599200000.0,,8.825,-27000000.0,614200000.0,614200000.0,374200000.0,-681400000.0,1.258,1.958,3374200000.0,613200000.0,2761000000.0,3374200000.0,191600000.0,119500000.0,0.0,0.0,0.0,-652100000.0,-532600000.0,-0.675,-532600000.0,-652100000.0,-691000000.0,-2.46,-2.46,-2.46,2445600000.0,,2445600000.0,13020425457.0,-44.0,69.927,70400000.0,0.254,1.0,415100000.0,0.526,5042200000.0,38900000.0,3652600000.0,,361900000.0,0.0,0.0,0.0,4788800000.0,1299600000.0,3489200000.0,10331125457.0,-50200000.0,-300000.0,-83900000.0,-29900000.0,0.0,-115100000.0,-35100000.0,-6000000.0,97400000.0,2600000.0,-681400000.0,-681400000.0,-681400000.0,0.0,0.0,-0.863,1019300000.0,-604200000.0,158200000.0,0.0,4.224,-77.971,-77.833,468600000.0,0.0,37.36,3.239,3.246,544200000.0,-2657400000.0,789300000.0,789300000.0,56800000.0,,,,,19500000.0,214300000.0,1.0,276529054.0,277114000,277114000.0,2.848,2192200000.0,52100000.0,-9600000.0,543500000.0,7.911,335600000.0
14,HOLX,MRQ,2017-12-31,2017-12-30,2017-12-30,2021-07-28,-11700000.0,8048300000.0,,1638400000.0,6409900000.0,,11.537,-21800000.0,664400000.0,664400000.0,366600000.0,406700000.0,1.251,1.52,3353700000.0,573700000.0,2780000000.0,3353700000.0,182000000.0,121200000.0,0.0,0.0,0.0,136800000.0,258000000.0,0.326,258000000.0,136800000.0,95800000.0,1.47,1.45,1.47,3194000000.0,,3194000000.0,14592071677.0,11.0,8.022,147300000.0,0.532,1.0,424500000.0,0.537,5858000000.0,41000000.0,3569700000.0,,358200000.0,0.0,0.0,0.0,4854300000.0,1309900000.0,3544400000.0,11785471677.0,123800000.0,-4100000.0,9500000.0,-15500000.0,0.0,-20300000.0,-26200000.0,0.0,169100000.0,1200000.0,406700000.0,406700000.0,406700000.0,0.0,0.0,0.514,290400000.0,134100000.0,160300000.0,0.0,3.69,10.956,11.075,467100000.0,0.0,42.75,3.783,3.799,548000000.0,-1976000000.0,791100000.0,791100000.0,54800000.0,,,,,16400000.0,217400000.0,1.0,275683548.0,276856000,280802000.0,2.857,2190300000.0,14300000.0,-310900000.0,586400000.0,7.911,328500000.0
15,HOLX,MRQ,2017-09-30,2017-09-30,2017-09-30,2021-07-28,-16200000.0,7979600000.0,,1478600000.0,6501000000.0,,9.962,-33600000.0,540600000.0,540600000.0,385000000.0,82700000.0,0.793,1.866,3347200000.0,1152400000.0,2194800000.0,3347200000.0,192000000.0,120500000.0,0.0,0.0,0.0,108400000.0,228900000.0,0.285,228900000.0,108400000.0,72300000.0,0.3,0.29,0.3,2784700000.0,,2784700000.0,12947871578.0,9.0,7.064,133000000.0,0.476,1.0,417900000.0,0.52,5943500000.0,36100000.0,2977200000.0,,331600000.0,0.0,0.0,0.0,5194900000.0,1865500000.0,3329400000.0,10290571578.0,-47800000.0,-79200000.0,-193600000.0,85300000.0,0.0,-110600000.0,-107800000.0,0.0,166600000.0,4000000.0,82700000.0,82700000.0,82700000.0,0.0,0.0,0.103,308600000.0,109300000.0,166600000.0,0.0,3.695,13.621,13.589,472800000.0,0.0,36.69,3.364,3.356,533500000.0,-2382700000.0,802900000.0,802900000.0,60500000.0,,,,,14800000.0,230400000.0,1.0,280473469.0,279541000,284741000.0,2.872,2036100000.0,22400000.0,-10400000.0,973600000.0,7.284,-386900000.0
16,HOLX,MRQ,2017-06-30,2017-07-01,2017-07-01,2021-07-28,-27400000.0,8118000000.0,,1536000000.0,6582000000.0,,10.204,-24200000.0,588400000.0,588400000.0,396500000.0,59500000.0,0.847,1.833,3245700000.0,1014900000.0,2230800000.0,3245700000.0,202200000.0,118300000.0,0.0,0.0,0.0,113600000.0,231900000.0,0.288,231900000.0,113600000.0,74500000.0,0.21,0.21,0.21,2865600000.0,,2865600000.0,14880693598.0,10.0,7.984,-435900000.0,-1.552,1.0,409600000.0,0.508,6000800000.0,39100000.0,2961700000.0,,357000000.0,0.0,0.0,0.0,5252400000.0,1812800000.0,3439600000.0,12706893598.0,-546200000.0,-7500000.0,15900000.0,-127300000.0,0.0,-113100000.0,-30200000.0,5300000.0,-411700000.0,8800000.0,59500000.0,59500000.0,59500000.0,0.0,0.0,0.074,294600000.0,115000000.0,148700000.0,0.0,4.434,16.612,16.623,485500000.0,0.0,45.38,4.26,4.272,520300000.0,-2465400000.0,806100000.0,806100000.0,62500000.0,,,,,14400000.0,210900000.0,1.0,280010877.0,280824000,287638000.0,2.87,2117200000.0,18100000.0,15000000.0,1032000000.0,7.539,-276800000.0
17,HOLX,MRQ,2017-03-31,2017-04-01,2017-04-01,2021-07-28,-40200000.0,8706600000.0,,2051800000.0,6654800000.0,,9.982,-25100000.0,1134600000.0,1134600000.0,326700000.0,526800000.0,0.864,2.113,3308400000.0,1051000000.0,2257400000.0,3308400000.0,182100000.0,95100000.0,0.0,0.0,0.0,1005100000.0,1100200000.0,1.538,1100200000.0,1005100000.0,967600000.0,1.88,1.84,1.88,2797100000.0,,2797100000.0,14560955395.0,10.0,7.692,58700000.0,0.209,1.0,388700000.0,0.543,6079200000.0,37500000.0,2425800000.0,,384000000.0,5200000.0,5200000.0,0.0,5909500000.0,2375400000.0,3534100000.0,11884055395.0,488600000.0,393600000.0,13400000.0,-57300000.0,0.0,-45100000.0,449000000.0,81400000.0,83800000.0,900000.0,526800000.0,526800000.0,526800000.0,0.0,0.0,0.736,288600000.0,100100000.0,177100000.0,0.0,4.249,15.039,15.035,482700000.0,0.0,42.55,4.106,4.12,456700000.0,-2524900000.0,715400000.0,715400000.0,55400000.0,,,,,19800000.0,220800000.0,1.0,279296249.0,280215000,286010000.0,2.553,2627400000.0,13300000.0,440800000.0,1099300000.0,9.376,-323600000.0
18,HOLX,MRQ,2016-12-31,2016-12-31,2016-12-31,2021-07-28,-42800000.0,7337800000.0,,2338100000.0,4999700000.0,,7.997,-24700000.0,646000000.0,646000000.0,329600000.0,86500000.0,1.811,2.293,3322900000.0,707300000.0,2615600000.0,3322900000.0,161000000.0,115300000.0,0.0,0.0,0.0,156500000.0,271800000.0,0.37,271800000.0,156500000.0,116100000.0,0.31,0.3,0.31,2228600000.0,,2228600000.0,13959020945.0,24.0,13.449,144900000.0,0.52,1.0,404800000.0,0.551,4480200000.0,40400000.0,4243800000.0,,258300000.0,0.0,0.0,0.0,5109200000.0,1290700000.0,3818500000.0,11162020945.0,97600000.0,0.0,13200000.0,-37200000.0,0.0,-40400000.0,-25200000.0,400000.0,169600000.0,-6400000.0,86500000.0,86500000.0,86500000.0,0.0,0.0,0.118,258800000.0,146000000.0,138700000.0,0.0,5.009,33.59,33.714,432600000.0,0.0,40.12,3.886,3.893,419900000.0,-3051700000.0,734400000.0,734400000.0,54400000.0,,,,,19200000.0,179800000.0,1.0,278215876.0,278663000,284224000.0,2.635,2857600000.0,17700000.0,29600000.0,958900000.0,10.255,1047400000.0
19,HOLX,MRQ,2016-09-30,2016-09-24,2016-09-24,2021-07-28,-32300000.0,7317000000.0,,1326600000.0,5990400000.0,,7.72,-27700000.0,548400000.0,548400000.0,320800000.0,92100000.0,1.471,2.415,3345400000.0,296000000.0,3049400000.0,3345400000.0,177300000.0,114600000.0,0.0,0.0,0.0,145400000.0,260000000.0,0.358,260000000.0,145400000.0,107500000.0,0.33,0.33,0.33,2142700000.0,,2142700000.0,13647608813.0,24.0,13.173,200800000.0,0.723,1.0,406100000.0,0.559,5446500000.0,37900000.0,3765600000.0,,274700000.0,0.0,0.0,0.0,5174300000.0,901900000.0,4272400000.0,10666908813.0,106900000.0,0.0,11100000.0,-100100000.0,0.0,-89300000.0,-32300000.0,0.0,228500000.0,0.0,92100000.0,92100000.0,92100000.0,0.0,0.0,0.127,259100000.0,147000000.0,156900000.0,0.0,4.978,32.246,32.585,460200000.0,0.0,38.45,3.766,3.804,447000000.0,-3138200000.0,726900000.0,726900000.0,62500000.0,,,,,20300000.0,171200000.0,1.0,277422856.0,277549000,282493000.0,2.619,1870500000.0,16900000.0,15400000.0,982600000.0,6.739,424700000.0
20,HOLX,MRQ,2016-06-30,2016-06-25,2016-06-25,2021-07-28,-33300000.0,7306700000.0,,1220000000.0,6086700000.0,,7.352,-21100000.0,441500000.0,441500000.0,324300000.0,84800000.0,1.339,2.577,3422200000.0,333400000.0,3088800000.0,3422200000.0,175900000.0,120900000.0,0.0,0.0,0.0,140200000.0,261100000.0,0.364,261100000.0,140200000.0,101100000.0,0.31,0.3,0.31,2042700000.0,,2042700000.0,12600284000.0,25.0,12.926,226300000.0,0.814,1.0,393100000.0,0.548,5541900000.0,39100000.0,3834700000.0,,280500000.0,0.0,0.0,0.0,5264000000.0,910800000.0,4353200000.0,9510884000.0,125200000.0,0.0,-105700000.0,6300000.0,0.0,-99900000.0,-21600000.0,0.0,247400000.0,-700000.0,84800000.0,84800000.0,84800000.0,0.0,0.0,0.118,253700000.0,139400000.0,131200000.0,0.0,4.656,36.067,36.287,451500000.0,0.0,34.11,3.386,3.374,426200000.0,-3230300000.0,717400000.0,717400000.0,58800000.0,,,,,14500000.0,171500000.0,1.0,278829786.0,277853000,282302000.0,2.582,1764800000.0,19700000.0,16300000.0,1030500000.0,6.352,309200000.0
21,HOLX,MRQ,2016-03-31,2016-03-26,2016-03-26,2021-07-28,-29200000.0,7286300000.0,,1092600000.0,6193700000.0,,7.237,-26000000.0,316300000.0,316300000.0,308300000.0,68900000.0,1.299,2.564,3405700000.0,307700000.0,3098000000.0,3405700000.0,170200000.0,114000000.0,0.0,0.0,0.0,131000000.0,245000000.0,0.353,245000000.0,131000000.0,91900000.0,0.24,0.24,0.24,2044400000.0,,2044400000.0,12731250361.0,28.0,13.641,124900000.0,0.442,1.0,385000000.0,0.555,5643900000.0,39100000.0,3890800000.0,,285100000.0,0.0,0.0,0.0,5241900000.0,841000000.0,4400900000.0,9749150361.0,-334000000.0,0.0,-128000000.0,-330100000.0,0.0,-458800000.0,-26800000.0,5200000.0,150900000.0,700000.0,68900000.0,68900000.0,68900000.0,0.0,0.0,0.099,248900000.0,136100000.0,118500000.0,0.0,4.769,46.803,47.055,454100000.0,0.0,34.35,3.5,3.484,422600000.0,-3315200000.0,693300000.0,693300000.0,59100000.0,,,,,14700000.0,163200000.0,1.0,283818060.0,282474000,287857000.0,2.454,1642400000.0,18200000.0,23000000.0,1071000000.0,5.814,251600000.0
22,HOLX,MRQ,2015-12-31,2015-12-26,2015-12-26,2021-07-28,-25900000.0,7679500000.0,,1387700000.0,6291800000.0,,7.655,-19700000.0,650300000.0,650300000.0,316100000.0,84900000.0,1.516,2.545,3632400000.0,393300000.0,3239100000.0,3632400000.0,177200000.0,115900000.0,0.0,0.0,0.0,153900000.0,269800000.0,0.388,269800000.0,153900000.0,114700000.0,0.3,0.29,0.3,2166300000.0,,2166300000.0,14203033262.0,32.0,15.353,151700000.0,0.536,1.0,379100000.0,0.545,5733600000.0,39200000.0,4012600000.0,,286400000.0,0.0,0.0,0.0,5513200000.0,915400000.0,4597800000.0,11055933262.0,159000000.0,0.0,11100000.0,-18900000.0,0.0,-22700000.0,12300000.0,31100000.0,171400000.0,-2000000.0,84900000.0,84900000.0,84900000.0,0.0,0.0,0.122,253000000.0,126100000.0,112000000.0,0.0,5.104,59.059,59.212,454500000.0,0.0,39.08,4.024,4.025,410500000.0,-3384100000.0,695200000.0,695200000.0,51700000.0,,,,,15900000.0,176400000.0,1.0,282905150.0,282976000,291971000.0,2.457,1945900000.0,0.0,29800000.0,1131600000.0,6.877,472300000.0
23,HOLX,MRQ,2015-09-30,2015-09-26,2015-09-26,2021-07-28,-14500000.0,7642500000.0,,1265800000.0,6376700000.0,,7.371,-31300000.0,492700000.0,492700000.0,323400000.0,25100000.0,1.342,2.676,3612200000.0,391200000.0,3221000000.0,3612200000.0,182700000.0,122300000.0,0.0,0.0,0.0,76600000.0,198900000.0,0.283,198900000.0,76600000.0,25400000.0,0.09,0.08,0.09,2079200000.0,,2079200000.0,14325603400.0,37.0,16.389,211900000.0,0.751,1.0,379400000.0,0.54,5831400000.0,51200000.0,3987200000.0,,283100000.0,0.0,0.0,0.0,5563300000.0,943400000.0,4619900000.0,11272103400.0,-393700000.0,0.0,19600000.0,-608100000.0,0.0,-603900000.0,-29300000.0,2300000.0,243200000.0,-3700000.0,25100000.0,25100000.0,25100000.0,0.0,0.0,0.036,253700000.0,125700000.0,117000000.0,0.0,5.421,85.654,85.106,457100000.0,0.0,40.0,4.167,4.149,416100000.0,-3469000000.0,702800000.0,702800000.0,53700000.0,,,,,25100000.0,166000000.0,1.0,281802585.0,282072000,294778000.0,2.492,1811100000.0,40700000.0,300000.0,1178400000.0,6.421,322400000.0
24,HOLX,MRQ,2015-06-30,2015-06-27,2015-06-27,2021-07-28,-7900000.0,8130500000.0,,1628800000.0,6501700000.0,,7.956,-18400000.0,888800000.0,888800000.0,315200000.0,29400000.0,1.37,2.634,3942300000.0,671500000.0,3270800000.0,3942300000.0,169800000.0,120500000.0,0.0,0.0,0.0,99100000.0,219600000.0,0.316,219600000.0,99100000.0,46700000.0,0.1,0.1,0.1,2237100000.0,,2237100000.0,14011801964.0,35.0,15.612,223900000.0,0.796,1.0,378700000.0,0.546,5934400000.0,52400000.0,4060400000.0,,295000000.0,0.0,0.0,0.0,5893400000.0,1189200000.0,4704200000.0,10747101964.0,214500000.0,0.0,13000000.0,-25700000.0,0.0,-11200000.0,-17800000.0,0.0,242300000.0,1200000.0,29400000.0,29400000.0,29400000.0,0.0,0.0,0.042,262700000.0,116000000.0,89900000.0,0.0,4.804,79.904,81.383,449900000.0,0.0,38.25,4.036,4.039,382800000.0,-3494100000.0,693900000.0,693900000.0,56000000.0,,,,,14400000.0,167400000.0,1.0,280969986.0,281184000,292612000.0,2.468,2196100000.0,23700000.0,17300000.0,1225800000.0,7.81,439600000.0
25,HOLX,MRQ,2015-03-31,2015-03-28,2015-03-28,2021-07-28,-20600000.0,8031800000.0,,1416300000.0,6615500000.0,,7.736,-18600000.0,675100000.0,675100000.0,319500000.0,47800000.0,1.356,2.704,3939800000.0,581700000.0,3358100000.0,3939800000.0,174100000.0,126600000.0,0.0,0.0,0.0,110200000.0,236800000.0,0.361,236800000.0,110200000.0,60800000.0,0.17,0.17,0.17,2168600000.0,,2168600000.0,12501293012.0,34.0,14.097,139200000.0,0.497,1.0,336000000.0,0.513,6034900000.0,49400000.0,4217400000.0,,298200000.0,0.0,0.0,0.0,5863200000.0,1044200000.0,4819000000.0,9095593012.0,126500000.0,0.0,22200000.0,-28700000.0,0.0,-11100000.0,-17000000.0,1300000.0,157800000.0,-3200000.0,47800000.0,47800000.0,47800000.0,0.0,0.0,0.073,226200000.0,109800000.0,73700000.0,0.0,4.194,78.141,79.244,451000000.0,0.0,32.49,3.496,3.501,381000000.0,-3523500000.0,655500000.0,655500000.0,53300000.0,,,,,10700000.0,143300000.0,1.0,279950539.0,280338000,287580000.0,2.338,1996900000.0,21100000.0,13000000.0,1258000000.0,7.123,372100000.0
26,HOLX,MRQ,2014-12-31,2014-12-27,2014-12-27,2021-07-28,-1200000.0,8078100000.0,,1336600000.0,6741500000.0,,7.544,-21100000.0,549100000.0,549100000.0,314200000.0,29200000.0,2.199,2.842,3954800000.0,139400000.0,3815400000.0,3954800000.0,148400000.0,122000000.0,0.0,0.0,0.0,96600000.0,218600000.0,0.335,218600000.0,96600000.0,44100000.0,0.1,0.1,0.1,2102400000.0,,2102400000.0,11030523109.0,36.0,13.408,132400000.0,0.475,1.0,338600000.0,0.519,6142000000.0,52500000.0,4734000000.0,,310300000.0,0.0,0.0,0.0,5975700000.0,607800000.0,5367900000.0,7504423109.0,-192100000.0,0.0,15200000.0,-328800000.0,0.0,-321200000.0,-22000000.0,6400000.0,153500000.0,-2400000.0,29200000.0,29200000.0,29200000.0,0.0,0.0,0.045,235100000.0,103500000.0,67000000.0,0.0,3.569,144.873,149.611,458200000.0,0.0,26.93,2.919,2.919,400500000.0,-3571300000.0,652800000.0,652800000.0,52000000.0,,,,,9100000.0,147300000.0,1.0,278664059.0,278671000,283176000.0,2.343,1936100000.0,39000000.0,14900000.0,1345700000.0,6.948,728800000.0
27,HOLX,MRQ,2014-09-30,2014-09-27,2014-09-27,2021-07-28,2600000.0,8414700000.0,,1565800000.0,6848900000.0,,7.425,-22400000.0,741600000.0,741600000.0,315600000.0,28100000.0,2.527,3.079,4267700000.0,114500000.0,4153200000.0,4267700000.0,171000000.0,131400000.0,0.0,0.0,0.0,91100000.0,222500000.0,0.337,222500000.0,91100000.0,38600000.0,0.1,0.1,0.1,2063000000.0,,2063000000.0,10398325951.0,39.0,13.131,109300000.0,0.393,1.0,345000000.0,0.522,6244400000.0,52500000.0,5076800000.0,,330600000.0,0.0,0.0,0.0,6351700000.0,619600000.0,5732100000.0,6766225951.0,103600000.0,7700000.0,5600000.0,-16200000.0,0.0,-10700000.0,-15100000.0,0.0,131700000.0,-2300000.0,28100000.0,28100000.0,28100000.0,0.0,0.0,0.043,253000000.0,92000000.0,92100000.0,0.0,3.28,391.111,406.0,461900000.0,0.0,24.36,2.674,2.652,396000000.0,-3600600000.0,660600000.0,660600000.0,52100000.0,,,,,10400000.0,151900000.0,1.0,277759686.0,277857000,289301000.0,2.377,2170300000.0,61800000.0,10500000.0,1375400000.0,7.811,946200000.0
28,HOLX,MRQ,2014-06-30,2014-06-28,2014-06-28,2021-07-28,18100000.0,8412000000.0,,1432400000.0,6979600000.0,,7.337,-20000000.0,638400000.0,638400000.0,319800000.0,11300000.0,2.396,3.141,4270500000.0,102000000.0,4168500000.0,4270500000.0,147100000.0,133900000.0,0.0,0.0,0.0,75000000.0,208900000.0,0.33,208900000.0,75000000.0,22600000.0,0.04,0.04,0.04,2031300000.0,,2031300000.0,10851341677.0,-13.0,-32.181,138400000.0,0.5,1.0,312800000.0,0.494,6369800000.0,52400000.0,5076400000.0,,329800000.0,0.0,0.0,0.0,6380700000.0,597900000.0,5782800000.0,7068265677.0,148000000.0,0.0,22100000.0,-16300000.0,0.0,6800000.0,-17300000.0,3800000.0,158400000.0,100000.0,11300000.0,11300000.0,11300000.0,0.0,0.0,0.018,236600000.0,76200000.0,82300000.0,0.0,3.48,-6.285,-6.12,467400000.0,0.0,25.58,2.836,2.842,381700000.0,-3628700000.0,632600000.0,632600000.0,52500000.0,,,,,11900000.0,147700000.0,1.0,276320003.0,276843000,279205000.0,2.285,2042200000.0,44700000.0,11300000.0,1410800000.0,7.377,834500000.0
29,HOLX,MRQ,2014-03-31,2014-03-29,2014-03-29,2021-07-28,10606000.0,8362395000.0,,1264560000.0,7097835000.0,,7.211,-21400000.0,490379000.0,490379000.0,342900000.0,-16800000.0,2.296,3.223,4273455000.0,89497000.0,4183958000.0,4273455000.0,144702000.0,130100000.0,0.0,0.0,0.0,42600000.0,172700000.0,0.276,172700000.0,42600000.0,-11800000.0,-0.06,-0.06,-0.06,1980103000.0,,1980103000.0,9618040407.0,-11.0,-26.946,47600000.0,0.173,1.0,282100000.0,0.451,6477411000.0,54400000.0,5117377000.0,,310980000.0,0.0,0.0,0.0,6382292000.0,550683000.0,5831609000.0,5764912407.0,42000000.0,0.0,40800000.0,-43600000.0,0.0,-6700000.0,-20200000.0,2700000.0,69000000.0,-100000.0,-16800000.0,-16800000.0,-16800000.0,0.0,0.0,-0.027,231900000.0,50200000.0,68197000.0,0.0,2.911,-5.026,-4.932,472154000.0,0.0,21.01,2.319,2.321,387633000.0,-3640024000.0,625000000.0,625000000.0,49900000.0,,,,,11300000.0,140800000.0,1.0,274388977.0,274589000,274589000.0,2.276,1884984000.0,34398000.0,5000000.0,1450342000.0,6.865,713877000.0
30,HOLX,MRQ,2013-12-31,2013-12-28,2013-12-28,2021-07-28,17418000.0,8484308000.0,,1226939000.0,7257369000.0,,7.152,-16400000.0,448637000.0,448637000.0,306900000.0,-5300000.0,1.953,3.35,4301765000.0,77033000.0,4224732000.0,4301765000.0,136128000.0,127800000.0,0.0,0.0,0.0,59900000.0,187700000.0,0.306,187700000.0,59900000.0,-1400000.0,-0.02,-0.02,-0.02,1950531000.0,,1950531000.0,10083664783.0,-11.0,-25.143,132900000.0,0.487,1.0,305600000.0,0.499,6616328000.0,61300000.0,5092851000.0,,301709000.0,0.0,0.0,0.0,6533777000.0,628257000.0,5905520000.0,6107158783.0,-380000000.0,2400000.0,12900000.0,-521300000.0,0.0,-514500000.0,-14400000.0,-13800000.0,149300000.0,-400000.0,-5300000.0,-5300000.0,-5300000.0,0.0,0.0,-0.009,244300000.0,61300000.0,90966000.0,0.0,3.131,-5.17,-5.093,479735000.0,0.0,22.36,2.469,2.465,394471000.0,-3623259000.0,612500000.0,612500000.0,48700000.0,,,,,10700000.0,151100000.0,1.0,273128747.0,272708000,272708000.0,2.246,1867980000.0,35353000.0,3900000.0,1485465000.0,6.85,598682000.0
31,HOLX,MRQ,2013-09-30,2013-09-28,2013-09-28,2021-07-28,20400000.0,9000800000.0,,1624200000.0,7376600000.0,,7.168,-17100000.0,829400000.0,829400000.0,331500000.0,-1113900000.0,1.492,3.636,4805900000.0,563800000.0,4242100000.0,4805900000.0,132300000.0,132600000.0,0.0,0.0,0.0,-1039100000.0,-906500000.0,-1.457,-906500000.0,-1039100000.0,-1104900000.0,-4.14,-4.14,-4.14,1941500000.0,,1941500000.0,9695216890.0,-11.0,-24.495,60900000.0,0.225,1.0,290600000.0,0.467,6721200000.0,65800000.0,5167700000.0,,289400000.0,0.0,0.0,0.0,7059300000.0,1088400000.0,5970900000.0,5654931890.0,-135900000.0,-1200000.0,23900000.0,-218600000.0,0.0,-193500000.0,-21300000.0,-100000.0,78000000.0,900000.0,-1113900000.0,-1113900000.0,-1113900000.0,0.0,0.0,-1.791,1326700000.0,-1036100000.0,80500000.0,0.0,2.913,-4.822,-4.796,491500000.0,0.0,20.91,2.269,2.254,409300000.0,-3616400000.0,622100000.0,622100000.0,48700000.0,,,,,8400000.0,124700000.0,1.0,270441506.0,270867000,270867000.0,2.297,2279600000.0,44700000.0,9000000.0,1575100000.0,8.416,535800000.0
32,HOLX,MRQ,2013-06-30,2013-06-29,2013-06-29,2021-07-28,-252000.0,10333203000.0,,1751345000.0,8581858000.0,,11.122,-26157000.0,964385000.0,964385000.0,316300000.0,-11000000.0,1.391,2.448,5004670000.0,657370000.0,4347300000.0,5004670000.0,126609000.0,128969000.0,0.0,0.0,0.0,60200000.0,189169000.0,0.302,189169000.0,60200000.0,-7000000.0,-0.04,-0.04,-0.04,2996634000.0,,2996634000.0,9450125256.0,110.0,16.181,220115000.0,0.817,1.0,309800000.0,0.495,7926329000.0,67200000.0,5188236000.0,,306019000.0,0.0,0.0,0.0,7336569000.0,1258923000.0,6077646000.0,5197604256.0,213434000.0,-2324000.0,13577000.0,-16281000.0,0.0,-5436000.0,-26005000.0,2125000.0,246272000.0,-1397000.0,-11000000.0,-11000000.0,-11000000.0,0.0,0.0,-0.018,248200000.0,61600000.0,74115000.0,0.0,1.734,-38.017,-37.115,501861000.0,0.0,19.3,2.114,2.115,400428000.0,-2502490000.0,626100000.0,626100000.0,47800000.0,,,,,9858000.0,143400000.0,1.0,269305920.0,269430000,269430000.0,2.324,2406874000.0,32868000.0,4000000.0,1595216000.0,8.933,492422000.0
33,HOLX,MRQ,2013-03-31,2013-03-30,2013-03-30,2021-07-28,2601000.0,10309206000.0,,1607248000.0,8701958000.0,,11.152,-24396000.0,752175000.0,752175000.0,333337000.0,-51104000.0,1.591,2.447,5004696000.0,453677000.0,4551019000.0,5004696000.0,125666000.0,126276000.0,0.0,0.0,0.0,2301000.0,128577000.0,0.21,128577000.0,2301000.0,-73748000.0,-0.19,-0.19,-0.19,2990564000.0,,2990564000.0,10365406104.0,97.0,18.765,-9893000.0,-0.037,1.0,279326000.0,0.456,8034425000.0,76049000.0,5516996000.0,,319998000.0,0.0,0.0,0.0,7318642000.0,1010306000.0,6308336000.0,6049949104.0,26525000.0,80844000.0,24846000.0,-23269000.0,0.0,-37283000.0,50353000.0,0.0,14503000.0,-1048000.0,-51104000.0,-51104000.0,-51104000.0,0.0,0.0,-0.083,272985000.0,6341000.0,75609000.0,0.0,2.023,-59.241,-57.949,502639000.0,0.0,22.6,2.627,2.632,401301000.0,-2491540000.0,612663000.0,612663000.0,49621000.0,,,,,16761000.0,152847000.0,1.0,267696863.0,268175000,268175000.0,2.285,2274781000.0,86545000.0,-22644000.0,1624073000.0,8.482,596942000.0
34,HOLX,MRQ,2012-12-31,2012-12-29,2012-12-29,2021-07-28,8202000.0,10468555000.0,,1660236000.0,8808319000.0,,11.205,-22447000.0,720565000.0,720565000.0,349689000.0,3118000.0,1.07,2.508,5036022000.0,798937000.0,4237085000.0,5036022000.0,121152000.0,128155000.0,0.0,0.0,0.0,64728000.0,192883000.0,0.306,192883000.0,64728000.0,-7353000.0,0.01,0.01,0.01,2984376000.0,,2984376000.0,9780882602.0,132.0,20.777,132578000.0,0.498,1.0,281673000.0,0.446,8136968000.0,72081000.0,5095291000.0,,345309000.0,0.0,0.0,0.0,7484179000.0,1551753000.0,5932426000.0,5311394602.0,158041000.0,-15320000.0,12777000.0,-16250000.0,0.0,-12581000.0,15752000.0,-3625000.0,155025000.0,-155000.0,3118000.0,3118000.0,3118000.0,0.0,0.0,0.005,208404000.0,73269000.0,76367000.0,0.0,1.78,-58.179,-56.886,504071000.0,0.0,19.91,2.458,2.454,405653000.0,-2440436000.0,631362000.0,631362000.0,51509000.0,,,,,9881000.0,148834000.0,1.0,266770196.0,266344000,269379000.0,2.37,2331587000.0,51307000.0,-10471000.0,1688083000.0,8.754,108483000.0
35,HOLX,MRQ,2012-09-30,2012-09-29,2012-09-29,2021-07-28,6790000.0,10477108000.0,,1563014000.0,8914094000.0,,11.176,-25258000.0,566126000.0,566126000.0,314216000.0,-77733000.0,2.363,2.538,5035614000.0,64435000.0,4971179000.0,5035614000.0,129688000.0,114697000.0,0.0,0.0,0.0,-41317000.0,73380000.0,0.125,73380000.0,-41317000.0,-98003000.0,-0.3,-0.3,-0.3,2961031000.0,,2961031000.0,5988669564.0,76.0,14.111,60311000.0,0.228,1.0,274280000.0,0.466,8244029000.0,56686000.0,6041218000.0,,367191000.0,0.0,0.0,0.0,7516077000.0,661349000.0,6854728000.0,5352129564.0,-344650000.0,-3762416000.0,6859000.0,3402808000.0,0.0,3367863000.0,-3798876000.0,-50000.0,85569000.0,794000.0,-77733000.0,-77733000.0,-77733000.0,0.0,0.0,-0.132,314534000.0,-40254000.0,87223000.0,0.0,1.808,-72.719,-72.214,507998000.0,0.0,20.22,2.673,2.666,409333000.0,-2443554000.0,588496000.0,588496000.0,47132000.0,,,,,11831000.0,178674000.0,1.0,264694835.0,264938000,257087000.0,2.221,2233079000.0,81560000.0,-20270000.0,1771585000.0,8.429,901665000.0
36,HOLX,MRQ,2012-06-30,2012-06-23,2012-06-23,2021-07-28,-2857000.0,6026794000.0,,1534984000.0,4491810000.0,,11.354,-19885000.0,905606000.0,905606000.0,225588000.0,23594000.0,2.755,1.006,1542146000.0,0.0,1542146000.0,1542146000.0,127193000.0,76939000.0,0.0,0.0,0.0,80600000.0,157539000.0,0.335,157539000.0,80600000.0,55007000.0,0.09,0.09,0.09,3004251000.0,,3004251000.0,5357585819.0,28.0,10.713,51911000.0,0.196,1.0,244640000.0,0.52,4209048000.0,25593000.0,1897179000.0,,228496000.0,0.0,0.0,0.0,3022543000.0,557107000.0,2465436000.0,4685655819.0,50521000.0,0.0,1352000.0,-2086000.0,0.0,363000.0,-20834000.0,0.0,71796000.0,-804000.0,23594000.0,23594000.0,23594000.0,0.0,0.0,0.05,177389000.0,67251000.0,55064000.0,0.0,1.56,147.803,147.583,232746000.0,0.0,17.71,2.491,2.491,336437000.0,-2365787000.0,470228000.0,470228000.0,26229000.0,,,,,7646000.0,119789000.0,1.0,264576839.0,264609000,267294000.0,1.777,1817746000.0,37308000.0,31413000.0,844154000.0,6.87,977877000.0
37,HOLX,MRQ,2012-03-31,2012-03-24,2012-03-24,2021-07-28,6671000.0,6048256000.0,,1491031000.0,4557225000.0,,11.29,-18881000.0,855097000.0,855097000.0,245055000.0,-40273000.0,2.511,1.03,1527027000.0,0.0,1527027000.0,1527027000.0,123611000.0,77041000.0,0.0,0.0,0.0,-30096000.0,46945000.0,0.1,46945000.0,-30096000.0,-58608000.0,-0.15,-0.15,-0.15,2979483000.0,,2979483000.0,6276986362.0,34.0,12.738,82223000.0,0.312,1.0,226110000.0,0.48,4274797000.0,28512000.0,1851567000.0,,234372000.0,0.0,0.0,0.0,3068773000.0,593822000.0,2474951000.0,5563063362.0,61479000.0,0.0,18762000.0,-5822000.0,0.0,-33812000.0,-6489000.0,-100000.0,101104000.0,676000.0,-40273000.0,-40273000.0,-40273000.0,0.0,0.0,-0.085,172788000.0,53322000.0,65843000.0,0.0,1.867,125.566,124.059,232023000.0,0.0,21.09,2.988,2.989,326290000.0,-2389381000.0,471165000.0,471165000.0,29297000.0,,,,,7991000.0,120382000.0,1.0,263777305.0,263900000,263900000.0,1.785,1773459000.0,44107000.0,-18335000.0,871606000.0,6.72,897209000.0
38,HOLX,MRQ,2011-12-31,2011-12-24,2011-12-24,2021-07-28,1637000.0,6046084000.0,,1437297000.0,4608787000.0,,11.281,-14676000.0,793610000.0,793610000.0,223341000.0,20812000.0,2.809,1.04,1507533000.0,0.0,1507533000.0,1507533000.0,122478000.0,77123000.0,0.0,0.0,0.0,69413000.0,146536000.0,0.31,146536000.0,69413000.0,39904000.0,0.08,0.08,0.08,2963788000.0,,2963788000.0,5327624703.0,14.0,7.851,97055000.0,0.369,1.0,249370000.0,0.528,4324073000.0,29509000.0,1924189000.0,,241333000.0,0.0,0.0,0.0,3082296000.0,511745000.0,2570551000.0,4551913703.0,80750000.0,-9784000.0,1627000.0,0.0,0.0,-6314000.0,-24601000.0,-150000.0,111731000.0,-66000.0,20812000.0,20812000.0,20812000.0,0.0,0.0,0.044,177489000.0,71881000.0,62850000.0,0.0,1.536,27.253,27.031,236692000.0,0.0,17.3,2.488,2.484,324222000.0,-2349108000.0,472711000.0,472711000.0,28342000.0,,,,,6932000.0,123955000.0,1.0,263116399.0,262717000,264958000.0,1.799,1722011000.0,48223000.0,19092000.0,944561000.0,6.555,925552000.0
39,HOLX,MRQ,2011-09-30,2011-09-24,2011-09-24,2021-07-28,1995000.0,6008780000.0,,1342900000.0,4665880000.0,,11.203,-13128000.0,712869000.0,712869000.0,223846000.0,27569000.0,2.636,1.046,1488580000.0,0.0,1488580000.0,1488580000.0,120656000.0,78378000.0,0.0,0.0,0.0,70685000.0,149063000.0,0.319,149063000.0,70685000.0,41606000.0,0.1,0.1,0.1,2936895000.0,,2936895000.0,4945437822.0,14.0,7.644,105781000.0,0.403,1.0,243199000.0,0.521,4381137000.0,29079000.0,1893904000.0,,230544000.0,0.0,0.0,0.0,3071885000.0,509450000.0,2562435000.0,4089338822.0,98531000.0,-7806000.0,1326000.0,-347000.0,0.0,1359000.0,-20914000.0,0.0,118909000.0,-823000.0,27569000.0,27569000.0,27569000.0,0.0,0.0,0.059,89746000.0,153453000.0,63467000.0,0.0,1.392,26.022,26.0,238666000.0,0.0,15.6,2.285,2.276,318712000.0,-2369920000.0,467045000.0,467045000.0,28879000.0,,,,,7843000.0,115612000.0,1.0,262137104.0,262164000,264878000.0,1.781,1627643000.0,49705000.0,14037000.0,957426000.0,6.208,833450000.0
40,HOLX,MRQ,2011-06-30,2011-06-25,2011-06-25,2021-07-28,9254000.0,5937223000.0,,1207796000.0,4729427000.0,,11.117,-14848000.0,614358000.0,614358000.0,216521000.0,36196000.0,2.586,1.04,1470457000.0,347000.0,1470110000.0,1470457000.0,124814000.0,77153000.0,0.0,0.0,0.0,73097000.0,150250000.0,0.333,150250000.0,73097000.0,44424000.0,0.14,0.14,0.14,2910293000.0,,2910293000.0,6093982068.0,48.0,14.269,105076000.0,0.401,1.0,234561000.0,0.52,4431815000.0,28673000.0,1894369000.0,,232835000.0,0.0,0.0,0.0,3026930000.0,467138000.0,2559792000.0,5214879068.0,40883000.0,-72072000.0,10670000.0,-342000.0,0.0,7387000.0,-86927000.0,0.0,119924000.0,499000.0,36196000.0,36196000.0,36196000.0,0.0,0.0,0.08,160016000.0,74545000.0,51794000.0,0.0,1.792,-705.381,-664.667,247592000.0,0.0,19.94,2.979,2.982,292324000.0,-2397489000.0,451082000.0,451082000.0,29325000.0,,,,,6278000.0,112736000.0,1.0,261528539.0,261784000,265167000.0,1.723,1505408000.0,40576000.0,8228000.0,971067000.0,5.751,740658000.0
41,HOLX,MRQ,2011-03-31,2011-03-26,2011-03-26,2021-07-28,8801000.0,5836243000.0,,1158921000.0,4677322000.0,,10.948,-14602000.0,573468000.0,573468000.0,217964000.0,82445000.0,2.849,1.044,1452571000.0,689000.0,1451882000.0,1452571000.0,129296000.0,75735000.0,0.0,0.0,0.0,157012000.0,232747000.0,0.531,232747000.0,157012000.0,128827000.0,0.32,0.31,0.32,2855436000.0,,2855436000.0,6519719705.0,48.0,15.135,67268000.0,0.258,1.0,220687000.0,0.503,4378204000.0,28185000.0,1930362000.0,,217227000.0,0.0,0.0,0.0,2980807000.0,406780000.0,2574027000.0,5693532705.0,-35118000.0,-117728000.0,10464000.0,-338000.0,0.0,5007000.0,-122414000.0,51000.0,81870000.0,419000.0,82445000.0,82445000.0,82445000.0,0.0,0.0,0.188,155072000.0,65615000.0,60720000.0,0.0,1.994,-352.737,-363.833,246681000.0,0.0,21.83,3.31,3.31,285917000.0,-2433685000.0,438651000.0,438651000.0,29935000.0,,,,,7653000.0,109530000.0,1.0,260812309.0,260825000,264030000.0,1.682,1458039000.0,54432000.0,46382000.0,998647000.0,5.59,752141000.0
42,HOLX,MRQ,2010-12-31,2010-12-25,2010-12-25,2021-07-28,-111000.0,5665579000.0,,1185200000.0,4480379000.0,,10.608,-13085000.0,608972000.0,608972000.0,207837000.0,10940000.0,2.717,1.057,1435159000.0,1027000.0,1434132000.0,1435159000.0,120759000.0,73470000.0,0.0,0.0,0.0,41438000.0,114908000.0,0.266,114908000.0,41438000.0,12529000.0,0.04,0.04,0.04,2754016000.0,,2754016000.0,5832075251.0,143.0,17.414,122236000.0,0.471,1.0,224734000.0,0.52,4181048000.0,28909000.0,1874503000.0,,203513000.0,0.0,0.0,0.0,2911563000.0,436215000.0,2475348000.0,4900227251.0,92411000.0,-18531000.0,2944000.0,-5662000.0,0.0,-6079000.0,-36332000.0,-150000.0,135321000.0,-499000.0,10940000.0,10940000.0,10940000.0,0.0,0.0,0.025,151918000.0,72816000.0,63976000.0,0.0,1.779,-62.849,-62.85,246443000.0,0.0,18.855,2.883,2.88,274437000.0,-2516130000.0,432571000.0,432571000.0,28557000.0,,,,,10046000.0,108364000.0,1.0,259890069.0,259624000,263146000.0,1.666,1484531000.0,71444000.0,1589000.0,956627000.0,5.718,748985000.0
43,HOLX,MRQ,2010-09-30,2010-09-25,2010-09-25,2021-07-28,143000.0,5625834000.0,,1098881000.0,4526953000.0,,10.412,-12311000.0,516567000.0,516567000.0,331634000.0,-136974000.0,2.487,1.085,1448415000.0,1362000.0,1447053000.0,1448415000.0,120516000.0,72443000.0,0.0,0.0,0.0,-143260000.0,-70817000.0,-0.165,-70817000.0,-143260000.0,-172589000.0,-0.53,-0.52,-0.53,2698549000.0,,2698549000.0,5255276393.0,73.0,14.324,106460000.0,0.411,1.0,96665000.0,0.226,4227795000.0,29329000.0,1887975000.0,,192482000.0,0.0,0.0,0.0,2927285000.0,441912000.0,2485373000.0,4317457393.0,24257000.0,-83193000.0,1300000.0,-333000.0,0.0,1179000.0,-96923000.0,-74000.0,118771000.0,1230000.0,-136974000.0,-136974000.0,-136974000.0,0.0,0.0,-0.32,239372000.0,-142707000.0,57480000.0,0.0,1.6,-68.735,-69.417,251698000.0,0.0,16.66,2.571,2.567,283103000.0,-2527070000.0,428299000.0,428299000.0,27254000.0,,,,,9421000.0,99361000.0,1.0,259151104.0,259187000,250583000.0,1.652,1398039000.0,76752000.0,-35615000.0,955611000.0,5.394,656969000.0
44,HOLX,MRQ,2010-06-30,2010-06-26,2010-06-26,2021-07-28,-4071000.0,5730870000.0,,1048571000.0,4682299000.0,,10.885,-11718000.0,492215000.0,492215000.0,210804000.0,27448000.0,2.662,1.032,1430034000.0,1346000.0,1428688000.0,1430034000.0,116168000.0,74536000.0,0.0,0.0,0.0,79400000.0,153936000.0,0.366,153936000.0,79400000.0,45747000.0,0.11,0.1,0.11,2820355000.0,,2820355000.0,4716047984.0,16.0,8.061,105564000.0,0.407,1.0,209889000.0,0.499,4378375000.0,33653000.0,1896375000.0,,188202000.0,0.0,0.0,0.0,2910515000.0,393939000.0,2516576000.0,3689410984.0,60053000.0,0.0,1071000.0,-47296000.0,0.0,-46003000.0,-10511000.0,432000.0,117282000.0,-715000.0,27448000.0,27448000.0,27448000.0,0.0,0.0,0.065,131115000.0,78774000.0,52249000.0,0.0,1.308,37.369,36.513,254883000.0,0.0,14.24,2.231,2.231,261518000.0,-2390096000.0,420693000.0,420693000.0,25691000.0,,,,,7611000.0,91851000.0,1.0,259087850.0,259107000,262106000.0,1.624,1352495000.0,73682000.0,18299000.0,1018196000.0,5.22,654632000.0
45,HOLX,MRQ,2010-03-31,2010-03-27,2010-03-27,2021-07-28,1709000.0,5739874000.0,,1000948000.0,4738926000.0,,10.787,-12494000.0,432187000.0,432187000.0,204473000.0,20618000.0,2.245,1.057,1458824000.0,48293000.0,1410531000.0,1458824000.0,116370000.0,73798000.0,0.0,0.0,0.0,63079000.0,136877000.0,0.327,136877000.0,63079000.0,30758000.0,0.08,0.08,0.08,2789974000.0,,2789974000.0,5887102560.0,20.0,10.144,82138000.0,0.318,1.0,213639000.0,0.511,4423532000.0,32321000.0,1897089000.0,,195676000.0,0.0,0.0,0.0,2949900000.0,445890000.0,2504010000.0,4719457560.0,86273000.0,-2164000.0,8317000.0,-72889000.0,0.0,-63937000.0,55780000.0,-350000.0,94632000.0,-202000.0,20618000.0,20618000.0,20618000.0,0.0,0.0,0.049,151738000.0,61901000.0,49690000.0,0.0,1.692,46.255,45.65,256918000.0,0.0,18.26,2.884,2.886,266806000.0,-2417544000.0,418112000.0,418112000.0,26740000.0,,,,,7745000.0,98712000.0,1.0,258458793.0,258653000,261478000.0,1.616,1316342000.0,74423000.0,10140000.0,1023163000.0,5.089,555058000.0
46,HOLX,MRQ,2009-12-31,2009-12-26,2009-12-26,2021-07-28,6811000.0,5682224000.0,,878842000.0,4803382000.0,,10.687,-10135000.0,345952000.0,345952000.0,196003000.0,26095000.0,2.598,1.061,1513597000.0,31226000.0,1482371000.0,1513597000.0,106754000.0,73991000.0,0.0,0.0,0.0,72897000.0,146888000.0,0.356,146888000.0,72897000.0,41093000.0,0.1,0.1,0.1,2757567000.0,,2757567000.0,5447727790.0,-3.0,-3.103,115892000.0,0.449,1.0,216445000.0,0.525,4476817000.0,31804000.0,2034820000.0,,194337000.0,0.0,0.0,0.0,2924657000.0,338232000.0,2586425000.0,3838501790.0,51856000.0,0.0,1906000.0,-56486000.0,0.0,-58814000.0,-15326000.0,-125000.0,126027000.0,-31000.0,26095000.0,26095000.0,26095000.0,0.0,0.0,0.063,144476000.0,71969000.0,48818000.0,0.0,1.392,-1.722,-1.712,263679000.0,0.0,14.88,2.369,2.369,263226000.0,-2438162000.0,412448000.0,412448000.0,24621000.0,,,,,7340000.0,105789000.0,1.0,257963830.0,258024000,260804000.0,1.598,1205407000.0,48970000.0,14998000.0,1033718000.0,4.672,540610000.0
47,HOLX,MRQ,2009-09-30,2009-09-26,2009-09-26,2021-07-28,7028000.0,5684226000.0,,818625000.0,4865601000.0,,10.605,-13085000.0,294102000.0,294102000.0,195959000.0,24568000.0,2.486,1.085,1552251000.0,38373000.0,1513878000.0,1552251000.0,97544000.0,70638000.0,0.0,0.0,0.0,76698000.0,147336000.0,0.366,147336000.0,76698000.0,43450000.0,0.1,0.1,0.1,2725977000.0,,2725977000.0,5940042249.0,-3.0,-3.404,139937000.0,0.544,1.0,206808000.0,0.513,4531527000.0,33248000.0,2081558000.0,,179889000.0,0.0,0.0,0.0,2958249000.0,329290000.0,2628959000.0,4177979249.0,49465000.0,0.0,8776000.0,-103835000.0,0.0,-92262000.0,-12490000.0,-150000.0,153022000.0,1195000.0,24568000.0,24568000.0,24568000.0,0.0,0.0,0.061,131097000.0,75711000.0,46589000.0,0.0,1.533,-1.885,-1.884,278377000.0,0.0,16.28,2.552,2.551,263231000.0,-2464257000.0,402767000.0,402767000.0,30825000.0,,,,,6136000.0,86621000.0,1.0,256632632.0,257037000,257037000.0,1.567,1152699000.0,52337000.0,18882000.0,1045183000.0,4.485,489335000.0
48,HOLX,MRQ,2009-06-30,2009-06-27,2009-06-27,2021-07-28,3431000.0,5718245000.0,,794098000.0,4924147000.0,,9.57,-17924000.0,244632000.0,244632000.0,191975000.0,30751000.0,2.679,1.329,2006695000.0,25355000.0,1981340000.0,2006695000.0,92048000.0,71056000.0,0.0,0.0,0.0,78222000.0,149278000.0,0.37,149278000.0,78222000.0,44067000.0,0.12,0.12,0.12,2455173000.0,,2455173000.0,5593544162.0,-3.0,-2.889,138387000.0,0.539,1.0,211145000.0,0.524,4577597000.0,34155000.0,2606266000.0,,183401000.0,0.0,0.0,0.0,3263072000.0,296445000.0,2966627000.0,3699367162.0,26493000.0,0.0,347000.0,-108217000.0,0.0,-108093000.0,-20866000.0,-175000.0,156311000.0,-859000.0,30751000.0,30751000.0,30751000.0,0.0,0.0,0.076,132399000.0,78746000.0,49785000.0,0.0,1.507,-1.531,-1.528,277640000.0,0.0,14.42,2.206,2.206,279811000.0,-2428821000.0,403120000.0,403120000.0,23407000.0,,,,,7781000.0,95967000.0,1.0,256544186.0,256556000,258908000.0,1.571,1140648000.0,60669000.0,13316000.0,918603000.0,4.446,497653000.0
49,HOLX,MRQ,2009-03-31,2009-03-28,2009-03-28,2021-07-28,-434000.0,5783360000.0,,795088000.0,4988272000.0,,9.368,-13762000.0,220622000.0,220622000.0,192440000.0,-2310119000.0,2.589,1.408,2114799000.0,33951000.0,2080848000.0,2114799000.0,89427000.0,66049000.0,0.0,0.0,0.0,-2265179000.0,-2199130000.0,-5.47,-2199130000.0,-2265179000.0,-2298391000.0,-9.01,-9.01,-9.01,2401668000.0,,2401668000.0,5454595890.0,-3.0,-2.824,107110000.0,0.418,1.0,209574000.0,0.521,4637190000.0,33212000.0,2733195000.0,,178947000.0,0.0,0.0,0.0,3381692000.0,307152000.0,3074540000.0,3457960890.0,45749000.0,97000.0,1096000.0,-59926000.0,0.0,-59393000.0,-15388000.0,-225000.0,120872000.0,-342000.0,-2310119000.0,-2310119000.0,-2310119000.0,0.0,0.0,-5.746,2474426000.0,-2264852000.0,51712000.0,0.0,1.44,-1.45,-1.447,276634000.0,0.0,13.49,2.03,2.031,299614000.0,-2469821000.0,402014000.0,402014000.0,24428000.0,,,,,8652000.0,97282000.0,1.0,256335129.0,256374000,256374000.0,1.568,1146170000.0,69648000.0,11728000.0,928631000.0,4.471,487936000.0
50,HOLX,MRQ,2008-12-31,2008-12-27,2008-12-27,2021-07-28,3312000.0,8139365000.0,,746819000.0,7392546000.0,,18.331,-13463000.0,174625000.0,174625000.0,199274000.0,38158000.0,2.367,0.733,2171260000.0,36836000.0,2134424000.0,2171260000.0,87875000.0,66181000.0,0.0,0.0,0.0,91086000.0,157267000.0,0.366,157267000.0,91086000.0,56744000.0,0.15,0.15,0.15,4696597000.0,,4696597000.0,5276245989.0,24.0,12.563,106788000.0,0.417,1.0,229959000.0,0.536,7034306000.0,34342000.0,2786242000.0,,181396000.0,0.0,0.0,0.0,3442768000.0,315452000.0,3127316000.0,3174635989.0,75818000.0,-326000.0,668000.0,-29332000.0,0.0,-28876000.0,-16866000.0,0.0,120251000.0,1309000.0,38158000.0,38158000.0,38158000.0,0.0,0.0,0.089,136238000.0,93721000.0,54013000.0,0.0,0.676,-168.675,-137.667,280982000.0,0.0,12.39,1.833,1.833,318536000.0,-169651000.0,429233000.0,429233000.0,23793000.0,,,,,7392000.0,99807000.0,1.0,256225665.0,256212000,258433000.0,1.675,1105059000.0,51863000.0,18586000.0,924950000.0,4.313,431367000.0
51,HOLX,MRQ,2008-09-30,2008-09-27,2008-09-27,2021-07-28,4945000.0,8134632000.0,,693578000.0,7441054000.0,,18.13,-18665000.0,99290000.0,99290000.0,202231000.0,-174344000.0,2.035,0.752,2200900000.0,38480000.0,2162420000.0,2200900000.0,78559000.0,45972000.0,0.0,0.0,0.0,-89522000.0,-43550000.0,-0.098,-43550000.0,-89522000.0,-157463000.0,-0.7,-0.7,-0.7,4642269000.0,,4642269000.0,6742632520.0,-35.0,-316.868,104490000.0,0.408,1.0,240282000.0,0.543,7080147000.0,67941000.0,2815220000.0,,174667000.0,0.0,0.0,0.0,3492363000.0,340875000.0,3151488000.0,5125196520.0,-24202000.0,-581368000.0,2291000.0,444224000.0,0.0,455567000.0,-603661000.0,0.0,123155000.0,737000.0,-174344000.0,-174344000.0,-174344000.0,0.0,0.0,-0.394,328773000.0,-88491000.0,59590000.0,0.0,1.104,-12.332,-11.834,283975000.0,0.0,20.0,3.061,2.938,321299000.0,-217644000.0,442513000.0,442513000.0,27707000.0,,,,,-56564000.0,99324000.0,1.0,256259826.0,256060000,256060000.0,1.728,1054485000.0,71457000.0,16881000.0,920838000.0,4.118,352703000.0
52,HOLX,MRQ,2008-06-30,2008-06-28,2008-06-28,2021-07-28,8652000.0,7813580000.0,,695440000.0,7118140000.0,,18.677,-20975000.0,119863000.0,119863000.0,184729000.0,61379000.0,2.288,0.636,1737299000.0,2416000.0,1734883000.0,1737299000.0,75426000.0,45111000.0,0.0,0.0,0.0,109013000.0,154124000.0,0.359,154124000.0,109013000.0,94910000.0,0.24,0.24,0.24,4775336000.0,,4775336000.0,7363348619.0,-130.0,93.989,69070000.0,0.27,1.0,244763000.0,0.57,6774952000.0,14103000.0,2352155000.0,,178500000.0,0.0,0.0,0.0,3038244000.0,303909000.0,2734335000.0,5633870619.0,22060000.0,-958000.0,6386000.0,-89958000.0,0.0,-51735000.0,-15997000.0,936000.0,90045000.0,-253000.0,61379000.0,61379000.0,61379000.0,0.0,0.0,0.143,137142000.0,107621000.0,56225000.0,0.0,1.18,-26.939,-24.467,281544000.0,0.0,22.02,3.927,3.925,313384000.0,-73268000.0,429492000.0,429492000.0,20966000.0,,,,,7393000.0,103526000.0,1.0,255852435.0,255676000,259390000.0,1.68,1038628000.0,67708000.0,33531000.0,936109000.0,4.062,391531000.0
53,HOLX,MRQ,2008-03-31,2008-03-29,2008-03-29,2021-07-28,8528000.0,7790482000.0,,658435000.0,7132047000.0,,18.363,-21947000.0,97803000.0,97803000.0,191410000.0,55986000.0,2.397,0.662,1827281000.0,2419000.0,1824862000.0,1827281000.0,67691000.0,45304000.0,0.0,0.0,0.0,106823000.0,152127000.0,0.353,152127000.0,106823000.0,87484000.0,0.22,0.22,0.22,4687187000.0,,4687187000.0,8951140284.0,-72.0,-328.398,76767000.0,0.301,1.0,239638000.0,0.556,6796877000.0,19339000.0,2448348000.0,,158393000.0,0.0,0.0,0.0,3103295000.0,274735000.0,2828560000.0,7103881284.0,-56860000.0,-7000.0,13508000.0,-206868000.0,0.0,-174600000.0,20016000.0,0.0,98714000.0,-990000.0,55986000.0,55986000.0,55986000.0,0.0,0.0,0.13,133527000.0,106111000.0,59409000.0,0.0,1.516,-28.905,-30.549,276227000.0,0.0,27.8,5.937,5.93,313451000.0,-134649000.0,431048000.0,431048000.0,19364000.0,,,,,4903000.0,107994000.0,1.0,255535298.0,255253000,259798000.0,1.689,993605000.0,69699000.0,31498000.0,941272000.0,3.893,383700000.0
54,HOLX,MRQ,2007-12-31,2007-12-29,2007-12-29,2021-07-28,5723000.0,7898628000.0,,752879000.0,7145749000.0,,21.255,-17298000.0,189329000.0,189329000.0,203610000.0,-358608000.0,3.007,0.713,2036588000.0,2914000.0,2033674000.0,2036588000.0,60333000.0,36563000.0,0.0,0.0,0.0,-320543000.0,-283980000.0,-0.765,-283980000.0,-320543000.0,-352203000.0,-1.65,-1.65,-1.65,4609742000.0,,4609742000.0,8640840599.0,-44.0,-63.081,33004000.0,0.152,1.0,167835000.0,0.452,6821427000.0,31660000.0,2674060000.0,,150070000.0,0.0,0.0,0.0,3288886000.0,250400000.0,3038486000.0,8730044599.0,54260000.0,-2027008000.0,148829000.0,1971352000.0,0.0,2081847000.0,-2077427000.0,2375000.0,50302000.0,-462000.0,-358608000.0,-358608000.0,-358608000.0,0.0,0.0,-0.965,490616000.0,-322781000.0,60104000.0,0.0,1.894,-31.166,-37.446,258741000.0,0.0,34.825,9.223,7.979,288404000.0,-190635000.0,371445000.0,371445000.0,20147000.0,,,,,7192000.0,91320000.0,1.0,250683262.0,216882000,216882000.0,1.713,1077201000.0,107837000.0,6405000.0,945470000.0,4.967,502479000.0
55,HOLX,MRQ,2007-09-30,2007-09-29,2007-09-29,2021-07-28,4123000.0,1066349000.0,,399180000.0,667169000.0,,7.46,-4655000.0,100403000.0,100403000.0,105050000.0,32110000.0,2.235,0.323,11199000.0,1977000.0,9222000.0,11199000.0,45769000.0,7891000.0,0.0,0.0,0.0,48181000.0,56072000.0,0.277,56072000.0,48181000.0,47731000.0,0.29,0.29,0.29,805723000.0,,805723000.0,3206586032.0,21.0,17.603,31732000.0,0.294,1.0,97514000.0,0.481,581889000.0,450000.0,216644000.0,,105289000.0,0.0,0.0,0.0,260626000.0,178612000.0,82014000.0,3290786032.0,6603000.0,-28826000.0,218000.0,1087000.0,0.0,7000000.0,-35831000.0,-2100000.0,36387000.0,-953000.0,32110000.0,32110000.0,32110000.0,0.0,0.0,0.159,51016000.0,46498000.0,42289000.0,0.0,4.084,34.794,34.659,69769000.0,0.0,30.5,4.457,4.415,152743000.0,168453000.0,202564000.0,202564000.0,11261000.0,,,,,-4282000.0,38316000.0,1.0,107894624.0,108013000,110344000.0,1.875,484460000.0,29417000.0,15621000.0,54866000.0,4.485,220568000.0
56,HOLX,MRQ,2007-06-30,2007-06-30,2007-06-30,2021-07-28,1037000.0,933909000.0,,350617000.0,583292000.0,,6.505,-7532000.0,93800000.0,93800000.0,101427000.0,24748000.0,2.116,0.334,9600000.0,2536000.0,7064000.0,9600000.0,48073000.0,7621000.0,0.0,0.0,0.0,40903000.0,48524000.0,0.253,48524000.0,40903000.0,40538000.0,0.23,0.22,0.23,700060000.0,,700060000.0,2934957508.0,26.0,20.674,29790000.0,0.277,1.0,90078000.0,0.47,500673000.0,365000.0,183302000.0,,92545000.0,0.0,0.0,0.0,233849000.0,165734000.0,68115000.0,2980606508.0,39299000.0,0.0,923000.0,-367000.0,0.0,14543000.0,-12630000.0,0.0,37322000.0,64000.0,24748000.0,24748000.0,24748000.0,0.0,0.0,0.129,50146000.0,39932000.0,36808000.0,0.0,4.258,48.867,49.829,67921000.0,0.0,27.655,4.321,4.314,131567000.0,136343000.0,191505000.0,191505000.0,11413000.0,,,,,-12400000.0,37350000.0,1.0,107778214.0,107625000,110019000.0,1.779,433236000.0,20346000.0,15790000.0,49757000.0,4.025,184883000.0
57,HOLX,MRQ,2007-03-31,2007-03-31,2007-03-31,2021-07-28,532000.0,871507000.0,,309247000.0,562260000.0,,6.174,-3296000.0,54501000.0,54501000.0,97577000.0,21634000.0,2.274,0.324,8852000.0,1830000.0,7022000.0,8852000.0,41753000.0,7419000.0,0.0,0.0,0.0,34985000.0,42404000.0,0.234,42404000.0,34985000.0,34284000.0,0.2,0.2,0.2,658257000.0,,658257000.0,3078238694.0,34.0,26.441,45779000.0,0.429,1.0,83509000.0,0.461,491489000.0,701000.0,198399000.0,,92410000.0,0.0,0.0,0.0,213250000.0,135970000.0,77280000.0,3068416694.0,17192000.0,0.0,7564000.0,-38309000.0,0.0,-30745000.0,-1303000.0,2150000.0,49075000.0,165000.0,21634000.0,21634000.0,21634000.0,0.0,0.0,0.119,48705000.0,34804000.0,35019000.0,0.0,4.661,63.577,63.341,63868000.0,0.0,28.82,4.965,4.972,117868000.0,111594000.0,181086000.0,181086000.0,10986000.0,,,,,1588000.0,36365000.0,1.0,106468310.0,106620000,109526000.0,1.698,380018000.0,32887000.0,12650000.0,59941000.0,3.564,173277000.0
58,HOLX,MRQ,2006-12-31,2006-12-30,2006-12-30,2021-07-28,226000.0,867995000.0,,300186000.0,567809000.0,,5.96,-5930000.0,37309000.0,37309000.0,88985000.0,16086000.0,1.814,0.384,47131000.0,41283000.0,5848000.0,47131000.0,38707000.0,8231000.0,0.0,0.0,0.0,26930000.0,35161000.0,0.215,35161000.0,26930000.0,25936000.0,0.155,0.15,0.155,627165000.0,,627165000.0,2528635408.0,35.0,26.882,25213000.0,0.24,1.0,74227000.0,0.455,495455000.0,994000.0,216916000.0,,98817000.0,0.0,0.0,0.0,240830000.0,165446000.0,75384000.0,2494474408.0,7386000.0,0.0,904000.0,-16406000.0,0.0,-13258000.0,-10140000.0,0.0,31143000.0,-359000.0,16086000.0,16086000.0,16086000.0,0.0,0.0,0.099,47710000.0,26517000.0,29436000.0,0.0,3.977,66.004,62.211,63955000.0,0.0,23.64,4.637,4.625,108235000.0,89960000.0,163212000.0,163212000.0,10722000.0,,,,,-728000.0,35580000.0,1.0,105519222.0,105234000,108788000.0,1.551,372540000.0,48448000.0,9850000.0,59364000.0,3.54,134740000.0
59,HOLX,MRQ,2006-09-30,2006-09-30,2006-09-30,2021-07-28,-442000.0,856205000.0,,290022000.0,566183000.0,,5.947,-4613000.0,29923000.0,29923000.0,89129000.0,-1474000.0,1.742,0.413,64084000.0,57921000.0,6163000.0,64084000.0,30903000.0,7655000.0,0.0,0.0,0.0,8220000.0,15875000.0,0.103,15875000.0,8220000.0,7526000.0,-0.03,-0.015,-0.03,605750000.0,,605750000.0,2194020414.0,40.0,31.083,-17499000.0,-0.172,1.0,64926000.0,0.421,500155000.0,694000.0,223682000.0,,93477000.0,0.0,0.0,0.0,250455000.0,166529000.0,83926000.0,2293437414.0,-80217000.0,-153320000.0,657000.0,52703000.0,0.0,63513000.0,-131788000.0,0.0,-12886000.0,944000.0,-1474000.0,-1474000.0,-1474000.0,0.0,0.0,-0.01,57366000.0,7560000.0,26443000.0,0.0,3.786,83.632,75.034,61723000.0,0.0,21.76,4.957,4.375,108566000.0,73875000.0,154055000.0,154055000.0,5025000.0,,,,,-8641000.0,36421000.0,1.0,105396940.0,101866000,105634000.0,1.512,356050000.0,50944000.0,9000000.0,60858000.0,3.495,123493000.0
60,HOLX,MRQ,2006-06-30,2006-06-24,2006-06-24,2021-07-28,-954000.0,401152000.0,,292974000.0,108178000.0,,3.099,-3560000.0,110140000.0,110140000.0,70025000.0,12017000.0,2.891,0.42,10723000.0,2800000.0,7923000.0,10723000.0,26182000.0,3217000.0,0.0,0.0,0.0,19761000.0,22978000.0,0.192,22978000.0,19761000.0,19217000.0,0.13,0.125,0.13,282445000.0,,282445000.0,2080096872.0,36.0,30.186,22760000.0,0.25,1.0,49660000.0,0.415,43005000.0,544000.0,157379000.0,,85744000.0,0.0,0.0,0.0,118707000.0,101351000.0,17356000.0,2188381872.0,1855000.0,-18508000.0,366000.0,-651000.0,0.0,831000.0,-25196000.0,0.0,26320000.0,-100000.0,12017000.0,12017000.0,12017000.0,0.0,0.0,0.1,31080000.0,18580000.0,31622000.0,0.0,7.748,57.029,55.814,56784000.0,0.0,24.0,5.657,5.655,86884000.0,75349000.0,119685000.0,119685000.0,7060000.0,,,,,-82000.0,23832000.0,1.0,91182578.0,91152000,95032000.0,1.313,358147000.0,957000.0,7200000.0,1853000.0,3.929,191623000.0
61,HOLX,MRQ,2006-03-31,2006-03-25,2006-03-25,2021-07-28,-1275000.0,332981000.0,,256072000.0,76909000.0,,2.902,-1567000.0,108285000.0,108285000.0,58556000.0,11164000.0,3.913,0.27,0.0,0.0,0.0,0.0,23616000.0,2682000.0,0.0,0.0,0.0,17370000.0,20052000.0,0.199,20052000.0,17370000.0,17414000.0,0.125,0.12,0.125,262286000.0,,262286000.0,2394437182.0,49.0,41.322,-93000.0,-0.001,1.0,42429000.0,0.42,38437000.0,-44000.0,120826000.0,,60866000.0,0.0,0.0,0.0,70695000.0,65433000.0,5262000.0,2488951182.0,13771000.0,0.0,4610000.0,0.0,0.0,15578000.0,-3308000.0,0.0,1474000.0,27000.0,11164000.0,11164000.0,11164000.0,0.0,0.0,0.111,26037000.0,16392000.0,20102000.0,0.0,9.489,72.114,69.468,34620000.0,0.0,27.44,7.294,7.268,70771000.0,63332000.0,100985000.0,100985000.0,6322000.0,,,,,-10230000.0,19550000.0,1.0,90705218.0,90378000,94690000.0,1.117,294544000.0,639000.0,6250000.0,0.0,3.259,190639000.0
62,HOLX,MRQ,2005-12-31,2005-12-24,2005-12-24,2021-07-28,-1305000.0,294211000.0,,217865000.0,76346000.0,,2.647,-3249000.0,94514000.0,94514000.0,51666000.0,5716000.0,3.666,0.253,0.0,0.0,0.0,0.0,22263000.0,2579000.0,0.0,0.0,0.0,9101000.0,11680000.0,0.133,11680000.0,9101000.0,9066000.0,0.065,0.06,0.065,234776000.0,,234776000.0,1637162393.0,42.0,34.573,-1644000.0,-0.019,1.0,36290000.0,0.413,39351000.0,35000.0,100911000.0,,49472000.0,0.0,0.0,0.0,59435000.0,59435000.0,0.0,1751156393.0,-19480000.0,-27594000.0,5006000.0,0.0,0.0,10677000.0,-31690000.0,0.0,1605000.0,-72000.0,5716000.0,5716000.0,5716000.0,0.0,0.0,0.065,28484000.0,7806000.0,17605000.0,0.0,7.459,59.567,58.029,34885000.0,0.0,19.73,5.659,5.655,62119000.0,52168000.0,87956000.0,87956000.0,9707000.0,,,,,-5004000.0,18612000.0,1.0,88756026.0,88702000,93602000.0,0.992,254860000.0,381000.0,3350000.0,0.0,2.873,158430000.0
63,HOLX,MRQ,2005-09-30,2005-09-24,2005-09-24,2021-07-28,-1239000.0,279839000.0,,228375000.0,51464000.0,,2.438,-1852000.0,113994000.0,113994000.0,47175000.0,9476000.0,4.096,0.285,0.0,0.0,0.0,0.0,21134000.0,1934000.0,0.0,0.0,0.0,12266000.0,14200000.0,0.182,14200000.0,12266000.0,12115000.0,0.11,0.12,0.11,217834000.0,,217834000.0,1082923042.0,31.0,25.526,10068000.0,0.113,1.0,31043000.0,0.397,11447000.0,151000.0,98638000.0,,44520000.0,0.0,0.0,0.0,62005000.0,55760000.0,6245000.0,1184580042.0,11747000.0,5420000.0,2364000.0,-590000.0,0.0,1774000.0,-1932000.0,0.0,11920000.0,-15000.0,9476000.0,9476000.0,9476000.0,0.0,0.0,0.121,19634000.0,11409000.0,14163000.0,0.0,5.438,41.923,40.727,33329000.0,0.0,13.44,4.118,4.001,57742000.0,46452000.0,78218000.0,78218000.0,4325000.0,,,,,7561000.0,15309000.0,1.0,88138396.0,89332000,92652000.0,0.876,268392000.0,6023000.0,2639000.0,1471000.0,3.004,172615000.0
64,HOLX,MRQ,2005-06-30,2005-06-25,2005-06-25,2021-07-28,-1231000.0,259205000.0,,206899000.0,52306000.0,,2.272,-1120000.0,102247000.0,102247000.0,43963000.0,8158000.0,3.412,0.306,590000.0,472000.0,118000.0,590000.0,17194000.0,1923000.0,0.0,0.0,0.0,10091000.0,12014000.0,0.162,12014000.0,10091000.0,10158000.0,0.095,0.09,0.095,198442000.0,,198442000.0,736635264.0,26.0,20.696,9009000.0,0.103,1.0,30090000.0,0.406,11713000.0,-67000.0,85190000.0,,41684000.0,0.0,0.0,0.0,60763000.0,60645000.0,118000.0,831618264.0,6556000.0,-5420000.0,3490000.0,-118000.0,0.0,3372000.0,-6602000.0,0.0,10129000.0,-343000.0,8158000.0,8158000.0,8158000.0,0.0,0.0,0.11,20639000.0,9451000.0,15742000.0,0.0,4.191,34.665,33.482,33934000.0,0.0,9.543,3.042,3.049,54044000.0,36976000.0,74053000.0,74053000.0,5100000.0,,,,,0.0,15539000.0,1.0,87148888.0,87356000,91552000.0,0.848,247492000.0,0.0,2000000.0,0.0,2.833,146254000.0
65,HOLX,MRQ,2005-03-31,2005-03-26,2005-03-26,2021-07-28,-990000.0,241157000.0,,194042000.0,47115000.0,,2.213,-1579000.0,95691000.0,95691000.0,42464000.0,6048000.0,3.601,0.289,708000.0,472000.0,236000.0,708000.0,16470000.0,1815000.0,0.0,0.0,0.0,7645000.0,9460000.0,0.137,9460000.0,7645000.0,7554000.0,0.07,0.065,0.07,187035000.0,,187035000.0,590817091.0,27.0,20.38,16056000.0,0.19,1.0,26773000.0,0.387,12029000.0,91000.0,80259000.0,,37089000.0,0.0,0.0,0.0,54122000.0,53886000.0,236000.0,662692091.0,22989000.0,0.0,8119000.0,-119000.0,0.0,8000000.0,-2419000.0,0.0,17635000.0,-227000.0,6048000.0,6048000.0,6048000.0,0.0,0.0,0.087,19592000.0,7181000.0,12930000.0,0.0,3.543,34.593,34.522,33913000.0,0.0,7.94,2.563,2.595,52400000.0,28818000.0,69237000.0,69237000.0,4842000.0,,,,,0.0,14750000.0,1.0,83462480.0,84516000,89764000.0,0.819,229128000.0,0.0,1506000.0,0.0,2.711,140156000.0
66,HOLX,MRQ,2004-12-31,2004-12-25,2004-12-25,2021-07-28,-852000.0,215697000.0,,168633000.0,47064000.0,,2.095,-3148000.0,72702000.0,72702000.0,41968000.0,4574000.0,3.983,0.247,827000.0,473000.0,354000.0,827000.0,13206000.0,1902000.0,0.0,0.0,0.0,4849000.0,6751000.0,0.102,6751000.0,4849000.0,4868000.0,0.055,0.055,0.055,173007000.0,,173007000.0,516129182.0,31.0,21.208,2346000.0,0.028,1.0,24208000.0,0.366,12246000.0,-19000.0,89240000.0,,34806000.0,0.0,0.0,0.0,42690000.0,42336000.0,354000.0,583517182.0,4367000.0,0.0,1895000.0,-120000.0,0.0,1775000.0,-3346000.0,0.0,5494000.0,444000.0,4574000.0,4574000.0,4574000.0,0.0,0.0,0.069,19618000.0,4590000.0,9680000.0,0.0,3.373,37.171,36.399,34234000.0,0.0,7.025,2.382,2.368,51786000.0,22770000.0,66176000.0,66176000.0,4350000.0,,,,,0.0,15268000.0,1.0,83062944.0,82588000,87044000.0,0.801,203451000.0,0.0,294000.0,0.0,2.463,126297000.0
67,HOLX,MRQ,2004-09-30,2004-09-25,2004-09-25,2021-07-28,-1115000.0,211751000.0,,166053000.0,45698000.0,,2.029,-2912000.0,68335000.0,68335000.0,41691000.0,5210000.0,3.833,0.273,947000.0,475000.0,472000.0,947000.0,13013000.0,1925000.0,0.0,0.0,0.0,5443000.0,7368000.0,0.115,7368000.0,5443000.0,5656000.0,0.065,0.067,0.065,166275000.0,,166275000.0,335515185.0,26.0,16.197,10870000.0,0.133,1.0,22258000.0,0.348,12536000.0,-213000.0,88500000.0,,40174000.0,0.0,0.0,0.0,45476000.0,43327000.0,2149000.0,390926185.0,11391000.0,0.0,1024000.0,-586000.0,0.0,438000.0,-2847000.0,0.0,13782000.0,18000.0,5210000.0,5210000.0,5210000.0,0.0,0.0,0.081,17006000.0,5252000.0,10546000.0,0.0,2.351,32.138,31.767,32877000.0,0.0,4.765,1.709,1.688,48409000.0,18196000.0,63949000.0,63949000.0,4363000.0,,,,,0.0,12643000.0,1.0,82041172.0,81932000,86104000.0,0.781,199215000.0,0.0,446000.0,1677000.0,2.431,122726000.0
68,HOLX,MRQ,2004-06-30,2004-06-26,2004-06-26,2021-07-28,-1155000.0,202880000.0,,157332000.0,45548000.0,,1.965,-1583000.0,56944000.0,56944000.0,37039000.0,3325000.0,3.72,0.268,1533000.0,943000.0,590000.0,1533000.0,12360000.0,1859000.0,0.0,0.0,0.0,3552000.0,5411000.0,0.091,5411000.0,3552000.0,3498000.0,0.04,0.037,0.04,160001000.0,,160001000.0,411694186.0,39.0,22.812,-35000.0,0.0,1.0,22186000.0,0.375,12978000.0,54000.0,92202000.0,,42956000.0,0.0,0.0,0.0,42879000.0,42289000.0,590000.0,466137186.0,811000.0,0.0,977000.0,-157000.0,0.0,820000.0,-1544000.0,0.0,1548000.0,-13000.0,3325000.0,3325000.0,3325000.0,0.0,0.0,0.056,18759000.0,3427000.0,10891000.0,0.0,2.913,48.79,48.432,32156000.0,0.0,5.715,2.147,2.143,47759000.0,12986000.0,59225000.0,59225000.0,4143000.0,,,,,0.0,14616000.0,1.0,81563812.0,81436000,85884000.0,0.727,189902000.0,0.0,173000.0,0.0,2.332,115043000.0
69,HOLX,MRQ,2004-03-31,2004-03-27,2004-03-27,2021-07-28,-1149000.0,196781000.0,,150887000.0,45894000.0,,1.926,-1273000.0,56133000.0,56133000.0,35057000.0,2589000.0,3.735,0.264,1690000.0,982000.0,708000.0,1690000.0,11855000.0,1845000.0,0.0,0.0,0.0,2962000.0,4807000.0,0.086,4807000.0,2962000.0,2695000.0,0.033,0.03,0.033,155672000.0,,155672000.0,347223398.0,43.0,22.181,9369000.0,0.116,1.0,20591000.0,0.37,13429000.0,267000.0,88508000.0,,42404000.0,0.0,0.0,0.0,41109000.0,40401000.0,708000.0,390384398.0,11118000.0,0.0,1923000.0,-163000.0,0.0,1760000.0,-1246000.0,0.0,10642000.0,-38000.0,2589000.0,2589000.0,2589000.0,0.0,0.0,0.047,17745000.0,2846000.0,9451000.0,0.0,2.508,53.861,53.722,31973000.0,0.0,4.835,1.857,1.859,42309000.0,9660000.0,55648000.0,55648000.0,4117000.0,,,,,0.0,13628000.0,1.0,80741344.0,80844000,85172000.0,0.688,183352000.0,0.0,106000.0,0.0,2.268,110486000.0
70,HOLX,MRQ,2003-12-31,2003-12-27,2003-12-27,2021-07-28,-1010000.0,192448000.0,,145907000.0,46541000.0,,1.894,-1419000.0,45015000.0,45015000.0,30460000.0,1040000.0,3.621,0.272,1854000.0,1027000.0,827000.0,1854000.0,11435000.0,1960000.0,0.0,0.0,0.0,1169000.0,3129000.0,0.063,3129000.0,1169000.0,1078000.0,0.013,0.013,0.013,151331000.0,,151331000.0,300267751.0,52.0,22.371,-765000.0,-0.01,1.0,19422000.0,0.389,13882000.0,91000.0,95115000.0,,43819000.0,0.0,0.0,0.0,41117000.0,40290000.0,827000.0,343414751.0,-162000.0,-341000.0,1079000.0,-177000.0,0.0,902000.0,-1728000.0,0.0,654000.0,10000.0,1040000.0,1040000.0,1040000.0,0.0,0.0,0.021,18361000.0,1061000.0,11307000.0,0.0,2.269,68.642,68.952,32091000.0,0.0,4.275,1.676,1.667,47415000.0,7072000.0,49882000.0,49882000.0,4036000.0,,,,,0.0,14325000.0,1.0,80330936.0,79916000,83588000.0,0.624,178566000.0,0.0,38000.0,0.0,2.234,105617000.0
71,HOLX,MRQ,2003-09-30,2003-09-27,2003-09-27,2021-07-28,-1296000.0,188603000.0,,141988000.0,46615000.0,,1.88,-1024000.0,45177000.0,45177000.0,33411000.0,2600000.0,3.724,0.266,2030000.0,480000.0,1550000.0,2030000.0,9440000.0,1861000.0,0.0,0.0,0.0,2839000.0,4700000.0,0.09,4700000.0,2839000.0,2670000.0,0.033,0.033,0.033,148927000.0,,148927000.0,231658576.0,66.0,21.237,3654000.0,0.046,1.0,18993000.0,0.362,13850000.0,169000.0,93480000.0,,43426000.0,0.0,0.0,0.0,39676000.0,38126000.0,1550000.0,269438576.0,5303000.0,0.0,1391000.0,-64000.0,0.0,1327000.0,-784000.0,0.0,4678000.0,82000.0,2600000.0,2600000.0,2600000.0,0.0,0.0,0.05,16283000.0,2710000.0,10819000.0,0.0,1.809,93.49,97.286,32106000.0,0.0,3.405,1.321,1.31,43831000.0,6032000.0,52404000.0,52404000.0,4363000.0,,,,,0.0,11920000.0,1.0,79130272.0,79212000,83108000.0,0.662,174753000.0,0.0,70000.0,0.0,2.206,103862000.0
72,HOLX,MRQ,2003-06-30,2003-06-28,2003-06-28,2021-07-28,-1379000.0,183248000.0,,135528000.0,47720000.0,,1.846,-1837000.0,39874000.0,39874000.0,33852000.0,1019000.0,3.712,0.263,2094000.0,480000.0,1614000.0,2094000.0,8743000.0,1847000.0,0.0,0.0,0.0,1171000.0,3018000.0,0.058,3018000.0,1171000.0,1071000.0,0.013,0.013,0.013,145119000.0,,145119000.0,222524967.0,106.0,23.994,8225000.0,0.105,1.0,18480000.0,0.353,14466000.0,100000.0,94487000.0,,46521000.0,0.0,0.0,0.0,38129000.0,36515000.0,1614000.0,251638967.0,8453000.0,0.0,445000.0,-212000.0,0.0,233000.0,-1800000.0,0.0,10062000.0,-42000.0,1019000.0,1019000.0,1019000.0,0.0,0.0,0.019,17446000.0,1034000.0,10674000.0,0.0,1.734,-87.284,-79.875,32509000.0,0.0,3.195,1.259,1.257,40443000.0,3698000.0,52332000.0,52332000.0,4366000.0,,,,,0.0,13080000.0,1.0,78760240.0,78624000,80944000.0,0.666,168782000.0,0.0,52000.0,0.0,2.147,99013000.0
73,HOLX,MRQ,2003-03-31,2003-03-29,2003-03-29,2021-07-28,-1534000.0,182353000.0,,134573000.0,47780000.0,,1.831,-2860000.0,31421000.0,31421000.0,31985000.0,344000.0,3.629,0.271,2307000.0,480000.0,1827000.0,2307000.0,8375000.0,2028000.0,0.0,0.0,0.0,547000.0,2575000.0,0.051,2575000.0,547000.0,396000.0,0.005,0.005,0.005,143442000.0,,143442000.0,132004611.0,63.0,14.007,-12504000.0,-0.16,1.0,18312000.0,0.364,14786000.0,151000.0,101369000.0,,45297000.0,0.0,0.0,0.0,38911000.0,37084000.0,1827000.0,172693611.0,-11788000.0,0.0,654000.0,-213000.0,0.0,441000.0,-2783000.0,0.0,-9644000.0,198000.0,344000.0,344000.0,344000.0,0.0,0.0,0.007,18008000.0,304000.0,11011000.0,0.0,1.204,-50.643,-48.889,32145000.0,0.0,2.2,0.883,0.881,42219000.0,2621000.0,50297000.0,50297000.0,4891000.0,,,,,0.0,13117000.0,1.0,78497096.0,78320000,80140000.0,0.642,167567000.0,0.0,52000.0,0.0,2.14,97489000.0
74,HOLX,MRQ,2002-12-31,2002-12-28,2002-12-28,2021-07-28,-1983000.0,179384000.0,,132368000.0,47016000.0,,1.822,-2425000.0,43209000.0,43209000.0,31207000.0,-1081000.0,3.741,0.264,2520000.0,480000.0,2040000.0,2520000.0,8677000.0,1669000.0,0.0,0.0,0.0,-1054000.0,615000.0,0.013,615000.0,-1054000.0,-1079000.0,-0.015,-0.015,-0.015,141957000.0,,141957000.0,206662578.0,87.0,21.624,-2790000.0,-0.036,1.0,17795000.0,0.363,15352000.0,25000.0,87956000.0,,39436000.0,0.0,0.0,0.0,37427000.0,35387000.0,2040000.0,249750578.0,-2627000.0,0.0,565000.0,-229000.0,0.0,336000.0,-2555000.0,0.0,-365000.0,-43000.0,-1081000.0,-1081000.0,-1081000.0,0.0,0.0,-0.022,18818000.0,-1023000.0,10357000.0,0.0,1.759,371.653,399.062,30676000.0,0.0,3.192,1.303,1.298,35344000.0,2238000.0,49002000.0,49002000.0,4761000.0,,,,,0.0,14057000.0,1.0,78230408.0,77900000,77900000.0,0.629,164032000.0,0.0,2000.0,0.0,2.106,96981000.0
75,HOLX,MRQ,2002-09-30,2002-09-28,2002-09-28,2021-07-28,-1877000.0,184147000.0,,137942000.0,46205000.0,,1.835,-1643000.0,45836000.0,45836000.0,30226000.0,-3165000.0,3.495,0.293,2748000.0,480000.0,2268000.0,2748000.0,9254000.0,1634000.0,0.0,0.0,0.0,1432000.0,3066000.0,0.064,3066000.0,1432000.0,748000.0,-0.042,-0.042,-0.042,142409000.0,,142409000.0,187641223.0,69.0,18.385,8095000.0,0.104,1.0,17972000.0,0.373,15766000.0,684000.0,85823000.0,,37855000.0,0.0,0.0,0.0,41738000.0,39470000.0,2268000.0,191565223.0,13900000.0,0.0,352000.0,-25415000.0,0.0,-25063000.0,29534000.0,0.0,9738000.0,-309000.0,-3165000.0,-3165000.0,-3165000.0,0.0,0.0,-0.066,16713000.0,1259000.0,10929000.0,0.0,1.345,1070.197,820.833,29380000.0,0.0,2.462,1.007,0.954,39440000.0,3150000.0,48198000.0,48198000.0,5453000.0,,,,,0.0,11260000.0,1.0,77792984.0,77612000,80248000.0,0.621,168381000.0,0.0,3913000.0,0.0,2.17,98472000.0
76,HOLX,MRQ,2002-06-30,2002-06-29,2002-06-29,2021-07-28,-1843000.0,212010000.0,,119607000.0,92403000.0,,1.886,-2291000.0,31936000.0,31936000.0,29860000.0,492000.0,3.05,0.46,28012000.0,480000.0,27532000.0,28012000.0,8960000.0,1989000.0,0.0,0.0,0.0,1179000.0,3168000.0,0.066,3168000.0,1179000.0,492000.0,0.007,0.005,0.007,145257000.0,,145257000.0,281087551.0,-101.0,52.906,3992000.0,0.052,1.0,18148000.0,0.378,16247000.0,687000.0,152618000.0,,39149000.0,0.0,0.0,0.0,66753000.0,39221000.0,27532000.0,278782551.0,5706000.0,0.0,1720000.0,-524000.0,0.0,1196000.0,-2209000.0,0.0,6283000.0,436000.0,492000.0,492000.0,492000.0,0.0,0.0,0.01,17111000.0,1037000.0,9628000.0,0.0,1.919,-176.222,-90.438,60349000.0,0.0,3.618,1.475,1.475,38923000.0,6315000.0,48008000.0,48008000.0,4859000.0,,,,,0.0,12252000.0,1.0,77064976.0,77028000,81816000.0,0.623,195763000.0,14816000.0,0.0,0.0,2.541,80386000.0
77,HOLX,MRQ,2002-03-31,2002-03-30,2002-03-30,2021-07-28,-2333000.0,211843000.0,,119701000.0,92142000.0,,1.881,-1535000.0,26230000.0,26230000.0,28373000.0,4426000.0,2.881,0.486,28535000.0,796000.0,27739000.0,28535000.0,8579000.0,1895000.0,0.0,0.0,0.0,813000.0,2708000.0,0.058,2708000.0,813000.0,3000.0,0.058,0.055,0.058,142556000.0,,142556000.0,291776754.0,-70.0,79.59,-5612000.0,-0.074,1.0,18028000.0,0.389,16921000.0,810000.0,155679000.0,,40167000.0,0.0,0.0,0.0,69287000.0,41548000.0,27739000.0,292764754.0,-4372000.0,0.0,2221000.0,-1079000.0,0.0,1142000.0,-1390000.0,0.0,-4077000.0,-47000.0,4426000.0,4426000.0,4426000.0,0.0,0.0,0.095,17385000.0,643000.0,10170000.0,0.0,2.054,-89.067,-56.801,59452000.0,0.0,3.862,1.575,1.575,41459000.0,5824000.0,46401000.0,46401000.0,4770000.0,,,,,0.0,12120000.0,1.0,75796700.0,75788000,80728000.0,0.612,194922000.0,14816000.0,-4423000.0,0.0,2.572,78153000.0
78,HOLX,MRQ,2001-12-31,2001-12-29,2001-12-29,2021-07-28,-2279000.0,206888000.0,,112685000.0,94203000.0,,2.115,-669000.0,30602000.0,30602000.0,29916000.0,-1573000.0,2.628,0.522,29614000.0,1563000.0,28051000.0,29614000.0,7895000.0,1958000.0,0.0,0.0,0.0,-693000.0,1265000.0,0.027,1265000.0,-693000.0,-1492000.0,-0.025,-0.025,-0.025,135963000.0,,135963000.0,176097307.0,-15.0,-51.295,-5652000.0,-0.088,1.0,17669000.0,0.371,17441000.0,799000.0,145585000.0,,39139000.0,0.0,0.0,0.0,70925000.0,42874000.0,28051000.0,157952307.0,17848000.0,0.0,25048000.0,-1285000.0,0.0,23763000.0,-823000.0,0.0,-4983000.0,-109000.0,-1573000.0,-1573000.0,-1573000.0,0.0,0.0,-0.033,18450000.0,-781000.0,10322000.0,0.0,1.162,-10.088,-9.852,59281000.0,0.0,2.493,0.862,0.874,39548000.0,1398000.0,47585000.0,47585000.0,5279000.0,,,,,0.0,11596000.0,1.0,63371036.0,64276000,64276000.0,0.74,189447000.0,16516000.0,81000.0,0.0,2.947,69811000.0
79,HOLX,MRQ,2001-09-30,2001-09-29,2001-09-29,2021-07-28,-2157000.0,195119000.0,,99575000.0,95544000.0,,1.795,-1637000.0,12754000.0,12754000.0,32604000.0,-4927000.0,1.814,0.745,30899000.0,2483000.0,28416000.0,30899000.0,8754000.0,2252000.0,0.0,0.0,0.0,-4080000.0,-1828000.0,-0.039,-1828000.0,-4080000.0,-4909000.0,-0.08,-0.08,-0.08,111807000.0,,111807000.0,94864101.0,-5.0,-10.489,-1228000.0,-0.02,1.0,14362000.0,0.306,17890000.0,829000.0,140478000.0,,39285000.0,0.0,0.0,0.0,83312000.0,54896000.0,28416000.0,78630101.0,846000.0,0.0,904000.0,2757000.0,0.0,3341000.0,-2917000.0,0.0,409000.0,13000.0,-4927000.0,-4927000.0,-4927000.0,0.0,0.0,-0.105,18615000.0,-4253000.0,18152000.0,0.0,0.703,-3.771,-3.735,60056000.0,0.0,1.262,0.436,0.434,42227000.0,2971000.0,46966000.0,46966000.0,5342000.0,,,,,802000.0,12465000.0,1.0,62281268.0,62284000,62284000.0,0.754,177229000.0,16516000.0,18000.0,0.0,2.845,44679000.0
80,HOLX,MRQ,2001-06-30,2001-06-30,2001-06-30,2021-07-28,-2283000.0,192475000.0,,98013000.0,94462000.0,,1.874,-673000.0,11908000.0,11908000.0,26290000.0,-1213000.0,1.964,0.659,28142000.0,1592000.0,26550000.0,28142000.0,9074000.0,1729000.0,0.0,0.0,0.0,-208000.0,1521000.0,0.034,1521000.0,-208000.0,-1116000.0,-0.02,-0.02,-0.02,116026000.0,,116026000.0,115944374.0,-4.0,-5.107,-5570000.0,-0.09,1.0,18648000.0,0.415,12483000.0,908000.0,146327000.0,,41604000.0,0.0,0.0,0.0,76449000.0,49899000.0,26550000.0,105518374.0,-4258000.0,932000.0,0.0,0.0,0.0,24000.0,654000.0,0.0,-4897000.0,-39000.0,-1213000.0,-1213000.0,-1213000.0,0.0,0.0,-0.027,19114000.0,-466000.0,12643000.0,0.0,0.909,-3.931,-3.881,61086000.0,0.0,1.7,0.656,0.654,41050000.0,7899000.0,44938000.0,44938000.0,5536000.0,,,,,0.0,12868000.0,1.0,62069632.0,61904000,61904000.0,0.726,179992000.0,16516000.0,97000.0,0.0,2.908,48114000.0
81,HOLX,MRQ,2001-03-31,2001-03-31,2001-03-31,2021-07-28,-2204000.0,202195000.0,,101083000.0,101112000.0,,1.896,-651000.0,16166000.0,16166000.0,29272000.0,-7945000.0,1.687,0.724,26592000.0,1592000.0,25000000.0,26592000.0,0.0,2459000.0,0.0,0.0,0.0,-6850000.0,-4391000.0,-0.1,-4391000.0,-6850000.0,-7891000.0,-0.128,-0.128,-0.128,117292000.0,,117292000.0,66151840.0,-2.0,-2.433,-6096000.0,-0.099,1.0,14469000.0,0.331,17905000.0,1041000.0,134813000.0,,35949000.0,0.0,0.0,0.0,84903000.0,59903000.0,25000000.0,61880840.0,-6193000.0,0.0,0.0,-38000.0,0.0,227000.0,-805000.0,0.0,-5445000.0,-170000.0,-7945000.0,-7945000.0,-7945000.0,0.0,0.0,-0.182,21596000.0,-7127000.0,16811000.0,0.0,0.528,-2.189,-2.174,61714000.0,0.0,1.0,0.448,0.448,45337000.0,9111000.0,43741000.0,43741000.0,6466000.0,,,,,-2000.0,15130000.0,1.0,61880840.0,61868000,61868000.0,0.707,184290000.0,16809000.0,54000.0,0.0,2.979,41180000.0
82,HOLX,MRQ,2000-12-31,2000-12-30,2000-12-30,2021-07-28,-1957000.0,210338000.0,,107422000.0,102916000.0,,2.035,-1369000.0,22359000.0,22359000.0,31280000.0,-6765000.0,1.787,0.68,26630000.0,1630000.0,25000000.0,26630000.0,13801000.0,2295000.0,0.0,0.0,0.0,-6641000.0,-4346000.0,-0.098,-4346000.0,-6641000.0,-6765000.0,-0.11,-0.11,-0.11,125220000.0,,125220000.0,84583608.0,-3.0,-3.375,-1687000.0,-0.027,1.0,13271000.0,0.298,18669000.0,124000.0,135822000.0,,36218000.0,0.0,0.0,0.0,85118000.0,60118000.0,25000000.0,81973608.0,-419000.0,0.0,0.0,1242000.0,0.0,1273000.0,-1589000.0,0.0,-318000.0,215000.0,-6765000.0,-6765000.0,-6765000.0,0.0,0.0,-0.152,20230000.0,-6959000.0,15080000.0,0.0,0.655,-3.641,-3.619,62586000.0,0.0,1.328,0.697,0.695,46158000.0,17056000.0,44551000.0,44551000.0,5983000.0,,,,,168000.0,14247000.0,1.0,61715496.0,61548000,61548000.0,0.724,191669000.0,16809000.0,0.0,0.0,3.114,47304000.0
83,HOLX,MRQ,2000-09-30,2000-09-30,2000-09-30,2021-07-28,-2172000.0,219655000.0,,116105000.0,103550000.0,,2.14,-1921000.0,22778000.0,22778000.0,24923000.0,-10922000.0,1.841,0.669,25388000.0,388000.0,25000000.0,25388000.0,13642000.0,1309000.0,0.0,0.0,0.0,-16795000.0,-15486000.0,-0.559,-15486000.0,-16795000.0,-17022000.0,-0.18,-0.18,-0.18,131572000.0,,131572000.0,80987800.0,-3.0,-3.323,1341000.0,0.022,1.0,2785000.0,0.101,23627000.0,227000.0,135555000.0,,39706000.0,0.0,0.0,0.0,88083000.0,63083000.0,25000000.0,114674800.0,-11320000.0,-30198000.0,549000.0,-23000.0,0.0,262000.0,-14584000.0,17833000.0,3262000.0,-260000.0,-10922000.0,-10922000.0,-10922000.0,0.0,0.0,-0.394,20380000.0,-17595000.0,16414000.0,0.0,0.872,-6.159,-6.097,62794000.0,0.0,1.859,1.216,1.208,50580000.0,23821000.0,27708000.0,27708000.0,4552000.0,,,,,68000.0,10910000.0,1.0,61669696.0,61496000,61496000.0,0.451,196028000.0,16809000.0,-6100000.0,0.0,3.188,53022000.0
84,HOLX,MRQ,2000-06-30,2000-07-01,2000-07-01,2021-07-28,-1803000.0,170606000.0,,99918000.0,70688000.0,,2.326,-1857000.0,34098000.0,34098000.0,13975000.0,-2643000.0,3.57,0.196,411000.0,411000.0,0.0,411000.0,10767000.0,1176000.0,0.0,0.0,0.0,-4143000.0,-2967000.0,-0.134,-2967000.0,-4143000.0,-4143000.0,-0.043,-0.043,-0.043,142616000.0,,142616000.0,67447915.0,-4.0,-5.69,-8487000.0,-0.138,1.0,8108000.0,0.367,0.0,0.0,108929000.0,,21733000.0,15033000.0,15033000.0,0.0,27990000.0,27990000.0,0.0,103757915.0,-2625000.0,0.0,0.0,-1000.0,0.0,0.0,4197000.0,4147000.0,-6630000.0,-192000.0,-2643000.0,-2643000.0,-2643000.0,0.0,0.0,-0.12,13139000.0,-5031000.0,6842000.0,0.0,0.728,-9.554,-9.272,51859000.0,0.0,1.688,1.196,1.192,26240000.0,34744000.0,22083000.0,22083000.0,3872000.0,,,,,5000.0,9259000.0,1.0,61486172.0,61308000,61308000.0,0.36,170606000.0,0.0,-1500000.0,0.0,2.783,71928000.0
85,HOLX,MRQ,2000-03-31,2000-03-25,2000-03-25,2021-07-28,-1682000.0,172003000.0,,104982000.0,67021000.0,,2.373,-1187000.0,36722000.0,36722000.0,13524000.0,-2184000.0,3.943,0.183,412000.0,412000.0,0.0,412000.0,9803000.0,1120000.0,0.0,0.0,0.0,-3384000.0,-2264000.0,-0.097,-2264000.0,-3384000.0,-3384000.0,-0.035,-0.035,-0.035,145375000.0,,145375000.0,102626492.0,-7.0,-9.834,-2659000.0,-0.043,1.0,9728000.0,0.418,0.0,0.0,109065000.0,,20152000.0,18999000.0,18999000.0,0.0,26628000.0,26628000.0,0.0,138297492.0,630000.0,0.0,0.0,-11000.0,0.0,252000.0,2048000.0,4871000.0,-1472000.0,-198000.0,-2184000.0,-2184000.0,-2184000.0,0.0,0.0,-0.094,14138000.0,-4410000.0,5815000.0,0.0,0.951,-14.184,-13.393,50911000.0,0.0,2.25,1.633,1.628,26287000.0,37388000.0,23252000.0,23252000.0,4042000.0,,,,,5000.0,10052000.0,1.0,61465552.0,61272000,61272000.0,0.379,172003000.0,0.0,-1200000.0,0.0,2.807,78354000.0
86,HOLX,MRQ,1999-12-31,1999-12-25,1999-12-25,2021-07-28,-1479000.0,174505000.0,,110193000.0,64312000.0,,2.416,-856000.0,36093000.0,36093000.0,13032000.0,-2870000.0,4.079,0.183,422000.0,422000.0,0.0,422000.0,9794000.0,815000.0,0.0,0.0,0.0,-4470000.0,-3655000.0,-0.172,-3655000.0,-4470000.0,-4470000.0,-0.048,-0.048,-0.048,147493000.0,,147493000.0,56411794.0,-4.0,-6.276,3307000.0,0.054,1.0,8263000.0,0.388,0.0,0.0,111822000.0,,18326000.0,25113000.0,25113000.0,0.0,27012000.0,27012000.0,0.0,91816794.0,-415000.0,0.0,0.0,-680000.0,0.0,-680000.0,-3762000.0,2285000.0,4163000.0,-136000.0,-2870000.0,-2870000.0,-2870000.0,0.0,0.0,-0.135,13586000.0,-5323000.0,6339000.0,0.0,0.623,-10.61,-9.868,50675000.0,0.0,1.5,1.136,1.133,27929000.0,39571000.0,21295000.0,21295000.0,4712000.0,,,,,27000.0,8843000.0,1.0,61211196.0,61048000,61048000.0,0.349,174505000.0,0.0,-1600000.0,0.0,2.858,83181000.0
87,HOLX,MRQ,1999-09-30,1999-09-25,1999-09-25,2021-07-28,-1331000.0,175770000.0,,115171000.0,60599000.0,,2.465,-692000.0,36508000.0,36508000.0,13917000.0,-3163000.0,4.544,0.169,1103000.0,1103000.0,0.0,1103000.0,8079000.0,1388000.0,0.0,0.0,0.0,-4355000.0,-2967000.0,-0.147,-2967000.0,-4355000.0,-4903000.0,-0.058,-0.058,-0.058,150422000.0,,150422000.0,26775696.0,-5.0,-14.875,-2094000.0,-0.034,1.0,6222000.0,0.309,0.0,548000.0,115017000.0,,17596000.0,26170000.0,26170000.0,0.0,25348000.0,25348000.0,0.0,64061696.0,-1867000.0,246000.0,294000.0,13000.0,0.0,143000.0,-609000.0,-257000.0,-1402000.0,2000.0,-3163000.0,-3163000.0,-3163000.0,0.0,0.0,-0.157,11532000.0,-5310000.0,6063000.0,0.0,0.426,-17.097,-15.397,50470000.0,0.0,1.047,0.761,0.694,28056000.0,42440000.0,20139000.0,20139000.0,4348000.0,,,,,51000.0,7835000.0,1.0,61185956.0,61020000,61020000.0,0.33,175770000.0,6225000.0,-1740000.0,0.0,2.881,89823000.0
88,HOLX,MRQ,1999-06-30,1999-06-26,1999-06-26,2021-07-28,-1333000.0,181232000.0,,115390000.0,65842000.0,,2.77,-118000.0,38376000.0,38376000.0,12093000.0,-1533000.0,4.139,0.182,1090000.0,1090000.0,0.0,1090000.0,10278000.0,838000.0,0.0,0.0,0.0,-2388000.0,-1550000.0,-0.077,-1550000.0,-2388000.0,-2388000.0,-0.028,-0.028,-0.028,153351000.0,,153351000.0,40405662.0,41.0,10.897,2655000.0,0.048,1.0,7915000.0,0.396,0.0,0.0,116065000.0,,19967000.0,19786000.0,19786000.0,0.0,27881000.0,27881000.0,0.0,75464662.0,1793000.0,-8218000.0,0.0,-432000.0,0.0,-422000.0,-375000.0,8418000.0,2773000.0,-184000.0,-1533000.0,-1533000.0,-1533000.0,0.0,0.0,-0.077,11151000.0,-3236000.0,5506000.0,0.0,0.492,103.235,108.173,51114000.0,0.0,1.406,0.85,0.877,30418000.0,45603000.0,20008000.0,20008000.0,3215000.0,,,,,66000.0,7769000.0,1.0,53663760.0,55364000,55364000.0,0.361,181232000.0,0.0,-855000.0,0.0,3.273,87509000.0
89,HOLX,MRQ,1999-03-31,1999-03-27,1999-03-27,2021-07-28,-1114000.0,169810000.0,,121932000.0,47878000.0,,2.64,-5196000.0,36582000.0,36582000.0,11533000.0,-1088000.0,4.254,0.203,1523000.0,1523000.0,0.0,1523000.0,10199000.0,891000.0,0.0,0.0,0.0,-1708000.0,-817000.0,-0.042,-817000.0,-1708000.0,-1708000.0,-0.02,-0.02,-0.02,141144000.0,,141144000.0,71737112.0,7.0,5.732,-7033000.0,-0.132,1.0,7829000.0,0.404,0.0,0.0,106085000.0,,19089000.0,28271000.0,28271000.0,0.0,28666000.0,28666000.0,0.0,117352112.0,-11854000.0,0.0,0.0,-1298000.0,0.0,-1133000.0,-8349000.0,-3175000.0,-1837000.0,-535000.0,-1088000.0,-1088000.0,-1088000.0,0.0,0.0,-0.056,10528000.0,-2699000.0,6342000.0,0.0,0.831,17.908,18.229,33059000.0,0.0,2.188,1.137,1.133,31703000.0,47136000.0,19362000.0,19362000.0,2643000.0,,,,,66000.0,7588000.0,1.0,53646680.0,53460000,53460000.0,0.362,169810000.0,0.0,-620000.0,0.0,3.176,93266000.0
90,HOLX,MRQ,1998-12-31,1998-12-26,1998-12-26,2021-07-28,-584000.0,177563000.0,,132927000.0,44636000.0,,2.672,-2873000.0,48436000.0,48436000.0,12791000.0,2037000.0,3.801,0.245,2821000.0,2821000.0,0.0,2821000.0,12204000.0,357000.0,0.0,0.0,0.0,3177000.0,3534000.0,0.143,3534000.0,3177000.0,3177000.0,0.037,0.037,0.037,142587000.0,,142587000.0,116062912.0,7.0,6.458,-100000.0,-0.002,1.0,11841000.0,0.481,0.0,0.0,96972000.0,,20478000.0,24637000.0,24637000.0,0.0,34976000.0,34976000.0,0.0,160686912.0,13000.0,0.0,0.0,-978000.0,0.0,-946000.0,-1798000.0,841000.0,2773000.0,-16000.0,2037000.0,2037000.0,2037000.0,0.0,0.0,0.083,10017000.0,1824000.0,9570000.0,0.0,1.127,15.509,15.544,28589000.0,0.0,3.0,1.409,1.403,33216000.0,48224000.0,24632000.0,24632000.0,2458000.0,,,,,60000.0,7428000.0,1.0,53562304.0,53360000,54552000.0,0.462,177563000.0,0.0,1140000.0,0.0,3.328,97951000.0
91,HOLX,MRQ,1998-09-30,1998-09-26,1998-09-26,2021-07-28,-575000.0,172597000.0,,131848000.0,40749000.0,,2.624,-20469000.0,48423000.0,48423000.0,12579000.0,1315000.0,4.093,0.229,3799000.0,3799000.0,0.0,3799000.0,10466000.0,626000.0,0.0,0.0,0.0,1915000.0,2541000.0,0.102,2541000.0,1915000.0,1915000.0,0.023,0.022,0.023,140382000.0,,140382000.0,127764879.0,8.0,7.083,-19972000.0,-0.373,1.0,12242000.0,0.493,0.0,0.0,95758000.0,,20438000.0,27479000.0,27479000.0,0.0,32215000.0,32215000.0,0.0,172289011.0,2493000.0,0.0,-177000.0,2641000.0,0.0,3320000.0,-1717000.0,19731000.0,497000.0,392000.0,1315000.0,1315000.0,1315000.0,0.0,0.0,0.053,11915000.0,327000.0,5497000.0,0.0,1.227,16.585,16.513,25898000.0,0.0,3.22,1.491,1.478,29287000.0,46187000.0,24821000.0,24821000.0,2598000.0,,,,,85000.0,8977000.0,1.0,53505904.0,53492000,54836000.0,0.464,172597000.0,0.0,600000.0,0.0,3.227,99633000.0
92,HOLX,MRQ,1998-06-30,1998-06-27,1998-06-27,2021-07-28,-983516.0,168234382.0,,143023906.0,25210476.0,,2.586,-1049000.0,45930265.0,45930265.0,15910000.0,4289000.0,4.722,0.22,1406133.0,1406133.0,0.0,1406133.0,10719359.0,469000.0,0.0,0.0,0.0,6789000.0,7258000.0,0.211,7258000.0,6789000.0,6789000.0,0.08,0.077,0.08,137946121.0,,137946121.0,202029498.0,10.0,9.282,5652000.0,0.106,1.0,18516000.0,0.538,0.0,0.0,93421989.0,,17996382.0,42446613.0,42446613.0,0.0,30288261.0,30288261.0,0.0,244906038.0,2273000.0,0.0,242000.0,377000.0,0.0,619000.0,-5103000.0,-2443000.0,6701000.0,55000.0,4289000.0,4289000.0,4289000.0,0.0,0.0,0.125,13356000.0,5160000.0,5851798.0,0.0,1.775,18.845,18.528,5836504.0,0.0,4.595,2.123,2.124,31760653.0,44871604.0,34426000.0,34426000.0,2335000.0,,,,,79000.0,10899000.0,1.0,53298376.0,53336000,55228000.0,0.645,168234382.0,0.0,2500000.0,0.0,3.154,112735645.0
93,HOLX,MRQ,1998-03-31,1998-03-28,1998-03-28,2021-07-28,-1038593.0,159034441.0,,139120271.0,19914170.0,,2.526,-548000.0,43657350.0,43657350.0,14662000.0,2720000.0,5.411,0.193,780810.0,780810.0,0.0,780810.0,8252547.0,368000.0,0.0,0.0,0.0,4270000.0,4638000.0,0.154,4638000.0,4270000.0,4270000.0,0.052,0.05,0.052,133323840.0,,133323840.0,330176654.0,16.0,14.854,1627000.0,0.031,1.0,15535000.0,0.514,0.0,0.0,90447300.0,,18441301.0,43367050.0,43367050.0,0.0,25710601.0,25710601.0,0.0,375343546.0,-1510000.0,0.0,961000.0,781000.0,0.0,2082000.0,-5600000.0,-3965000.0,2175000.0,-165000.0,2720000.0,2720000.0,2720000.0,0.0,0.0,0.09,12741000.0,2794000.0,6305798.0,0.0,2.815,27.901,27.616,5154494.0,0.0,7.125,3.479,3.486,29838158.0,40582173.0,30197000.0,30197000.0,2506000.0,,,,,78000.0,10122000.0,1.0,52679796.0,52788000,55036000.0,0.572,159034441.0,0.0,1550000.0,0.0,3.013,113409670.0
94,HOLX,MRQ,1997-12-31,1997-12-27,1997-12-27,2021-07-28,-873972.0,151261774.0,,135540888.0,15720886.0,,2.464,-531000.0,45166892.0,45166892.0,12740000.0,2063000.0,6.21,0.169,0.0,0.0,0.0,0.0,5889740.0,388000.0,0.0,0.0,0.0,3213000.0,3601000.0,0.138,3601000.0,3213000.0,3213000.0,0.04,0.037,0.04,129434091.0,,129434091.0,,,,4725000.0,0.09,1.0,13381000.0,0.512,0.0,0.0,84267199.0,,16873306.0,41884486.0,41884486.0,0.0,21827683.0,21827683.0,0.0,276568929.0,17075000.0,0.0,97000.0,-83000.0,0.0,14000.0,11847000.0,12415000.0,5256000.0,-42000.0,2063000.0,2063000.0,2063000.0,0.0,0.0,0.079,11472000.0,1909000.0,6737980.0,0.0,2.137,17.978,17.797,4896144.0,0.0,5.25,2.617,2.609,27761971.0,37862223.0,26121000.0,26121000.0,2339000.0,,,,,60000.0,9044000.0,1.0,52679796.0,52528000,55160000.0,0.497,151261774.0,0.0,1150000.0,0.0,2.88,113713205.0
95,HOLX,MRQ,1997-09-30,1997-09-27,1997-09-27,2021-07-28,-831000.0,144667000.0,,130769000.0,13898000.0,,2.424,-640028.0,28092000.0,28092000.0,11147375.0,3923502.0,7.306,0.141,83000.0,83000.0,0.0,83000.0,3288000.0,345306.0,0.0,0.0,0.0,5923502.0,6268808.0,0.255,6268808.0,5923502.0,5923502.0,0.075,0.073,0.075,126767000.0,,126767000.0,,,,3245602.0,0.062,1.0,13484057.0,0.547,0.0,0.0,98758000.0,,13205000.0,56173000.0,56173000.0,0.0,17900000.0,17900000.0,0.0,,-5210725.0,0.0,234280.0,81692.0,0.0,315972.0,-9328171.0,-8617675.0,3885630.0,-84156.0,3923502.0,3923502.0,3923502.0,0.0,0.0,0.159,9189514.0,4294543.0,5232000.0,0.0,,,18.681,4704000.0,0.0,6.407,,3.12,29231000.0,35799000.0,24631432.0,24631432.0,2364210.0,,,,,244000.0,6721911.0,1.0,,52299980,54851968.0,0.471,144667000.0,0.0,2000000.0,0.0,2.766,112869000.0
96,HOLX,MRQ,1997-06-30,1997-06-28,1997-06-28,2021-07-28,,,,,,,,-496620.0,,,11941298.0,4746303.0,,,,,,,,323730.0,,0.0,0.0,7396303.0,7720033.0,0.286,7720033.0,7396303.0,7396303.0,0.09,0.087,0.09,,,,,,,1295166.0,0.025,1.0,15006639.0,0.557,,0.0,,,,,,,,,,,-9276255.0,0.0,413579.0,1048.0,0.0,414627.0,-11240585.0,-10712534.0,1791786.0,-242083.0,4746303.0,4746303.0,4746303.0,0.0,0.0,0.176,8994962.0,6011677.0,,0.0,,,,,0.0,6.625,,,,,26947937.0,26947937.0,2225704.0,,,,,9000.0,6762245.0,1.0,,52141676,54705412.0,0.517,,,2650000.0,,,
97,HOLX,MRQ,1997-03-31,1997-03-29,1997-03-29,2021-07-28,,,,,,,,-558502.0,,,12448861.0,4650900.0,,,,,,,,288177.0,,0.0,0.0,7340900.0,7629077.0,0.272,7629077.0,7340900.0,7340900.0,0.09,0.085,0.09,,,,,,,1297606.0,0.025,1.0,15551027.0,0.555,,0.0,,,,,,,,,,,9413789.0,0.0,893696.0,-2661823.0,0.0,-1298127.0,9184934.0,9677453.0,1856108.0,-329126.0,4650900.0,4650900.0,4650900.0,0.0,0.0,0.166,9520319.0,6030708.0,,0.0,,,,,0.0,6.0,,,,,27999888.0,27999888.0,2205646.0,,,,,9000.0,7314673.0,1.0,,51817848,54647284.0,0.54,,,2690000.0,,,
98,HOLX,MRQ,1996-12-31,1996-12-28,1996-12-28,2021-07-28,,,,,,,,-386850.0,,,11954466.0,4408294.0,,,,,,,,294787.0,,0.0,0.0,6908294.0,7203081.0,0.266,7203081.0,6908294.0,6908294.0,0.085,0.08,0.085,,,,,,,4641626.0,0.09,1.0,15155277.0,0.559,,0.0,,,,,,,,,,,4411191.0,0.0,32445.0,127083.0,0.0,159528.0,-764178.0,-308244.0,5028476.0,-12635.0,4408294.0,4408294.0,4408294.0,0.0,0.0,0.163,9323942.0,5831335.0,,0.0,,,,,0.0,6.188,,,,,27109743.0,27109743.0,1731440.0,,,,,9000.0,7476171.0,1.0,,51516496,54547336.0,0.526,,,2500000.0,,,
0,HOLX,MRT,2021-06-30,2021-06-26,2021-06-26,2021-07-28,-42200000.0,8590600000.0,7845275000.0,2418200000.0,6172400000.0,0.722,15.131,-179400000.0,827600000.0,827600000.0,1763000000.0,2034500000.0,1.651,1.216,3141300000.0,463700000.0,2677600000.0,3141300000.0,228100000.0,383400000.0,0.0,0.0,0.0,2666600000.0,3050000000.0,0.539,3050000000.0,2666600000.0,2570600000.0,7.87,7.79,7.87,3877100000.0,3411150000.0,3877100000.0,18840394149.0,7.0,6.177,2127600000.0,8.303,1.0,3899600000.0,0.689,5065000000.0,96000000.0,4374700000.0,4471000000.0,502900000.0,0.0,0.0,0.0,4713500000.0,1464600000.0,3248900000.0,16883194149.0,83400000.0,-1242900000.0,-459400000.0,-282200000.0,0.0,-798700000.0,-1424400000.0,0.0,2307000000.0,-500000.0,2037600000.0,2037600000.0,2037600000.0,0.0,-3100000.0,0.36,1236000000.0,2663600000.0,208400000.0,0.0,4.355,8.286,8.372,551100000.0,0.0,65.89,2.982,2.981,943200000.0,-30500000.0,5662600000.0,5662600000.0,256800000.0,0.26,0.597,0.596,0.471,80600000.0,921200000.0,1.0,256233027.0,256230000,258581000.0,22.1,3525600000.0,63000000.0,533000000.0,284800000.0,13.76,953600000.0
1,HOLX,MRT,2021-03-31,2021-03-27,2021-03-27,2021-07-28,-35800000.0,8044000000.0,7398400000.0,2662400000.0,5381600000.0,0.719,14.68,-179300000.0,816400000.0,816400000.0,1653100000.0,1902800000.0,2.569,1.12,2773600000.0,77900000.0,2695700000.0,2773600000.0,211900000.0,375900000.0,0.0,0.0,0.0,2504500000.0,2880400000.0,0.542,2880400000.0,2504500000.0,2402700000.0,7.35,7.28,7.35,3794400000.0,3005650000.0,3794400000.0,20832028769.0,8.0,7.232,1687900000.0,6.53,1.0,3664100000.0,0.689,4304800000.0,101800000.0,4660000000.0,4423400000.0,456200000.0,0.0,0.0,0.0,4249000000.0,1036400000.0,3212600000.0,18917528769.0,16600000.0,-519600000.0,-258900000.0,-842500000.0,0.0,-1150000000.0,-702300000.0,0.0,1867200000.0,1700000.0,1907100000.0,1907100000.0,1907100000.0,0.0,-4300000.0,0.359,1168100000.0,2496000000.0,225100000.0,0.0,4.986,9.92,9.989,533600000.0,0.0,73.42,3.558,3.569,1212300000.0,-298900000.0,5317200000.0,5317200000.0,242900000.0,0.258,0.635,0.566,0.471,85100000.0,870000000.0,1.0,257661792.0,258473000,260749000.0,20.572,3739200000.0,85400000.0,495600000.0,229800000.0,14.467,1626000000.0
2,HOLX,MRT,2020-12-31,2020-12-26,2020-12-26,2021-07-28,-30700000.0,7550700000.0,7092850000.0,2596300000.0,4954400000.0,0.639,12.637,-169700000.0,868700000.0,868700000.0,1561600000.0,1378200000.0,2.459,1.31,2783200000.0,76900000.0,2706300000.0,2783200000.0,195400000.0,374400000.0,0.0,0.0,0.0,1853900000.0,2228300000.0,0.491,2228300000.0,1853900000.0,1742100000.0,5.32,5.26,5.32,3267900000.0,2578575000.0,3267900000.0,21573713998.0,12.0,9.682,1263000000.0,4.884,1.0,2974100000.0,0.656,3908100000.0,111800000.0,4501100000.0,4307375000.0,420200000.0,0.0,0.0,0.0,4281700000.0,1056000000.0,3225700000.0,19216613998.0,487200000.0,26800000.0,-398800000.0,-341500000.0,0.0,-798200000.0,-145800000.0,0.0,1432700000.0,-1500000.0,1383500000.0,1383500000.0,1383500000.0,0.0,-5300000.0,0.305,1104300000.0,1869800000.0,184300000.0,0.0,5.88,13.89,14.055,514500000.0,0.0,74.77,4.237,4.263,1216100000.0,-918800000.0,4535700000.0,4535700000.0,220700000.0,0.195,0.537,0.43,0.409,83800000.0,827200000.0,1.0,257009683.0,258605000,261785000.0,17.539,3642600000.0,29900000.0,358600000.0,189400000.0,14.086,1540300000.0
3,HOLX,MRT,2020-09-30,2020-09-26,2020-09-26,2021-07-28,-49700000.0,7195800000.0,6783150000.0,2222300000.0,4973500000.0,0.557,10.297,-156400000.0,701000000.0,701000000.0,1548900000.0,1110500000.0,1.793,1.659,3058100000.0,326800000.0,2731300000.0,3058100000.0,199000000.0,376000000.0,0.0,0.0,0.0,1123100000.0,1499100000.0,0.397,1499100000.0,1123100000.0,1006600000.0,4.24,4.21,4.24,2705200000.0,2324300000.0,2705200000.0,19238000323.0,17.0,12.833,740200000.0,2.817,1.0,2227500000.0,0.59,3965400000.0,116500000.0,4348200000.0,4189300000.0,395100000.0,0.0,0.0,0.0,4488500000.0,1239300000.0,3249200000.0,16665700323.0,99200000.0,19900000.0,-588000000.0,-31500000.0,0.0,-659900000.0,-141600000.0,0.0,896600000.0,4100000.0,1115200000.0,1115200000.0,1115200000.0,0.0,-4700000.0,0.295,1122500000.0,1105000000.0,178800000.0,0.0,6.161,14.944,15.177,491500000.0,0.0,64.35,4.413,4.477,1028900000.0,-1573200000.0,3776400000.0,3776400000.0,222500000.0,0.164,0.48,0.268,0.297,83300000.0,840600000.0,1.0,258985242.0,262727000,264613000.0,14.374,3230400000.0,38800000.0,-108600000.0,201800000.0,12.296,983000000.0
4,HOLX,MRT,2020-06-30,2020-06-27,2020-06-27,2021-07-28,-61900000.0,6803100000.0,6594725000.0,1982800000.0,4820300000.0,0.5,8.678,-129500000.0,744200000.0,744200000.0,1750200000.0,493500000.0,1.473,2.015,3316500000.0,567300000.0,2749200000.0,3316500000.0,187700000.0,395100000.0,0.0,0.0,0.0,391600000.0,786700000.0,0.239,786700000.0,391600000.0,265300000.0,1.88,1.86,1.88,2255100000.0,2176925000.0,2255100000.0,16594967887.0,42.0,21.094,572800000.0,2.204,1.0,1545200000.0,0.469,3845400000.0,126300000.0,4184300000.0,4057925000.0,413600000.0,0.0,0.0,0.0,4544500000.0,1345700000.0,3198800000.0,13819167887.0,316300000.0,51700000.0,-484800000.0,228000000.0,0.0,-299800000.0,-84500000.0,0.0,702300000.0,-1700000.0,496800000.0,496800000.0,496800000.0,0.0,-3300000.0,0.151,1159100000.0,386100000.0,127300000.0,0.0,6.128,27.816,28.468,456200000.0,0.0,53.52,4.193,4.221,728000000.0,-2068100000.0,3295400000.0,3295400000.0,226000000.0,0.075,0.228,0.097,0.119,67200000.0,844500000.0,1.0,258205678.0,259870000,261047000.0,12.681,2957700000.0,45500000.0,-231500000.0,214100000.0,11.381,637100000.0
5,HOLX,MRT,2020-03-31,2020-03-28,2020-03-28,2021-07-28,-58900000.0,6821800000.0,6524550000.0,1936600000.0,4885200000.0,0.51,7.925,-124800000.0,799800000.0,799800000.0,1801000000.0,451000000.0,1.308,2.268,3575600000.0,807900000.0,2767700000.0,3575600000.0,187600000.0,414800000.0,0.0,0.0,0.0,343700000.0,758500000.0,0.228,758500000.0,343700000.0,209700000.0,1.7,1.68,1.7,2086100000.0,2167275000.0,2086100000.0,11478824919.0,33.0,15.134,518200000.0,1.969,1.0,1523900000.0,0.458,3920800000.0,134000000.0,4195900000.0,3961850000.0,401300000.0,0.0,0.0,0.0,4730600000.0,1480900000.0,3249700000.0,8757424919.0,398800000.0,50900000.0,-545900000.0,429200000.0,0.0,-162600000.0,-81000000.0,0.0,643000000.0,-600000.0,452800000.0,452800000.0,452800000.0,0.0,-1800000.0,0.136,1183500000.0,340400000.0,134400000.0,0.0,4.198,19.341,19.565,445300000.0,0.0,33.26,2.634,2.633,597200000.0,-2206000000.0,3324900000.0,3324900000.0,232300000.0,0.069,0.209,0.087,0.103,61200000.0,859200000.0,1.0,263302012.0,263238000,264506000.0,12.631,2901000000.0,62600000.0,-243100000.0,235900000.0,11.02,455700000.0
6,HOLX,MRT,2019-12-31,2019-12-28,2019-12-28,2021-07-28,-28700000.0,6311900000.0,6450425000.0,1637600000.0,4674300000.0,0.525,8.402,-122500000.0,370800000.0,370800000.0,2216700000.0,83600000.0,1.57,1.801,3092200000.0,304000000.0,2788200000.0,3092200000.0,171500000.0,438700000.0,0.0,0.0,0.0,-126900000.0,311800000.0,0.092,311800000.0,-126900000.0,-264400000.0,0.32,0.31,0.32,2250800000.0,2185700000.0,2250800000.0,16514293720.0,-130.0,52.964,536300000.0,2.002,1.0,1170500000.0,0.346,3961200000.0,137500000.0,4028800000.0,3855850000.0,380800000.0,0.0,0.0,0.0,4054200000.0,1043300000.0,3010900000.0,14040093720.0,70400000.0,-62400000.0,-284000000.0,-71100000.0,0.0,-393200000.0,-195700000.0,-3000000.0,658800000.0,500000.0,83900000.0,83900000.0,83900000.0,0.0,-300000.0,0.025,1309200000.0,-138700000.0,123700000.0,0.0,6.238,167.343,163.625,452000000.0,0.0,52.36,4.145,4.141,581800000.0,-2302300000.0,3387200000.0,3387200000.0,240300000.0,0.013,0.038,-0.033,-0.037,63000000.0,905000000.0,1.0,268145411.0,267893000,269721000.0,12.644,2350700000.0,30900000.0,-348300000.0,5700000.0,8.775,594300000.0
7,HOLX,MRT,2019-09-30,2019-09-28,2019-09-28,2021-07-28,-42300000.0,6442100000.0,6605325000.0,1793100000.0,4649000000.0,0.51,7.853,-113600000.0,601800000.0,601800000.0,2196400000.0,-203600000.0,1.676,2.045,3076000000.0,273200000.0,2802800000.0,3076000000.0,195300000.0,463100000.0,0.0,0.0,0.0,-116900000.0,346200000.0,0.103,346200000.0,-116900000.0,-257700000.0,-0.76,-0.76,-0.76,2115700000.0,2221600000.0,2115700000.0,15908155671.0,-136.0,45.951,535900000.0,1.989,1.0,1170900000.0,0.348,4023500000.0,140800000.0,3822700000.0,3780425000.0,444900000.0,0.0,0.0,0.0,4326400000.0,1070100000.0,3256300000.0,13261055671.0,-64900000.0,-157200000.0,-150300000.0,-260400000.0,0.0,-431500000.0,-280700000.0,-3000000.0,649500000.0,-2200000.0,-203600000.0,-203600000.0,-203600000.0,0.0,0.0,-0.06,1294700000.0,-123800000.0,186500000.0,0.0,6.268,-65.133,-65.276,470900000.0,0.0,49.61,3.938,3.969,648700000.0,-2688700000.0,3367300000.0,3367300000.0,232200000.0,-0.031,-0.092,-0.031,-0.035,62000000.0,897200000.0,1.0,267306101.0,269413000,269413000.0,12.499,2418600000.0,34900000.0,-54100000.0,275300000.0,8.977,723000000.0
8,HOLX,MRT,2019-06-30,2019-06-29,2019-06-29,2021-07-28,-34200000.0,6522400000.0,6802525000.0,1591800000.0,4930600000.0,0.487,8.242,-114300000.0,427900000.0,427900000.0,1972600000.0,-29600000.0,1.568,1.943,3075000000.0,263800000.0,2811200000.0,3075000000.0,186500000.0,468800000.0,0.0,0.0,0.0,76500000.0,545300000.0,0.164,545300000.0,76500000.0,-63800000.0,-0.11,-0.11,-0.11,2216500000.0,2299875000.0,2216500000.0,15602967627.0,204.0,28.614,519900000.0,1.933,1.0,1342300000.0,0.405,4354300000.0,140300000.0,3800000000.0,3713925000.0,467900000.0,0.0,0.0,0.0,4305900000.0,1015200000.0,3290700000.0,12871767627.0,-147500000.0,-181500000.0,-243600000.0,-207900000.0,0.0,-468600000.0,-307400000.0,-3000000.0,634200000.0,-5700000.0,-29600000.0,-29600000.0,-29600000.0,0.0,0.0,-0.009,1280700000.0,61600000.0,161500000.0,0.0,5.807,-434.857,-436.545,469800000.0,0.0,48.02,3.883,3.896,586800000.0,-2565200000.0,3314900000.0,3314900000.0,224600000.0,-0.004,-0.013,0.021,0.023,60400000.0,923100000.0,1.0,268050138.0,268932000,270789000.0,12.326,2168100000.0,43200000.0,-34200000.0,312700000.0,8.062,576600000.0
9,HOLX,MRT,2019-03-31,2019-03-30,2019-03-30,2021-07-28,-30500000.0,6525300000.0,6944775000.0,1511000000.0,5014300000.0,0.473,8.022,-108700000.0,401000000.0,401000000.0,1953000000.0,-10600000.0,1.446,2.021,3132200000.0,312400000.0,2819800000.0,3132200000.0,190500000.0,476000000.0,0.0,0.0,0.0,66900000.0,542900000.0,0.165,542900000.0,66900000.0,-72800000.0,-0.05,-0.05,-0.05,2159800000.0,2358125000.0,2159800000.0,16938034723.0,253.0,31.199,595800000.0,2.213,1.0,1333500000.0,0.406,4439400000.0,139700000.0,3771900000.0,3666075000.0,443400000.0,0.0,0.0,0.0,4365500000.0,1045200000.0,3320300000.0,14099634723.0,-213200000.0,-180700000.0,-289500000.0,-297900000.0,0.0,-605600000.0,-301000000.0,-3000000.0,704500000.0,-11100000.0,-10600000.0,-10600000.0,-10600000.0,0.0,0.0,-0.003,1284100000.0,49400000.0,165200000.0,0.0,6.528,-1330.154,-968.0,469700000.0,0.0,48.4,4.29,3.965,557500000.0,-2659100000.0,3286500000.0,3286500000.0,217600000.0,-0.002,-0.004,0.018,0.02,63700000.0,927000000.0,1.0,291314767.0,269235000,269235000.0,12.207,2085900000.0,40000000.0,-62200000.0,335400000.0,7.748,465800000.0
10,HOLX,MRT,2018-12-31,2018-12-29,2018-12-29,2021-07-28,-31900000.0,6931500000.0,7122050000.0,1401900000.0,5529600000.0,0.457,8.849,-106400000.0,311100000.0,311100000.0,1551200000.0,-419400000.0,1.301,1.895,3149500000.0,321100000.0,2828400000.0,3149500000.0,185200000.0,477900000.0,0.0,0.0,0.0,-266300000.0,211600000.0,0.065,211600000.0,-266300000.0,-410100000.0,-1.5,-1.5,-1.5,2394400000.0,2429575000.0,2394400000.0,14358860066.0,-54.0,67.859,562000000.0,2.077,1.0,1706200000.0,0.524,4965100000.0,143800000.0,3727100000.0,3636250000.0,418600000.0,0.0,0.0,0.0,4537100000.0,1077700000.0,3459400000.0,11698660066.0,-353300000.0,-179000000.0,-385600000.0,-309400000.0,0.0,-712700000.0,-299700000.0,-6000000.0,668400000.0,-9300000.0,-419400000.0,-419400000.0,-419400000.0,0.0,0.0,-0.129,1937800000.0,-231600000.0,176300000.0,0.0,4.886,-27.894,-26.967,472600000.0,0.0,40.45,3.591,3.36,578600000.0,-2386500000.0,3257400000.0,3257400000.0,217100000.0,-0.059,-0.173,-0.073,-0.082,65700000.0,917900000.0,1.0,289212857.0,270590000,272372000.0,12.038,1966400000.0,29700000.0,9300000.0,456500000.0,7.267,324200000.0
11,HOLX,MRT,2018-09-30,2018-09-29,2018-09-29,2021-07-28,-25500000.0,7230900000.0,7401250000.0,1723200000.0,5507700000.0,0.435,8.829,-105600000.0,666700000.0,666700000.0,1521200000.0,-111300000.0,1.229,1.977,3326900000.0,601400000.0,2725500000.0,3326900000.0,191100000.0,480300000.0,0.0,0.0,0.0,-269900000.0,210400000.0,0.065,210400000.0,-269900000.0,-418600000.0,-0.4,-0.4,-0.4,2428800000.0,2629475000.0,2428800000.0,13846391033.0,-51.0,65.81,627300000.0,2.28,1.0,1696700000.0,0.527,4931800000.0,148700000.0,3556700000.0,3596900000.0,384100000.0,0.0,0.0,0.0,4802100000.0,1402600000.0,3399500000.0,11151591033.0,126100000.0,-76500000.0,-242600000.0,-141800000.0,0.0,-404800000.0,-195200000.0,-6000000.0,732900000.0,-6800000.0,-111300000.0,-111300000.0,-111300000.0,0.0,0.0,-0.035,1934600000.0,-237900000.0,192200000.0,0.0,4.591,-100.194,-102.45,478200000.0,0.0,40.98,3.465,3.503,579200000.0,-2494000000.0,3217900000.0,3217900000.0,218700000.0,-0.015,-0.042,-0.075,-0.084,65000000.0,910700000.0,1.0,272122768.0,275105000,275105000.0,11.697,2299100000.0,31700000.0,-307300000.0,498200000.0,8.357,320600000.0
12,HOLX,MRT,2018-06-30,2018-06-30,2018-06-30,2021-07-28,-18600000.0,7091400000.0,7588425000.0,1595400000.0,5496000000.0,0.423,8.949,-107100000.0,575400000.0,575400000.0,1513800000.0,-79100000.0,1.292,1.895,3270200000.0,526900000.0,2743300000.0,3270200000.0,195000000.0,481700000.0,0.0,0.0,0.0,-267100000.0,214600000.0,0.067,214600000.0,-267100000.0,-417600000.0,-0.28,-0.31,-0.28,2449500000.0,2718450000.0,2449500000.0,13612184865.0,-51.0,63.43,560000000.0,2.046,1.0,1693500000.0,0.528,4942400000.0,150500000.0,3608600000.0,3452025000.0,370500000.0,0.0,0.0,0.0,4641900000.0,1235200000.0,3406700000.0,10852184865.0,-13000000.0,-83600000.0,-356800000.0,-108600000.0,0.0,-487500000.0,-195500000.0,-6000000.0,667100000.0,2900000.0,-79100000.0,-79100000.0,-79100000.0,0.0,0.0,-0.025,1921200000.0,-227700000.0,167300000.0,0.0,4.43,-137.196,-141.964,461500000.0,0.0,39.75,3.384,3.392,551700000.0,-2544500000.0,3207300000.0,3207300000.0,226500000.0,-0.01,-0.029,-0.077,-0.083,67900000.0,889500000.0,1.0,273010940.0,273729000,275569000.0,11.717,2149000000.0,44200000.0,-338500000.0,494900000.0,7.851,360200000.0
13,HOLX,MRT,2018-03-31,2018-03-31,2018-03-31,2021-07-28,-600000.0,7234400000.0,7845075000.0,1635200000.0,5599200000.0,0.407,8.825,-106600000.0,614200000.0,614200000.0,1522300000.0,-132500000.0,1.258,1.958,3374200000.0,613200000.0,2761000000.0,3374200000.0,191600000.0,479500000.0,0.0,0.0,0.0,-293300000.0,186200000.0,0.058,186200000.0,-293300000.0,-448400000.0,-0.48,-0.51,-0.48,2445600000.0,2822475000.0,2445600000.0,13020425457.0,-44.0,69.927,-85200000.0,-0.307,1.0,1667100000.0,0.523,5042200000.0,155100000.0,3652600000.0,3290300000.0,361900000.0,0.0,0.0,0.0,4788800000.0,1299600000.0,3489200000.0,10331125457.0,-520400000.0,-91100000.0,-252100000.0,-87400000.0,0.0,-359100000.0,-199300000.0,-700000.0,21400000.0,16600000.0,-132500000.0,-132500000.0,-132500000.0,0.0,0.0,-0.042,1912900000.0,-245800000.0,158200000.0,0.0,4.224,-77.971,-77.833,468600000.0,0.0,37.36,3.239,3.246,544200000.0,-2657400000.0,3189400000.0,3189400000.0,234600000.0,-0.017,-0.047,-0.089,-0.092,65100000.0,873000000.0,1.0,276529054.0,277114000,277114000.0,11.509,2192200000.0,52100000.0,-315900000.0,543500000.0,7.911,335600000.0
14,HOLX,MRT,2017-12-31,2017-12-30,2017-12-30,2021-07-28,-11700000.0,8048300000.0,8213125000.0,1638400000.0,6409900000.0,0.379,11.537,-104700000.0,664400000.0,664400000.0,1474800000.0,1075700000.0,1.251,1.52,3353700000.0,573700000.0,2780000000.0,3353700000.0,182000000.0,455100000.0,0.0,0.0,0.0,1363900000.0,1819000000.0,0.584,1819000000.0,1363900000.0,1210200000.0,3.86,3.79,3.86,3194000000.0,2910350000.0,3194000000.0,14592071677.0,11.0,8.022,-96900000.0,-0.35,1.0,1640700000.0,0.527,5858000000.0,153700000.0,3569700000.0,2983600000.0,358200000.0,0.0,0.0,0.0,4854300000.0,1309900000.0,3544400000.0,11785471677.0,18400000.0,302800000.0,-154800000.0,-114800000.0,0.0,-289100000.0,284800000.0,86700000.0,7800000.0,14900000.0,1075700000.0,1075700000.0,1075700000.0,0.0,0.0,0.345,1182200000.0,458500000.0,160300000.0,0.0,3.69,10.956,11.075,467100000.0,0.0,42.75,3.783,3.799,548000000.0,-1976000000.0,3115500000.0,3115500000.0,233200000.0,0.131,0.37,0.457,0.438,65400000.0,879500000.0,1.0,275683548.0,276856000,280802000.0,11.253,2190300000.0,14300000.0,134500000.0,586400000.0,7.911,328500000.0
15,HOLX,MRT,2017-09-30,2017-09-30,2017-09-30,2021-07-28,-16200000.0,7979600000.0,8035500000.0,1478600000.0,6501000000.0,0.381,9.952,-107600000.0,540600000.0,540600000.0,1437800000.0,755500000.0,0.793,1.866,3347200000.0,1152400000.0,2194800000.0,3347200000.0,192000000.0,449200000.0,0.0,0.0,0.0,1383700000.0,1832900000.0,0.599,1832900000.0,1383700000.0,1230500000.0,2.7,2.64,2.7,2784700000.0,2669000000.0,2784700000.0,12947871578.0,9.0,7.064,-99300000.0,-0.355,1.0,1621000000.0,0.53,5943500000.0,153200000.0,2977200000.0,3152125000.0,331600000.0,0.0,0.0,0.0,5194900000.0,1865500000.0,3329400000.0,10290571578.0,-7800000.0,306900000.0,-151100000.0,-136500000.0,0.0,-309200000.0,285800000.0,87100000.0,8300000.0,7300000.0,755500000.0,755500000.0,755500000.0,0.0,0.0,0.247,1150500000.0,470500000.0,166600000.0,0.0,3.695,13.621,13.589,472800000.0,0.0,36.69,3.364,3.356,533500000.0,-2382700000.0,3058800000.0,3058800000.0,232800000.0,0.094,0.283,0.439,0.452,68200000.0,841900000.0,1.0,280473469.0,279811000,285653000.0,10.932,2036100000.0,22400000.0,475000000.0,973600000.0,7.277,-386900000.0
16,HOLX,MRT,2017-06-30,2017-07-01,2017-07-01,2021-07-28,-27400000.0,8118000000.0,7869850000.0,1536000000.0,6582000000.0,0.379,10.204,-101700000.0,588400000.0,588400000.0,1373600000.0,764900000.0,0.847,1.833,3245700000.0,1014900000.0,2230800000.0,3245700000.0,202200000.0,443300000.0,0.0,0.0,0.0,1420600000.0,1863900000.0,0.625,1863900000.0,1420600000.0,1265700000.0,2.73,2.68,2.73,2865600000.0,2508500000.0,2865600000.0,14880693598.0,10.0,7.984,-31500000.0,-0.112,1.0,1609200000.0,0.539,6000800000.0,154900000.0,2961700000.0,3349225000.0,357000000.0,0.0,0.0,0.0,5252400000.0,1812800000.0,3439600000.0,12706893598.0,146900000.0,386100000.0,53600000.0,-321900000.0,0.0,-287900000.0,361300000.0,87100000.0,70200000.0,3300000.0,764900000.0,764900000.0,764900000.0,0.0,0.0,0.256,1101100000.0,508100000.0,148700000.0,0.0,4.434,16.612,16.623,485500000.0,0.0,45.38,4.26,4.272,520300000.0,-2465400000.0,2982800000.0,2982800000.0,234800000.0,0.097,0.305,0.424,0.476,73700000.0,782700000.0,1.0,280010877.0,280824000,287638000.0,10.622,2117200000.0,18100000.0,500800000.0,1032000000.0,7.539,-276800000.0
17,HOLX,MRT,2017-03-31,2017-04-01,2017-04-01,2021-07-28,-40200000.0,8706600000.0,7667025000.0,2051800000.0,6654800000.0,0.377,9.982,-98600000.0,1134600000.0,1134600000.0,1301400000.0,790200000.0,0.864,2.113,3308400000.0,1051000000.0,2257400000.0,3308400000.0,182100000.0,445900000.0,0.0,0.0,0.0,1447200000.0,1893100000.0,0.654,1893100000.0,1447200000.0,1292300000.0,2.83,2.77,2.83,2797100000.0,2302775000.0,2797100000.0,14560955395.0,10.0,7.692,630700000.0,2.251,1.0,1592700000.0,0.55,6079200000.0,154900000.0,2425800000.0,3567475000.0,384000000.0,5200000.0,5200000.0,0.0,5909500000.0,2375400000.0,3534100000.0,11884055395.0,818300000.0,393600000.0,-68000000.0,-188300000.0,0.0,-274700000.0,369900000.0,81800000.0,729300000.0,-6200000.0,790200000.0,790200000.0,790200000.0,0.0,0.0,0.273,1060200000.0,532500000.0,177100000.0,0.0,4.249,15.039,15.035,482700000.0,0.0,42.55,4.106,4.12,456700000.0,-2524900000.0,2894100000.0,2894100000.0,231100000.0,0.103,0.343,0.406,0.5,73800000.0,743300000.0,1.0,279296249.0,280215000,286010000.0,10.328,2627400000.0,13300000.0,502100000.0,1099300000.0,9.376,-323600000.0
18,HOLX,MRT,2016-12-31,2016-12-31,2016-12-31,2021-07-28,-42800000.0,7337800000.0,7311950000.0,2338100000.0,4999700000.0,0.393,7.997,-99500000.0,646000000.0,646000000.0,1283000000.0,332300000.0,1.811,2.293,3322900000.0,707300000.0,2615600000.0,3322900000.0,161000000.0,464800000.0,0.0,0.0,0.0,573100000.0,1037900000.0,0.361,1037900000.0,573100000.0,416600000.0,1.19,1.17,1.19,2228600000.0,2114600000.0,2228600000.0,13959020945.0,24.0,13.449,696900000.0,2.501,1.0,1589000000.0,0.553,4480200000.0,156500000.0,4243800000.0,3933725000.0,258300000.0,0.0,0.0,0.0,5109200000.0,1290700000.0,3818500000.0,11162020945.0,-4300000.0,0.0,-209400000.0,-461100000.0,0.0,-688400000.0,-105900000.0,5600000.0,796400000.0,-6400000.0,332300000.0,332300000.0,332300000.0,0.0,0.0,0.116,1020500000.0,568500000.0,138700000.0,0.0,5.009,33.59,33.714,432600000.0,0.0,40.12,3.886,3.893,419900000.0,-3051700000.0,2872000000.0,2872000000.0,234800000.0,0.045,0.157,0.146,0.2,68700000.0,685700000.0,1.0,278215876.0,278663000,284224000.0,10.306,2857600000.0,17700000.0,84300000.0,958900000.0,10.255,1047400000.0
19,HOLX,MRT,2016-09-30,2016-09-24,2016-09-24,2021-07-28,-32300000.0,7317000000.0,7397375000.0,1326600000.0,5990400000.0,0.383,7.647,-94500000.0,548400000.0,548400000.0,1269400000.0,330800000.0,1.471,2.415,3345400000.0,296000000.0,3049400000.0,3345400000.0,177300000.0,465400000.0,0.0,0.0,0.0,570600000.0,1036000000.0,0.366,1036000000.0,570600000.0,415300000.0,1.18,1.16,1.18,2142700000.0,2099025000.0,2142700000.0,13647608813.0,24.0,13.173,703700000.0,2.511,1.0,1563300000.0,0.552,5446500000.0,155300000.0,3765600000.0,3875925000.0,274700000.0,0.0,0.0,0.0,5174300000.0,901900000.0,4272400000.0,10666908813.0,57100000.0,0.0,-211500000.0,-442800000.0,0.0,-670700000.0,-68400000.0,36300000.0,798200000.0,-2000000.0,330800000.0,330800000.0,330800000.0,0.0,0.0,0.117,1014700000.0,548600000.0,156900000.0,0.0,4.978,32.246,32.585,460200000.0,0.0,38.45,3.766,3.804,447000000.0,-3138200000.0,2832700000.0,2832700000.0,232100000.0,0.045,0.158,0.147,0.201,65400000.0,682400000.0,1.0,277422856.0,280213000,286156000.0,10.109,1870500000.0,16900000.0,84500000.0,982600000.0,6.675,424700000.0
20,HOLX,MRT,2016-06-30,2016-06-25,2016-06-25,2021-07-28,-33300000.0,7306700000.0,7478750000.0,1220000000.0,6086700000.0,0.376,7.352,-98100000.0,441500000.0,441500000.0,1272100000.0,263700000.0,1.339,2.577,3422200000.0,333400000.0,3088800000.0,3422200000.0,175900000.0,473100000.0,0.0,0.0,0.0,501700000.0,974800000.0,0.347,974800000.0,501700000.0,333100000.0,0.94,0.91,0.94,2042700000.0,2083150000.0,2042700000.0,12600284000.0,25.0,12.926,714800000.0,2.573,1.0,1536600000.0,0.547,5541900000.0,168600000.0,3834700000.0,3931325000.0,280500000.0,0.0,0.0,0.0,5264000000.0,910800000.0,4353200000.0,9510884000.0,-443500000.0,0.0,-203000000.0,-950800000.0,0.0,-1185300000.0,-65400000.0,38600000.0,812900000.0,-5700000.0,263700000.0,263700000.0,263700000.0,0.0,0.0,0.094,1009300000.0,527300000.0,131200000.0,0.0,4.656,36.067,36.287,451500000.0,0.0,34.11,3.386,3.374,426200000.0,-3230300000.0,2808700000.0,2808700000.0,223300000.0,0.035,0.127,0.128,0.179,70200000.0,677100000.0,1.0,278829786.0,277853000,282302000.0,10.109,1764800000.0,19700000.0,69400000.0,1030500000.0,6.352,309200000.0
21,HOLX,MRT,2016-03-31,2016-03-26,2016-03-26,2021-07-28,-29200000.0,7286300000.0,7684700000.0,1092600000.0,6193700000.0,0.362,7.237,-95400000.0,316300000.0,316300000.0,1263000000.0,208300000.0,1.299,2.564,3405700000.0,307700000.0,3098000000.0,3405700000.0,170200000.0,472700000.0,0.0,0.0,0.0,460600000.0,933300000.0,0.335,933300000.0,460600000.0,278700000.0,0.73,0.71,0.73,2044400000.0,2131750000.0,2044400000.0,12731250361.0,28.0,13.641,712400000.0,2.522,1.0,1522200000.0,0.547,5643900000.0,181900000.0,3890800000.0,3987750000.0,285100000.0,0.0,0.0,0.0,5241900000.0,841000000.0,4400900000.0,9749150361.0,-354200000.0,0.0,-84300000.0,-982800000.0,0.0,-1096600000.0,-61600000.0,38600000.0,807800000.0,-3800000.0,208300000.0,208300000.0,208300000.0,0.0,0.0,0.075,1018300000.0,503900000.0,118500000.0,0.0,4.769,46.803,47.055,454100000.0,0.0,34.35,3.5,3.484,422600000.0,-3315200000.0,2785200000.0,2785200000.0,220500000.0,0.027,0.098,0.116,0.165,70100000.0,673000000.0,1.0,283818060.0,282474000,287857000.0,9.86,1642400000.0,18200000.0,70400000.0,1071000000.0,5.814,251600000.0
22,HOLX,MRT,2015-12-31,2015-12-26,2015-12-26,2021-07-28,-25900000.0,7679500000.0,7871075000.0,1387700000.0,6291800000.0,0.349,7.655,-88000000.0,650300000.0,650300000.0,1274200000.0,187200000.0,1.516,2.545,3632400000.0,393300000.0,3239100000.0,3632400000.0,177200000.0,485300000.0,0.0,0.0,0.0,439800000.0,925100000.0,0.337,925100000.0,439800000.0,247600000.0,0.66,0.64,0.66,2166300000.0,2162800000.0,2166300000.0,14203033262.0,32.0,15.353,726700000.0,2.568,1.0,1473200000.0,0.536,5733600000.0,192200000.0,4012600000.0,4069400000.0,286400000.0,0.0,0.0,0.0,5513200000.0,915400000.0,4597800000.0,11055933262.0,106300000.0,0.0,65900000.0,-681400000.0,0.0,-648900000.0,-51800000.0,34700000.0,814700000.0,-7700000.0,187200000.0,187200000.0,187200000.0,0.0,0.0,0.068,995600000.0,477600000.0,112000000.0,0.0,5.104,59.059,59.212,454500000.0,0.0,39.08,4.024,4.025,410500000.0,-3384100000.0,2747400000.0,2747400000.0,214700000.0,0.024,0.087,0.108,0.16,66100000.0,653100000.0,1.0,282905150.0,282976000,291971000.0,9.709,1945900000.0,0.0,60400000.0,1131600000.0,6.877,472300000.0
23,HOLX,MRT,2015-09-30,2015-09-26,2015-09-26,2021-07-28,-14500000.0,7642500000.0,7970725000.0,1265800000.0,6376700000.0,0.339,7.411,-89400000.0,492700000.0,492700000.0,1272300000.0,131600000.0,1.342,2.676,3612200000.0,391200000.0,3221000000.0,3612200000.0,182700000.0,491400000.0,0.0,0.0,0.0,382700000.0,874100000.0,0.323,874100000.0,382700000.0,177200000.0,0.47,0.45,0.47,2079200000.0,2146825000.0,2079200000.0,14325603400.0,37.0,16.389,707400000.0,2.521,1.0,1432700000.0,0.53,5831400000.0,205500000.0,3987200000.0,4249750000.0,283100000.0,0.0,0.0,0.0,5563300000.0,943400000.0,4619900000.0,11272103400.0,-244800000.0,0.0,70000000.0,-991300000.0,0.0,-947400000.0,-86100000.0,10000000.0,796800000.0,-8100000.0,131600000.0,131600000.0,131600000.0,0.0,0.0,0.049,977600000.0,455100000.0,117000000.0,0.0,5.421,85.654,85.106,457100000.0,0.0,40.0,4.167,4.149,416100000.0,-3469000000.0,2705000000.0,2705000000.0,214900000.0,0.017,0.061,0.09,0.141,59300000.0,624000000.0,1.0,281802585.0,280566000,289537000.0,9.641,1811100000.0,40700000.0,45600000.0,1178400000.0,6.455,322400000.0
24,HOLX,MRT,2015-06-30,2015-06-27,2015-06-27,2021-07-28,-7900000.0,8130500000.0,8163775000.0,1628800000.0,6501700000.0,0.326,7.956,-80500000.0,888800000.0,888800000.0,1264500000.0,134500000.0,1.37,2.634,3942300000.0,671500000.0,3270800000.0,3942300000.0,169800000.0,500500000.0,0.0,0.0,0.0,397000000.0,897500000.0,0.337,897500000.0,397000000.0,190200000.0,0.47,0.47,0.47,2237100000.0,2142775000.0,2237100000.0,14011801964.0,35.0,15.612,604800000.0,2.151,1.0,1398300000.0,0.525,5934400000.0,206800000.0,4060400000.0,4522150000.0,295000000.0,0.0,0.0,0.0,5893400000.0,1189200000.0,4704200000.0,10747101964.0,252500000.0,7700000.0,56000000.0,-399400000.0,0.0,-354200000.0,-71900000.0,7700000.0,685300000.0,-6700000.0,134500000.0,134500000.0,134500000.0,0.0,0.0,0.051,977000000.0,421300000.0,89900000.0,0.0,4.804,79.904,81.383,449900000.0,0.0,38.25,4.036,4.039,382800000.0,-3494100000.0,2662800000.0,2662800000.0,213400000.0,0.016,0.063,0.088,0.149,44600000.0,609900000.0,1.0,280969986.0,281184000,292612000.0,9.47,2196100000.0,23700000.0,55700000.0,1225800000.0,7.81,439600000.0
25,HOLX,MRT,2015-03-31,2015-03-28,2015-03-28,2021-07-28,-20600000.0,8031800000.0,8234150000.0,1416300000.0,6615500000.0,0.316,7.736,-82100000.0,675100000.0,675100000.0,1269100000.0,116400000.0,1.356,2.704,3939800000.0,581700000.0,3358100000.0,3939800000.0,174100000.0,513900000.0,0.0,0.0,0.0,372900000.0,886800000.0,0.341,886800000.0,372900000.0,166100000.0,0.41,0.41,0.41,2168600000.0,2091325000.0,2168600000.0,12501293012.0,34.0,14.097,519300000.0,1.852,1.0,1332400000.0,0.512,6034900000.0,206800000.0,4217400000.0,4776150000.0,298200000.0,0.0,0.0,0.0,5863200000.0,1044200000.0,4819000000.0,9095593012.0,186000000.0,7700000.0,65100000.0,-390000000.0,0.0,-336200000.0,-71400000.0,11500000.0,601400000.0,-7800000.0,116400000.0,116400000.0,116400000.0,0.0,0.0,0.045,950900000.0,381500000.0,73700000.0,0.0,4.194,78.141,79.244,451000000.0,0.0,32.49,3.496,3.501,381000000.0,-3523500000.0,2601500000.0,2601500000.0,209900000.0,0.014,0.056,0.078,0.143,42100000.0,590200000.0,1.0,279950539.0,280338000,287580000.0,9.28,1996900000.0,21100000.0,49700000.0,1258000000.0,7.123,372100000.0
26,HOLX,MRT,2014-12-31,2014-12-27,2014-12-27,2021-07-28,-1200000.0,8078100000.0,8316798750.0,1336600000.0,6741500000.0,0.309,7.544,-84900000.0,549100000.0,549100000.0,1292500000.0,51800000.0,2.199,2.842,3954800000.0,139400000.0,3815400000.0,3954800000.0,148400000.0,517400000.0,0.0,0.0,0.0,305300000.0,822700000.0,0.32,822700000.0,305300000.0,93500000.0,0.18,0.18,0.18,2102400000.0,2044200750.0,2102400000.0,11030523109.0,36.0,13.408,427700000.0,1.535,1.0,1278500000.0,0.497,6142000000.0,211800000.0,4734000000.0,5001144250.0,310300000.0,0.0,0.0,0.0,5975700000.0,607800000.0,5367900000.0,7504423109.0,101500000.0,7700000.0,83700000.0,-404900000.0,0.0,-331800000.0,-74600000.0,12900000.0,512600000.0,-4700000.0,51800000.0,51800000.0,51800000.0,0.0,0.0,0.02,956600000.0,321900000.0,67000000.0,0.0,3.569,144.873,149.611,458200000.0,0.0,26.93,2.919,2.919,400500000.0,-3571300000.0,2571000000.0,2571000000.0,206500000.0,0.006,0.025,0.061,0.119,42700000.0,587700000.0,1.0,278664059.0,278671000,283176000.0,9.226,1936100000.0,39000000.0,41700000.0,1345700000.0,6.948,728800000.0
27,HOLX,MRT,2014-09-30,2014-09-27,2014-09-27,2021-07-28,2600000.0,8414700000.0,8418350750.0,1565800000.0,6848900000.0,0.301,7.488,-80200000.0,741600000.0,741600000.0,1285200000.0,17300000.0,2.527,3.079,4267700000.0,114500000.0,4153200000.0,4267700000.0,171000000.0,523200000.0,0.0,0.0,0.0,268700000.0,791900000.0,0.313,791900000.0,268700000.0,48100000.0,0.06,0.06,0.06,2063000000.0,2006233500.0,2063000000.0,10398325951.0,39.0,13.131,428200000.0,1.554,1.0,1245500000.0,0.492,6244400000.0,220600000.0,5076800000.0,5090857000.0,330600000.0,0.0,0.0,0.0,6351700000.0,619600000.0,5732100000.0,6766225951.0,-86400000.0,10100000.0,81400000.0,-597400000.0,0.0,-525100000.0,-67000000.0,-7300000.0,508400000.0,-2700000.0,17300000.0,17300000.0,17300000.0,0.0,0.0,0.007,965800000.0,279700000.0,92100000.0,0.0,3.28,391.111,406.0,461900000.0,0.0,24.36,2.674,2.652,396000000.0,-3600600000.0,2530700000.0,2530700000.0,203200000.0,0.002,0.009,0.053,0.106,44300000.0,591500000.0,1.0,277759686.0,275499000,278360000.0,9.186,2170300000.0,61800000.0,30800000.0,1375400000.0,7.878,946200000.0
28,HOLX,MRT,2014-06-30,2014-06-28,2014-06-28,2021-07-28,18100000.0,8412000000.0,8564875750.0,1432400000.0,6979600000.0,0.291,7.337,-74900000.0,638400000.0,638400000.0,1301100000.0,-1124700000.0,2.396,3.141,4270500000.0,102000000.0,4168500000.0,4270500000.0,147100000.0,524400000.0,0.0,0.0,0.0,-861600000.0,-337200000.0,-0.135,-337200000.0,-861600000.0,-1095500000.0,-4.18,-4.18,-4.18,2031300000.0,1975858500.0,2031300000.0,10851341677.0,-13.0,-32.181,379800000.0,1.372,1.0,1191100000.0,0.478,6369800000.0,233900000.0,5076400000.0,5113582000.0,329800000.0,0.0,0.0,0.0,6380700000.0,597900000.0,5782800000.0,7068265677.0,-325900000.0,1200000.0,99700000.0,-799800000.0,0.0,-707900000.0,-73200000.0,-7400000.0,454700000.0,500000.0,-1124700000.0,-1124700000.0,-1124700000.0,0.0,0.0,-0.451,2039500000.0,-848400000.0,82300000.0,0.0,3.48,-6.285,-6.12,467400000.0,0.0,25.58,2.836,2.842,381700000.0,-3628700000.0,2492200000.0,2492200000.0,199800000.0,-0.131,-0.569,-0.168,-0.346,42300000.0,564300000.0,1.0,276320003.0,276843000,279205000.0,9.002,2042200000.0,44700000.0,29200000.0,1410800000.0,7.377,834500000.0
29,HOLX,MRT,2014-03-31,2014-03-29,2014-03-29,2021-07-28,10606000.0,8362395000.0,9045176500.0,1264560000.0,7097835000.0,0.275,7.211,-81057000.0,490379000.0,490379000.0,1297600000.0,-1147000000.0,2.296,3.223,4273455000.0,89497000.0,4183958000.0,4273455000.0,144702000.0,519469000.0,0.0,0.0,0.0,-876400000.0,-356931000.0,-0.144,-356931000.0,-876400000.0,-1125100000.0,-4.26,-4.26,-4.26,1980103000.0,2217192000.0,1980103000.0,9618040407.0,-11.0,-26.946,461515000.0,1.681,1.0,1188100000.0,0.478,6477411000.0,248700000.0,5117377000.0,5141541000.0,310980000.0,0.0,0.0,0.0,6382292000.0,550683000.0,5831609000.0,5764912407.0,-260466000.0,-1124000.0,91177000.0,-799781000.0,0.0,-720136000.0,-81905000.0,-9075000.0,542572000.0,-997000.0,-1147000000.0,-1147000000.0,-1147000000.0,0.0,0.0,-0.461,2051100000.0,-863000000.0,68197000.0,0.0,2.911,-5.026,-4.932,472154000.0,0.0,21.01,2.319,2.321,387633000.0,-3640024000.0,2485700000.0,2485700000.0,195100000.0,-0.127,-0.517,-0.17,-0.353,40258000.0,560000000.0,1.0,274388977.0,274589000,274589000.0,9.052,1884984000.0,34398000.0,21900000.0,1450342000.0,6.865,713877000.0
30,HOLX,MRT,2013-12-31,2013-12-28,2013-12-28,2021-07-28,17418000.0,8484308000.0,9531879250.0,1226939000.0,7257369000.0,0.259,7.152,-84053000.0,448637000.0,448637000.0,1288037000.0,-1181304000.0,1.953,3.35,4301765000.0,77033000.0,4224732000.0,4301765000.0,136128000.0,515645000.0,0.0,0.0,0.0,-916699000.0,-401054000.0,-0.162,-401054000.0,-916699000.0,-1187048000.0,-4.39,-4.39,-4.39,1950531000.0,2469807250.0,1950531000.0,10083664783.0,-11.0,-25.143,404022000.0,1.482,1.0,1185326000.0,0.479,6616328000.0,270349000.0,5092851000.0,5241445750.0,301709000.0,0.0,0.0,0.0,6533777000.0,628257000.0,5905520000.0,6107158783.0,-275941000.0,79720000.0,75223000.0,-779450000.0,0.0,-750719000.0,-11352000.0,-11775000.0,488075000.0,-1945000.0,-1181304000.0,-1181304000.0,-1181304000.0,0.0,0.0,-0.478,2092185000.0,-906859000.0,90966000.0,0.0,3.131,-5.17,-5.093,479735000.0,0.0,22.36,2.469,2.465,394471000.0,-3623259000.0,2473363000.0,2473363000.0,194821000.0,-0.124,-0.478,-0.175,-0.371,45719000.0,572047000.0,1.0,273128747.0,272708000,272708000.0,9.07,1867980000.0,35353000.0,-5744000.0,1485465000.0,6.85,598682000.0
31,HOLX,MRT,2013-09-30,2013-09-28,2013-09-28,2021-07-28,20400000.0,9000800000.0,10027941000.0,1624200000.0,7376600000.0,0.249,7.225,-90100000.0,829400000.0,829400000.0,1330900000.0,-1172800000.0,1.492,3.636,4805900000.0,563800000.0,4242100000.0,4805900000.0,132300000.0,516000000.0,0.0,0.0,0.0,-911800000.0,-395800000.0,-0.159,-395800000.0,-911800000.0,-1192900000.0,-4.36,-4.36,-4.36,1941500000.0,2728268500.0,1941500000.0,9695216890.0,-11.0,-24.495,403700000.0,1.502,1.0,1161400000.0,0.466,6721200000.0,281100000.0,5167700000.0,5242055750.0,289400000.0,0.0,0.0,0.0,7059300000.0,1088400000.0,5970900000.0,5654931890.0,262100000.0,62000000.0,75100000.0,-274400000.0,0.0,-248800000.0,18800000.0,-1600000.0,493800000.0,-1700000.0,-1172800000.0,-1172800000.0,-1172800000.0,0.0,0.0,-0.471,2056300000.0,-894900000.0,80500000.0,0.0,2.913,-4.822,-4.796,491500000.0,0.0,20.91,2.269,2.254,409300000.0,-3616400000.0,2492300000.0,2492300000.0,197600000.0,-0.117,-0.43,-0.174,-0.366,44900000.0,569800000.0,1.0,270441506.0,268704000,268704000.0,9.275,2279600000.0,44700000.0,-20100000.0,1575100000.0,8.484,535800000.0
32,HOLX,MRT,2013-06-30,2013-06-29,2013-06-29,2021-07-28,-252000.0,10333203000.0,10397018000.0,1751345000.0,8581858000.0,0.236,11.122,-98258000.0,964385000.0,964385000.0,1313542000.0,-136719000.0,1.391,2.448,5004670000.0,657370000.0,4347300000.0,5004670000.0,126609000.0,498097000.0,0.0,0.0,0.0,85912000.0,584009000.0,0.238,584009000.0,85912000.0,-186104000.0,-0.52,-0.52,-0.52,2996634000.0,2983151250.0,2996634000.0,9450125256.0,110.0,16.181,403111000.0,1.496,1.0,1145079000.0,0.466,7926329000.0,272016000.0,5188236000.0,5460435250.0,306019000.0,0.0,0.0,0.0,7336569000.0,1258923000.0,6077646000.0,5197604256.0,53350000.0,-3699216000.0,58059000.0,3347008000.0,0.0,3312563000.0,-3758776000.0,-1550000.0,501369000.0,-1806000.0,-136719000.0,-136719000.0,-136719000.0,0.0,0.0,-0.056,1044123000.0,100956000.0,74115000.0,0.0,1.734,-38.017,-37.115,501861000.0,0.0,19.3,2.114,2.115,400428000.0,-2502490000.0,2458621000.0,2458621000.0,196062000.0,-0.013,-0.046,0.016,0.035,48331000.0,623755000.0,1.0,269305920.0,269430000,269430000.0,9.125,2406874000.0,32868000.0,-49385000.0,1595216000.0,8.933,492422000.0
33,HOLX,MRT,2013-03-31,2013-03-30,2013-03-30,2021-07-28,2601000.0,10309206000.0,9320415750.0,1607248000.0,8701958000.0,0.247,11.152,-91986000.0,752175000.0,752175000.0,1222830000.0,-102125000.0,1.591,2.447,5004696000.0,453677000.0,4551019000.0,5004696000.0,125666000.0,446067000.0,0.0,0.0,0.0,106312000.0,552379000.0,0.24,552379000.0,106312000.0,-124097000.0,-0.39,-0.39,-0.39,2990564000.0,2985055500.0,2990564000.0,10365406104.0,97.0,18.765,234907000.0,0.876,1.0,1079919000.0,0.469,8034425000.0,230409000.0,5516996000.0,4637671000.0,319998000.0,0.0,0.0,0.0,7318642000.0,1010306000.0,6308336000.0,6049949104.0,-109563000.0,-3696892000.0,45834000.0,3361203000.0,0.0,3318362000.0,-3753605000.0,-3675000.0,326893000.0,-1213000.0,-102125000.0,-102125000.0,-102125000.0,0.0,0.0,-0.044,973312000.0,106607000.0,75609000.0,0.0,2.023,-59.241,-57.949,502639000.0,0.0,22.6,2.627,2.632,401301000.0,-2491540000.0,2302749000.0,2302749000.0,174491000.0,-0.011,-0.034,0.023,0.046,46119000.0,600144000.0,1.0,267696863.0,268175000,268175000.0,8.587,2274781000.0,86545000.0,-21972000.0,1624073000.0,8.482,596942000.0
34,HOLX,MRT,2012-12-31,2012-12-29,2012-12-29,2021-07-28,8202000.0,10468555000.0,8255178250.0,1660236000.0,8808319000.0,0.262,11.205,-86471000.0,720565000.0,720565000.0,1134548000.0,-91294000.0,1.07,2.508,5036022000.0,798937000.0,4237085000.0,5036022000.0,121152000.0,396832000.0,0.0,0.0,0.0,73915000.0,470747000.0,0.218,470747000.0,73915000.0,-108957000.0,-0.35,-0.35,-0.35,2984376000.0,2982285250.0,2984376000.0,9780882602.0,132.0,20.777,327023000.0,1.228,1.0,1026703000.0,0.475,8136968000.0,182872000.0,5095291000.0,3721313750.0,345309000.0,0.0,0.0,0.0,7484179000.0,1551753000.0,5932426000.0,5311394602.0,-74609000.0,-3777736000.0,39750000.0,3378650000.0,0.0,3321833000.0,-3810447000.0,-3775000.0,413494000.0,511000.0,-91294000.0,-91294000.0,-91294000.0,0.0,0.0,-0.042,873115000.0,153588000.0,76367000.0,0.0,1.78,-58.179,-56.886,504071000.0,0.0,19.91,2.458,2.454,405653000.0,-2440436000.0,2161251000.0,2161251000.0,154167000.0,-0.011,-0.031,0.02,0.034,37349000.0,567679000.0,1.0,266770196.0,266344000,269379000.0,8.115,2331587000.0,51307000.0,-17663000.0,1688083000.0,8.754,108483000.0
35,HOLX,MRT,2012-09-30,2012-09-29,2012-09-29,2021-07-28,6790000.0,10477108000.0,7149560500.0,1563014000.0,8914094000.0,0.28,11.214,-78700000.0,566126000.0,566126000.0,1008200000.0,-73600000.0,2.363,2.538,5035614000.0,64435000.0,4971179000.0,5035614000.0,129688000.0,345800000.0,0.0,0.0,0.0,78600000.0,424400000.0,0.212,424400000.0,78600000.0,-61700000.0,-0.28,-0.28,-0.28,2961031000.0,2977138250.0,2961031000.0,5988669564.0,76.0,14.111,291500000.0,1.104,1.0,994400000.0,0.497,8244029000.0,140300000.0,6041218000.0,2928538250.0,367191000.0,0.0,0.0,0.0,7516077000.0,661349000.0,6854728000.0,5352129564.0,-151900000.0,-3772200000.0,28600000.0,3394900000.0,0.0,3328100000.0,-3850800000.0,-300000.0,370200000.0,600000.0,-73600000.0,-73600000.0,-73600000.0,0.0,0.0,-0.037,842200000.0,152200000.0,87223000.0,0.0,1.808,-72.719,-72.214,507998000.0,0.0,20.22,2.673,2.666,409333000.0,-2443554000.0,2002600000.0,2002600000.0,131000000.0,-0.01,-0.025,0.027,0.039,34400000.0,542800000.0,1.0,264694835.0,264041000,264041000.0,7.584,2233079000.0,81560000.0,11900000.0,1771585000.0,8.457,901665000.0
36,HOLX,MRT,2012-06-30,2012-06-23,2012-06-23,2021-07-28,-2857000.0,6026794000.0,6032478500.0,1534984000.0,4491810000.0,0.312,11.354,-66570000.0,905606000.0,905606000.0,917830000.0,31702000.0,2.755,1.006,1542146000.0,0.0,1542146000.0,1542146000.0,127193000.0,309481000.0,0.0,0.0,0.0,190602000.0,500083000.0,0.266,500083000.0,190602000.0,77909000.0,0.12,0.12,0.12,3004251000.0,2971104250.0,3004251000.0,5357585819.0,28.0,10.713,336970000.0,1.273,1.0,963319000.0,0.512,4209048000.0,112693000.0,1897179000.0,1891709750.0,228496000.0,0.0,0.0,0.0,3022543000.0,557107000.0,2465436000.0,4685655819.0,291281000.0,-17590000.0,23067000.0,-8255000.0,0.0,-38404000.0,-72838000.0,-250000.0,403540000.0,-1017000.0,31702000.0,31702000.0,31702000.0,0.0,0.0,0.017,617412000.0,345907000.0,55064000.0,0.0,1.56,147.803,147.583,232746000.0,0.0,17.71,2.491,2.491,336437000.0,-2365787000.0,1881149000.0,1881149000.0,112747000.0,0.005,0.011,0.101,0.101,30412000.0,479738000.0,1.0,264576839.0,264609000,267294000.0,7.109,1817746000.0,37308000.0,46207000.0,844154000.0,6.87,977877000.0
37,HOLX,MRT,2012-03-31,2012-03-24,2012-03-24,2021-07-28,6671000.0,6048256000.0,6010085750.0,1491031000.0,4557225000.0,0.31,11.29,-61533000.0,855097000.0,855097000.0,908763000.0,44304000.0,2.511,1.03,1527027000.0,0.0,1527027000.0,1527027000.0,123611000.0,309695000.0,0.0,0.0,0.0,183099000.0,492794000.0,0.265,492794000.0,183099000.0,67326000.0,0.17,0.17,0.17,2979483000.0,2947614750.0,2979483000.0,6276986362.0,34.0,12.738,390135000.0,1.478,1.0,953240000.0,0.512,4274797000.0,115773000.0,1851567000.0,1891007250.0,234372000.0,0.0,0.0,0.0,3068773000.0,593822000.0,2474951000.0,5563063362.0,281643000.0,-89662000.0,32385000.0,-6511000.0,0.0,-31380000.0,-138931000.0,-250000.0,451668000.0,286000.0,44304000.0,44304000.0,44304000.0,0.0,0.0,0.024,600039000.0,353201000.0,65843000.0,0.0,1.867,125.566,124.059,232023000.0,0.0,21.09,2.988,2.989,326290000.0,-2389381000.0,1862003000.0,1862003000.0,115843000.0,0.007,0.015,0.097,0.098,29044000.0,472685000.0,1.0,263777305.0,263900000,263900000.0,7.056,1773459000.0,44107000.0,23022000.0,871606000.0,6.72,897209000.0
38,HOLX,MRT,2011-12-31,2011-12-24,2011-12-24,2021-07-28,1637000.0,6046084000.0,5957082500.0,1437297000.0,4608787000.0,0.307,11.281,-57254000.0,793610000.0,793610000.0,881672000.0,167022000.0,2.809,1.04,1507533000.0,0.0,1507533000.0,1507533000.0,122478000.0,308389000.0,0.0,0.0,0.0,370207000.0,678596000.0,0.371,678596000.0,370207000.0,254761000.0,0.64,0.63,0.64,2963788000.0,2916603000.0,2963788000.0,5327624703.0,14.0,7.851,375180000.0,1.428,1.0,947817000.0,0.518,4324073000.0,115446000.0,1924189000.0,1910706000.0,241333000.0,0.0,0.0,0.0,3082296000.0,511745000.0,2570551000.0,4551913703.0,185046000.0,-207390000.0,24087000.0,-1027000.0,0.0,7439000.0,-254856000.0,-99000.0,432434000.0,29000.0,167022000.0,167022000.0,167022000.0,0.0,0.0,0.091,582323000.0,365494000.0,62850000.0,0.0,1.536,27.253,27.031,236692000.0,0.0,17.3,2.488,2.484,324222000.0,-2349108000.0,1829489000.0,1829489000.0,116481000.0,0.028,0.057,0.194,0.202,28706000.0,461833000.0,1.0,263116399.0,262717000,264958000.0,6.964,1722011000.0,48223000.0,87739000.0,944561000.0,6.555,925552000.0
39,HOLX,MRT,2011-09-30,2011-09-24,2011-09-24,2021-07-28,1995000.0,6008780000.0,5861956250.0,1342900000.0,4665880000.0,0.305,11.248,-55663000.0,712869000.0,712869000.0,866168000.0,157150000.0,2.636,1.046,1488580000.0,0.0,1488580000.0,1488580000.0,120656000.0,304736000.0,0.0,0.0,0.0,342232000.0,646968000.0,0.362,646968000.0,342232000.0,227386000.0,0.6,0.59,0.6,2936895000.0,2864160000.0,2936895000.0,4945437822.0,14.0,7.644,400361000.0,1.533,1.0,923181000.0,0.516,4381137000.0,114846000.0,1893904000.0,1898284500.0,230544000.0,0.0,0.0,0.0,3071885000.0,509450000.0,2562435000.0,4089338822.0,196707000.0,-216137000.0,25404000.0,-6689000.0,0.0,7674000.0,-266587000.0,-99000.0,456024000.0,-404000.0,157150000.0,157150000.0,157150000.0,0.0,0.0,0.088,556752000.0,366429000.0,63467000.0,0.0,1.392,26.022,26.0,238666000.0,0.0,15.6,2.285,2.276,318712000.0,-2369920000.0,1789349000.0,1789349000.0,116696000.0,0.027,0.055,0.18,0.191,31820000.0,446293000.0,1.0,262137104.0,261099000,264305000.0,6.853,1627643000.0,49705000.0,70236000.0,957426000.0,6.234,833450000.0
40,HOLX,MRT,2011-06-30,2011-06-25,2011-06-25,2021-07-28,9254000.0,5937223000.0,5766219750.0,1207796000.0,4729427000.0,0.304,11.117,-54846000.0,614358000.0,614358000.0,973956000.0,-7393000.0,2.586,1.04,1470457000.0,347000.0,1470110000.0,1470457000.0,124814000.0,298801000.0,0.0,0.0,0.0,128287000.0,427088000.0,0.244,427088000.0,128287000.0,13191000.0,-0.03,-0.03,-0.03,2910293000.0,2804573500.0,2910293000.0,6093982068.0,48.0,14.269,401040000.0,1.532,1.0,776647000.0,0.444,4431815000.0,115096000.0,1894369000.0,1896802250.0,232835000.0,0.0,0.0,0.0,3026930000.0,467138000.0,2559792000.0,5214879068.0,122433000.0,-291524000.0,25378000.0,-6675000.0,0.0,7494000.0,-342596000.0,-173000.0,455886000.0,1649000.0,-7393000.0,-7393000.0,-7393000.0,0.0,0.0,-0.004,706378000.0,70269000.0,51794000.0,0.0,1.792,-705.381,-664.667,247592000.0,0.0,19.94,2.979,2.982,292324000.0,-2397489000.0,1750603000.0,1750603000.0,115071000.0,-0.001,-0.003,0.068,0.073,33398000.0,429991000.0,1.0,261528539.0,261784000,265167000.0,6.687,1505408000.0,40576000.0,20584000.0,971067000.0,5.751,740658000.0
41,HOLX,MRT,2011-03-31,2011-03-26,2011-03-26,2021-07-28,8801000.0,5836243000.0,5714631500.0,1158921000.0,4677322000.0,0.301,10.948,-51716000.0,573468000.0,573468000.0,968239000.0,-16141000.0,2.849,1.044,1452571000.0,689000.0,1451882000.0,1452571000.0,129296000.0,296184000.0,0.0,0.0,0.0,134590000.0,430774000.0,0.25,430774000.0,134590000.0,14514000.0,-0.06,-0.07,-0.06,2855436000.0,2782089000.0,2855436000.0,6519719705.0,48.0,15.135,401528000.0,1.539,1.0,751975000.0,0.437,4378204000.0,120076000.0,1930362000.0,1897303750.0,217227000.0,0.0,0.0,0.0,2980807000.0,406780000.0,2574027000.0,5693532705.0,141603000.0,-219452000.0,15779000.0,-53629000.0,0.0,-45896000.0,-266180000.0,259000.0,453244000.0,435000.0,-16141000.0,-16141000.0,-16141000.0,0.0,0.0,-0.009,677477000.0,74498000.0,60720000.0,0.0,1.994,-352.737,-363.833,246681000.0,0.0,21.83,3.31,3.31,285917000.0,-2433685000.0,1720214000.0,1720214000.0,111437000.0,-0.003,-0.006,0.071,0.078,34731000.0,409106000.0,1.0,260812309.0,260825000,264030000.0,6.595,1458039000.0,54432000.0,30655000.0,998647000.0,5.59,752141000.0
42,HOLX,MRT,2010-12-31,2010-12-25,2010-12-25,2021-07-28,-111000.0,5665579000.0,5690539250.0,1185200000.0,4480379000.0,0.299,10.608,-49608000.0,608972000.0,608972000.0,954748000.0,-77968000.0,2.717,1.057,1435159000.0,1027000.0,1434132000.0,1435159000.0,120759000.0,294247000.0,0.0,0.0,0.0,40657000.0,334904000.0,0.197,334904000.0,40657000.0,-83555000.0,-0.3,-0.3,-0.3,2754016000.0,2765723500.0,2754016000.0,5832075251.0,143.0,17.414,416398000.0,1.604,1.0,744927000.0,0.438,4181048000.0,124212000.0,1874503000.0,1888985500.0,203513000.0,0.0,0.0,0.0,2911563000.0,436215000.0,2475348000.0,4900227251.0,262994000.0,-103888000.0,13632000.0,-126180000.0,0.0,-114840000.0,-87986000.0,-142000.0,466006000.0,-186000.0,-77968000.0,-77968000.0,-77968000.0,0.0,0.0,-0.046,674143000.0,70784000.0,63976000.0,0.0,1.779,-62.849,-62.85,246443000.0,0.0,18.855,2.883,2.88,274437000.0,-2516130000.0,1699675000.0,1699675000.0,108242000.0,-0.014,-0.028,0.022,0.024,34823000.0,398288000.0,1.0,259890069.0,259624000,263146000.0,6.547,1484531000.0,71444000.0,-5587000.0,956627000.0,5.718,748985000.0
43,HOLX,MRT,2010-09-30,2010-09-25,2010-09-25,2021-07-28,143000.0,5625834000.0,5694700500.0,1098881000.0,4526953000.0,0.295,10.429,-46658000.0,516567000.0,516567000.0,942914000.0,-62813000.0,2.487,1.085,1448415000.0,1362000.0,1447053000.0,1448415000.0,120516000.0,294768000.0,0.0,0.0,0.0,72116000.0,366884000.0,0.218,366884000.0,72116000.0,-54991000.0,-0.24,-0.24,-0.24,2698549000.0,2766611250.0,2698549000.0,5255276393.0,73.0,14.324,410054000.0,1.585,1.0,736638000.0,0.439,4227795000.0,127107000.0,1887975000.0,1929064750.0,192482000.0,0.0,0.0,0.0,2927285000.0,441912000.0,2485373000.0,4317457393.0,222439000.0,-85357000.0,12594000.0,-177004000.0,0.0,-167575000.0,-66980000.0,-117000.0,456712000.0,282000.0,-62813000.0,-62813000.0,-62813000.0,0.0,0.0,-0.037,666701000.0,69937000.0,57480000.0,0.0,1.6,-68.735,-69.417,251698000.0,0.0,16.66,2.571,2.567,283103000.0,-2527070000.0,1679552000.0,1679552000.0,104305000.0,-0.011,-0.023,0.037,0.043,32117000.0,395714000.0,1.0,259151104.0,258743000,258743000.0,6.491,1398039000.0,76752000.0,7822000.0,955611000.0,5.403,656969000.0
44,HOLX,MRT,2010-06-30,2010-06-26,2010-06-26,2021-07-28,-4071000.0,5730870000.0,5709298500.0,1048571000.0,4682299000.0,0.29,10.885,-47432000.0,492215000.0,492215000.0,807239000.0,98729000.0,2.662,1.032,1430034000.0,1346000.0,1428688000.0,1430034000.0,116168000.0,292963000.0,0.0,0.0,0.0,292074000.0,585037000.0,0.354,585037000.0,292074000.0,161048000.0,0.39,0.38,0.39,2820355000.0,2773468250.0,2820355000.0,4716047984.0,16.0,8.061,443531000.0,1.712,1.0,846781000.0,0.512,4378375000.0,131026000.0,1896375000.0,1977460500.0,188202000.0,0.0,0.0,0.0,2910515000.0,393939000.0,2516576000.0,3689410984.0,247647000.0,-2164000.0,20070000.0,-280506000.0,0.0,-261016000.0,17453000.0,-193000.0,490963000.0,247000.0,98729000.0,98729000.0,98729000.0,0.0,0.0,0.06,558426000.0,288355000.0,52249000.0,0.0,1.308,37.369,36.513,254883000.0,0.0,14.24,2.231,2.231,261518000.0,-2390096000.0,1654020000.0,1654020000.0,107877000.0,0.017,0.036,0.148,0.177,28832000.0,382973000.0,1.0,259087850.0,259107000,262106000.0,6.384,1352495000.0,73682000.0,62319000.0,1018196000.0,5.22,654632000.0
45,HOLX,MRT,2010-03-31,2010-03-27,2010-03-27,2021-07-28,1709000.0,5739874000.0,5706142250.0,1000948000.0,4738926000.0,0.287,10.787,-53638000.0,432187000.0,432187000.0,788410000.0,102032000.0,2.245,1.057,1458824000.0,48293000.0,1410531000.0,1458824000.0,116370000.0,289483000.0,0.0,0.0,0.0,290896000.0,580379000.0,0.355,580379000.0,290896000.0,159368000.0,0.4,0.4,0.4,2789974000.0,2682172750.0,2789974000.0,5887102560.0,20.0,10.144,476354000.0,1.842,1.0,848037000.0,0.518,4423532000.0,131528000.0,1897089000.0,2154933250.0,195676000.0,0.0,0.0,0.0,2949900000.0,445890000.0,2504010000.0,4719457560.0,214087000.0,-2164000.0,19346000.0,-341427000.0,0.0,-323106000.0,7098000.0,-800000.0,529992000.0,103000.0,102032000.0,102032000.0,102032000.0,0.0,0.0,0.062,559710000.0,288327000.0,49690000.0,0.0,1.692,46.255,45.65,256918000.0,0.0,18.26,2.884,2.886,266806000.0,-2417544000.0,1636447000.0,1636447000.0,105593000.0,0.018,0.038,0.135,0.178,29002000.0,387089000.0,1.0,258458793.0,258653000,261478000.0,6.327,1316342000.0,74423000.0,57336000.0,1023163000.0,5.089,555058000.0
46,HOLX,MRT,2009-12-31,2009-12-26,2009-12-26,2021-07-28,6811000.0,5682224000.0,5717013750.0,878842000.0,4803382000.0,0.283,10.687,-54906000.0,345952000.0,345952000.0,776377000.0,-2228705000.0,2.598,1.061,1513597000.0,31226000.0,1482371000.0,1513597000.0,106754000.0,281734000.0,0.0,0.0,0.0,-2037362000.0,-1755628000.0,-1.083,-1755628000.0,-2037362000.0,-2169781000.0,-8.69,-8.69,-8.69,2757567000.0,2585096250.0,2757567000.0,5447727790.0,-3.0,-3.103,501326000.0,1.943,1.0,843972000.0,0.521,4476817000.0,132419000.0,2034820000.0,2363959750.0,194337000.0,0.0,0.0,0.0,2924657000.0,338232000.0,2586425000.0,3838501790.0,173563000.0,97000.0,12125000.0,-328464000.0,0.0,-318562000.0,-64070000.0,-675000.0,556232000.0,-37000.0,-2228705000.0,-2228705000.0,-2228705000.0,0.0,0.0,-1.375,2882398000.0,-2038426000.0,48818000.0,0.0,1.392,-1.722,-1.712,263679000.0,0.0,14.88,2.369,2.369,263226000.0,-2438162000.0,1620349000.0,1620349000.0,103281000.0,-0.39,-0.862,-0.862,-1.257,29909000.0,385659000.0,1.0,257963830.0,258024000,260804000.0,6.28,1205407000.0,48970000.0,58924000.0,1033718000.0,4.672,540610000.0
47,HOLX,MRT,2009-09-30,2009-09-26,2009-09-26,2021-07-28,7028000.0,5684226000.0,6331299000.0,818625000.0,4865601000.0,0.259,10.626,-58234000.0,294102000.0,294102000.0,779648000.0,-2216642000.0,2.486,1.085,1552251000.0,38373000.0,1513878000.0,1552251000.0,97544000.0,273924000.0,0.0,0.0,0.0,-2019173000.0,-1745249000.0,-1.066,-1745249000.0,-2019173000.0,-2154130000.0,-8.64,-8.64,-8.64,2725977000.0,3069853750.0,2725977000.0,5940042249.0,-3.0,-3.404,492222000.0,1.919,1.0,857486000.0,0.524,4531527000.0,134957000.0,2081558000.0,2551815250.0,179889000.0,0.0,0.0,0.0,2958249000.0,329290000.0,2628959000.0,4177979249.0,197525000.0,-229000.0,10887000.0,-301310000.0,0.0,-288624000.0,-65610000.0,-550000.0,550456000.0,1303000.0,-2216642000.0,-2216642000.0,-2216642000.0,0.0,0.0,-1.354,2874160000.0,-2016674000.0,46589000.0,0.0,1.533,-1.885,-1.884,278377000.0,0.0,16.28,2.552,2.551,263231000.0,-2464257000.0,1637134000.0,1637134000.0,102453000.0,-0.35,-0.722,-0.791,-1.233,29961000.0,379677000.0,1.0,256632632.0,256545000,256545000.0,6.381,1152699000.0,52337000.0,62512000.0,1045183000.0,4.493,489335000.0
48,HOLX,MRT,2009-06-30,2009-06-27,2009-06-27,2021-07-28,3431000.0,5718245000.0,6943900500.0,794098000.0,4924147000.0,0.241,9.57,-63814000.0,244632000.0,244632000.0,785920000.0,-2415554000.0,2.679,1.329,2006695000.0,25355000.0,1981340000.0,2006695000.0,92048000.0,249258000.0,0.0,0.0,0.0,-2185393000.0,-1936135000.0,-1.155,-1936135000.0,-2185393000.0,-2355043000.0,-9.44,-9.44,-9.44,2455173000.0,3548926750.0,2455173000.0,5593544162.0,-3.0,-2.889,456775000.0,1.78,1.0,890960000.0,0.531,4577597000.0,169650000.0,2606266000.0,2735230750.0,183401000.0,0.0,0.0,0.0,3263072000.0,296445000.0,2966627000.0,3699367162.0,123858000.0,-581597000.0,4402000.0,246749000.0,0.0,259205000.0,-656781000.0,-400000.0,520589000.0,845000.0,-2415554000.0,-2415554000.0,-2415554000.0,0.0,0.0,-1.441,3071836000.0,-2180876000.0,49785000.0,0.0,1.507,-1.531,-1.528,277640000.0,0.0,14.42,2.206,2.206,279811000.0,-2428821000.0,1676880000.0,1676880000.0,99335000.0,-0.348,-0.681,-0.799,-1.303,-32739000.0,392380000.0,1.0,256544186.0,256556000,258908000.0,6.536,1140648000.0,60669000.0,60511000.0,918603000.0,4.446,497653000.0
49,HOLX,MRT,2009-03-31,2009-03-28,2009-03-28,2021-07-28,-434000.0,5783360000.0,7467734250.0,795088000.0,4988272000.0,0.228,9.368,-66865000.0,220622000.0,220622000.0,778674000.0,-2384926000.0,2.589,1.408,2114799000.0,33951000.0,2080848000.0,2114799000.0,89427000.0,223313000.0,0.0,0.0,0.0,-2154602000.0,-1931289000.0,-1.134,-1931289000.0,-2154602000.0,-2304200000.0,-9.32,-9.32,-9.32,2401668000.0,4128967500.0,2401668000.0,5454595890.0,-3.0,-2.824,387458000.0,1.511,1.0,924578000.0,0.543,4637190000.0,149598000.0,2733195000.0,2671703000.0,178947000.0,0.0,0.0,0.0,3381692000.0,307152000.0,3074540000.0,3457960890.0,119425000.0,-582555000.0,10441000.0,265008000.0,0.0,315563000.0,-651912000.0,711000.0,454323000.0,1451000.0,-2384926000.0,-2384926000.0,-2384926000.0,0.0,0.0,-1.4,3076579000.0,-2152001000.0,51712000.0,0.0,1.44,-1.45,-1.447,276634000.0,0.0,13.49,2.03,2.031,299614000.0,-2469821000.0,1703252000.0,1703252000.0,96894000.0,-0.319,-0.578,-0.806,-1.265,-33127000.0,399939000.0,1.0,256335129.0,256374000,256374000.0,6.644,1146170000.0,69648000.0,80726000.0,928631000.0,4.471,487936000.0
50,HOLX,MRT,2008-12-31,2008-12-27,2008-12-27,2021-07-28,3312000.0,8139365000.0,7969514750.0,746819000.0,7392546000.0,0.217,18.331,-75050000.0,174625000.0,174625000.0,777644000.0,-18821000.0,2.367,0.733,2171260000.0,36836000.0,2134424000.0,2171260000.0,87875000.0,202568000.0,0.0,0.0,0.0,217400000.0,419968000.0,0.242,419968000.0,217400000.0,81675000.0,-0.09,-0.09,-0.09,4696597000.0,4700347250.0,4696597000.0,5276245989.0,24.0,12.563,357115000.0,1.394,1.0,954642000.0,0.551,7034306000.0,135725000.0,2786242000.0,2600491250.0,181396000.0,0.0,0.0,0.0,3442768000.0,315452000.0,3127316000.0,3174635989.0,16816000.0,-582659000.0,22853000.0,118066000.0,0.0,200356000.0,-616508000.0,936000.0,432165000.0,803000.0,-18821000.0,-18821000.0,-18821000.0,0.0,0.0,-0.011,735680000.0,218962000.0,54013000.0,0.0,0.676,-168.675,-137.667,280982000.0,0.0,12.39,1.833,1.833,318536000.0,-169651000.0,1732286000.0,1732286000.0,91830000.0,-0.002,-0.004,0.084,0.125,-36876000.0,410651000.0,1.0,256225665.0,256212000,258433000.0,6.761,1105059000.0,51863000.0,100496000.0,924950000.0,4.313,431367000.0
51,HOLX,MRT,2008-09-30,2008-09-27,2008-09-27,2021-07-28,4945000.0,8134632000.0,7909330500.0,693578000.0,7441054000.0,0.212,18.873,-78885000.0,99290000.0,99290000.0,781981000.0,-415588000.0,2.035,0.752,2200900000.0,38480000.0,2162420000.0,2200900000.0,78559000.0,172950000.0,0.0,0.0,0.0,-194229000.0,-21279000.0,-0.013,-21279000.0,-194229000.0,-327272000.0,-1.69,-1.69,-1.69,4642269000.0,4678633500.0,4642269000.0,6742632520.0,-35.0,-316.868,283331000.0,1.152,1.0,892518000.0,0.533,7080147000.0,133043000.0,2815220000.0,2572445750.0,174667000.0,0.0,0.0,0.0,3492363000.0,340875000.0,3151488000.0,5125196520.0,-4742000.0,-2609341000.0,171014000.0,2118750000.0,0.0,2311079000.0,-2677069000.0,3311000.0,362216000.0,-968000.0,-415588000.0,-415588000.0,-415588000.0,0.0,0.0,-0.248,1090060000.0,-197542000.0,59590000.0,0.0,1.104,-12.332,-11.834,283975000.0,0.0,20.0,3.061,2.938,321299000.0,-217644000.0,1674499000.0,1674499000.0,88184000.0,-0.053,-0.089,-0.076,-0.116,-37076000.0,402166000.0,1.0,256259826.0,245968000,245968000.0,6.808,1054485000.0,71457000.0,88316000.0,920838000.0,4.287,352703000.0
52,HOLX,MRT,2008-06-30,2008-06-28,2008-06-28,2021-07-28,8652000.0,7813580000.0,6142259750.0,695440000.0,7118140000.0,0.234,18.677,-64875000.0,119863000.0,119863000.0,684799000.0,-209133000.0,2.288,0.636,1737299000.0,2416000.0,1734883000.0,1737299000.0,75426000.0,134869000.0,0.0,0.0,0.0,-56526000.0,78343000.0,0.055,78343000.0,-56526000.0,-122078000.0,-0.9,-0.9,-0.9,4775336000.0,3719497000.0,4775336000.0,7363348619.0,-130.0,93.989,210573000.0,0.824,1.0,749750000.0,0.523,6774952000.0,65552000.0,2352155000.0,1922801750.0,178500000.0,0.0,0.0,0.0,3038244000.0,303909000.0,2734335000.0,5633870619.0,26063000.0,-2056799000.0,168941000.0,1675613000.0,0.0,1862512000.0,-2109239000.0,1211000.0,275448000.0,-2658000.0,-209133000.0,-209133000.0,-209133000.0,0.0,0.0,-0.146,812301000.0,-62551000.0,56225000.0,0.0,1.18,-26.939,-24.467,281544000.0,0.0,22.02,3.927,3.925,313384000.0,-73268000.0,1434549000.0,1434549000.0,71738000.0,-0.034,-0.056,-0.029,-0.039,15206000.0,341156000.0,1.0,255852435.0,255676000,259390000.0,5.611,1038628000.0,67708000.0,87055000.0,936109000.0,4.062,391531000.0
53,HOLX,MRT,2008-03-31,2008-03-29,2008-03-29,2021-07-28,8528000.0,7790482000.0,4422342000.0,658435000.0,7132047000.0,0.271,18.363,-51432000.0,97803000.0,97803000.0,601497000.0,-245764000.0,2.397,0.662,1827281000.0,2419000.0,1824862000.0,1827281000.0,67691000.0,97379000.0,0.0,0.0,0.0,-124636000.0,-27257000.0,-0.023,-27257000.0,-124636000.0,-176450000.0,-0.91,-0.92,-0.91,4687187000.0,2700678000.0,4687187000.0,8951140284.0,-72.0,-328.398,171293000.0,0.671,1.0,595065000.0,0.497,6796877000.0,51814000.0,2448348000.0,1380588500.0,158393000.0,0.0,0.0,0.0,3103295000.0,274735000.0,2828560000.0,7103881284.0,43302000.0,-2055841000.0,163478000.0,1765204000.0,0.0,1928790000.0,-2105872000.0,275000.0,222725000.0,-2341000.0,-245764000.0,-245764000.0,-245764000.0,0.0,0.0,-0.205,725305000.0,-130240000.0,59409000.0,0.0,1.516,-28.905,-30.549,276227000.0,0.0,27.8,5.937,5.93,313451000.0,-134649000.0,1196562000.0,1196562000.0,62185000.0,-0.056,-0.091,-0.09,-0.104,-4587000.0,274980000.0,1.0,255535298.0,255253000,259798000.0,4.688,993605000.0,69699000.0,69314000.0,941272000.0,3.893,383700000.0
54,HOLX,MRT,2007-12-31,2007-12-29,2007-12-29,2021-07-28,5723000.0,7898628000.0,2692598250.0,752879000.0,7145749000.0,0.352,21.255,-32781000.0,189329000.0,189329000.0,507664000.0,-280116000.0,3.007,0.713,2036588000.0,2914000.0,2033674000.0,2036588000.0,60333000.0,59494000.0,0.0,0.0,0.0,-196474000.0,-136980000.0,-0.145,-136980000.0,-196474000.0,-229650000.0,-0.93,-0.94,-0.93,4609742000.0,1693445500.0,4609742000.0,8640840599.0,-44.0,-63.081,140305000.0,0.647,1.0,438936000.0,0.464,6821427000.0,33176000.0,2674060000.0,818101250.0,150070000.0,0.0,0.0,0.0,3288886000.0,250400000.0,3038486000.0,8730044599.0,117354000.0,-2055834000.0,157534000.0,1933763000.0,0.0,2072645000.0,-2127191000.0,2425000.0,173086000.0,-1186000.0,-280116000.0,-280116000.0,-280116000.0,0.0,0.0,-0.296,640483000.0,-201547000.0,60104000.0,0.0,1.894,-31.166,-37.446,258741000.0,0.0,34.825,9.223,7.979,288404000.0,-190635000.0,946600000.0,946600000.0,53807000.0,-0.104,-0.165,-0.24,-0.208,-7902000.0,203351000.0,1.0,250683262.0,216882000,216882000.0,4.365,1077201000.0,107837000.0,50466000.0,945470000.0,4.967,502479000.0
55,HOLX,MRT,2007-09-30,2007-09-29,2007-09-29,2021-07-28,4123000.0,1066349000.0,934940000.0,399180000.0,667169000.0,0.79,7.539,-21413000.0,100403000.0,100403000.0,393039000.0,94578000.0,2.235,0.323,11199000.0,1977000.0,9222000.0,11199000.0,45769000.0,31162000.0,0.0,0.0,0.0,151000000.0,182162000.0,0.247,182162000.0,151000000.0,148489000.0,0.88,0.86,0.88,805723000.0,697801250.0,805723000.0,3206586032.0,21.0,17.603,132514000.0,1.24,1.0,345329000.0,0.468,581889000.0,2511000.0,216644000.0,203815250.0,105289000.0,0.0,0.0,0.0,260626000.0,178612000.0,82014000.0,3290786032.0,70480000.0,-28826000.0,9609000.0,-53995000.0,0.0,-22460000.0,-59904000.0,50000.0,153927000.0,-1083000.0,94578000.0,94578000.0,94578000.0,0.0,0.0,0.128,197577000.0,147752000.0,42289000.0,0.0,4.084,34.794,34.659,69769000.0,0.0,30.5,4.457,4.415,152743000.0,168453000.0,738368000.0,738368000.0,44381000.0,0.101,0.136,0.741,0.205,-15822000.0,147612000.0,1.0,107894624.0,106873000,109669000.0,6.909,484460000.0,29417000.0,53911000.0,54866000.0,4.533,220568000.0
56,HOLX,MRT,2007-06-30,2007-06-30,2007-06-30,2021-07-28,1037000.0,933909000.0,882404000.0,350617000.0,583292000.0,0.782,6.505,-21371000.0,93800000.0,93800000.0,377118000.0,60994000.0,2.116,0.334,9600000.0,2536000.0,7064000.0,9600000.0,48073000.0,30926000.0,0.0,0.0,0.0,111038000.0,141964000.0,0.206,141964000.0,111038000.0,108284000.0,0.555,0.555,0.555,700060000.0,647808000.0,700060000.0,2934957508.0,26.0,20.674,83283000.0,0.774,1.0,312740000.0,0.453,500673000.0,2754000.0,183302000.0,205574750.0,92545000.0,0.0,0.0,0.0,233849000.0,165734000.0,68115000.0,2980606508.0,-16340000.0,-153320000.0,10048000.0,-2379000.0,0.0,34053000.0,-155861000.0,2150000.0,104654000.0,814000.0,60994000.0,60994000.0,60994000.0,0.0,0.0,0.088,203927000.0,108813000.0,36808000.0,0.0,4.258,48.867,49.829,67921000.0,0.0,27.655,4.321,4.314,131567000.0,136343000.0,689858000.0,689858000.0,38146000.0,0.069,0.094,0.54,0.161,-20181000.0,145716000.0,1.0,107778214.0,107625000,110019000.0,6.41,433236000.0,20346000.0,47290000.0,49757000.0,4.025,184883000.0
57,HOLX,MRT,2007-03-31,2007-03-31,2007-03-31,2021-07-28,532000.0,871507000.0,749214750.0,309247000.0,562260000.0,0.825,6.174,-17399000.0,54501000.0,54501000.0,345716000.0,48263000.0,2.274,0.324,8852000.0,1830000.0,7022000.0,8852000.0,41753000.0,26522000.0,0.0,0.0,0.0,89896000.0,116418000.0,0.188,116418000.0,89896000.0,86963000.0,0.455,0.46,0.455,658257000.0,543404250.0,658257000.0,3078238694.0,34.0,26.441,76253000.0,0.715,1.0,272322000.0,0.441,491489000.0,2933000.0,198399000.0,199094000.0,92410000.0,0.0,0.0,0.0,213250000.0,135970000.0,77280000.0,3068416694.0,-53784000.0,-171828000.0,9491000.0,-2663000.0,0.0,20341000.0,-168427000.0,2150000.0,93652000.0,650000.0,48263000.0,48263000.0,48263000.0,0.0,0.0,0.078,184861000.0,87461000.0,35019000.0,0.0,4.661,63.577,63.341,63868000.0,0.0,28.82,4.965,4.972,117868000.0,111594000.0,618038000.0,618038000.0,33793000.0,0.064,0.089,0.452,0.145,-7863000.0,132198000.0,1.0,106468310.0,106620000,109526000.0,5.797,380018000.0,32887000.0,38700000.0,59941000.0,3.564,173277000.0
58,HOLX,MRT,2006-12-31,2006-12-30,2006-12-30,2021-07-28,226000.0,867995000.0,614583250.0,300186000.0,567809000.0,0.875,5.96,-15670000.0,37309000.0,37309000.0,306695000.0,37793000.0,1.814,0.384,47131000.0,41283000.0,5848000.0,47131000.0,38707000.0,21785000.0,0.0,0.0,0.0,72281000.0,94066000.0,0.175,94066000.0,72281000.0,70093000.0,0.38,0.38,0.38,627165000.0,444411500.0,627165000.0,2528635408.0,35.0,26.882,30381000.0,0.289,1.0,231242000.0,0.43,495455000.0,2188000.0,216916000.0,179700750.0,98817000.0,0.0,0.0,0.0,240830000.0,165446000.0,75384000.0,2494474408.0,-57205000.0,-171828000.0,6537000.0,35646000.0,0.0,66664000.0,-170432000.0,0.0,46051000.0,512000.0,37793000.0,37793000.0,37793000.0,0.0,0.0,0.07,162193000.0,69049000.0,29436000.0,0.0,3.977,66.004,62.211,63955000.0,0.0,23.64,4.637,4.625,108235000.0,89960000.0,537937000.0,537937000.0,29129000.0,0.061,0.085,0.402,0.134,-19681000.0,115383000.0,1.0,105519222.0,105234000,108788000.0,5.112,372540000.0,48448000.0,32300000.0,59364000.0,3.54,134740000.0
59,HOLX,MRT,2006-09-30,2006-09-30,2006-09-30,2021-07-28,-442000.0,856205000.0,471137250.0,290022000.0,566183000.0,0.982,6.512,-12989000.0,29923000.0,29923000.0,269375000.0,27423000.0,1.742,0.413,64084000.0,57921000.0,6163000.0,64084000.0,30903000.0,16133000.0,0.0,0.0,0.0,54453000.0,70586000.0,0.153,70586000.0,54453000.0,53223000.0,0.29,0.29,0.29,605750000.0,346314250.0,605750000.0,2194020414.0,40.0,31.083,3524000.0,0.038,1.0,193305000.0,0.418,500155000.0,1230000.0,223682000.0,150699500.0,93477000.0,0.0,0.0,0.0,250455000.0,166529000.0,83926000.0,2293437414.0,-84071000.0,-199422000.0,10639000.0,52052000.0,0.0,90599000.0,-191982000.0,0.0,16513000.0,799000.0,27423000.0,27423000.0,27423000.0,0.0,0.0,0.059,142966000.0,50339000.0,26443000.0,0.0,3.786,83.632,75.034,61723000.0,0.0,21.76,4.957,4.375,108566000.0,73875000.0,462680000.0,462680000.0,28113000.0,0.058,0.079,0.361,0.118,-23957000.0,98415000.0,1.0,105396940.0,93025000,97240000.0,4.974,356050000.0,50944000.0,25800000.0,60858000.0,3.827,123493000.0
60,HOLX,MRT,2006-06-30,2006-06-24,2006-06-24,2021-07-28,-954000.0,401152000.0,327045750.0,292974000.0,108178000.0,1.183,3.099,-10228000.0,110140000.0,110140000.0,227422000.0,38373000.0,2.891,0.42,10723000.0,2800000.0,7923000.0,10723000.0,26182000.0,10412000.0,0.0,0.0,0.0,58498000.0,68910000.0,0.178,68910000.0,58498000.0,57812000.0,0.43,0.425,0.43,282445000.0,249335250.0,282445000.0,2080096872.0,36.0,30.186,31091000.0,0.341,1.0,159422000.0,0.412,43005000.0,686000.0,157379000.0,119438500.0,85744000.0,0.0,0.0,0.0,118707000.0,101351000.0,17356000.0,2188381872.0,7893000.0,-40682000.0,12346000.0,-1241000.0,0.0,28860000.0,-62126000.0,0.0,41319000.0,-160000.0,38373000.0,38373000.0,38373000.0,0.0,0.0,0.099,105235000.0,54187000.0,31622000.0,0.0,7.748,57.029,55.814,56784000.0,0.0,24.0,5.657,5.655,86884000.0,75349000.0,386844000.0,386844000.0,27414000.0,0.117,0.154,0.49,0.151,-7755000.0,77303000.0,1.0,91182578.0,91152000,95032000.0,4.244,358147000.0,957000.0,19439000.0,1853000.0,3.929,191623000.0
61,HOLX,MRT,2006-03-31,2006-03-25,2006-03-25,2021-07-28,-1275000.0,332981000.0,291559000.0,256072000.0,76909000.0,1.17,2.902,-7788000.0,108285000.0,108285000.0,201360000.0,34514000.0,3.913,0.27,0.0,0.0,0.0,0.0,23616000.0,9118000.0,0.0,0.0,0.0,48828000.0,57946000.0,0.17,57946000.0,48828000.0,48753000.0,0.395,0.39,0.395,262286000.0,228334500.0,262286000.0,2394437182.0,49.0,41.322,17340000.0,0.192,1.0,139852000.0,0.41,38437000.0,75000.0,120826000.0,101391250.0,60866000.0,0.0,0.0,0.0,70695000.0,65433000.0,5262000.0,2488951182.0,12594000.0,-27594000.0,15470000.0,-708000.0,0.0,31401000.0,-43532000.0,0.0,25128000.0,-403000.0,34514000.0,34514000.0,34514000.0,0.0,0.0,0.101,94794000.0,45058000.0,20102000.0,0.0,9.489,72.114,69.468,34620000.0,0.0,27.44,7.294,7.268,70771000.0,63332000.0,341212000.0,341212000.0,25454000.0,0.118,0.151,0.482,0.143,-7673000.0,69010000.0,1.0,90705218.0,90378000,94690000.0,3.775,294544000.0,639000.0,14239000.0,0.0,3.259,190639000.0
62,HOLX,MRT,2005-12-31,2005-12-24,2005-12-24,2021-07-28,-1305000.0,294211000.0,268603000.0,217865000.0,76346000.0,1.152,2.647,-7800000.0,94514000.0,94514000.0,185268000.0,29398000.0,3.666,0.253,0.0,0.0,0.0,0.0,22263000.0,8251000.0,0.0,0.0,0.0,39103000.0,47354000.0,0.153,47354000.0,39103000.0,38893000.0,0.34,0.335,0.34,234776000.0,209521750.0,234776000.0,1637162393.0,42.0,34.573,33489000.0,0.378,1.0,124196000.0,0.401,39351000.0,210000.0,100911000.0,91249500.0,49472000.0,0.0,0.0,0.0,59435000.0,59435000.0,0.0,1751156393.0,21812000.0,-27594000.0,18979000.0,-827000.0,0.0,23823000.0,-42643000.0,0.0,41289000.0,-657000.0,29398000.0,29398000.0,29398000.0,0.0,0.0,0.095,88349000.0,35847000.0,17605000.0,0.0,7.459,59.567,58.029,34885000.0,0.0,19.73,5.659,5.655,62119000.0,52168000.0,309464000.0,309464000.0,23974000.0,0.109,0.14,0.429,0.126,2557000.0,64210000.0,1.0,88756026.0,88702000,93602000.0,3.489,254860000.0,381000.0,9495000.0,0.0,2.873,158430000.0
63,HOLX,MRT,2005-09-30,2005-09-24,2005-09-24,2021-07-28,-1239000.0,279839000.0,248974500.0,228375000.0,51464000.0,1.155,2.543,-7699000.0,113994000.0,113994000.0,175570000.0,28256000.0,4.096,0.285,0.0,0.0,0.0,0.0,21134000.0,7574000.0,0.0,0.0,0.0,34850000.0,42424000.0,0.147,42424000.0,34850000.0,34695000.0,0.33,0.33,0.33,217834000.0,194079500.0,217834000.0,1082923042.0,31.0,25.526,37479000.0,0.438,1.0,112114000.0,0.39,11447000.0,155000.0,98638000.0,88331750.0,44520000.0,0.0,0.0,0.0,62005000.0,55760000.0,6245000.0,1184580042.0,45659000.0,0.0,15868000.0,-947000.0,0.0,14921000.0,-14299000.0,0.0,45178000.0,-141000.0,28256000.0,28256000.0,28256000.0,0.0,0.0,0.098,79483000.0,32631000.0,14163000.0,0.0,5.438,41.923,40.727,33329000.0,0.0,13.44,4.118,4.001,57742000.0,46452000.0,287684000.0,287684000.0,18617000.0,0.113,0.146,0.395,0.121,7561000.0,60866000.0,1.0,88138396.0,85648000,90252000.0,3.359,268392000.0,6023000.0,6439000.0,1471000.0,3.134,172615000.0
64,HOLX,MRT,2005-06-30,2005-06-25,2005-06-25,2021-07-28,-1231000.0,259205000.0,231952500.0,206899000.0,52306000.0,1.179,2.272,-8759000.0,102247000.0,102247000.0,170086000.0,23990000.0,3.412,0.306,590000.0,472000.0,118000.0,590000.0,17194000.0,7565000.0,0.0,0.0,0.0,28028000.0,35593000.0,0.13,35593000.0,28028000.0,28236000.0,0.285,0.277,0.285,198442000.0,181189750.0,198442000.0,736635264.0,26.0,20.696,38281000.0,0.438,1.0,103329000.0,0.378,11713000.0,-208000.0,85190000.0,85797250.0,41684000.0,0.0,0.0,0.0,60763000.0,60645000.0,118000.0,831618264.0,45303000.0,-5420000.0,14528000.0,-943000.0,0.0,13585000.0,-15214000.0,0.0,47040000.0,-108000.0,23990000.0,23990000.0,23990000.0,0.0,0.0,0.088,76855000.0,26474000.0,15742000.0,0.0,4.191,34.665,33.482,33934000.0,0.0,9.543,3.042,3.049,54044000.0,36976000.0,273415000.0,273415000.0,18655000.0,0.103,0.132,0.327,0.103,0.0,58200000.0,1.0,87148888.0,87356000,91552000.0,3.13,247492000.0,0.0,4246000.0,0.0,2.833,146254000.0
65,HOLX,MRT,2005-03-31,2005-03-26,2005-03-26,2021-07-28,-990000.0,241157000.0,217871250.0,194042000.0,47115000.0,1.187,2.213,-9222000.0,95691000.0,95691000.0,163162000.0,19157000.0,3.601,0.289,708000.0,472000.0,236000.0,708000.0,16470000.0,7501000.0,0.0,0.0,0.0,21489000.0,28990000.0,0.112,28990000.0,21489000.0,21576000.0,0.23,0.225,0.23,187035000.0,171579500.0,187035000.0,590817091.0,27.0,20.38,29237000.0,0.346,1.0,95425000.0,0.369,12029000.0,-87000.0,80259000.0,87550250.0,37089000.0,0.0,0.0,0.0,54122000.0,53886000.0,236000.0,662692091.0,39558000.0,0.0,12015000.0,-982000.0,0.0,11033000.0,-10156000.0,0.0,38459000.0,222000.0,19157000.0,19157000.0,19157000.0,0.0,0.0,0.074,74975000.0,20450000.0,12930000.0,0.0,3.543,34.593,34.522,33913000.0,0.0,7.94,2.563,2.595,52400000.0,28818000.0,258587000.0,258587000.0,17698000.0,0.088,0.112,0.245,0.083,0.0,57277000.0,1.0,83462480.0,84516000,89764000.0,3.06,229128000.0,0.0,2419000.0,0.0,2.711,140156000.0
66,HOLX,MRT,2004-12-31,2004-12-25,2004-12-25,2021-07-28,-852000.0,215697000.0,206777250.0,168633000.0,47064000.0,1.185,2.095,-8916000.0,72702000.0,72702000.0,155755000.0,15698000.0,3.983,0.247,827000.0,473000.0,354000.0,827000.0,13206000.0,7531000.0,0.0,0.0,0.0,16806000.0,24337000.0,0.099,24337000.0,16806000.0,16717000.0,0.193,0.19,0.193,173007000.0,163738750.0,173007000.0,516129182.0,31.0,21.208,22550000.0,0.273,1.0,89243000.0,0.364,12246000.0,89000.0,89240000.0,89612500.0,34806000.0,0.0,0.0,0.0,42690000.0,42336000.0,354000.0,583517182.0,27687000.0,0.0,5819000.0,-1026000.0,0.0,4793000.0,-8983000.0,0.0,31466000.0,411000.0,15698000.0,15698000.0,15698000.0,0.0,0.0,0.064,73128000.0,16115000.0,9680000.0,0.0,3.373,37.171,36.399,34234000.0,0.0,7.025,2.382,2.368,51786000.0,22770000.0,244998000.0,244998000.0,16973000.0,0.076,0.096,0.188,0.069,0.0,56155000.0,1.0,83062944.0,82588000,87044000.0,2.967,203451000.0,0.0,1019000.0,0.0,2.463,126297000.0
67,HOLX,MRT,2004-09-30,2004-09-25,2004-09-25,2021-07-28,-1115000.0,211751000.0,200965000.0,166053000.0,45698000.0,1.138,2.052,-7187000.0,68335000.0,68335000.0,144247000.0,12164000.0,3.833,0.273,947000.0,475000.0,472000.0,947000.0,13013000.0,7589000.0,0.0,0.0,0.0,13126000.0,20715000.0,0.091,20715000.0,13126000.0,12927000.0,0.15,0.15,0.15,166275000.0,158319750.0,166275000.0,335515185.0,26.0,16.197,19439000.0,0.24,1.0,84458000.0,0.369,12536000.0,199000.0,88500000.0,91081250.0,40174000.0,0.0,0.0,0.0,45476000.0,43327000.0,2149000.0,390926185.0,23158000.0,-341000.0,5003000.0,-1083000.0,0.0,3920000.0,-7365000.0,0.0,26626000.0,-23000.0,12164000.0,12164000.0,12164000.0,0.0,0.0,0.053,71872000.0,12586000.0,10546000.0,0.0,2.351,32.138,31.767,32877000.0,0.0,4.765,1.709,1.688,48409000.0,18196000.0,228705000.0,228705000.0,16659000.0,0.061,0.077,0.144,0.057,0.0,55213000.0,1.0,82041172.0,81032000,85186000.0,2.822,199215000.0,0.0,763000.0,1677000.0,2.458,122726000.0
68,HOLX,MRT,2004-06-30,2004-06-26,2004-06-26,2021-07-28,-1155000.0,202880000.0,195178000.0,157332000.0,45548000.0,1.113,1.965,-5299000.0,56944000.0,56944000.0,135967000.0,9554000.0,3.72,0.268,1533000.0,943000.0,590000.0,1533000.0,12360000.0,7525000.0,0.0,0.0,0.0,10522000.0,18047000.0,0.083,18047000.0,10522000.0,9941000.0,0.118,0.113,0.118,160001000.0,153982750.0,160001000.0,411694186.0,39.0,22.812,12223000.0,0.15,1.0,81192000.0,0.374,12978000.0,581000.0,92202000.0,92326250.0,42956000.0,0.0,0.0,0.0,42879000.0,42289000.0,590000.0,466137186.0,17070000.0,-341000.0,5370000.0,-561000.0,0.0,4809000.0,-5302000.0,0.0,17522000.0,41000.0,9554000.0,9554000.0,9554000.0,0.0,0.0,0.044,71148000.0,10044000.0,10891000.0,0.0,2.913,48.79,48.432,32156000.0,0.0,5.715,2.147,2.143,47759000.0,12986000.0,217159000.0,217159000.0,16659000.0,0.049,0.062,0.114,0.048,0.0,54489000.0,1.0,81563812.0,81436000,85884000.0,2.667,189902000.0,0.0,387000.0,0.0,2.332,115043000.0
69,HOLX,MRT,2004-03-31,2004-03-27,2004-03-27,2021-07-28,-1149000.0,196781000.0,190270000.0,150887000.0,45894000.0,1.105,1.926,-5553000.0,56133000.0,56133000.0,132780000.0,7248000.0,3.735,0.264,1690000.0,982000.0,708000.0,1690000.0,11855000.0,7513000.0,0.0,0.0,0.0,8141000.0,15654000.0,0.074,15654000.0,8141000.0,7514000.0,0.09,0.087,0.09,155672000.0,150262250.0,155672000.0,347223398.0,43.0,22.181,20483000.0,0.253,1.0,77486000.0,0.369,13429000.0,627000.0,88508000.0,92897500.0,42404000.0,0.0,0.0,0.0,41109000.0,40401000.0,708000.0,390384398.0,24712000.0,-341000.0,4838000.0,-616000.0,0.0,4222000.0,-5558000.0,0.0,26036000.0,12000.0,7248000.0,7248000.0,7248000.0,0.0,0.0,0.034,69835000.0,7651000.0,9451000.0,0.0,2.508,53.861,53.722,31973000.0,0.0,4.835,1.857,1.859,42309000.0,9660000.0,210266000.0,210266000.0,16882000.0,0.038,0.048,0.088,0.039,0.0,52953000.0,1.0,80741344.0,80844000,85172000.0,2.601,183352000.0,0.0,266000.0,0.0,2.268,110486000.0
70,HOLX,MRT,2003-12-31,2003-12-27,2003-12-27,2021-07-28,-1010000.0,192448000.0,186663000.0,145907000.0,46541000.0,1.098,1.894,-7140000.0,45015000.0,45015000.0,129708000.0,5003000.0,3.621,0.272,1854000.0,1027000.0,827000.0,1854000.0,11435000.0,7696000.0,0.0,0.0,0.0,5726000.0,13422000.0,0.066,13422000.0,5726000.0,5215000.0,0.062,0.062,0.062,151331000.0,147204750.0,151331000.0,300267751.0,52.0,22.371,-1390000.0,-0.017,1.0,75207000.0,0.367,13882000.0,511000.0,95115000.0,96112750.0,43819000.0,0.0,0.0,0.0,41117000.0,40290000.0,827000.0,343414751.0,1806000.0,-341000.0,3569000.0,-666000.0,0.0,2903000.0,-7095000.0,0.0,5750000.0,248000.0,5003000.0,5003000.0,5003000.0,0.0,0.0,0.024,70098000.0,5109000.0,11307000.0,0.0,2.269,68.642,68.952,32091000.0,0.0,4.275,1.676,1.667,47415000.0,7072000.0,204915000.0,204915000.0,17656000.0,0.027,0.034,0.06,0.028,0.0,52442000.0,1.0,80330936.0,79916000,83588000.0,2.564,178566000.0,0.0,212000.0,0.0,2.234,105617000.0
71,HOLX,MRT,2003-09-30,2003-09-27,2003-09-27,2021-07-28,-1296000.0,188603000.0,183397000.0,141988000.0,46615000.0,1.113,1.897,-8146000.0,45177000.0,45177000.0,130455000.0,2882000.0,3.724,0.266,2030000.0,480000.0,1550000.0,2030000.0,9440000.0,7405000.0,0.0,0.0,0.0,3503000.0,10908000.0,0.053,10908000.0,3503000.0,3058000.0,0.035,0.035,0.035,148927000.0,144861250.0,148927000.0,231658576.0,66.0,21.237,-3415000.0,-0.043,1.0,73580000.0,0.361,13850000.0,445000.0,93480000.0,94323000.0,43426000.0,0.0,0.0,0.0,39676000.0,38126000.0,1550000.0,269438576.0,-659000.0,0.0,3055000.0,-718000.0,0.0,2337000.0,-7922000.0,0.0,4731000.0,195000.0,2882000.0,2882000.0,2882000.0,0.0,0.0,0.014,70555000.0,3025000.0,10819000.0,0.0,1.809,93.49,97.286,32106000.0,0.0,3.405,1.321,1.31,43831000.0,6032000.0,204035000.0,204035000.0,18381000.0,0.016,0.02,0.037,0.017,0.0,52174000.0,1.0,79130272.0,78516000,80522000.0,2.599,174753000.0,0.0,176000.0,0.0,2.226,103862000.0
72,HOLX,MRT,2003-06-30,2003-06-28,2003-06-28,2021-07-28,-1379000.0,183248000.0,182283000.0,135528000.0,47720000.0,1.096,1.846,-8765000.0,39874000.0,39874000.0,127270000.0,-2883000.0,3.712,0.263,2094000.0,480000.0,1614000.0,2094000.0,8743000.0,7178000.0,0.0,0.0,0.0,2096000.0,9274000.0,0.046,9274000.0,2096000.0,1136000.0,-0.04,-0.04,-0.04,145119000.0,143231750.0,145119000.0,222524967.0,106.0,23.994,1026000.0,0.013,1.0,72559000.0,0.363,14466000.0,960000.0,94487000.0,92408750.0,46521000.0,0.0,0.0,0.0,38129000.0,36515000.0,1614000.0,251638967.0,7938000.0,0.0,2016000.0,-26069000.0,0.0,-24053000.0,22396000.0,0.0,9791000.0,-196000.0,-2883000.0,-2883000.0,-2883000.0,0.0,0.0,-0.014,70985000.0,1574000.0,10674000.0,0.0,1.734,-87.284,-79.875,32509000.0,0.0,3.195,1.259,1.257,40443000.0,3698000.0,199829000.0,199829000.0,19471000.0,-0.016,-0.02,0.023,0.01,0.0,51514000.0,1.0,78760240.0,78624000,80944000.0,2.542,168782000.0,0.0,4019000.0,0.0,2.147,99013000.0
73,HOLX,MRT,2003-03-31,2003-03-29,2003-03-29,2021-07-28,-1534000.0,182353000.0,189473500.0,134573000.0,47780000.0,1.032,1.831,-9219000.0,31421000.0,31421000.0,123278000.0,-3410000.0,3.629,0.271,2307000.0,480000.0,1827000.0,2307000.0,8375000.0,7320000.0,0.0,0.0,0.0,2104000.0,9424000.0,0.048,9424000.0,2104000.0,557000.0,-0.045,-0.047,-0.045,143442000.0,143266250.0,143442000.0,132004611.0,63.0,14.007,-3207000.0,-0.041,1.0,72227000.0,0.369,14786000.0,1547000.0,101369000.0,106941500.0,45297000.0,0.0,0.0,0.0,38911000.0,37084000.0,1827000.0,172693611.0,5191000.0,0.0,3291000.0,-26381000.0,0.0,-23090000.0,21987000.0,0.0,6012000.0,282000.0,-3410000.0,-3410000.0,-3410000.0,0.0,0.0,-0.017,70650000.0,1577000.0,11011000.0,0.0,1.204,-50.643,-48.889,32145000.0,0.0,2.2,0.883,0.881,42219000.0,2621000.0,195505000.0,195505000.0,19964000.0,-0.018,-0.024,0.02,0.011,0.0,50686000.0,1.0,78497096.0,78320000,80140000.0,2.496,167567000.0,0.0,3967000.0,0.0,2.14,97489000.0
74,HOLX,MRT,2002-12-31,2002-12-28,2002-12-28,2021-07-28,-1983000.0,179384000.0,196846000.0,132368000.0,47016000.0,0.973,1.822,-7894000.0,43209000.0,43209000.0,119666000.0,672000.0,3.741,0.264,2520000.0,480000.0,2040000.0,2520000.0,8677000.0,7187000.0,0.0,0.0,0.0,2370000.0,9557000.0,0.05,9557000.0,2370000.0,164000.0,0.008,0.003,0.008,141957000.0,143044750.0,141957000.0,206662578.0,87.0,21.624,3685000.0,0.047,1.0,71943000.0,0.375,15352000.0,2206000.0,87956000.0,120519000.0,39436000.0,0.0,0.0,0.0,37427000.0,35387000.0,2040000.0,249750578.0,12607000.0,0.0,4858000.0,-27247000.0,0.0,-22389000.0,23380000.0,0.0,11579000.0,37000.0,672000.0,672000.0,672000.0,0.0,0.0,0.004,70027000.0,1916000.0,10357000.0,0.0,1.759,371.653,399.062,30676000.0,0.0,3.192,1.303,1.298,35344000.0,2238000.0,191609000.0,191609000.0,19843000.0,0.003,0.005,0.02,0.012,0.0,49689000.0,1.0,78230408.0,77900000,77900000.0,2.46,164032000.0,0.0,-508000.0,0.0,2.106,96981000.0
75,HOLX,MRT,2002-09-30,2002-09-28,2002-09-28,2021-07-28,-1877000.0,184147000.0,203722000.0,137942000.0,46205000.0,0.934,1.933,-6138000.0,45836000.0,45836000.0,118376000.0,179000.0,3.495,0.293,2748000.0,480000.0,2268000.0,2748000.0,9254000.0,7476000.0,0.0,0.0,0.0,2730000.0,10206000.0,0.054,10206000.0,2730000.0,-250000.0,0.003,0.003,0.003,142409000.0,141546250.0,142409000.0,187641223.0,69.0,18.385,823000.0,0.011,1.0,71816000.0,0.378,15766000.0,2980000.0,85823000.0,134926250.0,37855000.0,0.0,0.0,0.0,41738000.0,39470000.0,2268000.0,191565223.0,33082000.0,0.0,29341000.0,-28303000.0,0.0,1038000.0,25112000.0,0.0,6961000.0,-29000.0,179000.0,179000.0,179000.0,0.0,0.0,0.001,69659000.0,2157000.0,10929000.0,0.0,1.345,1070.197,820.833,29380000.0,0.0,2.462,1.007,0.954,39440000.0,3150000.0,190192000.0,190192000.0,20362000.0,0.001,0.001,0.02,0.014,0.0,47227000.0,1.0,77792984.0,73676000,76768000.0,2.581,168381000.0,0.0,-429000.0,0.0,2.285,98472000.0
76,HOLX,MRT,2002-06-30,2002-06-29,2002-06-29,2021-07-28,-1843000.0,212010000.0,206465000.0,119607000.0,92403000.0,0.915,1.886,-6132000.0,31936000.0,31936000.0,120753000.0,-1582000.0,3.05,0.46,28012000.0,480000.0,27532000.0,28012000.0,8960000.0,8094000.0,0.0,0.0,0.0,-2781000.0,5313000.0,0.028,5313000.0,-2781000.0,-5906000.0,-0.04,-0.045,-0.04,145257000.0,133895750.0,145257000.0,281087551.0,-101.0,52.906,-8500000.0,-0.11,1.0,68207000.0,0.361,16247000.0,3125000.0,152618000.0,148590000.0,39149000.0,0.0,0.0,0.0,66753000.0,39221000.0,27532000.0,278782551.0,20028000.0,0.0,29893000.0,-131000.0,0.0,29442000.0,-7339000.0,0.0,-2368000.0,293000.0,-1582000.0,-1582000.0,-1582000.0,0.0,0.0,-0.008,71561000.0,-3354000.0,9628000.0,0.0,1.919,-176.222,-90.438,60349000.0,0.0,3.618,1.475,1.475,38923000.0,6315000.0,188960000.0,188960000.0,20250000.0,-0.008,-0.012,-0.019,-0.015,802000.0,48433000.0,1.0,77064976.0,77028000,81816000.0,2.453,195763000.0,14816000.0,-4324000.0,0.0,2.541,80386000.0
77,HOLX,MRT,2002-03-31,2002-03-30,2002-03-30,2021-07-28,-2333000.0,211843000.0,201581250.0,119701000.0,92142000.0,0.922,1.881,-4514000.0,26230000.0,26230000.0,117183000.0,-3287000.0,2.881,0.486,28535000.0,796000.0,27739000.0,28535000.0,8579000.0,7834000.0,0.0,0.0,0.0,-4168000.0,3666000.0,0.02,3666000.0,-4168000.0,-7514000.0,-0.068,-0.07,-0.068,142556000.0,126588000.0,142556000.0,291776754.0,-70.0,79.59,-18062000.0,-0.238,1.0,68707000.0,0.37,16921000.0,3346000.0,155679000.0,147017250.0,40167000.0,0.0,0.0,0.0,69287000.0,41548000.0,27739000.0,292764754.0,10064000.0,932000.0,28173000.0,393000.0,0.0,28270000.0,-4476000.0,0.0,-13548000.0,-182000.0,-3287000.0,-3287000.0,-3287000.0,0.0,0.0,-0.018,73564000.0,-4857000.0,10170000.0,0.0,2.054,-89.067,-56.801,59452000.0,0.0,3.862,1.575,1.575,41459000.0,5824000.0,185890000.0,185890000.0,20927000.0,-0.016,-0.026,-0.028,-0.022,802000.0,49049000.0,1.0,75796700.0,75788000,80728000.0,2.453,194922000.0,14816000.0,-4227000.0,0.0,2.572,78153000.0
78,HOLX,MRT,2001-12-31,2001-12-29,2001-12-29,2021-07-28,-2279000.0,206888000.0,199169250.0,112685000.0,94203000.0,0.92,2.115,-3630000.0,30602000.0,30602000.0,118082000.0,-15658000.0,2.628,0.522,29614000.0,1563000.0,28051000.0,29614000.0,7895000.0,8398000.0,0.0,0.0,0.0,-11831000.0,-3433000.0,-0.019,-3433000.0,-11831000.0,-15408000.0,-0.253,-0.253,-0.253,135963000.0,120272000.0,135963000.0,176097307.0,-15.0,-51.295,-18546000.0,-0.289,1.0,65148000.0,0.356,17441000.0,3577000.0,145585000.0,141800750.0,39139000.0,0.0,0.0,0.0,70925000.0,42874000.0,28051000.0,157952307.0,8243000.0,932000.0,25952000.0,1434000.0,0.0,27355000.0,-3891000.0,0.0,-14916000.0,-305000.0,-15658000.0,-15658000.0,-15658000.0,0.0,0.0,-0.085,77775000.0,-12627000.0,10322000.0,0.0,1.162,-10.088,-9.852,59281000.0,0.0,2.493,0.862,0.874,39548000.0,1398000.0,183230000.0,183230000.0,22623000.0,-0.079,-0.13,-0.083,-0.065,800000.0,52059000.0,1.0,63371036.0,64276000,64276000.0,2.851,189447000.0,16516000.0,250000.0,0.0,2.947,69811000.0
79,HOLX,MRT,2001-09-30,2001-09-29,2001-09-29,2021-07-28,-2157000.0,195119000.0,200031750.0,99575000.0,95544000.0,0.901,1.806,-4330000.0,12754000.0,12754000.0,119446000.0,-20850000.0,1.814,0.745,30899000.0,2483000.0,28416000.0,30899000.0,8754000.0,8735000.0,0.0,0.0,0.0,-17779000.0,-9044000.0,-0.05,-9044000.0,-17779000.0,-20681000.0,-0.338,-0.338,-0.338,111807000.0,117586250.0,111807000.0,94864101.0,-5.0,-10.489,-14581000.0,-0.236,1.0,60750000.0,0.337,17890000.0,2902000.0,140478000.0,139360000.0,39285000.0,0.0,0.0,0.0,83312000.0,54896000.0,28416000.0,78630101.0,-10024000.0,932000.0,904000.0,3961000.0,0.0,4865000.0,-4657000.0,0.0,-10251000.0,19000.0,-20850000.0,-20850000.0,-20850000.0,0.0,0.0,-0.116,79556000.0,-18806000.0,18152000.0,0.0,0.703,-3.771,-3.735,60056000.0,0.0,1.262,0.436,0.434,42227000.0,2971000.0,180196000.0,180196000.0,23328000.0,-0.104,-0.177,-0.128,-0.099,968000.0,54710000.0,1.0,62281268.0,61900000,61900000.0,2.911,177229000.0,16516000.0,169000.0,0.0,2.863,44679000.0
80,HOLX,MRT,2001-06-30,2001-06-30,2001-06-30,2021-07-28,-2283000.0,192475000.0,206165750.0,98013000.0,94462000.0,0.781,1.874,-4614000.0,11908000.0,11908000.0,111765000.0,-26845000.0,1.964,0.659,28142000.0,1592000.0,26550000.0,28142000.0,9074000.0,7792000.0,0.0,0.0,0.0,-30494000.0,-22702000.0,-0.141,-22702000.0,-30494000.0,-32794000.0,-0.438,-0.438,-0.438,116026000.0,122527500.0,116026000.0,115944374.0,-4.0,-5.107,-12012000.0,-0.194,1.0,49173000.0,0.306,12483000.0,2300000.0,146327000.0,138129250.0,41604000.0,0.0,0.0,0.0,76449000.0,49899000.0,26550000.0,105518374.0,-22190000.0,-29266000.0,549000.0,1181000.0,0.0,1786000.0,-16324000.0,17833000.0,-7398000.0,-254000.0,-26845000.0,-26845000.0,-26845000.0,0.0,0.0,-0.167,81320000.0,-32147000.0,12643000.0,0.0,0.909,-3.931,-3.881,61086000.0,0.0,1.7,0.656,0.654,41050000.0,7899000.0,160938000.0,160938000.0,22537000.0,-0.13,-0.219,-0.221,-0.189,234000.0,53155000.0,1.0,62069632.0,61904000,61904000.0,2.6,179992000.0,16516000.0,-5949000.0,0.0,2.908,48114000.0
81,HOLX,MRT,2001-03-31,2001-03-31,2001-03-31,2021-07-28,-2204000.0,202195000.0,200698500.0,101083000.0,101112000.0,0.688,1.896,-5798000.0,16166000.0,16166000.0,99450000.0,-28275000.0,1.687,0.724,26592000.0,1592000.0,25000000.0,26592000.0,0.0,7239000.0,0.0,0.0,0.0,-34429000.0,-27190000.0,-0.197,-27190000.0,-34429000.0,-35821000.0,-0.46,-0.46,-0.46,117292000.0,129175000.0,117292000.0,66151840.0,-2.0,-2.433,-14929000.0,-0.241,1.0,38633000.0,0.28,17905000.0,1392000.0,134813000.0,128779750.0,35949000.0,0.0,0.0,0.0,84903000.0,59903000.0,25000000.0,61880840.0,-20557000.0,-30198000.0,549000.0,1180000.0,0.0,1762000.0,-12781000.0,21980000.0,-9131000.0,-407000.0,-28275000.0,-28275000.0,-28275000.0,0.0,0.0,-0.205,75345000.0,-36712000.0,16811000.0,0.0,0.528,-2.189,-2.174,61714000.0,0.0,1.0,0.448,0.448,45337000.0,9111000.0,138083000.0,138083000.0,20873000.0,-0.141,-0.219,-0.267,-0.249,239000.0,49546000.0,1.0,61880840.0,61868000,61868000.0,2.232,184290000.0,16809000.0,-7546000.0,0.0,2.979,41180000.0
82,HOLX,MRT,2000-12-31,2000-12-30,2000-12-30,2021-07-28,-1957000.0,210338000.0,193150500.0,107422000.0,102916000.0,0.609,2.035,-6334000.0,22359000.0,22359000.0,83702000.0,-22514000.0,1.787,0.68,26630000.0,1630000.0,25000000.0,26630000.0,13801000.0,5900000.0,0.0,0.0,0.0,-30963000.0,-25063000.0,-0.213,-25063000.0,-30963000.0,-31314000.0,-0.367,-0.367,-0.367,125220000.0,136195750.0,125220000.0,84583608.0,-3.0,-3.375,-11492000.0,-0.187,1.0,33892000.0,0.288,18669000.0,351000.0,135822000.0,122342750.0,36218000.0,0.0,0.0,0.0,85118000.0,60118000.0,25000000.0,81973608.0,-13734000.0,-30198000.0,549000.0,1207000.0,0.0,1787000.0,-9928000.0,26851000.0,-5158000.0,-435000.0,-22514000.0,-22514000.0,-22514000.0,0.0,0.0,-0.191,67887000.0,-33995000.0,15080000.0,0.0,0.655,-3.641,-3.619,62586000.0,0.0,1.328,0.697,0.695,46158000.0,17056000.0,117594000.0,117594000.0,18449000.0,-0.117,-0.165,-0.253,-0.263,246000.0,44468000.0,1.0,61715496.0,61548000,61548000.0,1.911,191669000.0,16809000.0,-8800000.0,0.0,3.114,47304000.0
83,HOLX,MRT,2000-09-30,2000-09-30,2000-09-30,2021-07-28,-2172000.0,219655000.0,184192250.0,116105000.0,103550000.0,0.512,2.147,-5821000.0,22778000.0,22778000.0,65454000.0,-18619000.0,1.841,0.669,25388000.0,388000.0,25000000.0,25388000.0,13642000.0,4420000.0,0.0,0.0,0.0,-28792000.0,-24372000.0,-0.258,-24372000.0,-28792000.0,-29019000.0,-0.305,-0.305,-0.305,131572000.0,141764000.0,131572000.0,80987800.0,-3.0,-3.323,-6498000.0,-0.106,1.0,28883000.0,0.306,23627000.0,227000.0,135555000.0,116342750.0,39706000.0,0.0,0.0,0.0,88083000.0,63083000.0,25000000.0,114674800.0,-13730000.0,-30198000.0,549000.0,-715000.0,0.0,-166000.0,-12101000.0,29136000.0,-677000.0,-786000.0,-18619000.0,-18619000.0,-18619000.0,0.0,0.0,-0.197,61242000.0,-32359000.0,16414000.0,0.0,0.872,-6.159,-6.097,62794000.0,0.0,1.859,1.216,1.208,50580000.0,23821000.0,94337000.0,94337000.0,17178000.0,-0.101,-0.131,-0.247,-0.305,105000.0,39064000.0,1.0,61669696.0,61280000,61280000.0,1.539,196028000.0,16809000.0,-10400000.0,0.0,3.199,53022000.0
84,HOLX,MRT,2000-06-30,2000-07-01,2000-07-01,2021-07-28,-1803000.0,170606000.0,173221000.0,99918000.0,70688000.0,0.501,2.326,-4592000.0,34098000.0,34098000.0,54448000.0,-10860000.0,3.57,0.196,411000.0,411000.0,0.0,411000.0,10767000.0,4499000.0,0.0,0.0,0.0,-16352000.0,-11853000.0,-0.137,-11853000.0,-16352000.0,-16900000.0,-0.182,-0.182,-0.182,142616000.0,146476500.0,142616000.0,67447915.0,-4.0,-5.69,-9933000.0,-0.162,1.0,32321000.0,0.372,0.0,548000.0,108929000.0,111208250.0,21733000.0,15033000.0,15033000.0,0.0,27990000.0,27990000.0,0.0,103757915.0,-4277000.0,246000.0,294000.0,-679000.0,0.0,-285000.0,1874000.0,11046000.0,-5341000.0,-524000.0,-10860000.0,-10860000.0,-10860000.0,0.0,0.0,-0.125,52395000.0,-20074000.0,6842000.0,0.0,0.728,-9.554,-9.272,51859000.0,0.0,1.688,1.196,1.192,26240000.0,34744000.0,86769000.0,86769000.0,16974000.0,-0.063,-0.074,-0.147,-0.188,88000.0,35989000.0,1.0,61486172.0,61308000,61308000.0,1.415,170606000.0,0.0,-6040000.0,0.0,2.783,71928000.0
85,HOLX,MRT,2000-03-31,2000-03-25,2000-03-25,2021-07-28,-1682000.0,172003000.0,175877500.0,104982000.0,67021000.0,0.482,2.373,-2853000.0,36722000.0,36722000.0,52566000.0,-9750000.0,3.943,0.183,412000.0,412000.0,0.0,412000.0,9803000.0,4161000.0,0.0,0.0,0.0,-14597000.0,-10436000.0,-0.123,-10436000.0,-14597000.0,-15145000.0,-0.168,-0.168,-0.168,145375000.0,149160250.0,145375000.0,102626492.0,-7.0,-9.834,1209000.0,0.02,1.0,32128000.0,0.379,0.0,548000.0,109065000.0,112992250.0,20152000.0,18999000.0,18999000.0,0.0,26628000.0,26628000.0,0.0,138297492.0,141000.0,-7972000.0,294000.0,-1110000.0,0.0,-707000.0,-2698000.0,15317000.0,4062000.0,-516000.0,-9750000.0,-9750000.0,-9750000.0,0.0,0.0,-0.115,50407000.0,-18279000.0,5815000.0,0.0,0.951,-14.184,-13.393,50911000.0,0.0,2.25,1.633,1.628,26287000.0,37388000.0,84694000.0,84694000.0,16317000.0,-0.055,-0.065,-0.129,-0.172,149000.0,34499000.0,1.0,61465552.0,61272000,61272000.0,1.382,172003000.0,0.0,-5395000.0,0.0,2.807,78354000.0
86,HOLX,MRT,1999-12-31,1999-12-25,1999-12-25,2021-07-28,-1479000.0,174505000.0,175329250.0,110193000.0,64312000.0,0.461,2.416,-6862000.0,36093000.0,36093000.0,50575000.0,-8654000.0,4.079,0.183,422000.0,422000.0,0.0,422000.0,9794000.0,3932000.0,0.0,0.0,0.0,-12921000.0,-8989000.0,-0.111,-8989000.0,-12921000.0,-13469000.0,-0.152,-0.152,-0.152,147493000.0,148102500.0,147493000.0,56411794.0,-4.0,-6.276,-3165000.0,-0.052,1.0,30229000.0,0.374,0.0,548000.0,111822000.0,112247250.0,18326000.0,25113000.0,25113000.0,0.0,27012000.0,27012000.0,0.0,91816794.0,-12343000.0,-7972000.0,294000.0,-2397000.0,0.0,-2092000.0,-13095000.0,7271000.0,3697000.0,-853000.0,-8654000.0,-8654000.0,-8654000.0,0.0,0.0,-0.107,46797000.0,-16568000.0,6339000.0,0.0,0.623,-10.61,-9.868,50675000.0,0.0,1.5,1.136,1.133,27929000.0,39571000.0,80804000.0,80804000.0,14918000.0,-0.049,-0.058,-0.115,-0.16,210000.0,32035000.0,1.0,61211196.0,61048000,61048000.0,1.324,174505000.0,0.0,-4815000.0,0.0,2.858,83181000.0
87,HOLX,MRT,1999-09-30,1999-09-25,1999-09-25,2021-07-28,-1331000.0,175770000.0,176093750.0,115171000.0,60599000.0,0.478,2.696,-8879000.0,36508000.0,36508000.0,50333000.0,-3747000.0,4.544,0.169,1103000.0,1103000.0,0.0,1103000.0,8079000.0,3474000.0,0.0,0.0,0.0,-5274000.0,-1800000.0,-0.021,-1800000.0,-5274000.0,-5822000.0,-0.068,-0.068,-0.068,150422000.0,146876000.0,150422000.0,26775696.0,-5.0,-14.875,-6572000.0,-0.118,1.0,33807000.0,0.402,0.0,548000.0,115017000.0,108534750.0,17596000.0,26170000.0,26170000.0,0.0,25348000.0,25348000.0,0.0,64061696.0,-11915000.0,-7972000.0,294000.0,-2695000.0,0.0,-2358000.0,-11131000.0,5827000.0,2307000.0,-733000.0,-3747000.0,-3747000.0,-3747000.0,0.0,0.0,-0.045,43285000.0,-9478000.0,6063000.0,0.0,0.426,-17.097,-15.397,50470000.0,0.0,1.047,0.761,0.694,28056000.0,42440000.0,84140000.0,84140000.0,12664000.0,-0.021,-0.026,-0.049,-0.063,243000.0,30621000.0,1.0,61185956.0,55800000,55800000.0,1.508,175770000.0,6225000.0,-2075000.0,0.0,3.15,89823000.0
88,HOLX,MRT,1999-06-30,1999-06-26,1999-06-26,2021-07-28,-1333000.0,181232000.0,175300500.0,115390000.0,65842000.0,0.507,2.77,-28656000.0,38376000.0,38376000.0,48996000.0,731000.0,4.139,0.182,1090000.0,1090000.0,0.0,1090000.0,10278000.0,2712000.0,0.0,0.0,0.0,996000.0,3708000.0,0.042,3708000.0,996000.0,996000.0,0.013,0.012,0.013,153351000.0,144366000.0,153351000.0,40405662.0,41.0,10.897,-24450000.0,-0.442,1.0,39827000.0,0.448,0.0,0.0,116065000.0,103720000.0,19967000.0,19786000.0,19786000.0,0.0,27881000.0,27881000.0,0.0,75464662.0,-7555000.0,-8218000.0,-177000.0,-67000.0,0.0,819000.0,-12239000.0,25815000.0,4206000.0,-343000.0,731000.0,731000.0,731000.0,0.0,0.0,0.008,43611000.0,-3784000.0,5506000.0,0.0,0.492,103.235,108.173,51114000.0,0.0,1.406,0.85,0.877,30418000.0,45603000.0,88823000.0,88823000.0,10914000.0,0.004,0.005,0.01,0.011,277000.0,31762000.0,1.0,53663760.0,55364000,55364000.0,1.604,181232000.0,0.0,265000.0,0.0,3.273,87509000.0
89,HOLX,MRT,1999-03-31,1999-03-27,1999-03-27,2021-07-28,-1114000.0,169810000.0,172051096.0,121932000.0,47878000.0,0.6,2.64,-29587000.0,36582000.0,36582000.0,52813000.0,6553000.0,4.254,0.203,1523000.0,1523000.0,0.0,1523000.0,10199000.0,2343000.0,0.0,0.0,0.0,10173000.0,12516000.0,0.121,12516000.0,10173000.0,10173000.0,0.12,0.117,0.12,141144000.0,140514780.0,141144000.0,71737112.0,7.0,5.732,-21453000.0,-0.401,1.0,50428000.0,0.488,0.0,0.0,106085000.0,98059247.0,19089000.0,28271000.0,28271000.0,0.0,28666000.0,28666000.0,0.0,117352112.0,-7075000.0,0.0,65000.0,742000.0,0.0,1860000.0,-16967000.0,14954000.0,8134000.0,-104000.0,6553000.0,6553000.0,6553000.0,0.0,0.0,0.063,45816000.0,4612000.0,6342000.0,0.0,0.831,17.908,18.229,33059000.0,0.0,2.188,1.137,1.133,31703000.0,47136000.0,103241000.0,103241000.0,10034000.0,0.038,0.047,0.104,0.099,290000.0,34892000.0,1.0,53646680.0,53460000,53460000.0,1.931,169810000.0,0.0,3620000.0,0.0,3.176,93266000.0
90,HOLX,MRT,1998-12-31,1998-12-26,1998-12-26,2021-07-28,-584000.0,177563000.0,169357206.0,132927000.0,44636000.0,0.674,2.672,-24939000.0,48436000.0,48436000.0,55942000.0,10361000.0,3.801,0.245,2821000.0,2821000.0,0.0,2821000.0,12204000.0,1820000.0,0.0,0.0,0.0,16151000.0,17971000.0,0.158,17971000.0,16151000.0,16151000.0,0.193,0.188,0.193,142587000.0,138559740.0,142587000.0,116062912.0,7.0,6.458,-12793000.0,-0.24,1.0,58134000.0,0.51,0.0,0.0,96972000.0,94149822.0,20478000.0,24637000.0,24637000.0,0.0,34976000.0,34976000.0,0.0,160686912.0,3269000.0,0.0,1026000.0,2821000.0,0.0,5075000.0,-14218000.0,14164000.0,12146000.0,266000.0,10361000.0,10361000.0,10361000.0,0.0,0.0,0.091,48029000.0,10105000.0,9570000.0,0.0,1.127,15.509,15.544,28589000.0,0.0,3.0,1.409,1.403,33216000.0,48224000.0,114076000.0,114076000.0,9897000.0,0.061,0.075,0.172,0.142,302000.0,37426000.0,1.0,53562304.0,53360000,54552000.0,2.138,177563000.0,0.0,5790000.0,0.0,3.328,97951000.0
91,HOLX,MRT,1998-09-30,1998-09-26,1998-09-26,2021-07-28,-575000.0,172597000.0,162781899.0,131848000.0,40749000.0,0.71,2.647,-22597000.0,48423000.0,48423000.0,55891000.0,10388000.0,4.093,0.229,3799000.0,3799000.0,0.0,3799000.0,10466000.0,1851000.0,0.0,0.0,0.0,16188000.0,18039000.0,0.156,18039000.0,16188000.0,16188000.0,0.195,0.188,0.195,140382000.0,135271513.0,140382000.0,127764879.0,8.0,7.083,-7968000.0,-0.15,1.0,59673000.0,0.516,0.0,0.0,95758000.0,90973622.0,20438000.0,27479000.0,27479000.0,0.0,32215000.0,32215000.0,0.0,172289011.0,20331000.0,0.0,1123000.0,3716000.0,0.0,6035000.0,-573000.0,25738000.0,14629000.0,240000.0,10388000.0,10388000.0,10388000.0,0.0,0.0,0.09,49483000.0,10190000.0,5497000.0,0.0,1.227,16.585,16.513,25898000.0,0.0,3.22,1.491,1.478,29287000.0,46187000.0,115564000.0,115564000.0,9778000.0,0.064,0.077,0.178,0.14,302000.0,39041000.0,1.0,53505904.0,53036000,55064000.0,2.179,172597000.0,0.0,5800000.0,0.0,3.254,99633000.0
92,HOLX,MRT,1998-06-30,1998-06-27,1998-06-27,2021-07-28,-983516.0,168234382.0,155799399.0,143023906.0,25210476.0,0.741,2.586,-2768028.0,45930265.0,45930265.0,54459375.0,12995502.0,4.722,0.22,1406133.0,1406133.0,0.0,1406133.0,10719359.0,1570306.0,0.0,0.0,0.0,20195502.0,21765808.0,0.189,21765808.0,20195502.0,20195502.0,0.248,0.238,0.248,137946121.0,131867763.0,137946121.0,202029498.0,10.0,9.282,15249602.0,0.286,1.0,60916057.0,0.528,0.0,0.0,93421989.0,91723622.0,17996382.0,42446613.0,42446613.0,0.0,30288261.0,30288261.0,0.0,244906038.0,12627275.0,0.0,1534280.0,1156692.0,0.0,3030972.0,-8184171.0,-2610675.0,18017630.0,-236156.0,12995502.0,12995502.0,12995502.0,0.0,0.0,0.113,46758514.0,14157543.0,5851798.0,0.0,1.775,18.845,18.528,5836504.0,0.0,4.595,2.123,2.124,31760653.0,44871604.0,115375432.0,115375432.0,9544210.0,0.083,0.099,0.22,0.175,461000.0,36786911.0,1.0,53298376.0,53336000,55228000.0,2.163,168234382.0,0.0,7200000.0,0.0,3.154,112735645.0
93,HOLX,MRT,1998-03-31,1998-03-28,1998-03-28,2021-07-28,-1038593.0,159034441.0,,139120271.0,19914170.0,,2.526,-2215648.0,43657350.0,43657350.0,50490673.0,13452805.0,5.411,0.193,780810.0,780810.0,0.0,780810.0,8252547.0,1425036.0,0.0,0.0,0.0,20802805.0,22227841.0,0.206,22227841.0,20802805.0,20802805.0,0.258,0.247,0.258,133323840.0,,133323840.0,330176654.0,16.0,14.854,10892768.0,0.206,1.0,57406696.0,0.532,0.0,0.0,90447300.0,,18441301.0,43367050.0,43367050.0,0.0,25710601.0,25710601.0,0.0,375343546.0,1078020.0,0.0,1705859.0,780740.0,0.0,2826599.0,-14321756.0,-10880209.0,13108416.0,-533239.0,13452805.0,13452805.0,13452805.0,0.0,0.0,0.125,42397476.0,15009220.0,6305798.0,0.0,2.815,27.901,27.616,5154494.0,0.0,7.125,3.479,3.486,29838158.0,40582173.0,107897369.0,107897369.0,9434914.0,,,,0.193,391000.0,32650156.0,1.0,52679796.0,52788000,55036000.0,2.044,159034441.0,0.0,7350000.0,0.0,3.013,113409670.0
94,HOLX,MRT,1997-12-31,1997-12-27,1997-12-27,2021-07-28,-873972.0,151261774.0,,135540888.0,15720886.0,,2.464,-2226150.0,45166892.0,45166892.0,48277534.0,15383705.0,6.21,0.169,0.0,0.0,0.0,0.0,5889740.0,1345213.0,0.0,0.0,0.0,23873705.0,25218918.0,0.239,25218918.0,23873705.0,23873705.0,0.295,0.283,0.295,129434091.0,,129434091.0,,,,10563374.0,0.201,1.0,57422723.0,0.543,0.0,0.0,84267199.0,,16873306.0,41884486.0,41884486.0,0.0,21827683.0,21827683.0,0.0,276568929.0,12001809.0,0.0,1638555.0,-2662083.0,0.0,-553528.0,463178.0,2762244.0,12789524.0,-697365.0,15383705.0,15383705.0,15383705.0,0.0,0.0,0.146,39176795.0,18245928.0,6737980.0,0.0,2.137,17.978,17.797,4896144.0,0.0,5.25,2.617,2.609,27761971.0,37862223.0,105700257.0,105700257.0,9134560.0,,,,0.226,322000.0,29842829.0,1.0,52679796.0,52528000,55160000.0,2.012,151261774.0,0.0,8490000.0,0.0,2.88,113713205.0
95,HOLX,MRT,1997-09-30,1997-09-27,1997-09-27,2021-07-28,-831000.0,144667000.0,,130769000.0,13898000.0,,2.44,-2082000.0,28092000.0,28092000.0,47492000.0,17729000.0,7.306,0.141,83000.0,83000.0,0.0,83000.0,3288000.0,1252000.0,0.0,0.0,0.0,27569000.0,28821000.0,0.27,28821000.0,27569000.0,27569000.0,0.343,0.325,0.343,126767000.0,,126767000.0,,,,10480000.0,0.202,1.0,59197000.0,0.555,0.0,0.0,98758000.0,,13205000.0,56173000.0,56173000.0,0.0,17900000.0,17900000.0,0.0,,-662000.0,0.0,1574000.0,-2452000.0,0.0,-408000.0,-12148000.0,-9961000.0,12562000.0,-668000.0,17729000.0,17729000.0,17729000.0,0.0,0.0,0.166,36974000.0,22223000.0,5232000.0,0.0,,,18.681,4704000.0,0.0,6.407,,3.12,29231000.0,35799000.0,106689000.0,106689000.0,8527000.0,,,,0.258,271000.0,28275000.0,1.0,,51944000,54688000.0,2.054,144667000.0,0.0,9840000.0,0.0,2.785,112869000.0
96,HOLX,MRT,1997-06-30,1997-06-28,1997-06-28,2021-07-28,,,,,,,,,,,,,,,,,,,,,,0.0,0.0,,,,,,,,,,,,,,,,,,1.0,,,,,,,,,,,,,,,,,,,,,,,,,,,,,,,,,,,,,,,,6.625,,,,,,,,,,,,,,1.0,,52141676,,,,,,,,
97,HOLX,MRT,1997-03-31,1997-03-29,1997-03-29,2021-07-28,,,,,,,,,,,,,,,,,,,,,,0.0,0.0,,,,,,,,,,,,,,,,,,1.0,,,,,,,,,,,,,,,,,,,,,,,,,,,,,,,,,,,,,,,,6.0,,,,,,,,,,,,,,1.0,,51817848,,,,,,,,
98,HOLX,MRT,1996-12-31,1996-12-28,1996-12-28,2021-07-28,,,,,,,,,,,,,,,,,,,,,,0.0,0.0,,,,,,,,,,,,,,,,,,1.0,,,,,,,,,,,,,,,,,,,,,,,,,,,,,,,,,,,,,,,,6.188,,,,,,,,,,,,,,1.0,,51516496,,,,,,,,
99,HOLX,MRT,1996-09-30,1996-09-28,1996-09-28,2021-07-28,,,,,,,,-2383000.0,,,41253000.0,11357000.0,,,,,,,,891000.0,,0.0,0.0,17057000.0,17948000.0,0.196,17948000.0,17057000.0,17057000.0,0.242,0.228,0.242,,,,,,,-1300000.0,-0.028,1.0,50338000.0,0.55,,0.0,,,,,,,,,,,15867000.0,0.0,59781000.0,605000.0,0.0,65316000.0,-50558000.0,-48246000.0,1083000.0,26000.0,11357000.0,11357000.0,11357000.0,0.0,0.0,0.124,35864000.0,14474000.0,,0.0,,,29.442,,0.0,7.125,,3.64,,,91591000.0,91591000.0,7283000.0,,,,0.186,110000.0,25585000.0,1.0,,46793484,50095932.0,1.957,,,5700000.0,,,
