None,ticker,dimension,calendardate,datekey,reportperiod,lastupdated,accoci,assets,assetsavg,assetsc,assetsnc,assetturnover,bvps,capex,cashneq,cashnequsd,cor,consolinc,currentratio,de,debt,debtc,debtnc,debtusd,deferredrev,depamor,deposits,divyield,dps,ebit,ebitda,ebitdamargin,ebitdausd,ebitusd,ebt,eps,epsdil,epsusd,equity,equityavg,equityusd,ev,evebit,evebitda,fcf,fcfps,fxusd,gp,grossmargin,intangibles,intexp,invcap,invcapavg,inventory,investments,investmentsc,investmentsnc,liabilities,liabilitiesc,liabilitiesnc,marketcap,ncf,ncfbus,ncfcommon,ncfdebt,ncfdiv,ncff,ncfi,ncfinv,ncfo,ncfx,netinc,netinccmn,netinccmnusd,netincdis,netincnci,netmargin,opex,opinc,payables,payoutratio,pb,pe,pe1,ppnenet,prefdivis,price,ps,ps1,receivables,retearn,revenue,revenueusd,rnd,roa,roe,roic,ros,sbcomp,sgna,sharefactor,sharesbas,shareswa,shareswadil,sps,tangibles,taxassets,taxexp,taxliabilities,tbvps,workingcapital
0,FFIV,MRY,2020-12-31,2020-09-30,2020-09-30,2021-08-05,-18716000.0,4677920000.0,4391903500.0,1793476000.0,2884444000.0,0.535,36.648,-59940000.0,849556000.0,849556000.0,407887000.0,307441000.0,1.392,1.096,727037000.0,19275000.0,707762000.0,727037000.0,1272632000.0,134996000.0,0.0,0.0,0.0,396397000.0,531393000.0,0.226,531393000.0,396397000.0,396397000.0,5.05,5.01,5.05,2232268000.0,2078454750.0,2232268000.0,7534672592.0,19.0,14.179,600958000.0,9.866,1.0,1942935000.0,0.826,1858966000.0,0.0,1408156000.0,1414174500.0,27898000.0,463272000.0,360333000.0,102939000.0,2445652000.0,1288279000.0,1157373000.0,7510222592.0,251139000.0,-955574000.0,-47181000.0,386960000.0,0.0,337243000.0,-747002000.0,268512000.0,660898000.0,-567000.0,307441000.0,307441000.0,307441000.0,0.0,0.0,0.131,1550668000.0,392267000.0,64472000.0,0.0,3.364,24.428,24.311,529919000.0,0.0,122.77,3.195,3.181,296183000.0,1945531000.0,2350822000.0,2350822000.0,441324000.0,0.07,0.148,0.28,0.169,201948000.0,1101544000.0,1.0,61173109.0,60911000,61378000.0,38.594,2818954000.0,45173000.0,88956000.0,602000.0,46.28,505197000.0
1,FFIV,MRY,2019-12-31,2019-09-30,2019-09-30,2021-08-05,-19190000.0,3390275000.0,3112420500.0,1511586000.0,1878689000.0,0.72,29.337,-103542000.0,599219000.0,599219000.0,356577000.0,427734000.0,1.367,0.925,0.0,0.0,0.0,0.0,1198116000.0,68507000.0,0.0,0.0,0.0,541111000.0,609618000.0,0.272,609618000.0,541111000.0,541111000.0,7.12,7.08,7.12,1761497000.0,1565468750.0,1761497000.0,7755107549.0,14.0,12.721,644299000.0,10.73,1.0,1885870000.0,0.841,1065379000.0,0.0,620151000.0,603143250.0,34401000.0,731465000.0,373063000.0,358402000.0,1628778000.0,1105526000.0,523252000.0,8443457549.0,177760000.0,-611550000.0,-155447000.0,0.0,0.0,-155447000.0,-414634000.0,300458000.0,747841000.0,-1400000.0,427734000.0,427734000.0,427734000.0,0.0,0.0,0.191,1367407000.0,518463000.0,62627000.0,0.0,4.793,19.74,19.722,223426000.0,0.0,140.42,3.765,3.76,322029000.0,1638090000.0,2242447000.0,2242447000.0,408058000.0,0.137,0.273,0.897,0.241,162914000.0,959349000.0,1.0,60130021.0,60044000,60456000.0,37.347,2324896000.0,27701000.0,113377000.0,313000.0,38.72,406060000.0
2,FFIV,MRY,2018-12-31,2018-09-30,2018-09-30,2021-08-05,-22178000.0,2605476000.0,2544356750.0,1417658000.0,1187818000.0,0.849,20.984,-52465000.0,424707000.0,424707000.0,361481000.0,453689000.0,1.485,1.027,0.0,0.0,0.0,0.0,1015321000.0,59491000.0,0.0,0.0,0.0,603760000.0,663251000.0,0.307,663251000.0,603760000.0,603760000.0,7.41,7.32,7.41,1285492000.0,1251314750.0,1285492000.0,11529121973.0,19.0,17.383,708603000.0,11.567,1.0,1799926000.0,0.833,555965000.0,0.0,670371000.0,478968500.0,30568000.0,1025889000.0,614705000.0,411184000.0,1319984000.0,954433000.0,365551000.0,12128389973.0,-246218000.0,0.0,-551263000.0,0.0,0.0,-551263000.0,-456023000.0,-403558000.0,761068000.0,-2340000.0,453689000.0,453689000.0,453689000.0,0.0,0.0,0.21,1209027000.0,590899000.0,57757000.0,0.0,9.435,26.733,26.912,145042000.0,0.0,199.42,5.611,5.652,295352000.0,1287243000.0,2161407000.0,2161407000.0,366084000.0,0.178,0.363,1.261,0.279,157855000.0,824517000.0,1.0,60818323.0,61262000,62013000.0,35.281,2049511000.0,33441000.0,150071000.0,35000.0,33.455,463225000.0
3,FFIV,MRY,2017-12-31,2017-09-30,2017-09-30,2021-08-05,-17997000.0,2476489000.0,2420018250.0,1406224000.0,1070265000.0,0.864,19.157,-38681000.0,673228000.0,673228000.0,353485000.0,420761000.0,1.505,1.014,0.0,0.0,0.0,0.0,964306000.0,61148000.0,0.0,0.0,0.0,575517000.0,636665000.0,0.305,636665000.0,575517000.0,575517000.0,6.56,6.5,6.56,1229392000.0,1203399250.0,1229392000.0,6970265252.0,12.0,10.948,701600000.0,10.933,1.0,1736556000.0,0.831,555965000.0,0.0,312753000.0,296195250.0,29834000.0,628502000.0,343700000.0,284802000.0,1247097000.0,934543000.0,312554000.0,7661177252.0,162037000.0,0.0,-553051000.0,0.0,0.0,-546032000.0,-32212000.0,10469000.0,740281000.0,-3307000.0,420761000.0,420761000.0,420761000.0,0.0,0.0,0.201,1172600000.0,563956000.0,50760000.0,0.0,6.232,18.208,18.378,122420000.0,0.0,120.56,3.666,3.702,291924000.0,1229762000.0,2090041000.0,2090041000.0,350365000.0,0.174,0.35,1.943,0.275,175326000.0,809126000.0,1.0,63546593.0,64173000,64775000.0,32.569,1920524000.0,53303000.0,154756000.0,63000.0,29.927,471681000.0
4,FFIV,MRY,2016-12-31,2016-09-30,2016-09-30,2021-08-05,-13194000.0,2306323000.0,2279581750.0,1288801000.0,1017522000.0,0.875,17.577,-63488000.0,514571000.0,514571000.0,337205000.0,365855000.0,1.527,0.946,0.0,0.0,0.0,0.0,870241000.0,56776000.0,0.0,0.0,0.0,549891000.0,606667000.0,0.304,606667000.0,549891000.0,549891000.0,5.43,5.38,5.43,1185262000.0,1203962250.0,1185262000.0,7822149080.0,14.0,12.894,648047000.0,9.61,1.0,1657829000.0,0.831,555965000.0,0.0,391549000.0,468002750.0,34051000.0,644199000.0,367824000.0,276375000.0,1121061000.0,844238000.0,276823000.0,8251746080.0,121608000.0,0.0,-655255000.0,0.0,0.0,-652647000.0,62720000.0,130961000.0,711535000.0,2503000.0,365855000.0,365855000.0,365855000.0,0.0,0.0,0.183,1110452000.0,547377000.0,34117000.0,0.0,6.962,22.555,22.954,123248000.0,0.0,124.64,4.136,4.213,268175000.0,1185265000.0,1995034000.0,1995034000.0,334227000.0,0.16,0.304,1.175,0.276,156760000.0,767174000.0,1.0,66204638.0,67433000,67984000.0,29.585,1750358000.0,53645000.0,184036000.0,4212000.0,25.957,444563000.0
5,FFIV,MRY,2015-12-31,2015-09-30,2015-09-30,2021-08-05,-15288000.0,2312290000.0,2258086000.0,1188140000.0,1124150000.0,0.85,18.302,-60307000.0,390460000.0,390460000.0,332261000.0,365014000.0,1.573,0.756,0.0,0.0,0.0,0.0,783310000.0,52583000.0,0.0,0.0,0.0,561344000.0,613927000.0,0.32,613927000.0,561344000.0,561344000.0,5.07,5.03,5.07,1316728000.0,1330250750.0,1316728000.0,7660095243.0,14.0,12.477,624234000.0,8.677,1.0,1587562000.0,0.827,555965000.0,0.0,610742000.0,587597250.0,33717000.0,781538000.0,383882000.0,397656000.0,995562000.0,755123000.0,240439000.0,8222275243.0,116940000.0,0.0,-566419000.0,0.0,0.0,-556902000.0,-10699000.0,56744000.0,684541000.0,-7982000.0,365014000.0,365014000.0,365014000.0,0.0,0.0,0.19,1034663000.0,552899000.0,50814000.0,0.0,6.244,22.526,22.84,95909000.0,0.0,115.8,4.283,4.34,279434000.0,1321857000.0,1919823000.0,1919823000.0,296583000.0,0.162,0.274,0.955,0.292,145553000.0,738080000.0,1.0,71004104.0,71944000,72547000.0,26.685,1756325000.0,56620000.0,196330000.0,901000.0,24.412,433017000.0
6,FFIV,MRY,2014-12-31,2014-09-30,2014-09-30,2021-08-05,-9584000.0,2184950000.0,2185368500.0,998848000.0,1186102000.0,0.793,18.162,-22718000.0,281502000.0,281502000.0,309959000.0,311183000.0,1.568,0.596,0.0,0.0,0.0,0.0,636749000.0,46121000.0,0.0,0.0,0.0,497342000.0,543463000.0,0.314,543463000.0,497342000.0,497342000.0,4.13,4.09,4.13,1369310000.0,1409758250.0,1369310000.0,8554776715.0,17.0,15.741,526274000.0,6.98,1.0,1422087000.0,0.821,556957000.0,0.0,709510000.0,782892000.0,24471000.0,846794000.0,363877000.0,482917000.0,815640000.0,636981000.0,178659000.0,8796749715.0,94673000.0,-49439000.0,-615243000.0,0.0,0.0,-604960000.0,150641000.0,222739000.0,548992000.0,-2864000.0,311183000.0,311183000.0,311183000.0,0.0,0.0,0.18,928530000.0,493557000.0,43772000.0,0.0,6.424,28.269,28.751,66791000.0,0.0,118.74,5.079,5.169,242242000.0,1363141000.0,1732046000.0,1732046000.0,263792000.0,0.142,0.221,0.635,0.287,127156000.0,664738000.0,1.0,74084131.0,75395000,76092000.0,22.973,1627993000.0,46724000.0,186159000.0,3629000.0,21.593,361867000.0
7,FFIV,MRY,2013-12-31,2013-09-30,2013-09-30,2021-08-05,-7414000.0,2230554000.0,2120479500.0,816371000.0,1414183000.0,0.699,19.585,-26583000.0,189693000.0,189693000.0,253047000.0,277314000.0,1.481,0.45,0.0,0.0,0.0,0.0,531373000.0,40005000.0,0.0,0.0,0.0,438092000.0,478097000.0,0.323,478097000.0,438092000.0,438092000.0,3.53,3.5,3.53,1538712000.0,1460344000.0,1538712000.0,6520798827.0,15.0,13.639,473110000.0,6.022,1.0,1228267000.0,0.829,523727000.0,0.0,965784000.0,945134000.0,19026000.0,1081431000.0,352450000.0,728981000.0,691842000.0,551350000.0,140492000.0,6719078827.0,-19095000.0,-212642000.0,-170409000.0,0.0,0.0,-166318000.0,-352470000.0,-112633000.0,499693000.0,-2393000.0,277314000.0,277314000.0,277314000.0,0.0,0.0,0.187,797449000.0,430818000.0,37313000.0,0.0,4.367,24.229,24.308,63522000.0,0.0,85.808,4.536,4.551,204205000.0,1283621000.0,1481314000.0,1481314000.0,209614000.0,0.131,0.19,0.464,0.296,104212000.0,585442000.0,1.0,78303641.0,78565000,79136000.0,18.855,1706827000.0,38731000.0,160778000.0,5346000.0,21.725,265021000.0
8,FFIV,MRY,2012-12-31,2012-09-30,2012-09-30,2021-08-05,-3829000.0,1911201000.0,1801556750.0,776081000.0,1135120000.0,0.764,16.799,-29867000.0,211181000.0,211181000.0,236168000.0,275186000.0,1.665,0.438,0.0,0.0,0.0,0.0,447288000.0,35139000.0,0.0,0.0,0.0,432214000.0,467353000.0,0.339,467353000.0,432214000.0,432214000.0,3.48,3.45,3.48,1329400000.0,1249744000.0,1329400000.0,8073834995.0,19.0,17.276,465570000.0,5.883,1.0,1141079000.0,0.829,348239000.0,0.0,885752000.0,818612750.0,17410000.0,983773000.0,320970000.0,662803000.0,581801000.0,466029000.0,115772000.0,8269441995.0,-6073000.0,-128335000.0,-159602000.0,0.0,0.0,-149231000.0,-352279000.0,-193808000.0,495437000.0,470000.0,275186000.0,275186000.0,275186000.0,0.0,0.0,0.2,714776000.0,426303000.0,27026000.0,0.0,6.22,30.05,30.069,59604000.0,0.0,104.64,6.004,6.012,185172000.0,1006307000.0,1377247000.0,1377247000.0,177406000.0,0.153,0.22,0.528,0.314,95348000.0,537370000.0,1.0,79027542.0,79135000,79780000.0,17.404,1562962000.0,45840000.0,157028000.0,0.0,19.751,310052000.0
9,FFIV,MRY,2011-12-31,2011-09-30,2011-09-30,2021-08-05,-6422000.0,1568549000.0,1545010750.0,763673000.0,804876000.0,0.746,13.705,-30445000.0,216784000.0,216784000.0,208004000.0,241397000.0,2.051,0.419,0.0,0.0,0.0,0.0,343298000.0,20887000.0,0.0,0.0,0.0,360751000.0,381638000.0,0.331,381638000.0,360751000.0,360751000.0,2.99,2.96,2.99,1105436000.0,1114501500.0,1105436000.0,5435839332.0,15.0,14.243,386493000.0,4.792,1.0,943830000.0,0.819,234691000.0,0.0,744767000.0,739760250.0,17149000.0,795969000.0,325766000.0,470203000.0,463113000.0,372307000.0,90806000.0,5735643332.0,50555000.0,0.0,-250287000.0,0.0,0.0,-226664000.0,-139719000.0,-103578000.0,416938000.0,-2525000.0,241397000.0,241397000.0,241397000.0,0.0,0.0,0.21,593168000.0,350662000.0,33525000.0,0.0,5.189,23.76,23.763,47998000.0,0.0,71.05,4.98,4.975,165676000.0,731121000.0,1151834000.0,1151834000.0,138910000.0,0.156,0.217,0.488,0.313,89747000.0,454258000.0,1.0,80726859.0,80658000,81482000.0,14.28,1333858000.0,43153000.0,119354000.0,0.0,16.537,391366000.0
10,FFIV,MRY,2010-12-31,2010-09-30,2010-09-30,2021-08-05,-3241000.0,1362192000.0,1239079750.0,605955000.0,756237000.0,0.712,12.608,-12625000.0,168754000.0,168754000.0,171952000.0,151153000.0,2.111,0.357,0.0,0.0,0.0,0.0,259393000.0,23833000.0,0.0,0.0,0.0,237627000.0,261460000.0,0.296,261460000.0,237627000.0,237627000.0,1.9,1.86,1.9,1003698000.0,920411000.0,1003698000.0,8206796916.0,35.0,31.388,300987000.0,3.781,1.0,710020000.0,0.805,234700000.0,0.0,671653000.0,595727750.0,18815000.0,693312000.0,259742000.0,433570000.0,358494000.0,287085000.0,71409000.0,8353345916.0,58591000.0,0.0,-43330000.0,0.0,0.0,-16798000.0,-238223000.0,-228128000.0,313612000.0,-674000.0,151153000.0,151153000.0,151153000.0,0.0,0.0,0.171,480018000.0,230002000.0,21180000.0,0.0,8.323,55.264,54.637,34157000.0,0.0,103.81,9.471,9.37,112132000.0,489724000.0,881972000.0,881972000.0,118314000.0,0.122,0.164,0.399,0.269,70773000.0,361704000.0,1.0,80467642.0,79609000,81049000.0,11.079,1127492000.0,46631000.0,86474000.0,0.0,14.163,318870000.0
11,FFIV,MRY,2009-12-31,2009-09-30,2009-09-30,2021-08-05,-2337000.0,1068645000.0,1013903500.0,468182000.0,600463000.0,0.644,10.134,-11669000.0,113566000.0,113566000.0,142726000.0,91535000.0,2.099,0.337,0.0,0.0,0.0,0.0,183129000.0,26407000.0,0.0,0.0,0.0,131648000.0,158055000.0,0.242,158055000.0,131648000.0,131648000.0,1.16,1.14,1.16,799020000.0,764639500.0,799020000.0,3029010904.0,23.0,19.164,190312000.0,2.414,1.0,510353000.0,0.781,231883000.0,0.0,500182000.0,460915000.0,13819000.0,463585000.0,206291000.0,257294000.0,269625000.0,223014000.0,46611000.0,3120030904.0,32166000.0,0.0,-68748000.0,0.0,0.0,-70706000.0,-99109000.0,-86747000.0,201981000.0,368000.0,91535000.0,91535000.0,91535000.0,0.0,0.0,0.14,388429000.0,121924000.0,18891000.0,0.0,3.905,34.086,34.164,39371000.0,0.0,39.63,4.777,4.784,106973000.0,338571000.0,653079000.0,653079000.0,103664000.0,0.09,0.12,0.286,0.202,56064000.0,280436000.0,1.0,78729016.0,78842000,80073000.0,8.283,836762000.0,57028000.0,40113000.0,0.0,10.613,245168000.0
12,FFIV,MRY,2008-12-31,2008-09-30,2008-09-30,2021-08-05,-6076000.0,939223000.0,951021500.0,323369000.0,615854000.0,0.684,8.728,-27923000.0,81051000.0,81051000.0,149018000.0,74331000.0,1.731,0.308,0.0,0.0,0.0,0.0,144999000.0,23623000.0,0.0,0.0,0.0,118264000.0,141887000.0,0.218,141887000.0,118264000.0,118264000.0,0.9,0.89,0.9,718259000.0,751343250.0,718259000.0,1769902408.0,15.0,12.474,165769000.0,2.014,1.0,501155000.0,0.771,231892000.0,0.0,439459000.0,446971750.0,10148000.0,372969000.0,111883000.0,261086000.0,220964000.0,186821000.0,34143000.0,1881860408.0,25683000.0,-995000.0,-181498000.0,0.0,0.0,-181719000.0,13710000.0,41412000.0,193692000.0,-1676000.0,74331000.0,74331000.0,74331000.0,0.0,0.0,0.114,401841000.0,99314000.0,13092000.0,0.0,2.62,25.317,25.978,47557000.0,0.0,23.38,2.894,2.959,97057000.0,247036000.0,650173000.0,650173000.0,103394000.0,0.078,0.099,0.265,0.182,60582000.0,293176000.0,1.0,80490180.0,82290000,83428000.0,7.901,707331000.0,52827000.0,43933000.0,0.0,8.596,136548000.0
13,FFIV,MRY,2007-12-31,2007-09-30,2007-09-30,2021-08-05,-564000.0,944288000.0,863692000.0,386650000.0,557638000.0,0.609,9.261,-16454000.0,58255000.0,58255000.0,118324000.0,77000000.0,2.52,0.225,0.0,0.0,0.0,0.0,100517000.0,15862000.0,0.0,0.0,0.0,127693000.0,143555000.0,0.273,143555000.0,127693000.0,127693000.0,0.93,0.9,0.93,770577000.0,716370500.0,770577000.0,3080530824.0,24.0,21.459,153196000.0,1.841,1.0,407343000.0,0.775,233997000.0,0.0,498626000.0,565234250.0,10672000.0,420535000.0,204169000.0,216366000.0,173711000.0,153410000.0,20301000.0,3132516824.0,16995000.0,-207144000.0,23289000.0,0.0,0.0,35486000.0,-188141000.0,35457000.0,169650000.0,-445000.0,77000000.0,77000000.0,77000000.0,0.0,0.0,0.146,307841000.0,99502000.0,25525000.0,0.0,4.065,40.682,39.989,36024000.0,0.0,37.19,5.959,5.887,91774000.0,172705000.0,525667000.0,525667000.0,69030000.0,0.089,0.107,0.226,0.243,41212000.0,224811000.0,1.0,84230084.0,83205000,85137000.0,6.318,710291000.0,43341000.0,50693000.0,0.0,8.537,233240000.0
14,FFIV,MRY,2006-12-31,2006-09-30,2006-09-30,2021-08-05,-1038000.0,729511000.0,657462250.0,462975000.0,266536000.0,0.599,7.679,-21400000.0,41675000.0,41675000.0,88153000.0,66005000.0,4.647,0.183,0.0,0.0,0.0,0.0,60320000.0,11585000.0,0.0,0.0,0.0,107569000.0,119154000.0,0.302,119154000.0,107569000.0,107569000.0,0.82,0.8,0.82,616458000.0,555974750.0,616458000.0,2151356159.0,20.0,18.055,103978000.0,1.295,1.0,305896000.0,0.776,81701000.0,0.0,506498000.0,457129250.0,5763000.0,454430000.0,336427000.0,118003000.0,113053000.0,99637000.0,13416000.0,2178229159.0,-13886000.0,-42778000.0,44258000.0,0.0,0.0,65145000.0,-204409000.0,-140231000.0,125378000.0,-235000.0,66005000.0,66005000.0,66005000.0,0.0,0.0,0.168,215758000.0,90138000.0,13174000.0,0.0,3.533,33.001,32.756,29951000.0,0.0,26.86,5.528,5.472,62750000.0,95705000.0,394049000.0,394049000.0,49171000.0,0.1,0.119,0.235,0.273,24818000.0,166587000.0,1.0,81095650.0,80278000,83020000.0,4.909,647810000.0,23339000.0,41564000.0,0.0,8.07,363338000.0
15,FFIV,MRY,2005-12-31,2005-09-30,2005-09-30,2021-08-05,-1430000.0,537739000.0,477136000.0,294664000.0,243075000.0,0.59,6.182,-9293000.0,55738000.0,55738000.0,65184000.0,46902000.0,4.358,0.169,0.0,0.0,0.0,0.0,39323000.0,6797000.0,0.0,0.0,0.0,77434000.0,84231000.0,0.299,84231000.0,77434000.0,77434000.0,0.63,0.61,0.63,460167000.0,412582250.0,460167000.0,1653910651.0,21.0,19.635,75694000.0,1.017,1.0,216226000.0,0.768,49677000.0,0.0,364716000.0,334029750.0,2699000.0,313148000.0,184314000.0,128834000.0,77572000.0,67608000.0,9964000.0,1671772651.0,27094000.0,-395000.0,68867000.0,0.0,0.0,68867000.0,-126760000.0,-114813000.0,84987000.0,-128000.0,46902000.0,46902000.0,46902000.0,0.0,0.0,0.167,146868000.0,69358000.0,7668000.0,0.0,3.633,35.644,34.5,16158000.0,0.0,21.735,5.941,5.749,41703000.0,29700000.0,281410000.0,281410000.0,31516000.0,0.098,0.114,0.232,0.275,37559000.0,115352000.0,1.0,76916156.0,74440000,77522000.0,3.78,488062000.0,40387000.0,30532000.0,0.0,6.556,227056000.0
16,FFIV,MRY,2004-12-31,2004-09-30,2004-09-30,2021-08-05,-498000.0,360593000.0,310944000.0,173812000.0,186781000.0,0.551,4.632,-5775000.0,31144000.0,31144000.0,39399000.0,36328000.0,3.728,0.172,0.0,0.0,0.0,0.0,28064000.0,5355000.0,0.0,0.0,0.0,27877000.0,33232000.0,0.194,33232000.0,27877000.0,27877000.0,0.545,0.505,0.545,307745000.0,263549000.0,307745000.0,1024255715.0,37.0,30.821,34815000.0,0.524,1.0,131791000.0,0.77,50067000.0,0.0,232762000.0,199486250.0,1696000.0,197392000.0,115600000.0,81792000.0,52848000.0,46620000.0,6228000.0,1052678715.0,14345000.0,-29201000.0,138468000.0,0.0,0.0,138468000.0,-164713000.0,-129737000.0,40590000.0,205000.0,36328000.0,36328000.0,36328000.0,0.0,0.0,0.212,106645000.0,25146000.0,4840000.0,0.0,3.421,28.977,27.945,11954000.0,0.0,15.23,6.149,5.911,22665000.0,-17202000.0,171190000.0,171190000.0,24438000.0,0.117,0.138,0.14,0.163,22877000.0,82207000.0,1.0,69118760.0,66442000,71922000.0,2.577,310526000.0,31620000.0,-8451000.0,0.0,4.674,127192000.0
17,FFIV,MRY,2003-12-31,2003-09-30,2003-09-30,2021-08-05,195000.0,148173000.0,137660250.0,69744000.0,78429000.0,0.842,2.087,-2570000.0,16351000.0,16351000.0,26975000.0,2256000.0,1.937,0.342,0.0,0.0,0.0,0.0,19147000.0,5162000.0,0.0,0.0,0.0,3109000.0,8271000.0,0.071,8271000.0,3109000.0,3109000.0,0.045,0.04,0.045,110429000.0,102458750.0,110429000.0,493728639.0,159.0,59.694,12040000.0,0.228,1.0,88920000.0,0.767,24188000.0,0.0,71625000.0,78812250.0,762000.0,68659000.0,34527000.0,34132000.0,37744000.0,36009000.0,1735000.0,518726639.0,-10610000.0,-27373000.0,12833000.0,0.0,0.0,12833000.0,-38053000.0,-8110000.0,14610000.0,160000.0,2256000.0,2256000.0,2256000.0,0.0,0.0,0.019,86562000.0,2358000.0,3714000.0,0.0,4.697,229.932,213.778,10079000.0,0.0,9.62,4.476,4.392,19325000.0,-31465000.0,115895000.0,115895000.0,19455000.0,0.016,0.022,0.039,0.027,1914000.0,67107000.0,1.0,53921688.0,52906000,56350000.0,2.191,123985000.0,0.0,853000.0,0.0,2.343,33735000.0
18,FFIV,MRY,2002-12-31,2002-09-30,2002-09-30,2021-08-05,454000.0,126289000.0,125621750.0,105799000.0,20490000.0,0.862,1.85,-3169000.0,26801000.0,26801000.0,30479000.0,-8610000.0,3.381,0.348,0.0,0.0,0.0,0.0,14058000.0,5612000.0,0.0,0.0,0.0,-8121000.0,-2509000.0,-0.023,-2509000.0,-8121000.0,-8121000.0,-0.17,-0.17,-0.17,93685000.0,94809000.0,93685000.0,169331888.0,-21.0,-67.49,6336000.0,0.125,1.0,77787000.0,0.718,0.0,0.0,68199000.0,69805000.0,349000.0,60878000.0,59532000.0,1346000.0,32604000.0,31289000.0,1315000.0,193827888.0,2325000.0,0.0,5483000.0,0.0,0.0,5483000.0,-12663000.0,-9494000.0,9505000.0,155000.0,-8610000.0,-8610000.0,-8610000.0,0.0,0.0,-0.08,87328000.0,-9541000.0,3685000.0,0.0,2.069,-22.512,-22.206,12211000.0,0.0,3.775,1.79,1.766,20404000.0,-35552000.0,108266000.0,108266000.0,17985000.0,-0.069,-0.091,-0.116,-0.075,443000.0,65626000.0,1.0,51345136.0,50646000,50646000.0,2.138,126289000.0,0.0,489000.0,0.0,2.494,74510000.0
19,FFIV,MRY,2001-12-31,2001-09-30,2001-09-30,2021-08-05,573000.0,124663000.0,119063000.0,101898000.0,22765000.0,0.902,2.131,-8084000.0,24321000.0,24321000.0,45505000.0,-30790000.0,3.773,0.292,0.0,0.0,0.0,0.0,11031000.0,5348000.0,0.0,0.0,0.0,-26695000.0,-21347000.0,-0.199,-21347000.0,-26695000.0,-26695000.0,-0.68,-0.68,-0.68,96488000.0,89076750.0,96488000.0,155114404.0,-6.0,-7.266,-19917000.0,-0.44,1.0,61862000.0,0.576,0.0,0.0,73334000.0,44800000.0,2602000.0,51462000.0,51462000.0,0.0,28175000.0,27008000.0,1167000.0,230138404.0,-199000.0,0.0,36155000.0,188000.0,0.0,36343000.0,-24709000.0,-16625000.0,-11833000.0,-16000.0,-30790000.0,-30790000.0,-30790000.0,0.0,0.0,-0.287,90578000.0,-28716000.0,4460000.0,0.0,2.385,-7.474,-6.824,15496000.0,0.0,4.64,2.143,1.957,22628000.0,-26942000.0,107367000.0,107367000.0,17435000.0,-0.259,-0.346,-0.596,-0.249,2625000.0,69543000.0,1.0,49598794.0,45288000,45288000.0,2.371,124663000.0,0.0,4095000.0,0.0,2.753,74890000.0
20,FFIV,MRY,2000-12-31,2000-09-30,2000-09-30,2021-08-05,-52000.0,122420000.0,102028750.0,100815000.0,21605000.0,1.065,2.074,-13334000.0,59199000.0,59199000.0,32571000.0,13650000.0,2.922,0.396,0.0,0.0,0.0,0.0,16199000.0,2335000.0,0.0,0.0,0.0,15755000.0,18090000.0,0.167,18090000.0,15755000.0,15755000.0,0.325,0.295,0.325,87685000.0,79227500.0,87685000.0,669126240.0,42.0,36.989,-3486000.0,-0.082,1.0,76074000.0,0.7,0.0,0.0,28724000.0,17075500.0,5231000.0,0.0,0.0,0.0,34735000.0,34497000.0,238000.0,731437240.0,1223000.0,0.0,34803000.0,281000.0,0.0,35084000.0,-43709000.0,-30375000.0,9848000.0,-187000.0,13650000.0,13650000.0,13650000.0,0.0,0.0,0.126,63222000.0,12852000.0,10561000.0,0.0,8.342,53.585,52.308,13524000.0,0.0,17.0,6.732,6.615,37768000.0,3848000.0,108645000.0,108645000.0,14478000.0,0.134,0.172,0.923,0.145,7027000.0,46617000.0,1.0,43025720.0,42274000,46132000.0,2.57,122420000.0,3398000.0,2105000.0,0.0,2.896,66318000.0
21,FFIV,MRY,1999-12-31,1999-09-30,1999-09-30,2021-08-05,-3000.0,42846000.0,26139000.0,36749000.0,6097000.0,1.065,1.561,-2631000.0,27810000.0,27810000.0,7200000.0,-4344000.0,3.38,0.34,0.0,0.0,0.0,0.0,4365000.0,573000.0,0.0,0.0,0.0,-4344000.0,-3771000.0,-0.136,-3771000.0,-4344000.0,-4344000.0,-0.21,-0.21,-0.21,31973000.0,15946500.0,31973000.0,1225031756.0,-282.0,-324.856,-4620000.0,-0.226,1.0,20625000.0,0.741,0.0,0.0,4163000.0,2782500.0,618000.0,0.0,0.0,0.0,10873000.0,10873000.0,0.0,1251979756.0,18592000.0,0.0,26225000.0,0.0,0.0,26225000.0,-5644000.0,-3013000.0,-1989000.0,-1000.0,-4344000.0,-4344000.0,-4344000.0,0.0,0.0,-0.156,25503000.0,-4878000.0,2700000.0,0.0,39.157,-288.209,-161.905,2834000.0,0.0,34.0,44.995,25.02,9603000.0,-9802000.0,27825000.0,27825000.0,5642000.0,-0.166,-0.272,-1.561,-0.156,2487000.0,17374000.0,1.0,36822934.0,20476000,20476000.0,1.359,42846000.0,0.0,0.0,0.0,2.092,25876000.0
22,FFIV,MRY,1998-12-31,1998-09-28,1998-09-28,2021-08-05,0.0,9432000.0,5175500.0,8587000.0,845000.0,0.945,-0.007,-731000.0,6206000.0,6206000.0,1405000.0,-3672000.0,4.708,-118.9,0.0,0.0,0.0,0.0,788000.0,323000.0,0.0,,0.0,-3672000.0,-3349000.0,-0.685,-3349000.0,-3672000.0,-3672000.0,-0.3,-0.3,-0.3,-80000.0,-155500.0,-80000.0,,,,-4285000.0,-0.352,1.0,3484000.0,0.713,0.0,0.0,1402000.0,963500.0,99000.0,0.0,0.0,0.0,9512000.0,1824000.0,7688000.0,,6063000.0,0.0,-39000.0,-19000.0,0.0,10358000.0,-741000.0,0.0,-3554000.0,0.0,-3672000.0,-3672000.0,-3672000.0,0.0,0.0,-0.751,7152000.0,-3668000.0,559000.0,0.0,,,,682000.0,0.0,,,,2032000.0,-5458000.0,4889000.0,4889000.0,1810000.0,-0.709,23.614,-3.811,-0.751,420000.0,4922000.0,1.0,,12172000,12172000.0,0.402,9432000.0,0.0,0.0,0.0,0.775,6763000.0
23,FFIV,MRY,1997-12-31,1997-09-28,1997-09-28,2021-08-05,0.0,919000.0,,617000.0,302000.0,,-0.019,-98000.0,143000.0,143000.0,71000.0,-1456000.0,0.661,-4.978,735000.0,519000.0,216000.0,735000.0,184000.0,59000.0,0.0,,0.0,-1428000.0,-1369000.0,-5.978,-1369000.0,-1428000.0,-1456000.0,-0.12,-0.12,-0.12,-231000.0,,-231000.0,,,,-1577000.0,-0.131,1.0,158000.0,0.69,52000.0,28000.0,525000.0,,77000.0,0.0,0.0,0.0,1150000.0,934000.0,216000.0,,-481000.0,0.0,0.0,786000.0,0.0,1096000.0,-98000.0,0.0,-1479000.0,0.0,-1456000.0,-1456000.0,-1456000.0,0.0,0.0,-6.358,1586000.0,-1428000.0,117000.0,0.0,,,,196000.0,0.0,,,,329000.0,-1786000.0,229000.0,229000.0,569000.0,,,,-6.236,69000.0,948000.0,1.0,,12000000,12000000.0,0.019,867000.0,0.0,0.0,0.0,0.072,-317000.0
0,FFIV,MRQ,2021-06-30,2021-06-30,2021-06-30,2021-08-05,-18935000.0,4785121000.0,,1466711000.0,3318410000.0,,36.423,-9444000.0,583811000.0,583811000.0,120904000.0,89604000.0,1.082,1.183,682022000.0,19275000.0,662747000.0,682022000.0,1440610000.0,38322000.0,0.0,0.0,0.0,94249000.0,132571000.0,0.203,132571000.0,94249000.0,94249000.0,1.49,1.46,1.49,2192169000.0,,2192169000.0,11294365621.0,31.0,22.111,172860000.0,2.872,1.0,530611000.0,0.814,2209639000.0,0.0,1318729000.0,,22649000.0,279330000.0,184108000.0,95222000.0,2592952000.0,1354964000.0,1237988000.0,11127714621.0,51069000.0,0.0,36011000.0,-5000000.0,0.0,28019000.0,-159254000.0,-149810000.0,182304000.0,613000.0,89604000.0,89604000.0,89604000.0,0.0,0.0,0.138,434199000.0,96412000.0,49372000.0,0.0,5.076,37.318,38.094,449943000.0,0.0,186.66,4.387,4.43,382897000.0,2077110000.0,651515000.0,651515000.0,133283000.0,,,,,61468000.0,300916000.0,1.0,59614886.0,60186000,61351000.0,10.825,2575482000.0,128809000.0,4645000.0,1923000.0,42.792,111747000.0
1,FFIV,MRQ,2021-03-31,2021-03-31,2021-03-31,2021-08-05,-19194000.0,4519192000.0,,1335648000.0,3183544000.0,,33.096,-9393000.0,532166000.0,532166000.0,128585000.0,43241000.0,1.006,1.251,698817000.0,19275000.0,679542000.0,698817000.0,1366903000.0,38242000.0,0.0,0.0,0.0,52124000.0,90366000.0,0.14,90366000.0,52124000.0,52124000.0,0.71,0.7,0.71,2007819000.0,,2007819000.0,12546736860.0,35.0,24.944,119083000.0,1.963,1.0,516702000.0,0.801,2209639000.0,0.0,1149100000.0,,24571000.0,130183000.0,111105000.0,19078000.0,2511373000.0,1327104000.0,1184269000.0,12861593860.0,-493560000.0,-410072000.0,-498509000.0,-5000000.0,0.0,-506956000.0,-115080000.0,304385000.0,128476000.0,-1161000.0,43241000.0,43241000.0,43241000.0,0.0,0.0,0.067,463201000.0,53501000.0,53567000.0,0.0,6.406,46.189,45.75,467988000.0,0.0,208.62,5.211,5.128,374404000.0,1987506000.0,645287000.0,645287000.0,140453000.0,,,,,63220000.0,322748000.0,1.0,61650819.0,60667000,62158000.0,10.637,2309553000.0,68624000.0,8883000.0,1888000.0,38.069,8544000.0
2,FFIV,MRQ,2020-12-31,2020-12-31,2020-12-31,2021-08-05,-17855000.0,4899339000.0,,2029810000.0,2869529000.0,,39.088,-4697000.0,1026829000.0,1026829000.0,114979000.0,87678000.0,1.539,1.04,711972000.0,19275000.0,692697000.0,711972000.0,1358825000.0,37358000.0,0.0,0.0,0.0,117065000.0,154423000.0,0.247,154423000.0,117065000.0,117065000.0,1.43,1.41,1.43,2401590000.0,,2401590000.0,10715930766.0,28.0,20.197,132666000.0,2.159,1.0,509638000.0,0.816,1863892000.0,0.0,1401341000.0,,26455000.0,435268000.0,346515000.0,88753000.0,2497749000.0,1319249000.0,1178500000.0,10838449766.0,175721000.0,-1247000.0,27196000.0,-5000000.0,0.0,17715000.0,20643000.0,26587000.0,137363000.0,1655000.0,87678000.0,87678000.0,87678000.0,0.0,0.0,0.14,391890000.0,117748000.0,57542000.0,0.0,4.513,36.543,36.202,501693000.0,0.0,175.94,4.505,4.493,346670000.0,2033209000.0,624617000.0,624617000.0,114191000.0,,,,,58069000.0,277699000.0,1.0,61603102.0,61440000,62282000.0,10.166,3035447000.0,47236000.0,29387000.0,1965000.0,49.405,710561000.0
3,FFIV,MRQ,2020-09-30,2020-09-30,2020-09-30,2021-08-05,-18716000.0,4677920000.0,,1793476000.0,2884444000.0,,36.504,-12083000.0,849556000.0,849556000.0,111967000.0,77663000.0,1.392,1.096,727037000.0,19275000.0,707762000.0,727037000.0,1272632000.0,35928000.0,0.0,0.0,0.0,97523000.0,133451000.0,0.217,133451000.0,97523000.0,97523000.0,1.27,1.25,1.27,2232268000.0,,2232268000.0,7534672592.0,19.0,14.179,163821000.0,2.679,1.0,502849000.0,0.818,1858966000.0,0.0,1408156000.0,,27898000.0,463272000.0,360333000.0,102939000.0,2445652000.0,1288279000.0,1157373000.0,7510222592.0,135011000.0,0.0,-49171000.0,-5000000.0,0.0,-56707000.0,15814000.0,27897000.0,175904000.0,289000.0,77663000.0,77663000.0,77663000.0,0.0,0.0,0.126,404236000.0,98613000.0,64472000.0,0.0,3.364,24.428,24.311,529919000.0,0.0,122.77,3.195,3.181,296183000.0,1945531000.0,614816000.0,614816000.0,120300000.0,,,,,52633000.0,283936000.0,1.0,61173109.0,61151000,61966000.0,10.054,2818954000.0,45173000.0,19860000.0,602000.0,46.098,505197000.0
4,FFIV,MRQ,2020-06-30,2020-06-30,2020-06-30,2021-08-05,-18495000.0,4573357000.0,,1665434000.0,2907923000.0,,35.323,-12394000.0,714268000.0,714268000.0,106040000.0,69872000.0,1.318,1.123,738718000.0,19275000.0,719443000.0,738718000.0,1275052000.0,36986000.0,0.0,0.0,0.0,87762000.0,124748000.0,0.214,124748000.0,87762000.0,87762000.0,1.15,1.14,1.15,2153899000.0,,2153899000.0,8676566539.0,21.0,16.13,146780000.0,2.407,1.0,477212000.0,0.818,1858966000.0,0.0,1475525000.0,,28826000.0,492231000.0,379303000.0,112928000.0,2419458000.0,1263316000.0,1156142000.0,8493849539.0,137927000.0,0.0,30556000.0,-5000000.0,0.0,25556000.0,-46803000.0,-34409000.0,159174000.0,234000.0,69872000.0,69872000.0,69872000.0,0.0,0.0,0.12,389591000.0,87621000.0,54389000.0,0.0,3.943,26.166,26.071,545054000.0,0.0,139.48,3.651,3.656,304874000.0,1867868000.0,583252000.0,583252000.0,115991000.0,,,,,50868000.0,273600000.0,1.0,60896541.0,60978000,61415000.0,9.565,2714391000.0,47919000.0,17890000.0,444000.0,44.514,402118000.0
5,FFIV,MRQ,2020-03-31,2020-03-31,2020-03-31,2021-08-05,-22903000.0,4440977000.0,,1408731000.0,3032246000.0,,32.828,-13159000.0,572888000.0,572888000.0,101238000.0,61379000.0,1.125,1.222,755605000.0,19275000.0,736330000.0,755605000.0,1281104000.0,34400000.0,0.0,0.0,0.0,83557000.0,117957000.0,0.202,117957000.0,83557000.0,83557000.0,1.01,1.0,1.01,1998194000.0,,1998194000.0,6090386117.0,14.0,11.299,168649000.0,2.771,1.0,482211000.0,0.826,1864991000.0,0.0,1506697000.0,,30942000.0,453226000.0,248257000.0,204969000.0,2442783000.0,1252006000.0,1190777000.0,6483540117.0,-157370000.0,-955574000.0,-49525000.0,396960000.0,0.0,347435000.0,-686613000.0,282120000.0,181808000.0,-1910000.0,61379000.0,61379000.0,61379000.0,0.0,0.0,0.105,398513000.0,83698000.0,56200000.0,0.0,3.245,19.033,18.94,559442000.0,0.0,106.63,2.811,2.814,338655000.0,1797996000.0,583449000.0,583449000.0,109028000.0,,,,,50786000.0,289485000.0,1.0,60804090.0,60869000,61084000.0,9.585,2575986000.0,47230000.0,22178000.0,221000.0,42.32,156725000.0
6,FFIV,MRQ,2019-12-31,2019-12-31,2019-12-31,2021-08-05,-18376000.0,3875360000.0,,1737471000.0,2137889000.0,,31.814,-22304000.0,735457000.0,735457000.0,88642000.0,98527000.0,1.51,1.009,342303000.0,0.0,342303000.0,342303000.0,1237973000.0,27682000.0,0.0,0.0,0.0,127555000.0,155237000.0,0.273,155237000.0,127555000.0,127555000.0,1.62,1.62,1.62,1929458000.0,,1929458000.0,7890646342.0,16.0,13.476,121708000.0,2.007,1.0,480663000.0,0.844,1065379000.0,0.0,1266320000.0,,32381000.0,738805000.0,426761000.0,312044000.0,1945902000.0,1150507000.0,795395000.0,8489865342.0,135571000.0,0.0,20959000.0,0.0,0.0,20959000.0,-29400000.0,-7096000.0,144012000.0,820000.0,98527000.0,98527000.0,98527000.0,0.0,0.0,0.173,358328000.0,122335000.0,52407000.0,0.0,4.4,21.474,21.288,533235000.0,0.0,139.65,3.743,3.734,354668000.0,1736617000.0,569305000.0,569305000.0,96005000.0,,,,,47661000.0,254523000.0,1.0,60793880.0,60649000,60815000.0,9.387,2809981000.0,29380000.0,29028000.0,258000.0,46.332,586964000.0
7,FFIV,MRQ,2019-09-30,2019-09-30,2019-09-30,2021-08-05,-19190000.0,3390275000.0,,1511586000.0,1878689000.0,,29.219,-20534000.0,599219000.0,599219000.0,90918000.0,94837000.0,1.367,0.925,0.0,0.0,0.0,0.0,1198116000.0,21862000.0,0.0,0.0,0.0,118111000.0,139973000.0,0.237,139973000.0,118111000.0,118111000.0,1.57,1.57,1.57,1761497000.0,,1761497000.0,7755107549.0,14.0,12.721,185552000.0,3.078,1.0,499470000.0,0.846,1065379000.0,0.0,620151000.0,,34401000.0,731465000.0,373063000.0,358402000.0,1628778000.0,1105526000.0,523252000.0,8443457549.0,-87820000.0,0.0,143000.0,0.0,0.0,143000.0,-294049000.0,-273515000.0,206086000.0,-1289000.0,94837000.0,94837000.0,94837000.0,0.0,0.0,0.161,384756000.0,114714000.0,62627000.0,0.0,4.793,19.74,19.722,223426000.0,0.0,140.42,3.765,3.76,322029000.0,1638090000.0,590388000.0,590388000.0,102812000.0,,,,,43732000.0,281944000.0,1.0,60130021.0,60287000,60708000.0,9.793,2324896000.0,27701000.0,23274000.0,313000.0,38.564,406060000.0
8,FFIV,MRQ,2019-06-30,2019-06-30,2019-06-30,2021-08-05,-18193000.0,3177275000.0,,1504901000.0,1672374000.0,,27.072,-32952000.0,688350000.0,688350000.0,90767000.0,85905000.0,1.404,0.957,0.0,0.0,0.0,0.0,1166512000.0,18399000.0,0.0,0.0,0.0,107462000.0,125861000.0,0.223,125861000.0,107462000.0,107462000.0,1.43,1.43,1.43,1623782000.0,,1623782000.0,7966755219.0,14.0,12.365,117393000.0,1.957,1.0,472627000.0,0.839,1065379000.0,0.0,351480000.0,,36009000.0,459756000.0,298137000.0,161619000.0,1553493000.0,1072066000.0,481427000.0,8693417219.0,-36641000.0,-611550000.0,26555000.0,0.0,0.0,26555000.0,-213541000.0,430961000.0,150345000.0,154000.0,85905000.0,85905000.0,85905000.0,0.0,0.0,0.152,369887000.0,102740000.0,55630000.0,0.0,5.354,18.664,18.815,226002000.0,0.0,145.63,3.925,3.944,320465000.0,1543253000.0,563394000.0,563394000.0,116894000.0,,,,,40999000.0,252993000.0,1.0,59695236.0,59981000,60196000.0,9.393,2111896000.0,25079000.0,21557000.0,352000.0,35.209,432835000.0
9,FFIV,MRQ,2019-03-31,2019-03-31,2019-03-31,2021-08-05,-19341000.0,2990236000.0,,1807460000.0,1182776000.0,,24.585,-29010000.0,726662000.0,726662000.0,88178000.0,116087000.0,1.682,1.038,0.0,0.0,0.0,0.0,1161445000.0,14245000.0,0.0,0.0,0.0,150227000.0,164472000.0,0.302,164472000.0,150227000.0,150227000.0,1.94,1.93,1.94,1467408000.0,,1467408000.0,8848007388.0,14.0,12.885,164542000.0,2.757,1.0,456717000.0,0.838,555965000.0,0.0,632822000.0,,33463000.0,888472000.0,587115000.0,301357000.0,1522828000.0,1074787000.0,448041000.0,9328128388.0,246888000.0,0.0,-100013000.0,0.0,0.0,-100013000.0,153349000.0,182359000.0,193552000.0,-311000.0,116087000.0,116087000.0,116087000.0,0.0,0.0,0.213,313924000.0,142793000.0,68156000.0,0.0,6.357,18.559,18.862,208221000.0,0.0,156.93,4.252,4.27,321484000.0,1457348000.0,544895000.0,544895000.0,96314000.0,,,,,39494000.0,217610000.0,1.0,59441333.0,59686000,60029000.0,9.129,2434271000.0,21551000.0,34140000.0,402000.0,40.785,732673000.0
10,FFIV,MRQ,2018-12-31,2018-12-31,2018-12-31,2021-08-05,-21993000.0,2891896000.0,,1619636000.0,1272260000.0,,23.402,-21046000.0,480121000.0,480121000.0,86714000.0,130905000.0,1.546,1.052,0.0,0.0,0.0,0.0,1149521000.0,14001000.0,0.0,0.0,0.0,165311000.0,179312000.0,0.33,179312000.0,165311000.0,165311000.0,2.17,2.16,2.17,1409188000.0,,1409188000.0,9398720484.0,15.0,13.756,176812000.0,2.936,1.0,457056000.0,0.841,555965000.0,0.0,808120000.0,,31559000.0,1066165000.0,652475000.0,413690000.0,1482708000.0,1047690000.0,435018000.0,9823427484.0,55333000.0,0.0,-82132000.0,0.0,0.0,-82132000.0,-60393000.0,-39347000.0,197858000.0,46000.0,130905000.0,130905000.0,130905000.0,0.0,0.0,0.241,298840000.0,158216000.0,66859000.0,0.0,6.971,19.799,19.832,179224000.0,0.0,162.03,4.502,4.472,325688000.0,1417904000.0,543770000.0,543770000.0,92038000.0,,,,,38689000.0,206802000.0,1.0,60627214.0,60216000,60645000.0,9.03,2335931000.0,23131000.0,34406000.0,409000.0,38.793,571946000.0
11,FFIV,MRQ,2018-09-30,2018-09-30,2018-09-30,2021-08-05,-22178000.0,2605476000.0,,1417658000.0,1187818000.0,,21.264,-17391000.0,424707000.0,424707000.0,93440000.0,132881000.0,1.485,1.027,0.0,0.0,0.0,0.0,1015321000.0,15410000.0,0.0,0.0,0.0,159259000.0,174669000.0,0.31,174669000.0,159259000.0,159259000.0,2.2,2.16,2.2,1285492000.0,,1285492000.0,11529121973.0,19.0,17.383,186914000.0,3.092,1.0,469269000.0,0.834,555965000.0,0.0,670371000.0,,30568000.0,1025889000.0,614705000.0,411184000.0,1319984000.0,954433000.0,365551000.0,12128389973.0,-173804000.0,0.0,-150017000.0,0.0,0.0,-150017000.0,-228092000.0,-210701000.0,204305000.0,-752000.0,132881000.0,132881000.0,132881000.0,0.0,0.0,0.236,315677000.0,153592000.0,57757000.0,0.0,9.435,26.733,26.912,145042000.0,0.0,199.42,5.611,5.652,295352000.0,1287243000.0,562709000.0,562709000.0,95078000.0,,,,,36848000.0,202173000.0,1.0,60818323.0,60455000,61410000.0,9.308,2049511000.0,33441000.0,26378000.0,35000.0,33.901,463225000.0
12,FFIV,MRQ,2018-06-30,2018-06-30,2018-06-30,2021-08-05,-21983000.0,2561066000.0,,1469050000.0,1092016000.0,,20.764,-19828000.0,599268000.0,599268000.0,91009000.0,122743000.0,1.556,1.023,0.0,0.0,0.0,0.0,1027707000.0,14032000.0,0.0,0.0,0.0,154212000.0,168244000.0,0.31,168244000.0,154212000.0,154212000.0,2.01,1.99,2.01,1265975000.0,,1265975000.0,9943294563.0,17.0,15.112,162223000.0,2.661,1.0,451194000.0,0.832,555965000.0,0.0,461908000.0,,31322000.0,814644000.0,485232000.0,329412000.0,1295091000.0,943925000.0,351166000.0,10539211563.0,5454000.0,0.0,-121117000.0,0.0,0.0,-121117000.0,-55480000.0,-35652000.0,182051000.0,-2164000.0,122743000.0,122743000.0,122743000.0,0.0,0.0,0.226,299241000.0,151953000.0,44647000.0,0.0,8.325,23.084,23.431,126108000.0,0.0,172.45,4.932,4.921,297375000.0,1267950000.0,542203000.0,542203000.0,94061000.0,,,,,38739000.0,205180000.0,1.0,61114593.0,60970000,61633000.0,8.893,2005101000.0,35153000.0,31469000.0,25000.0,32.887,525125000.0
13,FFIV,MRQ,2018-03-31,2018-03-31,2018-03-31,2021-08-05,-20980000.0,2517146000.0,,1407229000.0,1109917000.0,,19.971,-9755000.0,595917000.0,595917000.0,89645000.0,109636000.0,1.463,1.052,0.0,0.0,0.0,0.0,1010540000.0,14869000.0,0.0,0.0,0.0,146147000.0,161016000.0,0.302,161016000.0,146147000.0,146147000.0,1.79,1.77,1.79,1226614000.0,,1226614000.0,8331328902.0,14.0,12.881,175000000.0,2.849,1.0,443659000.0,0.832,555965000.0,0.0,403093000.0,,29512000.0,778997000.0,428756000.0,350241000.0,1290532000.0,962171000.0,328361000.0,8943324902.0,-16611000.0,0.0,-150019000.0,0.0,0.0,-150019000.0,-51347000.0,-41592000.0,184755000.0,530000.0,109636000.0,109636000.0,109636000.0,0.0,0.0,0.206,300302000.0,143357000.0,40271000.0,0.0,7.291,20.728,21.019,117392000.0,0.0,144.61,4.234,4.205,290919000.0,1226474000.0,533304000.0,533304000.0,91056000.0,,,,,41320000.0,209246000.0,1.0,61844443.0,61420000,62059000.0,8.683,1961181000.0,36982000.0,36511000.0,27000.0,31.931,445058000.0
14,FFIV,MRQ,2017-12-31,2017-12-31,2017-12-31,2021-08-05,-19478000.0,2493739000.0,,1380817000.0,1112922000.0,,19.731,-5491000.0,611996000.0,611996000.0,87387000.0,88429000.0,1.461,1.032,0.0,0.0,0.0,0.0,991273000.0,15180000.0,0.0,0.0,0.0,144142000.0,159322000.0,0.305,159322000.0,144142000.0,144142000.0,1.42,1.41,1.42,1227178000.0,,1227178000.0,7540293957.0,13.0,11.763,184466000.0,2.966,1.0,435804000.0,0.833,555965000.0,0.0,380502000.0,,29112000.0,740770000.0,392560000.0,348210000.0,1266561000.0,945276000.0,321285000.0,8213521957.0,-61257000.0,0.0,-130110000.0,0.0,0.0,-130110000.0,-121104000.0,-115613000.0,189957000.0,46000.0,88429000.0,88429000.0,88429000.0,0.0,0.0,0.169,293807000.0,141997000.0,46748000.0,0.0,6.693,19.793,20.095,117310000.0,0.0,131.22,3.916,3.891,291093000.0,1226627000.0,523191000.0,523191000.0,85889000.0,,,,,40948000.0,207918000.0,1.0,62593522.0,62195000,62550000.0,8.412,1937774000.0,39719000.0,55713000.0,36000.0,31.156,435541000.0
15,FFIV,MRQ,2017-09-30,2017-09-30,2017-09-30,2021-08-05,-17997000.0,2476489000.0,,1406224000.0,1070265000.0,,19.491,-7506000.0,673228000.0,673228000.0,90541000.0,135743000.0,1.505,1.014,0.0,0.0,0.0,0.0,964306000.0,15545000.0,0.0,0.0,0.0,153862000.0,169407000.0,0.315,169407000.0,153862000.0,153862000.0,2.14,2.12,2.14,1229392000.0,,1229392000.0,6970265252.0,12.0,10.948,205559000.0,3.259,1.0,447457000.0,0.832,555965000.0,0.0,312753000.0,,29834000.0,628502000.0,343700000.0,284802000.0,1247097000.0,934543000.0,312554000.0,7661177252.0,-15631000.0,0.0,-149945000.0,0.0,0.0,-149397000.0,-79299000.0,-71880000.0,213065000.0,-1980000.0,135743000.0,135743000.0,135743000.0,0.0,0.0,0.252,298622000.0,148835000.0,50760000.0,0.0,6.232,18.208,18.378,122420000.0,0.0,120.56,3.666,3.702,291924000.0,1229762000.0,537998000.0,537998000.0,85479000.0,,,,,41586000.0,199900000.0,1.0,63546593.0,63075000,63752000.0,8.529,1920524000.0,53303000.0,18119000.0,63000.0,30.448,471681000.0
16,FFIV,MRQ,2017-06-30,2017-06-30,2017-06-30,2021-08-05,-15458000.0,2418572000.0,,1445901000.0,972671000.0,,18.841,-7460000.0,690912000.0,690912000.0,89770000.0,97662000.0,1.59,1.008,0.0,0.0,0.0,0.0,943862000.0,15325000.0,0.0,0.0,0.0,141733000.0,157058000.0,0.303,157058000.0,141733000.0,141733000.0,1.53,1.52,1.53,1204607000.0,,1204607000.0,7565381667.0,13.0,11.736,155104000.0,2.426,1.0,428067000.0,0.827,555965000.0,0.0,262354000.0,,31045000.0,557923000.0,323336000.0,234587000.0,1213965000.0,909341000.0,304624000.0,8221154667.0,34541000.0,0.0,-121932000.0,0.0,0.0,-120700000.0,-7323000.0,188000.0,162564000.0,598000.0,97662000.0,97662000.0,97662000.0,0.0,0.0,0.189,288923000.0,139144000.0,44544000.0,0.0,6.825,20.868,20.932,125139000.0,0.0,127.06,3.957,3.91,295085000.0,1202533000.0,517837000.0,517837000.0,88602000.0,,,,,43234000.0,200320000.0,1.0,64702933.0,63935000,64361000.0,8.099,1862607000.0,56060000.0,44071000.0,5554000.0,29.133,536560000.0
17,FFIV,MRQ,2017-03-31,2017-03-31,2017-03-31,2021-08-05,-15469000.0,2387917000.0,,1444843000.0,943074000.0,,18.372,-9582000.0,655773000.0,655773000.0,87912000.0,93138000.0,1.577,1.016,0.0,0.0,0.0,0.0,929589000.0,15391000.0,0.0,0.0,0.0,139825000.0,155216000.0,0.3,155216000.0,139825000.0,139825000.0,1.44,1.43,1.44,1184605000.0,,1184605000.0,8663840833.0,15.0,13.498,165758000.0,2.571,1.0,430336000.0,0.83,555965000.0,0.0,260161000.0,,32548000.0,559104000.0,358851000.0,200253000.0,1203312000.0,916018000.0,287294000.0,9236774833.0,82189000.0,0.0,-149989000.0,0.0,0.0,-147690000.0,54539000.0,64189000.0,175340000.0,650000.0,93138000.0,93138000.0,93138000.0,0.0,0.0,0.18,291813000.0,138523000.0,47289000.0,0.0,7.797,23.801,24.124,126705000.0,0.0,142.57,4.492,4.471,293872000.0,1180673000.0,518248000.0,518248000.0,89234000.0,,,,,43895000.0,202714000.0,1.0,64787647.0,64479000,65028000.0,8.037,1831952000.0,54769000.0,46687000.0,5149000.0,28.412,528825000.0
18,FFIV,MRQ,2016-12-31,2016-12-31,2016-12-31,2021-08-05,-16048000.0,2397095000.0,,1427496000.0,969599000.0,,18.33,-14133000.0,572934000.0,572934000.0,85262000.0,94218000.0,1.554,1.006,0.0,0.0,0.0,0.0,914248000.0,14887000.0,0.0,0.0,0.0,140097000.0,154984000.0,0.3,154984000.0,140097000.0,140097000.0,1.45,1.44,1.45,1194993000.0,,1194993000.0,8937961533.0,16.0,14.514,175179000.0,2.687,1.0,430696000.0,0.835,555965000.0,0.0,349513000.0,,33678000.0,623908000.0,400909000.0,222999000.0,1202102000.0,918683000.0,283419000.0,9452532533.0,60938000.0,0.0,-131185000.0,0.0,0.0,-128245000.0,-129000.0,17972000.0,189312000.0,-2575000.0,94218000.0,94218000.0,94218000.0,0.0,0.0,0.183,293242000.0,137454000.0,49925000.0,0.0,7.91,25.523,25.889,128667000.0,0.0,144.72,4.676,4.667,313211000.0,1193761000.0,515958000.0,515958000.0,87050000.0,,,,,46611000.0,206192000.0,1.0,65316007.0,65195000,65645000.0,7.914,1841130000.0,56014000.0,45879000.0,3256000.0,28.24,508813000.0
19,FFIV,MRQ,2016-09-30,2016-09-30,2016-09-30,2021-08-05,-13194000.0,2306323000.0,,1288801000.0,1017522000.0,,18.024,-17579000.0,514571000.0,514571000.0,84949000.0,108935000.0,1.527,0.946,0.0,0.0,0.0,0.0,870241000.0,14492000.0,0.0,0.0,0.0,162901000.0,177393000.0,0.338,177393000.0,162901000.0,162901000.0,1.65,1.63,1.65,1185262000.0,,1185262000.0,7822149080.0,14.0,12.894,186491000.0,2.836,1.0,440400000.0,0.838,555965000.0,0.0,391549000.0,,34051000.0,644199000.0,367824000.0,276375000.0,1121061000.0,844238000.0,276823000.0,8251746080.0,84415000.0,0.0,-150002000.0,0.0,0.0,-148990000.0,29335000.0,48446000.0,204070000.0,559000.0,108935000.0,108935000.0,108935000.0,0.0,0.0,0.207,277767000.0,162633000.0,34117000.0,0.0,6.962,22.555,22.954,123248000.0,0.0,124.64,4.136,4.213,268175000.0,1185265000.0,525349000.0,525349000.0,83746000.0,,,,,38317000.0,193391000.0,1.0,66204638.0,65762000,66649000.0,7.989,1750358000.0,53645000.0,53966000.0,4212000.0,26.617,444563000.0
20,FFIV,MRQ,2016-06-30,2016-06-30,2016-06-30,2021-08-05,-13317000.0,2253783000.0,,1207963000.0,1045820000.0,,17.757,-16116000.0,429597000.0,429597000.0,84343000.0,91789000.0,1.511,0.899,0.0,0.0,0.0,0.0,856168000.0,14437000.0,0.0,0.0,0.0,139840000.0,154277000.0,0.311,154277000.0,139840000.0,139840000.0,1.37,1.37,1.37,1187065000.0,,1187065000.0,7226824484.0,13.0,12.205,154360000.0,2.309,1.0,412179000.0,0.83,555965000.0,0.0,468811000.0,,33805000.0,694599000.0,381111000.0,313488000.0,1066718000.0,799410000.0,267308000.0,7625149484.0,31362000.0,0.0,-123770000.0,0.0,0.0,-123552000.0,-15562000.0,533000.0,170476000.0,-90000.0,91789000.0,91789000.0,91789000.0,0.0,0.0,0.185,273317000.0,138862000.0,37452000.0,0.0,6.424,21.543,22.105,115135000.0,0.0,113.84,3.869,3.861,263249000.0,1190386000.0,496522000.0,496522000.0,83042000.0,,,,,38437000.0,190802000.0,1.0,66981285.0,66851000,67235000.0,7.427,1697818000.0,50160000.0,48051000.0,7215000.0,25.397,408553000.0
21,FFIV,MRQ,2016-03-31,2016-03-31,2016-03-31,2021-08-05,-13558000.0,2242140000.0,,1193981000.0,1048159000.0,,17.484,-16501000.0,398325000.0,398325000.0,82230000.0,75415000.0,1.492,0.899,0.0,0.0,0.0,0.0,842658000.0,14084000.0,0.0,0.0,0.0,115066000.0,129150000.0,0.267,129150000.0,115066000.0,115066000.0,1.12,1.11,1.12,1180994000.0,,1180994000.0,6844273571.0,13.0,11.568,116617000.0,1.726,1.0,401447000.0,0.83,555965000.0,0.0,487415000.0,,35179000.0,695967000.0,376680000.0,319287000.0,1061146000.0,800435000.0,260711000.0,7277570571.0,-37158000.0,0.0,-199922000.0,0.0,0.0,-199738000.0,29462000.0,45994000.0,133118000.0,2186000.0,75415000.0,75415000.0,75415000.0,0.0,0.0,0.156,286514000.0,114933000.0,37243000.0,0.0,6.162,20.481,20.837,107545000.0,0.0,105.85,3.717,3.652,266185000.0,1169371000.0,483677000.0,483677000.0,86294000.0,,,,,41773000.0,191272000.0,1.0,68753619.0,67549000,67804000.0,7.16,1686175000.0,51353000.0,39651000.0,5544000.0,24.962,393546000.0
22,FFIV,MRQ,2015-12-31,2015-12-31,2015-12-31,2021-08-05,-16510000.0,2316081000.0,,1208133000.0,1107948000.0,,18.152,-13292000.0,433297000.0,433297000.0,85683000.0,89716000.0,1.505,0.834,0.0,0.0,0.0,0.0,837546000.0,13763000.0,0.0,0.0,0.0,132084000.0,145847000.0,0.298,145847000.0,132084000.0,132084000.0,1.29,1.28,1.29,1262528000.0,,1262528000.0,6433433155.0,12.0,10.515,190579000.0,2.74,1.0,403803000.0,0.825,555965000.0,0.0,524236000.0,,33571000.0,741684000.0,358205000.0,383479000.0,1053553000.0,802583000.0,250970000.0,6823893155.0,42989000.0,0.0,-181561000.0,0.0,0.0,-180367000.0,19485000.0,35988000.0,203871000.0,-152000.0,89716000.0,89716000.0,89716000.0,0.0,0.0,0.183,272854000.0,130949000.0,37556000.0,0.0,5.405,18.662,18.827,99946000.0,0.0,96.96,3.506,3.465,279158000.0,1262983000.0,489486000.0,489486000.0,81145000.0,,,,,38233000.0,191709000.0,1.0,70378436.0,69554000,69878000.0,7.037,1760116000.0,53505000.0,42368000.0,1908000.0,25.306,405550000.0
23,FFIV,MRQ,2015-09-30,2015-09-30,2015-09-30,2021-08-05,-15288000.0,2312290000.0,,1188140000.0,1124150000.0,,18.633,-18592000.0,390460000.0,390460000.0,84658000.0,97037000.0,1.573,0.756,0.0,0.0,0.0,0.0,783310000.0,13358000.0,0.0,0.0,0.0,149464000.0,162822000.0,0.325,162822000.0,149464000.0,149464000.0,1.37,1.36,1.37,1316728000.0,,1316728000.0,7660095243.0,14.0,12.477,164751000.0,2.331,1.0,416643000.0,0.831,555965000.0,0.0,610742000.0,,33717000.0,781538000.0,383882000.0,397656000.0,995562000.0,755123000.0,240439000.0,8222275243.0,-168710000.0,0.0,-149982000.0,0.0,0.0,-147076000.0,-204977000.0,-185874000.0,183343000.0,-3010000.0,97037000.0,97037000.0,97037000.0,0.0,0.0,0.194,269044000.0,147599000.0,50814000.0,0.0,6.244,22.526,22.84,95909000.0,0.0,115.8,4.283,4.34,279434000.0,1321857000.0,501301000.0,501301000.0,77665000.0,,,,,41634000.0,191379000.0,1.0,71004104.0,70666000,71377000.0,7.094,1756325000.0,56620000.0,52427000.0,901000.0,24.854,433017000.0
24,FFIV,MRQ,2015-06-30,2015-06-30,2015-06-30,2021-08-05,-13355000.0,2262351000.0,,1185508000.0,1076843000.0,,18.559,-21213000.0,562180000.0,562180000.0,85659000.0,93172000.0,1.652,0.705,0.0,0.0,0.0,0.0,742545000.0,12971000.0,0.0,0.0,0.0,140850000.0,153821000.0,0.318,153821000.0,140850000.0,140850000.0,1.3,1.29,1.3,1327102000.0,,1327102000.0,8289458738.0,15.0,13.523,151294000.0,2.116,1.0,397927000.0,0.823,556957000.0,0.0,425767000.0,,30026000.0,597192000.0,235527000.0,361665000.0,935249000.0,717447000.0,217802000.0,8657063738.0,193886000.0,0.0,-126229000.0,0.0,0.0,-123804000.0,145183000.0,166453000.0,172507000.0,689000.0,93172000.0,93172000.0,93172000.0,0.0,0.0,0.193,257797000.0,140130000.0,48986000.0,0.0,6.523,23.915,24.215,83507000.0,0.0,120.35,4.596,4.569,261068000.0,1334470000.0,483586000.0,483586000.0,74337000.0,,,,,36517000.0,183460000.0,1.0,71932395.0,71509000,71957000.0,6.763,1705394000.0,50050000.0,47678000.0,2407000.0,23.849,468061000.0
25,FFIV,MRQ,2015-03-31,2015-03-31,2015-03-31,2021-08-05,-13224000.0,2221279000.0,,1052124000.0,1169155000.0,,18.292,-10183000.0,367605000.0,367605000.0,82596000.0,85729000.0,1.508,0.681,0.0,0.0,0.0,0.0,720588000.0,13212000.0,0.0,0.0,0.0,136121000.0,149333000.0,0.316,149333000.0,136121000.0,136121000.0,1.19,1.18,1.19,1321396000.0,,1321396000.0,8022647604.0,15.0,13.42,132113000.0,1.829,1.0,389547000.0,0.825,556957000.0,0.0,598991000.0,,29343000.0,766564000.0,298862000.0,467702000.0,899883000.0,697726000.0,202157000.0,8291601604.0,101680000.0,0.0,-156801000.0,0.0,0.0,-155253000.0,114637000.0,130426000.0,142296000.0,-3029000.0,85729000.0,85729000.0,85729000.0,0.0,0.0,0.182,256692000.0,132855000.0,34683000.0,0.0,6.275,23.806,24.3,68746000.0,0.0,114.94,4.505,4.511,262624000.0,1313937000.0,472143000.0,472143000.0,74521000.0,,,,,36777000.0,182171000.0,1.0,72138521.0,72240000,72711000.0,6.536,1664322000.0,46147000.0,50392000.0,2778000.0,23.039,354398000.0
26,FFIV,MRQ,2014-12-31,2014-12-31,2014-12-31,2021-08-05,-12040000.0,2236424000.0,,1026857000.0,1209567000.0,,18.484,-10319000.0,268954000.0,268954000.0,79348000.0,89076000.0,1.476,0.65,0.0,0.0,0.0,0.0,680270000.0,13042000.0,0.0,0.0,0.0,134909000.0,147951000.0,0.32,147951000.0,134909000.0,134909000.0,1.21,1.21,1.21,1355777000.0,,1355777000.0,9344636495.0,18.0,16.377,176076000.0,2.4,1.0,383445000.0,0.829,556957000.0,0.0,714889000.0,,27582000.0,897688000.0,385150000.0,512538000.0,880647000.0,695624000.0,185023000.0,9626138495.0,-9916000.0,0.0,-133407000.0,0.0,0.0,-130769000.0,-65542000.0,-54261000.0,186395000.0,-2632000.0,89076000.0,89076000.0,89076000.0,0.0,0.0,0.192,251130000.0,132315000.0,41223000.0,0.0,7.1,28.976,29.252,66636000.0,0.0,130.465,5.383,5.351,255864000.0,1362712000.0,462793000.0,462793000.0,70060000.0,,,,,30625000.0,181070000.0,1.0,73783302.0,73350000,73857000.0,6.309,1679467000.0,46180000.0,45833000.0,3153000.0,22.897,331233000.0
27,FFIV,MRQ,2014-09-30,2014-09-30,2014-09-30,2021-08-05,-9584000.0,2184950000.0,,998848000.0,1186102000.0,,18.554,-7082000.0,281502000.0,281502000.0,81952000.0,94021000.0,1.568,0.596,0.0,0.0,0.0,0.0,636749000.0,12066000.0,0.0,0.0,0.0,149804000.0,161870000.0,0.348,161870000.0,149804000.0,149804000.0,1.27,1.25,1.27,1369310000.0,,1369310000.0,8554776715.0,17.0,15.741,162783000.0,2.206,1.0,383314000.0,0.824,556957000.0,0.0,709510000.0,,24471000.0,846794000.0,363877000.0,482917000.0,815640000.0,636981000.0,178659000.0,8796749715.0,42361000.0,0.0,-149948000.0,0.0,0.0,-147820000.0,20316000.0,27344000.0,169865000.0,-2832000.0,94021000.0,94021000.0,94021000.0,0.0,0.0,0.202,235833000.0,147481000.0,43772000.0,0.0,6.424,28.269,28.751,66791000.0,0.0,118.74,5.079,5.169,242242000.0,1363141000.0,465266000.0,465266000.0,65401000.0,,,,,25159000.0,170432000.0,1.0,74084131.0,73802000,74625000.0,6.304,1627993000.0,46724000.0,55783000.0,3629000.0,22.059,361867000.0
28,FFIV,MRQ,2014-06-30,2014-06-30,2014-06-30,2021-08-05,-6834000.0,2175485000.0,,945123000.0,1230362000.0,,18.723,-5517000.0,241973000.0,241973000.0,79462000.0,79473000.0,1.546,0.553,0.0,0.0,0.0,0.0,617438000.0,11377000.0,0.0,0.0,0.0,127272000.0,138649000.0,0.315,138649000.0,127272000.0,127272000.0,1.06,1.05,1.06,1400714000.0,,1400714000.0,8199002465.0,17.0,15.834,132717000.0,1.774,1.0,360823000.0,0.82,556957000.0,0.0,765335000.0,,23143000.0,877971000.0,369390000.0,508581000.0,774771000.0,611220000.0,163551000.0,8438838465.0,1889000.0,-49439000.0,-129212000.0,0.0,0.0,-125865000.0,-10480000.0,44497000.0,138234000.0,248000.0,79473000.0,79473000.0,79473000.0,0.0,0.0,0.181,234744000.0,126079000.0,36399000.0,0.0,6.025,28.763,29.097,62650000.0,0.0,111.44,5.077,5.016,243072000.0,1388836000.0,440285000.0,440285000.0,67026000.0,,,,,31833000.0,167718000.0,1.0,75725399.0,74812000,75369000.0,5.885,1618528000.0,48183000.0,47799000.0,4112000.0,21.635,333903000.0
29,FFIV,MRQ,2014-03-31,2014-03-31,2014-03-31,2021-08-05,-7241000.0,2166200000.0,,950419000.0,1215781000.0,,18.739,-5139000.0,239836000.0,239836000.0,75662000.0,69641000.0,1.59,0.531,0.0,0.0,0.0,0.0,587730000.0,11241000.0,0.0,0.0,0.0,110887000.0,122128000.0,0.291,122128000.0,110887000.0,110887000.0,0.92,0.91,0.92,1414939000.0,,1414939000.0,7813202702.0,17.0,15.756,76828000.0,1.017,1.0,344381000.0,0.82,517611000.0,0.0,810910000.0,,20710000.0,925096000.0,383924000.0,541172000.0,751261000.0,597843000.0,153418000.0,8044530702.0,7961000.0,0.0,-149271000.0,0.0,0.0,-144645000.0,70639000.0,75746000.0,81967000.0,547000.0,69641000.0,69641000.0,69641000.0,0.0,0.0,0.166,233517000.0,110864000.0,40371000.0,0.0,5.685,28.517,29.294,61608000.0,0.0,106.63,5.053,5.057,223472000.0,1400860000.0,420043000.0,420043000.0,67232000.0,,,,,35636000.0,166285000.0,1.0,75443409.0,75508000,76244000.0,5.563,1648589000.0,46558000.0,41246000.0,4429000.0,21.833,352576000.0
30,FFIV,MRQ,2013-12-31,2013-12-31,2013-12-31,2021-08-05,-7548000.0,2214839000.0,,870943000.0,1343896000.0,,18.777,-4980000.0,231328000.0,231328000.0,72883000.0,68048000.0,1.419,0.523,0.0,0.0,0.0,0.0,567726000.0,11437000.0,0.0,0.0,0.0,109379000.0,120816000.0,0.297,120816000.0,109379000.0,109379000.0,0.88,0.87,0.88,1454070000.0,,1454070000.0,6861827940.0,16.0,14.345,153946000.0,1.988,1.0,333569000.0,0.821,523727000.0,0.0,845813000.0,,19051000.0,1003881000.0,346863000.0,657018000.0,760769000.0,613971000.0,146798000.0,7051520940.0,42462000.0,0.0,-186812000.0,0.0,0.0,-186630000.0,70166000.0,75152000.0,158926000.0,-827000.0,68048000.0,68048000.0,68048000.0,0.0,0.0,0.167,224436000.0,109133000.0,38151000.0,0.0,4.85,25.561,25.739,62157000.0,0.0,90.86,4.632,4.622,220784000.0,1351669000.0,406452000.0,406452000.0,64133000.0,,,,,34528000.0,160303000.0,1.0,77608639.0,77438000,77822000.0,5.249,1691112000.0,46244000.0,41331000.0,5000000.0,21.838,256972000.0
31,FFIV,MRQ,2013-09-30,2013-09-30,2013-09-30,2021-08-05,-7414000.0,2230554000.0,,816371000.0,1414183000.0,,19.638,-5149000.0,189693000.0,189693000.0,66943000.0,76231000.0,1.481,0.45,0.0,0.0,0.0,0.0,531373000.0,10300000.0,0.0,0.0,0.0,125913000.0,136213000.0,0.345,136213000.0,125913000.0,125913000.0,0.97,0.96,0.97,1538712000.0,,1538712000.0,6520798827.0,15.0,13.639,142846000.0,1.823,1.0,328386000.0,0.831,523727000.0,0.0,965784000.0,,19026000.0,1081431000.0,352450000.0,728981000.0,691842000.0,551350000.0,140492000.0,6719078827.0,-9784000.0,-87724000.0,-49814000.0,0.0,0.0,-49379000.0,-108400000.0,-15628000.0,147995000.0,1197000.0,76231000.0,76231000.0,76231000.0,0.0,0.0,0.193,203205000.0,125181000.0,37313000.0,0.0,4.367,24.229,24.308,63522000.0,0.0,85.808,4.536,4.551,204205000.0,1283621000.0,395329000.0,395329000.0,54464000.0,,,,,22031000.0,146348000.0,1.0,78303641.0,78352000,78923000.0,5.046,1706827000.0,38731000.0,49682000.0,5346000.0,21.784,265021000.0
32,FFIV,MRQ,2013-06-30,2013-06-30,2013-06-30,2021-08-05,-9347000.0,2147803000.0,,834309000.0,1313494000.0,,18.954,-6665000.0,198280000.0,198280000.0,64917000.0,68178000.0,1.574,0.443,0.0,0.0,0.0,0.0,519755000.0,9792000.0,0.0,0.0,0.0,106951000.0,116743000.0,0.315,116743000.0,106951000.0,106951000.0,0.87,0.86,0.87,1488186000.0,,1488186000.0,5191720896.0,12.0,11.17,119565000.0,1.523,1.0,305385000.0,0.825,447799000.0,0.0,971776000.0,,18260000.0,1067376000.0,353045000.0,714331000.0,659617000.0,529948000.0,129669000.0,5421382896.0,-29132000.0,0.0,-32635000.0,0.0,0.0,-31374000.0,-123988000.0,-117339000.0,126230000.0,-2250000.0,68178000.0,68178000.0,68178000.0,0.0,0.0,0.184,201308000.0,104077000.0,28691000.0,0.0,3.643,20.169,20.117,63720000.0,0.0,68.8,3.743,3.729,205138000.0,1207390000.0,370302000.0,370302000.0,54075000.0,,,,,27861000.0,147233000.0,1.0,78799170.0,78516000,78864000.0,4.716,1700004000.0,43702000.0,38773000.0,0.0,21.652,304361000.0
33,FFIV,MRQ,2013-03-31,2013-03-31,2013-03-31,2021-08-05,-5908000.0,2065909000.0,,804424000.0,1261485000.0,,18.17,-6981000.0,229662000.0,229662000.0,60302000.0,63412000.0,1.545,0.447,0.0,0.0,0.0,0.0,490658000.0,9979000.0,0.0,0.0,0.0,94594000.0,104573000.0,0.299,104573000.0,94594000.0,94594000.0,0.81,0.8,0.81,1428179000.0,,1428179000.0,6816319450.0,16.0,14.509,73681000.0,0.937,1.0,289930000.0,0.828,447799000.0,0.0,867704000.0,,17963000.0,956008000.0,293186000.0,662822000.0,637730000.0,520744000.0,116986000.0,7000882450.0,46346000.0,-124918000.0,-49543000.0,0.0,0.0,-47651000.0,13335000.0,145235000.0,80662000.0,-1247000.0,63412000.0,63412000.0,63412000.0,0.0,0.0,0.181,197454000.0,92476000.0,39100000.0,0.0,4.902,25.648,25.746,63182000.0,0.0,89.08,4.893,4.893,192796000.0,1139212000.0,350232000.0,350232000.0,52534000.0,,,,,27610000.0,144920000.0,1.0,78590957.0,78601000,79114000.0,4.456,1618110000.0,41743000.0,31182000.0,0.0,20.586,283680000.0
34,FFIV,MRQ,2012-12-31,2012-12-31,2012-12-31,2021-08-05,-4540000.0,2037652000.0,,791789000.0,1245863000.0,,17.595,-7788000.0,184563000.0,184563000.0,60885000.0,69493000.0,1.495,0.47,0.0,0.0,0.0,0.0,480556000.0,9934000.0,0.0,0.0,0.0,110634000.0,120568000.0,0.33,120568000.0,110634000.0,110634000.0,0.88,0.88,0.88,1386299000.0,,1386299000.0,7468561863.0,17.0,15.545,137018000.0,1.739,1.0,304566000.0,0.833,348239000.0,0.0,975272000.0,,18723000.0,1104474000.0,333174000.0,771300000.0,651353000.0,529578000.0,121775000.0,7679742863.0,-26525000.0,0.0,-38417000.0,0.0,0.0,-37914000.0,-133417000.0,-124901000.0,144806000.0,-93000.0,69493000.0,69493000.0,69493000.0,0.0,0.0,0.19,195482000.0,109084000.0,32221000.0,0.0,5.54,27.606,27.599,62026000.0,0.0,97.15,5.407,5.389,209078000.0,1075800000.0,365451000.0,365451000.0,48541000.0,,,,,26710000.0,146941000.0,1.0,79050364.0,78789000,79278000.0,4.638,1689413000.0,46569000.0,41141000.0,0.0,21.442,262211000.0
35,FFIV,MRQ,2012-09-30,2012-09-30,2012-09-30,2021-08-05,-3829000.0,1911201000.0,,776081000.0,1135120000.0,,16.833,-11323000.0,211181000.0,211181000.0,62681000.0,67717000.0,1.665,0.438,0.0,0.0,0.0,0.0,447288000.0,10152000.0,0.0,0.0,0.0,112743000.0,122895000.0,0.339,122895000.0,112743000.0,112743000.0,0.86,0.85,0.86,1329400000.0,,1329400000.0,8073834995.0,19.0,17.276,137232000.0,1.738,1.0,299878000.0,0.827,348239000.0,0.0,885752000.0,,17410000.0,983773000.0,320970000.0,662803000.0,581801000.0,466029000.0,115772000.0,8269441995.0,14576000.0,0.0,-49768000.0,0.0,0.0,-48823000.0,-85156000.0,-73844000.0,148555000.0,998000.0,67717000.0,67717000.0,67717000.0,0.0,0.0,0.187,188044000.0,111834000.0,27026000.0,0.0,6.22,30.05,30.069,59604000.0,0.0,104.64,6.004,6.012,185172000.0,1006307000.0,362559000.0,362559000.0,47731000.0,,,,,26343000.0,140313000.0,1.0,79027542.0,78976000,79618000.0,4.591,1562962000.0,45840000.0,45026000.0,0.0,19.79,310052000.0
36,FFIV,MRQ,2012-06-30,2012-06-30,2012-06-30,2021-08-05,-5833000.0,1838066000.0,,782887000.0,1055179000.0,,16.202,-5726000.0,195607000.0,195607000.0,60287000.0,72336000.0,1.753,0.434,0.0,0.0,0.0,0.0,433869000.0,10052000.0,0.0,0.0,0.0,111713000.0,121765000.0,0.345,121765000.0,111713000.0,111713000.0,0.91,0.91,0.91,1282168000.0,,1282168000.0,7694820268.0,18.0,16.985,107673000.0,1.361,1.0,292347000.0,0.829,347901000.0,0.0,847918000.0,,17038000.0,911392000.0,324050000.0,587342000.0,555898000.0,446640000.0,109258000.0,7904279268.0,-13264000.0,0.0,-35151000.0,0.0,0.0,-31181000.0,-95482000.0,-89751000.0,113399000.0,-588000.0,72336000.0,72336000.0,72336000.0,0.0,0.0,0.205,182347000.0,110000000.0,32007000.0,0.0,6.165,28.735,28.775,54257000.0,0.0,99.56,5.946,5.927,193705000.0,938590000.0,352634000.0,352634000.0,46985000.0,,,,,23537000.0,135362000.0,1.0,79392118.0,79135000,79655000.0,4.456,1490165000.0,43644000.0,39377000.0,0.0,18.831,336247000.0
37,FFIV,MRQ,2012-03-31,2012-03-31,2012-03-31,2021-08-05,-6062000.0,1758271000.0,,746518000.0,1011753000.0,,15.377,-6961000.0,209459000.0,209459000.0,57594000.0,68641000.0,1.721,0.444,0.0,0.0,0.0,0.0,412848000.0,9113000.0,0.0,0.0,0.0,106108000.0,115221000.0,0.339,115221000.0,106108000.0,106108000.0,0.87,0.86,0.87,1217218000.0,,1217218000.0,10430208042.0,26.0,24.449,94643000.0,1.196,1.0,282028000.0,0.83,347901000.0,0.0,767025000.0,,17023000.0,824084000.0,280152000.0,543932000.0,541053000.0,433886000.0,107167000.0,10687696042.0,-48396000.0,-128335000.0,-49787000.0,0.0,0.0,-45730000.0,-104270000.0,31298000.0,101604000.0,367000.0,68641000.0,68641000.0,68641000.0,0.0,0.0,0.202,177348000.0,104680000.0,29904000.0,0.0,8.78,40.287,40.651,52279000.0,0.0,134.96,8.433,8.429,184043000.0,866254000.0,339622000.0,339622000.0,43568000.0,,,,,23345000.0,133780000.0,1.0,79191583.0,79156000,79775000.0,4.291,1410370000.0,44484000.0,37467000.0,0.0,17.818,312632000.0
38,FFIV,MRQ,2011-12-31,2011-12-31,2011-12-31,2021-08-05,-6772000.0,1698689000.0,,804102000.0,894587000.0,,14.762,-5857000.0,257488000.0,257488000.0,55606000.0,66492000.0,1.858,0.452,0.0,0.0,0.0,0.0,380029000.0,5822000.0,0.0,0.0,0.0,101650000.0,107472000.0,0.333,107472000.0,101650000.0,101650000.0,0.84,0.83,0.84,1170190000.0,,1170190000.0,8218071239.0,22.0,20.471,126022000.0,1.59,1.0,266826000.0,0.828,234691000.0,0.0,773756000.0,,17493000.0,857356000.0,299049000.0,558307000.0,528499000.0,432754000.0,95745000.0,8434855239.0,41011000.0,0.0,-24896000.0,0.0,0.0,-23497000.0,-67371000.0,-61511000.0,131879000.0,-307000.0,66492000.0,66492000.0,66492000.0,0.0,0.0,0.206,167037000.0,99789000.0,32566000.0,0.0,7.208,33.442,33.796,50870000.0,0.0,106.12,6.998,6.979,187862000.0,797613000.0,322432000.0,322432000.0,39122000.0,,,,,22123000.0,127915000.0,1.0,79484124.0,79272000,79822000.0,4.067,1463998000.0,43776000.0,35158000.0,0.0,18.468,371348000.0
39,FFIV,MRQ,2011-09-30,2011-09-30,2011-09-30,2021-08-05,-6422000.0,1568549000.0,,763673000.0,804876000.0,,13.764,-9901000.0,216784000.0,216784000.0,55920000.0,67610000.0,2.051,0.419,0.0,0.0,0.0,0.0,343298000.0,5172000.0,0.0,0.0,0.0,103418000.0,108590000.0,0.345,108590000.0,103418000.0,103418000.0,0.84,0.83,0.84,1105436000.0,,1105436000.0,5435839332.0,15.0,14.243,111593000.0,1.389,1.0,258695000.0,0.822,234691000.0,0.0,744767000.0,,17149000.0,795969000.0,325766000.0,470203000.0,463113000.0,372307000.0,90806000.0,5735643332.0,-80639000.0,0.0,-149892000.0,0.0,0.0,-146490000.0,-55643000.0,-40532000.0,121494000.0,-2381000.0,67610000.0,67610000.0,67610000.0,0.0,0.0,0.215,159364000.0,99331000.0,33525000.0,0.0,5.189,23.76,23.763,47998000.0,0.0,71.05,4.98,4.975,165676000.0,731121000.0,314615000.0,314615000.0,36552000.0,,,,,22134000.0,122812000.0,1.0,80726859.0,80313000,80963000.0,3.917,1333858000.0,43153000.0,35808000.0,0.0,16.608,391366000.0
40,FFIV,MRQ,2011-06-30,2011-06-30,2011-06-30,2021-08-05,-3460000.0,1597134000.0,,797228000.0,799906000.0,,14.409,-8840000.0,299804000.0,299804000.0,52448000.0,62549000.0,2.284,0.371,0.0,0.0,0.0,0.0,321875000.0,5179000.0,0.0,0.0,0.0,90150000.0,95329000.0,0.328,95329000.0,90150000.0,90150000.0,0.77,0.77,0.77,1165168000.0,,1165168000.0,8736283334.0,26.0,24.586,92236000.0,1.141,1.0,238265000.0,0.82,234700000.0,0.0,713613000.0,,17941000.0,757097000.0,285530000.0,471567000.0,431966000.0,349017000.0,82949000.0,8942498334.0,93547000.0,0.0,-38087000.0,0.0,0.0,-34152000.0,26623000.0,35907000.0,101076000.0,42000.0,62549000.0,62549000.0,62549000.0,0.0,0.0,0.215,150004000.0,88261000.0,34070000.0,0.0,7.675,40.278,40.091,42323000.0,0.0,110.25,8.193,8.168,154741000.0,663511000.0,290713000.0,290713000.0,35245000.0,,,,,22907000.0,114759000.0,1.0,81111096.0,80866000,81497000.0,3.595,1362434000.0,47366000.0,27601000.0,0.0,16.848,448211000.0
41,FFIV,MRQ,2011-03-31,2011-03-31,2011-03-31,2021-08-05,-4632000.0,1538523000.0,,690839000.0,847684000.0,,13.765,-6213000.0,206215000.0,206215000.0,50673000.0,55575000.0,2.019,0.383,0.0,0.0,0.0,0.0,313340000.0,5286000.0,0.0,0.0,0.0,84782000.0,90068000.0,0.324,90068000.0,84782000.0,84782000.0,0.69,0.68,0.69,1112303000.0,,1112303000.0,8114135306.0,26.0,24.624,85016000.0,1.052,1.0,226899000.0,0.817,234700000.0,0.0,755523000.0,,18154000.0,790961000.0,269041000.0,521920000.0,426220000.0,342085000.0,84135000.0,8282268306.0,37713000.0,0.0,-46152000.0,0.0,0.0,-39996000.0,-13520000.0,-7304000.0,91229000.0,369000.0,55575000.0,55575000.0,55575000.0,0.0,0.0,0.2,143685000.0,83214000.0,30827000.0,0.0,7.446,41.418,41.193,37533000.0,0.0,102.57,8.031,8.037,142903000.0,600962000.0,277572000.0,277572000.0,34507000.0,,,,,21766000.0,109178000.0,1.0,80747473.0,80809000,81622000.0,3.435,1303823000.0,48367000.0,29207000.0,0.0,16.135,348754000.0
42,FFIV,MRQ,2010-12-31,2010-12-31,2010-12-31,2021-08-05,-4482000.0,1475837000.0,,684539000.0,791298000.0,,13.331,-5491000.0,168133000.0,168133000.0,48963000.0,55663000.0,2.088,0.373,0.0,0.0,0.0,0.0,287787000.0,5250000.0,0.0,0.0,0.0,82401000.0,87651000.0,0.326,87651000.0,82401000.0,82401000.0,0.69,0.68,0.69,1075099000.0,,1075099000.0,10354498584.0,38.0,34.782,97648000.0,1.211,1.0,219971000.0,0.818,234700000.0,0.0,745138000.0,,18184000.0,784141000.0,317439000.0,466702000.0,400738000.0,327866000.0,72872000.0,10523447584.0,-66000.0,0.0,-16156000.0,0.0,0.0,-6026000.0,-97179000.0,-91649000.0,103139000.0,-555000.0,55663000.0,55663000.0,55663000.0,0.0,0.0,0.207,140115000.0,79856000.0,31254000.0,0.0,9.788,59.275,58.631,35520000.0,0.0,130.16,10.965,10.937,141986000.0,545387000.0,268934000.0,268934000.0,32606000.0,,,,,22940000.0,107509000.0,1.0,80850089.0,80644000,81648000.0,3.335,1241137000.0,47984000.0,26738000.0,0.0,15.39,356673000.0
43,FFIV,MRQ,2010-09-30,2010-09-30,2010-09-30,2021-08-05,-3241000.0,1362192000.0,,605955000.0,756237000.0,,12.503,-2506000.0,168754000.0,168754000.0,46828000.0,48235000.0,2.111,0.357,0.0,0.0,0.0,0.0,259393000.0,5910000.0,0.0,0.0,0.0,76371000.0,82281000.0,0.324,82281000.0,76371000.0,76371000.0,0.6,0.59,0.6,1003698000.0,,1003698000.0,8206796916.0,35.0,31.388,83885000.0,1.045,1.0,207446000.0,0.816,234700000.0,0.0,671653000.0,,18815000.0,693312000.0,259742000.0,433570000.0,358494000.0,287085000.0,71409000.0,8353345916.0,24128000.0,0.0,-17668000.0,0.0,0.0,-7555000.0,-54708000.0,-54732000.0,86391000.0,813000.0,48235000.0,48235000.0,48235000.0,0.0,0.0,0.19,131143000.0,76303000.0,21180000.0,0.0,8.323,55.264,54.637,34157000.0,0.0,103.81,9.471,9.37,112132000.0,489724000.0,254274000.0,254274000.0,31571000.0,,,,,19782000.0,99572000.0,1.0,80467642.0,80278000,81586000.0,3.167,1127492000.0,46631000.0,28136000.0,0.0,14.045,318870000.0
44,FFIV,MRQ,2010-06-30,2010-06-30,2010-06-30,2021-08-05,-4595000.0,1267273000.0,,560086000.0,707187000.0,,11.79,-3279000.0,146549000.0,146549000.0,44579000.0,40495000.0,2.16,0.346,0.0,0.0,0.0,0.0,239638000.0,5835000.0,0.0,0.0,0.0,63690000.0,69525000.0,0.302,69525000.0,63690000.0,63690000.0,0.51,0.5,0.51,941602000.0,,941602000.0,5344401002.0,26.0,23.546,72030000.0,0.902,1.0,185895000.0,0.807,233526000.0,0.0,627890000.0,,17747000.0,636838000.0,254543000.0,382295000.0,325671000.0,259308000.0,66363000.0,5495673002.0,-3621000.0,0.0,-9811000.0,0.0,0.0,-3092000.0,-75838000.0,-72559000.0,75309000.0,-1090000.0,40495000.0,40495000.0,40495000.0,0.0,0.0,0.176,125766000.0,60129000.0,22657000.0,0.0,5.837,41.866,41.307,35991000.0,0.0,68.57,6.845,6.821,102829000.0,441489000.0,230474000.0,230474000.0,30889000.0,,,,,17406000.0,94877000.0,1.0,80146901.0,79864000,81031000.0,2.886,1033747000.0,45630000.0,23195000.0,0.0,12.944,300778000.0
45,FFIV,MRQ,2010-03-31,2010-03-31,2010-03-31,2021-08-05,-3594000.0,1187110000.0,,525823000.0,661287000.0,,11.179,-3192000.0,151272000.0,151272000.0,41416000.0,33144000.0,2.206,0.337,0.0,0.0,0.0,0.0,226486000.0,6094000.0,0.0,0.0,0.0,52149000.0,58243000.0,0.283,58243000.0,52149000.0,52149000.0,0.42,0.41,0.42,887576000.0,,887576000.0,4749989297.0,27.0,23.986,74728000.0,0.941,1.0,164652000.0,0.799,233526000.0,0.0,563912000.0,,16472000.0,563169000.0,236725000.0,326444000.0,299534000.0,238400000.0,61134000.0,4900002297.0,1678000.0,0.0,-14578000.0,0.0,0.0,-9563000.0,-66679000.0,-63487000.0,77920000.0,-439000.0,33144000.0,33144000.0,33144000.0,0.0,0.0,0.161,114794000.0,49858000.0,11733000.0,0.0,5.521,43.153,42.799,37058000.0,0.0,61.63,6.707,6.697,89385000.0,400994000.0,206068000.0,206068000.0,29134000.0,,,,,16521000.0,85660000.0,1.0,79506771.0,79394000,80737000.0,2.596,953584000.0,50435000.0,19005000.0,0.0,12.011,287423000.0
46,FFIV,MRQ,2009-12-31,2009-12-31,2009-12-31,2021-08-05,-2849000.0,1139744000.0,,526313000.0,613431000.0,,10.757,-3648000.0,150013000.0,150013000.0,39129000.0,29279000.0,2.223,0.343,0.0,0.0,0.0,0.0,211426000.0,5994000.0,0.0,0.0,0.0,45417000.0,51411000.0,0.269,51411000.0,45417000.0,45417000.0,0.37,0.36,0.37,848768000.0,,848768000.0,4085460028.0,28.0,23.628,70344000.0,0.891,1.0,152027000.0,0.795,233526000.0,0.0,519456000.0,,14819000.0,499644000.0,222877000.0,276767000.0,290976000.0,236749000.0,54227000.0,4199026028.0,36406000.0,0.0,-1273000.0,0.0,0.0,3412000.0,-40998000.0,-37350000.0,73992000.0,42000.0,29279000.0,29279000.0,29279000.0,0.0,0.0,0.153,108315000.0,43712000.0,12694000.0,0.0,4.947,42.248,42.04,38481000.0,0.0,52.97,6.187,6.159,108657000.0,367850000.0,191156000.0,191156000.0,26720000.0,,,,,17064000.0,81595000.0,1.0,79271777.0,78906000,80333000.0,2.423,906218000.0,49111000.0,16138000.0,0.0,11.485,289564000.0
47,FFIV,MRQ,2009-09-30,2009-09-30,2009-09-30,2021-08-05,-2337000.0,1068645000.0,,468182000.0,600463000.0,,10.179,-3437000.0,113566000.0,113566000.0,36456000.0,28350000.0,2.099,0.337,0.0,0.0,0.0,0.0,183129000.0,5975000.0,0.0,0.0,0.0,41827000.0,47802000.0,0.273,47802000.0,41827000.0,41827000.0,0.36,0.35,0.36,799020000.0,,799020000.0,3029010904.0,23.0,19.164,55179000.0,0.703,1.0,138674000.0,0.792,231883000.0,0.0,500182000.0,,13819000.0,463585000.0,206291000.0,257294000.0,269625000.0,223014000.0,46611000.0,3120030904.0,22080000.0,0.0,-20763000.0,0.0,0.0,-19963000.0,-16573000.0,-13149000.0,58616000.0,468000.0,28350000.0,28350000.0,28350000.0,0.0,0.0,0.162,98529000.0,40145000.0,18891000.0,0.0,3.905,34.086,34.164,39371000.0,0.0,39.63,4.777,4.784,106973000.0,338571000.0,175130000.0,175130000.0,25515000.0,,,,,15337000.0,73014000.0,1.0,78729016.0,78494000,80250000.0,2.231,836762000.0,57028000.0,13477000.0,0.0,10.66,245168000.0
48,FFIV,MRQ,2009-06-30,2009-06-30,2009-06-30,2021-08-05,-3200000.0,1017588000.0,,401445000.0,616143000.0,,9.852,-1775000.0,91020000.0,91020000.0,33665000.0,22776000.0,1.986,0.314,0.0,0.0,0.0,0.0,169872000.0,6244000.0,0.0,0.0,0.0,34332000.0,40576000.0,0.256,40576000.0,34332000.0,34332000.0,0.29,0.29,0.29,774412000.0,,774412000.0,2596345739.0,22.0,17.826,44464000.0,0.566,1.0,124566000.0,0.787,231892000.0,0.0,492511000.0,,13590000.0,449641000.0,175780000.0,273861000.0,243176000.0,202165000.0,41011000.0,2718736739.0,-31777000.0,0.0,-6432000.0,0.0,0.0,-6188000.0,-71828000.0,-70051000.0,46239000.0,378000.0,22776000.0,22776000.0,22776000.0,0.0,0.0,0.144,93261000.0,31305000.0,16386000.0,0.0,3.511,32.801,33.279,40237000.0,0.0,34.61,4.188,4.19,91635000.0,310221000.0,158231000.0,158231000.0,25070000.0,,,,,12557000.0,68191000.0,1.0,78553503.0,78603000,79612000.0,2.013,785696000.0,49809000.0,11556000.0,0.0,9.996,199280000.0
49,FFIV,MRQ,2009-03-31,2009-03-31,2009-03-31,2021-08-05,-3872000.0,982963000.0,,396423000.0,586540000.0,,9.433,-2569000.0,122391000.0,122391000.0,36582000.0,18986000.0,1.992,0.32,0.0,0.0,0.0,0.0,160474000.0,7712000.0,0.0,0.0,0.0,25409000.0,33121000.0,0.215,33121000.0,25409000.0,25409000.0,0.24,0.24,0.24,744517000.0,,744517000.0,1538266346.0,13.0,10.832,36639000.0,0.464,1.0,117567000.0,0.763,231892000.0,0.0,429636000.0,,15036000.0,379405000.0,138833000.0,240572000.0,238446000.0,199044000.0,39402000.0,1663286346.0,-2390000.0,0.0,-26993000.0,0.0,0.0,-27695000.0,-13903000.0,-10630000.0,39208000.0,-229000.0,18986000.0,18986000.0,18986000.0,0.0,0.0,0.123,94294000.0,23273000.0,20781000.0,0.0,2.234,20.989,21.162,42852000.0,0.0,20.95,2.533,2.518,90067000.0,287445000.0,154149000.0,154149000.0,25977000.0,,,,,13257000.0,63988000.0,1.0,79393143.0,78925000,79570000.0,1.953,751071000.0,50282000.0,6423000.0,0.0,9.516,197379000.0
50,FFIV,MRQ,2008-12-31,2008-12-31,2008-12-31,2021-08-05,-3202000.0,986418000.0,,423199000.0,563219000.0,,9.335,-3888000.0,125020000.0,125020000.0,36023000.0,21423000.0,2.033,0.332,0.0,0.0,0.0,0.0,155939000.0,6476000.0,0.0,0.0,0.0,30080000.0,36556000.0,0.221,36556000.0,30080000.0,30080000.0,0.27,0.27,0.27,740609000.0,,740609000.0,1739790154.0,15.0,12.098,54030000.0,0.681,1.0,129546000.0,0.782,231892000.0,0.0,421331000.0,,15562000.0,365130000.0,156180000.0,208950000.0,245809000.0,208175000.0,37634000.0,1820841154.0,44253000.0,0.0,-14560000.0,0.0,0.0,-16860000.0,3195000.0,7083000.0,57918000.0,-249000.0,21423000.0,21423000.0,21423000.0,0.0,0.0,0.129,102345000.0,27201000.0,24095000.0,0.0,2.459,23.343,23.812,46596000.0,0.0,22.86,2.752,2.741,100472000.0,268459000.0,165569000.0,165569000.0,27102000.0,,,,,14913000.0,75243000.0,1.0,79651844.0,79337000,80003000.0,2.087,754526000.0,49216000.0,8657000.0,0.0,9.51,215024000.0
51,FFIV,MRQ,2008-09-30,2008-09-30,2008-09-30,2021-08-05,-6076000.0,939223000.0,,323369000.0,615854000.0,,9.034,-4722000.0,81051000.0,81051000.0,38913000.0,19701000.0,1.731,0.308,0.0,0.0,0.0,0.0,144999000.0,6261000.0,0.0,0.0,0.0,29132000.0,35393000.0,0.207,35393000.0,29132000.0,29132000.0,0.24,0.24,0.24,718259000.0,,718259000.0,1769902408.0,15.0,12.474,54223000.0,0.682,1.0,132350000.0,0.773,231892000.0,0.0,439459000.0,,10148000.0,372969000.0,111883000.0,261086000.0,220964000.0,186821000.0,34143000.0,1881860408.0,-30254000.0,0.0,-48573000.0,0.0,0.0,-48130000.0,-41069000.0,-37563000.0,58945000.0,-627000.0,19701000.0,19701000.0,19701000.0,0.0,0.0,0.115,106731000.0,25619000.0,13092000.0,0.0,2.62,25.317,25.978,47557000.0,0.0,23.38,2.894,2.959,97057000.0,247036000.0,171263000.0,171263000.0,26367000.0,,,,,14762000.0,75093000.0,1.0,80490180.0,79506000,80788000.0,2.154,707331000.0,52827000.0,9431000.0,0.0,8.897,136548000.0
52,FFIV,MRQ,2008-06-30,2008-06-30,2008-06-30,2021-08-05,-5517000.0,934473000.0,,408059000.0,526414000.0,,9.032,-12763000.0,111958000.0,111958000.0,38178000.0,19134000.0,2.411,0.276,0.0,0.0,0.0,0.0,138966000.0,6036000.0,0.0,0.0,0.0,30904000.0,36940000.0,0.223,36940000.0,30904000.0,30904000.0,0.24,0.23,0.24,732494000.0,,732494000.0,2180917451.0,19.0,15.877,43041000.0,0.531,1.0,127407000.0,0.769,231892000.0,0.0,421378000.0,,9662000.0,337704000.0,158112000.0,179592000.0,201979000.0,169245000.0,32734000.0,2327647451.0,-33554000.0,0.0,-42417000.0,0.0,0.0,-43716000.0,-45642000.0,-32879000.0,55804000.0,-18000.0,19134000.0,19134000.0,19134000.0,0.0,0.0,0.116,100219000.0,27188000.0,13159000.0,0.0,3.178,34.478,34.659,47632000.0,0.0,28.42,3.727,3.69,98064000.0,227335000.0,165585000.0,165585000.0,26277000.0,,,,,14817000.0,73942000.0,1.0,81901740.0,81096000,81951000.0,2.042,702581000.0,44500000.0,11770000.0,0.0,8.664,238814000.0
53,FFIV,MRQ,2008-03-31,2008-03-31,2008-03-31,2021-08-05,-3184000.0,937979000.0,,476564000.0,461415000.0,,8.974,-5563000.0,146730000.0,146730000.0,36688000.0,17745000.0,2.956,0.26,0.0,0.0,0.0,0.0,122617000.0,5836000.0,0.0,0.0,0.0,29087000.0,34923000.0,0.219,34923000.0,29087000.0,29087000.0,0.21,0.21,0.21,744583000.0,,744583000.0,1473938151.0,12.0,10.582,31386000.0,0.378,1.0,122453000.0,0.769,231968000.0,0.0,398043000.0,,8577000.0,306977000.0,188622000.0,118355000.0,193396000.0,161238000.0,32158000.0,1547349151.0,73713000.0,-5000.0,-96426000.0,0.0,0.0,-96714000.0,133478000.0,139046000.0,36949000.0,-481000.0,17745000.0,17745000.0,17745000.0,0.0,0.0,0.112,98955000.0,23498000.0,22535000.0,0.0,2.078,22.046,21.631,40716000.0,0.0,18.17,2.617,2.549,101797000.0,208201000.0,159141000.0,159141000.0,26418000.0,,,,,15667000.0,72537000.0,1.0,85159557.0,82974000,83805000.0,1.918,706011000.0,44702000.0,11342000.0,0.0,8.509,315326000.0
54,FFIV,MRQ,2007-12-31,2007-12-31,2007-12-31,2021-08-05,-1051000.0,992411000.0,,484280000.0,508131000.0,,9.546,-4875000.0,73411000.0,73411000.0,35239000.0,17751000.0,3.104,0.225,0.0,0.0,0.0,0.0,110153000.0,5490000.0,0.0,0.0,0.0,29141000.0,34631000.0,0.225,34631000.0,29141000.0,29141000.0,0.21,0.21,0.21,810037000.0,,810037000.0,2363093371.0,19.0,16.754,37119000.0,0.437,1.0,118945000.0,0.771,233997000.0,0.0,529007000.0,,10189000.0,447937000.0,281000000.0,166937000.0,182374000.0,155996000.0,26378000.0,2421348371.0,15778000.0,-990000.0,5918000.0,0.0,0.0,6841000.0,-33057000.0,-27192000.0,41994000.0,-550000.0,17751000.0,17751000.0,17751000.0,0.0,0.0,0.115,95936000.0,23009000.0,24973000.0,0.0,2.989,33.445,32.782,37234000.0,0.0,28.52,4.325,4.323,98764000.0,190456000.0,154184000.0,154184000.0,24332000.0,,,,,15336000.0,71604000.0,1.0,84900013.0,84854000,86141000.0,1.817,758414000.0,43130000.0,11390000.0,0.0,8.938,328284000.0
55,FFIV,MRQ,2007-09-30,2007-09-30,2007-09-30,2021-08-05,-564000.0,944288000.0,,386650000.0,557638000.0,,9.139,-4792000.0,58255000.0,58255000.0,33348000.0,12882000.0,2.52,0.225,0.0,0.0,0.0,0.0,100517000.0,4547000.0,0.0,0.0,0.0,26324000.0,30871000.0,0.212,30871000.0,26324000.0,26324000.0,0.16,0.14,0.16,770577000.0,,770577000.0,3080530824.0,24.0,21.459,42869000.0,0.508,1.0,112259000.0,0.771,233997000.0,0.0,498626000.0,,10672000.0,420535000.0,204169000.0,216366000.0,173711000.0,153410000.0,20301000.0,3132516824.0,6142000.0,-207144000.0,2322000.0,0.0,0.0,4916000.0,-46435000.0,165501000.0,47661000.0,114000.0,12882000.0,12882000.0,12882000.0,0.0,0.0,0.088,93290000.0,18969000.0,25525000.0,0.0,4.065,40.682,39.989,36024000.0,0.0,37.19,5.959,5.887,91774000.0,172705000.0,145607000.0,145607000.0,19929000.0,,,,,10205000.0,59361000.0,1.0,84230084.0,84318000,86052000.0,1.727,710291000.0,43341000.0,13442000.0,0.0,8.424,233240000.0
56,FFIV,MRQ,2007-06-30,2007-06-30,2007-06-30,2021-08-05,-1332000.0,886810000.0,,505040000.0,381770000.0,,8.872,-4519000.0,51986000.0,51986000.0,29637000.0,21809000.0,3.987,0.195,0.0,0.0,0.0,0.0,83249000.0,3904000.0,0.0,0.0,0.0,34954000.0,38858000.0,0.293,38858000.0,34954000.0,34954000.0,0.26,0.26,0.26,741840000.0,,741840000.0,3313633518.0,25.0,22.749,33681000.0,0.403,1.0,102788000.0,0.776,81701000.0,0.0,626465000.0,,9278000.0,584717000.0,345899000.0,238818000.0,144970000.0,126658000.0,18312000.0,3364614518.0,1372000.0,0.0,9158000.0,0.0,0.0,13315000.0,-50143000.0,-45624000.0,38200000.0,-166000.0,21809000.0,21809000.0,21809000.0,0.0,0.0,0.165,75009000.0,27779000.0,23225000.0,0.0,4.535,41.097,40.914,33307000.0,0.0,40.3,6.842,6.852,77693000.0,159823000.0,132425000.0,132425000.0,17476000.0,,,,,10573000.0,57533000.0,1.0,83489194.0,83614000,85310000.0,1.584,805109000.0,15392000.0,13145000.0,0.0,9.629,378382000.0
57,FFIV,MRQ,2007-03-31,2007-03-31,2007-03-31,2021-08-05,-928000.0,836100000.0,,538542000.0,297558000.0,,8.409,-4538000.0,50981000.0,50981000.0,28815000.0,19956000.0,4.368,0.2,0.0,0.0,0.0,0.0,75216000.0,3800000.0,0.0,0.0,0.0,32890000.0,36690000.0,0.288,36690000.0,32890000.0,32890000.0,0.24,0.24,0.24,696521000.0,,696521000.0,2717487526.0,22.0,19.822,32413000.0,0.391,1.0,98790000.0,0.774,81701000.0,0.0,580132000.0,,7915000.0,539260000.0,384426000.0,154834000.0,139579000.0,123286000.0,16293000.0,2752513526.0,16114000.0,0.0,4678000.0,0.0,0.0,8509000.0,-29346000.0,-24808000.0,36951000.0,-365000.0,19956000.0,19956000.0,19956000.0,0.0,0.0,0.156,73130000.0,25660000.0,23012000.0,0.0,3.952,35.735,35.658,31693000.0,0.0,33.34,5.99,6.01,73142000.0,138014000.0,127605000.0,127605000.0,17086000.0,,,,,11705000.0,56044000.0,1.0,82558894.0,82834000,84780000.0,1.54,754399000.0,16051000.0,12934000.0,0.0,9.107,415256000.0
58,FFIV,MRQ,2006-12-31,2006-12-31,2006-12-31,2021-08-05,-734000.0,787570000.0,,507408000.0,280162000.0,,8.001,-2605000.0,35026000.0,35026000.0,26524000.0,22353000.0,4.407,0.2,0.0,0.0,0.0,0.0,68668000.0,3611000.0,0.0,0.0,0.0,33525000.0,37136000.0,0.309,37136000.0,33525000.0,33525000.0,0.27,0.26,0.27,656544000.0,,656544000.0,3008225094.0,26.0,23.294,44233000.0,0.539,1.0,93506000.0,0.779,81701000.0,0.0,555714000.0,,5730000.0,514181000.0,384238000.0,129943000.0,131026000.0,115129000.0,15897000.0,3049900094.0,-6633000.0,0.0,7131000.0,0.0,0.0,8746000.0,-62217000.0,-59612000.0,46838000.0,-28000.0,22353000.0,22353000.0,22353000.0,0.0,0.0,0.186,66412000.0,27094000.0,12879000.0,0.0,4.645,41.701,41.458,29951000.0,0.0,37.105,7.16,7.148,67246000.0,118058000.0,120030000.0,120030000.0,14539000.0,,,,,8729000.0,51873000.0,1.0,82196472.0,82062000,84636000.0,1.463,705869000.0,25051000.0,11172000.0,0.0,8.602,392279000.0
59,FFIV,MRQ,2006-09-30,2006-09-30,2006-09-30,2021-08-05,-1038000.0,729511000.0,,462975000.0,266536000.0,,7.568,-2869000.0,41675000.0,41675000.0,24781000.0,17752000.0,4.647,0.183,0.0,0.0,0.0,0.0,60320000.0,3593000.0,0.0,0.0,0.0,29385000.0,32978000.0,0.295,32978000.0,29385000.0,29385000.0,0.215,0.22,0.215,616458000.0,,616458000.0,2151356159.0,20.0,18.055,15139000.0,0.186,1.0,86936000.0,0.778,81701000.0,0.0,506498000.0,,5763000.0,454430000.0,336427000.0,118003000.0,113053000.0,99637000.0,13416000.0,2178229159.0,16768000.0,0.0,1715000.0,0.0,0.0,22602000.0,-23842000.0,-20973000.0,18008000.0,-185000.0,17752000.0,17752000.0,17752000.0,0.0,0.0,0.159,63376000.0,23560000.0,13174000.0,0.0,3.533,33.001,32.756,29951000.0,0.0,26.86,5.528,5.472,62750000.0,95705000.0,111717000.0,111717000.0,13900000.0,,,,,8222000.0,49476000.0,1.0,81095650.0,81460000,83524000.0,1.371,647810000.0,23339000.0,11633000.0,0.0,7.952,363338000.0
60,FFIV,MRQ,2006-06-30,2006-06-30,2006-06-30,2021-08-05,-1625000.0,674334000.0,,454496000.0,219838000.0,,6.994,-9484000.0,25085000.0,25085000.0,22518000.0,16965000.0,4.807,0.189,0.0,0.0,0.0,0.0,53546000.0,2975000.0,0.0,0.0,0.0,27314000.0,30289000.0,0.302,30289000.0,27314000.0,27314000.0,0.21,0.205,0.21,567289000.0,,567289000.0,2141624681.0,21.0,19.258,27795000.0,0.343,1.0,77611000.0,0.775,81701000.0,0.0,473005000.0,,7888000.0,432208000.0,351865000.0,80343000.0,107045000.0,94543000.0,12502000.0,2168497681.0,-1777000.0,0.0,5466000.0,0.0,0.0,5466000.0,-44522000.0,-35038000.0,37279000.0,-63000.0,16965000.0,16965000.0,16965000.0,0.0,0.0,0.169,55056000.0,22555000.0,17640000.0,0.0,3.823,34.333,33.425,29960000.0,0.0,26.74,5.975,5.976,56683000.0,77953000.0,100129000.0,100129000.0,12517000.0,,,,,5753000.0,42539000.0,1.0,81095650.0,81106000,83318000.0,1.235,592633000.0,13384000.0,10349000.0,0.0,7.307,359953000.0
61,FFIV,MRQ,2006-03-31,2006-03-31,2006-03-31,2021-08-05,-1684000.0,636987000.0,,415431000.0,221556000.0,,6.724,-5173000.0,26873000.0,26873000.0,21287000.0,16067000.0,4.82,0.181,0.0,0.0,0.0,0.0,47906000.0,2621000.0,0.0,0.0,0.0,26120000.0,28741000.0,0.305,28741000.0,26120000.0,26120000.0,0.2,0.195,0.2,539571000.0,,539571000.0,2874512389.0,30.0,27.767,30445000.0,0.379,1.0,72829000.0,0.774,81652000.0,0.0,442276000.0,,3024000.0,397012000.0,321003000.0,76009000.0,97416000.0,86186000.0,11230000.0,2897109389.0,4291000.0,0.0,17128000.0,0.0,0.0,17128000.0,-48455000.0,-43282000.0,35618000.0,-18000.0,16067000.0,16067000.0,16067000.0,0.0,0.0,0.171,50586000.0,22243000.0,14605000.0,0.0,5.369,49.197,48.007,23669000.0,0.0,36.245,8.626,8.659,51953000.0,60988000.0,94116000.0,94116000.0,12276000.0,,,,,5593000.0,38310000.0,1.0,79931284.0,80240000,83254000.0,1.173,555335000.0,23864000.0,10053000.0,0.0,6.921,329245000.0
62,FFIV,MRQ,2005-12-31,2005-12-31,2005-12-31,2021-08-05,-1460000.0,589017000.0,,325035000.0,263982000.0,,6.391,-3874000.0,22597000.0,22597000.0,19567000.0,15221000.0,4.166,0.177,0.0,0.0,0.0,0.0,43331000.0,2396000.0,0.0,0.0,0.0,24750000.0,27146000.0,0.308,27146000.0,24750000.0,24750000.0,0.195,0.185,0.195,500581000.0,,500581000.0,2198743099.0,25.0,23.161,30599000.0,0.391,1.0,68520000.0,0.778,81652000.0,0.0,406738000.0,,2698000.0,353995000.0,240116000.0,113879000.0,88436000.0,78030000.0,10406000.0,2254481099.0,-33168000.0,-42778000.0,19949000.0,0.0,0.0,19949000.0,-87590000.0,-40938000.0,34473000.0,31000.0,15221000.0,15221000.0,15221000.0,0.0,0.0,0.173,46740000.0,21780000.0,12965000.0,0.0,4.504,41.917,40.56,19076000.0,0.0,28.595,7.285,7.237,49203000.0,44921000.0,88087000.0,88087000.0,10478000.0,,,,,5250000.0,36262000.0,1.0,78841794.0,78326000,81610000.0,1.125,507365000.0,33479000.0,9529000.0,0.0,6.478,247005000.0
63,FFIV,MRQ,2005-09-30,2005-09-30,2005-09-30,2021-08-05,-1430000.0,537739000.0,,294664000.0,243075000.0,,5.977,-2534000.0,55738000.0,55738000.0,18458000.0,14907000.0,4.358,0.169,0.0,0.0,0.0,0.0,39323000.0,1934000.0,0.0,0.0,0.0,23095000.0,25029000.0,0.311,25029000.0,23095000.0,23095000.0,0.195,0.195,0.195,460167000.0,,460167000.0,1653910651.0,21.0,19.635,30202000.0,0.392,1.0,62149000.0,0.771,49677000.0,0.0,364716000.0,,2699000.0,313148000.0,184314000.0,128834000.0,77572000.0,67608000.0,9964000.0,1671772651.0,40432000.0,2133000.0,4262000.0,0.0,0.0,4262000.0,3434000.0,6094000.0,32736000.0,-152000.0,14907000.0,14907000.0,14907000.0,0.0,0.0,0.185,41979000.0,20170000.0,7668000.0,0.0,3.633,35.644,34.5,16158000.0,0.0,21.735,5.941,5.749,41703000.0,29700000.0,80607000.0,80607000.0,9066000.0,,,,,4620000.0,32913000.0,1.0,76916156.0,76990000,77522000.0,1.047,488062000.0,40387000.0,8188000.0,0.0,6.339,227056000.0
64,FFIV,MRQ,2005-06-30,2005-06-30,2005-06-30,2021-08-05,-862000.0,505446000.0,,263531000.0,241915000.0,,5.807,-3268000.0,17862000.0,17862000.0,17064000.0,12693000.0,4.224,0.148,0.0,0.0,0.0,0.0,36905000.0,1602000.0,0.0,0.0,0.0,21004000.0,22606000.0,0.309,22606000.0,21004000.0,21004000.0,0.165,0.16,0.165,440349000.0,,440349000.0,1748315405.0,27.0,24.782,17915000.0,0.236,1.0,56000000.0,0.766,50067000.0,0.0,375121000.0,,2288000.0,317492000.0,196530000.0,120962000.0,65097000.0,62396000.0,2701000.0,1776323405.0,-10136000.0,-2133000.0,19480000.0,0.0,0.0,19480000.0,-50799000.0,-45398000.0,21183000.0,-69000.0,12693000.0,12693000.0,12693000.0,0.0,0.0,0.174,37119000.0,18881000.0,6201000.0,0.0,4.034,34.727,33.056,15563000.0,0.0,23.635,7.076,7.14,37749000.0,37570000.0,73064000.0,73064000.0,7584000.0,,,,,8009000.0,29535000.0,1.0,75156480.0,75836000,78866000.0,0.963,455379000.0,45825000.0,8311000.0,0.0,6.005,201135000.0
65,FFIV,MRQ,2005-03-31,2005-03-31,2005-03-31,2021-08-05,-1900000.0,457870000.0,,247378000.0,210492000.0,,5.392,-1409000.0,28008000.0,28008000.0,15737000.0,10964000.0,4.296,0.151,0.0,0.0,0.0,0.0,32478000.0,1679000.0,0.0,0.0,0.0,18471000.0,20150000.0,0.298,20150000.0,18471000.0,18471000.0,0.15,0.14,0.15,397951000.0,,397951000.0,1821403403.0,36.0,31.981,16150000.0,0.219,1.0,51993000.0,0.768,50067000.0,0.0,322213000.0,,2095000.0,271515000.0,174334000.0,97181000.0,59919000.0,57582000.0,2337000.0,1851427403.0,-1922000.0,0.0,23794000.0,0.0,0.0,23794000.0,-43275000.0,-41866000.0,17559000.0,-89000.0,10964000.0,10964000.0,10964000.0,0.0,0.0,0.162,35163000.0,16830000.0,7207000.0,0.0,4.652,40.359,38.25,13108000.0,0.0,25.245,8.332,8.386,34822000.0,23593000.0,67730000.0,67730000.0,7834000.0,,,,,12619000.0,27329000.0,1.0,73338380.0,73810000,77878000.0,0.918,407803000.0,43639000.0,7507000.0,0.0,5.525,189796000.0
66,FFIV,MRQ,2004-12-31,2004-12-31,2004-12-31,2021-08-05,-937000.0,407489000.0,,206655000.0,200834000.0,,4.945,-2082000.0,30024000.0,30024000.0,13925000.0,8338000.0,3.875,0.158,0.0,0.0,0.0,0.0,29046000.0,1582000.0,0.0,0.0,0.0,14864000.0,16446000.0,0.274,16446000.0,14864000.0,14864000.0,0.115,0.11,0.115,351862000.0,,351862000.0,1723091803.0,45.0,38.892,11427000.0,0.161,1.0,46084000.0,0.768,50067000.0,0.0,274069000.0,,1728000.0,230566000.0,139909000.0,90657000.0,55627000.0,53329000.0,2298000.0,1754235803.0,-1280000.0,-395000.0,21331000.0,0.0,0.0,21331000.0,-36120000.0,-33643000.0,13509000.0,182000.0,8338000.0,8338000.0,8338000.0,0.0,0.0,0.139,32607000.0,13477000.0,7746000.0,0.0,4.986,42.928,40.6,12969000.0,0.0,24.36,8.991,8.883,28101000.0,11481000.0,60009000.0,60009000.0,7032000.0,,,,,12311000.0,25575000.0,1.0,72012964.0,71154000,75696000.0,0.843,357422000.0,37585000.0,6526000.0,0.0,5.023,153326000.0
67,FFIV,MRQ,2004-09-30,2004-09-30,2004-09-30,2021-08-05,-498000.0,360593000.0,,173812000.0,186781000.0,,4.447,-1040000.0,31144000.0,31144000.0,11564000.0,19156000.0,3.728,0.172,0.0,0.0,0.0,0.0,28064000.0,1787000.0,0.0,0.0,0.0,9560000.0,11347000.0,0.226,11347000.0,9560000.0,9560000.0,0.285,0.265,0.285,307745000.0,,307745000.0,1024255715.0,37.0,30.821,10339000.0,0.149,1.0,38655000.0,0.77,50067000.0,0.0,232762000.0,,1696000.0,197392000.0,115600000.0,81792000.0,52848000.0,46620000.0,6228000.0,1052678715.0,2674000.0,-2302000.0,3226000.0,0.0,0.0,3226000.0,-11931000.0,-8589000.0,11379000.0,62000.0,19156000.0,19156000.0,19156000.0,0.0,0.0,0.381,29986000.0,8669000.0,4840000.0,0.0,3.421,28.977,27.945,11954000.0,0.0,15.23,6.149,5.911,22665000.0,-17202000.0,50219000.0,50219000.0,6841000.0,,,,,22867000.0,23155000.0,1.0,69118760.0,69208000,73470000.0,0.726,310526000.0,31620000.0,-9596000.0,0.0,4.487,127192000.0
68,FFIV,MRQ,2004-06-30,2004-06-30,2004-06-30,2021-08-05,-998000.0,312911000.0,,138587000.0,174324000.0,,3.806,-2631000.0,28423000.0,28423000.0,10099000.0,7416000.0,2.841,0.196,0.0,0.0,0.0,0.0,26321000.0,1246000.0,0.0,0.0,0.0,7763000.0,9009000.0,0.204,9009000.0,7763000.0,7763000.0,0.11,0.1,0.11,261718000.0,,261718000.0,884110546.0,49.0,38.443,7955000.0,0.116,1.0,34144000.0,0.772,48998000.0,0.0,186714000.0,,1868000.0,188323000.0,90265000.0,98058000.0,51193000.0,48776000.0,2417000.0,912455546.0,108000.0,-26899000.0,3839000.0,0.0,0.0,3839000.0,-14317000.0,15213000.0,10586000.0,-105000.0,7416000.0,7416000.0,7416000.0,0.0,0.0,0.168,27229000.0,6915000.0,6348000.0,0.0,3.486,54.658,50.923,12007000.0,0.0,13.24,5.979,5.966,19789000.0,-14293000.0,44243000.0,44243000.0,6253000.0,,,,,0.0,20976000.0,1.0,68916582.0,68764000,73938000.0,0.643,263913000.0,0.0,347000.0,0.0,3.838,89811000.0
69,FFIV,MRQ,2004-03-31,2004-03-31,2004-03-31,2021-08-05,647000.0,297976000.0,,157156000.0,140820000.0,,3.734,-1353000.0,28345000.0,28345000.0,9425000.0,5955000.0,3.606,0.182,0.0,0.0,0.0,0.0,24502000.0,1147000.0,0.0,0.0,0.0,6355000.0,7502000.0,0.185,7502000.0,6355000.0,6355000.0,0.09,0.08,0.09,252201000.0,,252201000.0,1108481052.0,93.0,66.012,8844000.0,0.131,1.0,31222000.0,0.768,24188000.0,0.0,201866000.0,,1905000.0,205106000.0,108656000.0,96450000.0,45775000.0,43577000.0,2198000.0,1142193052.0,-5539000.0,0.0,13326000.0,0.0,0.0,13326000.0,-29062000.0,-27709000.0,10197000.0,-11000.0,5955000.0,5955000.0,5955000.0,0.0,0.0,0.147,25675000.0,5547000.0,5397000.0,0.0,4.529,106.977,96.629,10272000.0,0.0,16.91,8.304,8.303,19158000.0,-21709000.0,40647000.0,40647000.0,5900000.0,,,,,0.0,19775000.0,1.0,67545420.0,67536000,73892000.0,0.602,273788000.0,0.0,400000.0,0.0,4.054,113579000.0
70,FFIV,MRQ,2003-12-31,2003-12-31,2003-12-31,2021-08-05,359000.0,272296000.0,,161130000.0,111166000.0,,3.855,-751000.0,33712000.0,33712000.0,8311000.0,3801000.0,4.263,0.171,0.0,0.0,0.0,0.0,21775000.0,1175000.0,0.0,0.0,0.0,4199000.0,5374000.0,0.149,5374000.0,4199000.0,4199000.0,0.065,0.055,0.065,232532000.0,,232532000.0,675277116.0,103.0,58.395,7677000.0,0.127,1.0,27770000.0,0.77,24188000.0,0.0,176603000.0,,1158000.0,177287000.0,110190000.0,67097000.0,39764000.0,37793000.0,1971000.0,691628116.0,17102000.0,0.0,118077000.0,0.0,0.0,118077000.0,-109403000.0,-108652000.0,8428000.0,259000.0,3801000.0,3801000.0,3801000.0,0.0,0.0,0.105,23755000.0,4015000.0,2670000.0,0.0,2.974,124.91,125.5,9871000.0,0.0,12.55,5.537,6.06,17496000.0,-27664000.0,36081000.0,36081000.0,5444000.0,,,,,10000.0,18301000.0,1.0,55109810.0,60318000,66242000.0,0.598,248108000.0,0.0,398000.0,0.0,4.113,123337000.0
71,FFIV,MRQ,2003-09-30,2003-09-30,2003-09-30,2021-08-05,195000.0,148173000.0,,69744000.0,78429000.0,,2.035,-708000.0,16351000.0,16351000.0,7498000.0,-478000.0,1.937,0.342,0.0,0.0,0.0,0.0,19147000.0,1284000.0,0.0,0.0,0.0,-171000.0,1113000.0,0.035,1113000.0,-171000.0,-171000.0,-0.005,-0.01,-0.005,110429000.0,,110429000.0,493728639.0,159.0,59.694,4897000.0,0.09,1.0,24135000.0,0.763,24188000.0,0.0,71625000.0,,762000.0,68659000.0,34527000.0,34132000.0,37744000.0,36009000.0,1735000.0,518726639.0,-8971000.0,-27373000.0,4062000.0,0.0,0.0,4062000.0,-18638000.0,9443000.0,5605000.0,324000.0,-478000.0,-478000.0,-478000.0,0.0,0.0,-0.015,23931000.0,204000.0,3714000.0,0.0,4.697,229.932,213.778,10079000.0,0.0,9.62,4.476,4.392,19325000.0,-31465000.0,31633000.0,31633000.0,5364000.0,,,,,1837000.0,18644000.0,1.0,53921688.0,54262000,60250000.0,0.583,123985000.0,0.0,307000.0,0.0,2.285,33735000.0
72,FFIV,MRQ,2003-06-30,2003-06-30,2003-06-30,2021-08-05,-582000.0,139784000.0,,89576000.0,50208000.0,,1.956,-563000.0,24998000.0,24998000.0,6781000.0,1399000.0,2.631,0.341,0.0,0.0,0.0,0.0,17423000.0,1252000.0,0.0,0.0,0.0,1551000.0,2803000.0,0.096,2803000.0,1551000.0,1551000.0,0.025,0.025,0.025,104231000.0,,104231000.0,418735871.0,144.0,51.272,2868000.0,0.054,1.0,22408000.0,0.768,0.0,0.0,80739000.0,,667000.0,77846000.0,45166000.0,32680000.0,35553000.0,34047000.0,1506000.0,438255871.0,5679000.0,0.0,4554000.0,0.0,0.0,4554000.0,-2306000.0,-1743000.0,3431000.0,-201000.0,1399000.0,1399000.0,1399000.0,0.0,0.0,0.048,21209000.0,1199000.0,3896000.0,0.0,4.205,189.639,207.75,10495000.0,0.0,8.31,3.936,3.976,20372000.0,-32818000.0,29189000.0,29189000.0,4810000.0,,,,,6000.0,16393000.0,1.0,52738372.0,53276000,56934000.0,0.548,139784000.0,0.0,152000.0,0.0,2.624,55529000.0
73,FFIV,MRQ,2003-03-31,2003-03-31,2003-03-31,2021-08-05,52000.0,133774000.0,,88833000.0,44941000.0,,1.893,-355000.0,19520000.0,19520000.0,6478000.0,815000.0,2.67,0.35,0.0,0.0,0.0,0.0,15732000.0,1275000.0,0.0,0.0,0.0,999000.0,2274000.0,0.081,2274000.0,999000.0,999000.0,0.015,0.015,0.015,99063000.0,,99063000.0,313447083.0,-110.0,122.059,2532000.0,0.048,1.0,21539000.0,0.769,0.0,0.0,80982000.0,,496000.0,76565000.0,49639000.0,26926000.0,34711000.0,33272000.0,1439000.0,329028083.0,3961000.0,0.0,2430000.0,0.0,0.0,2430000.0,-1356000.0,-1001000.0,2887000.0,-22000.0,815000.0,815000.0,815000.0,0.0,0.0,0.029,20852000.0,687000.0,4159000.0,0.0,3.321,-95.815,-90.214,11071000.0,0.0,6.315,3.013,3.026,20550000.0,-34217000.0,28017000.0,28017000.0,4886000.0,,,,,5000.0,15961000.0,1.0,52102626.0,52328000,54988000.0,0.535,133774000.0,0.0,184000.0,0.0,2.556,55561000.0
74,FFIV,MRQ,2002-12-31,2002-12-31,2002-12-31,2021-08-05,509000.0,128910000.0,,86663000.0,42247000.0,,1.857,-944000.0,15581000.0,15581000.0,6218000.0,520000.0,2.758,0.341,0.0,0.0,0.0,0.0,14799000.0,1351000.0,0.0,0.0,0.0,730000.0,2081000.0,0.077,2081000.0,730000.0,730000.0,0.01,0.01,0.01,96112000.0,,96112000.0,252742781.0,-46.0,13302.252,1743000.0,0.034,1.0,20838000.0,0.77,0.0,0.0,81903000.0,,253000.0,75666000.0,52284000.0,23382000.0,32798000.0,31426000.0,1372000.0,279543781.0,-11279000.0,0.0,1787000.0,0.0,0.0,1787000.0,-15753000.0,-14809000.0,2687000.0,59000.0,520000.0,520000.0,520000.0,0.0,0.0,0.019,20570000.0,268000.0,4152000.0,0.0,2.909,-46.444,-44.75,11898000.0,0.0,5.37,2.581,2.567,19322000.0,-35032000.0,27056000.0,27056000.0,4395000.0,,,,,66000.0,16109000.0,1.0,52056570.0,51766000,53870000.0,0.523,128910000.0,0.0,210000.0,0.0,2.49,55237000.0
75,FFIV,MRQ,2002-09-30,2002-09-30,2002-09-30,2021-08-05,454000.0,126289000.0,,105799000.0,20490000.0,,1.825,-824000.0,26801000.0,26801000.0,6406000.0,-423000.0,3.381,0.348,0.0,0.0,0.0,0.0,14058000.0,1379000.0,0.0,0.0,0.0,-370000.0,1009000.0,0.037,1009000.0,-370000.0,-370000.0,-0.01,-0.01,-0.01,93685000.0,,93685000.0,169331888.0,-21.0,-67.49,669000.0,0.013,1.0,20669000.0,0.763,0.0,0.0,68199000.0,,349000.0,60878000.0,59532000.0,1346000.0,32604000.0,31289000.0,1315000.0,193827888.0,2292000.0,0.0,732000.0,0.0,0.0,732000.0,68000.0,892000.0,1493000.0,12000.0,-423000.0,-423000.0,-423000.0,0.0,0.0,-0.016,21394000.0,-725000.0,3685000.0,0.0,2.069,-22.512,-22.206,12211000.0,0.0,3.775,1.79,1.766,20404000.0,-35552000.0,27075000.0,27075000.0,4312000.0,,,,,90000.0,16489000.0,1.0,51345136.0,51348000,51348000.0,0.527,126289000.0,0.0,53000.0,0.0,2.459,74510000.0
76,FFIV,MRQ,2002-06-30,2002-06-30,2002-06-30,2021-08-05,650000.0,125548000.0,,103762000.0,21786000.0,,1.83,-820000.0,24496000.0,24496000.0,7585000.0,-4346000.0,3.387,0.343,0.0,0.0,0.0,0.0,12737000.0,1404000.0,0.0,0.0,0.0,-4200000.0,-2796000.0,-0.103,-2796000.0,-4200000.0,-4200000.0,-0.085,-0.085,-0.085,93482000.0,,93482000.0,216046428.0,-19.0,-41.097,1933000.0,0.038,1.0,19480000.0,0.72,0.0,0.0,70417000.0,,332000.0,61848000.0,60416000.0,1432000.0,32066000.0,30635000.0,1431000.0,250449428.0,-10126000.0,0.0,1266000.0,0.0,0.0,1266000.0,-14146000.0,-13326000.0,2753000.0,220000.0,-4346000.0,-4346000.0,-4346000.0,0.0,0.0,-0.161,23967000.0,-4487000.0,4463000.0,0.0,2.679,-12.718,-12.225,13123000.0,0.0,4.89,2.324,2.318,20278000.0,-35129000.0,27065000.0,27065000.0,4785000.0,,,,,106000.0,16305000.0,1.0,51216652.0,51074000,51074000.0,0.53,125548000.0,0.0,146000.0,0.0,2.458,73127000.0
77,FFIV,MRQ,2002-03-31,2002-03-31,2002-03-31,2021-08-05,598000.0,126228000.0,,103087000.0,23141000.0,,1.913,-868000.0,34403000.0,34403000.0,7831000.0,-1770000.0,3.623,0.309,0.0,0.0,0.0,0.0,11650000.0,1394000.0,0.0,0.0,0.0,-1669000.0,-275000.0,-0.01,-275000.0,-1669000.0,-1669000.0,-0.035,-0.035,-0.035,96403000.0,,96403000.0,566157150.0,-72.0,-271.538,1046000.0,0.021,1.0,19270000.0,0.711,0.0,0.0,63373000.0,,960000.0,48623000.0,47063000.0,1560000.0,29825000.0,28452000.0,1373000.0,585837150.0,14749000.0,0.0,2234000.0,0.0,0.0,2234000.0,10601000.0,11469000.0,1914000.0,-26000.0,-1770000.0,-1770000.0,-1770000.0,0.0,0.0,-0.065,21212000.0,-1942000.0,4197000.0,0.0,6.077,-34.546,-33.2,14293000.0,0.0,11.62,5.341,5.34,20649000.0,-30783000.0,27101000.0,27101000.0,4751000.0,,,,,114000.0,16347000.0,1.0,50416278.0,50406000,50406000.0,0.538,126228000.0,0.0,101000.0,0.0,2.504,74635000.0
78,FFIV,MRQ,2001-12-31,2001-12-31,2001-12-31,2021-08-05,439000.0,124422000.0,,100878000.0,23544000.0,,1.922,-657000.0,19680000.0,19680000.0,8657000.0,-2071000.0,3.667,0.301,0.0,0.0,0.0,0.0,11840000.0,1435000.0,0.0,0.0,0.0,-1882000.0,-447000.0,-0.017,-447000.0,-1882000.0,-1882000.0,-0.04,-0.04,-0.04,95666000.0,,95666000.0,462545865.0,-27.0,-40.176,2688000.0,0.054,1.0,18368000.0,0.68,0.0,0.0,77231000.0,,2830000.0,60042000.0,58740000.0,1302000.0,28756000.0,27511000.0,1245000.0,538328865.0,-4590000.0,0.0,1251000.0,0.0,0.0,1251000.0,-9186000.0,-8529000.0,3345000.0,-51000.0,-2071000.0,-2071000.0,-2071000.0,0.0,0.0,-0.077,20755000.0,-2387000.0,3607000.0,0.0,5.627,-22.496,-20.913,14876000.0,0.0,10.77,4.909,4.888,20548000.0,-29013000.0,27025000.0,27025000.0,4137000.0,,,,,133000.0,16485000.0,1.0,49984110.0,49766000,49766000.0,0.543,124422000.0,0.0,189000.0,0.0,2.5,73367000.0
79,FFIV,MRQ,2001-09-30,2001-09-30,2001-09-30,2021-08-05,573000.0,124663000.0,,101898000.0,22765000.0,,1.946,-90000.0,24321000.0,24321000.0,7325000.0,-11506000.0,3.773,0.292,0.0,0.0,0.0,0.0,11031000.0,1604000.0,0.0,0.0,0.0,-3343000.0,-1739000.0,-0.065,-1739000.0,-3343000.0,-3343000.0,-0.24,-0.24,-0.24,96488000.0,,96488000.0,155114404.0,-6.0,-7.266,2063000.0,0.042,1.0,19241000.0,0.724,0.0,0.0,73334000.0,,2602000.0,51462000.0,51462000.0,0.0,28175000.0,27008000.0,1167000.0,230138404.0,-27021000.0,0.0,-1469000.0,188000.0,0.0,-1281000.0,-27893000.0,-27803000.0,2153000.0,23000.0,-11506000.0,-11506000.0,-11506000.0,0.0,0.0,-0.433,23212000.0,-3971000.0,4460000.0,0.0,2.385,-7.474,-6.824,15496000.0,0.0,4.64,2.143,1.957,22628000.0,-26942000.0,26566000.0,26566000.0,3902000.0,,,,,209000.0,19101000.0,1.0,49598794.0,49584000,49584000.0,0.536,124663000.0,0.0,8163000.0,0.0,2.514,74890000.0
80,FFIV,MRQ,2001-06-30,2001-06-30,2001-06-30,2021-08-05,353000.0,134123000.0,,107787000.0,26336000.0,,2.413,-852000.0,75024000.0,75024000.0,10609000.0,-1611000.0,3.988,0.252,0.0,0.0,0.0,0.0,12203000.0,1358000.0,0.0,0.0,0.0,-982000.0,376000.0,0.013,376000.0,-982000.0,-982000.0,-0.035,-0.035,-0.035,107096000.0,,107096000.0,352968422.0,-17.0,-21.248,846000.0,0.019,1.0,18392000.0,0.634,0.0,0.0,32072000.0,,4164000.0,0.0,0.0,0.0,27027000.0,27027000.0,0.0,389594422.0,38704000.0,0.0,37523000.0,0.0,0.0,37523000.0,-517000.0,335000.0,1698000.0,-5000.0,-1611000.0,-1611000.0,-1611000.0,0.0,0.0,-0.056,19697000.0,-1305000.0,3722000.0,0.0,3.638,-21.804,-21.691,16737000.0,0.0,8.785,3.317,3.32,25168000.0,-15435000.0,29001000.0,29001000.0,4140000.0,,,,,245000.0,15312000.0,1.0,44347686.0,44388000,44388000.0,0.653,134123000.0,7454000.0,629000.0,0.0,3.022,80760000.0
81,FFIV,MRQ,2001-03-31,2001-03-31,2001-03-31,2021-08-05,297000.0,100082000.0,,72406000.0,27676000.0,,1.657,-1320000.0,36626000.0,36626000.0,15901000.0,-8742000.0,2.638,0.378,0.0,0.0,0.0,0.0,13628000.0,1299000.0,0.0,0.0,0.0,-11002000.0,-9703000.0,-0.358,-9703000.0,-11002000.0,-11002000.0,-0.2,-0.2,-0.2,72634000.0,,72634000.0,74414390.0,-5.0,-6.672,-5340000.0,-0.122,1.0,11166000.0,0.413,0.0,0.0,36008000.0,,8845000.0,0.0,0.0,0.0,27448000.0,27448000.0,0.0,116717390.0,295000.0,0.0,207000.0,0.0,0.0,207000.0,4108000.0,5428000.0,-4020000.0,20000.0,-8742000.0,-8742000.0,-8742000.0,0.0,0.0,-0.323,23039000.0,-11873000.0,3905000.0,0.0,1.607,-9.404,-9.543,17812000.0,0.0,2.672,0.992,0.995,24644000.0,-13824000.0,27067000.0,27067000.0,4549000.0,,,,,1595000.0,16991000.0,1.0,43681658.0,43834000,43834000.0,0.617,100082000.0,7297000.0,-2260000.0,0.0,2.283,44958000.0
82,FFIV,MRQ,2000-12-31,2000-12-31,2000-12-31,2021-08-05,812000.0,117384000.0,,90015000.0,27369000.0,,1.847,-5822000.0,42303000.0,42303000.0,11670000.0,-8931000.0,2.414,0.466,0.0,0.0,0.0,0.0,14917000.0,1087000.0,0.0,0.0,0.0,-11368000.0,-10281000.0,-0.416,-10281000.0,-11368000.0,-11368000.0,-0.205,-0.205,-0.205,80089000.0,,80089000.0,146919783.0,1020.0,45.798,-17486000.0,-0.403,1.0,13063000.0,0.528,0.0,0.0,37786000.0,,16625000.0,0.0,0.0,0.0,37295000.0,37295000.0,0.0,206118783.0,-12177000.0,0.0,-106000.0,0.0,0.0,-106000.0,-407000.0,5415000.0,-11664000.0,-54000.0,-8931000.0,-8931000.0,-8931000.0,0.0,0.0,-0.361,24630000.0,-11567000.0,14006000.0,0.0,2.574,433.023,237.5,18080000.0,0.0,4.75,1.805,1.803,30369000.0,-5082000.0,24733000.0,24733000.0,4844000.0,,,,,576000.0,18139000.0,1.0,43393428.0,43354000,43354000.0,0.57,117384000.0,5643000.0,-2437000.0,0.0,2.708,52720000.0
83,FFIV,MRQ,2000-09-30,2000-09-30,2000-09-30,2021-08-05,-52000.0,122420000.0,,100815000.0,21605000.0,,2.033,-5532000.0,59199000.0,59199000.0,11773000.0,1416000.0,2.922,0.396,0.0,0.0,0.0,0.0,16199000.0,783000.0,0.0,0.0,0.0,2213000.0,2996000.0,0.082,2996000.0,2213000.0,2213000.0,0.035,0.03,0.035,87685000.0,,87685000.0,669126240.0,42.0,36.989,-3203000.0,-0.074,1.0,24874000.0,0.679,0.0,0.0,28724000.0,,5231000.0,0.0,0.0,0.0,34735000.0,34497000.0,238000.0,731437240.0,-30132000.0,0.0,326000.0,47000.0,0.0,373000.0,-32834000.0,-30375000.0,2329000.0,-260000.0,1416000.0,1416000.0,1416000.0,0.0,0.0,0.039,23150000.0,1724000.0,10561000.0,0.0,8.342,53.585,52.308,13524000.0,0.0,17.0,6.732,6.615,37768000.0,3848000.0,36647000.0,36647000.0,6070000.0,,,,,2313000.0,16400000.0,1.0,43025720.0,43132000,46930000.0,0.85,122420000.0,3398000.0,797000.0,0.0,2.838,66318000.0
84,FFIV,MRQ,2000-06-30,2000-06-30,2000-06-30,2021-08-05,-208000.0,106126000.0,,95373000.0,10753000.0,,1.953,-4514000.0,62311000.0,62311000.0,8270000.0,3845000.0,4.202,0.272,0.0,0.0,0.0,0.0,12185000.0,682000.0,0.0,0.0,0.0,5153000.0,5835000.0,0.2,5835000.0,5153000.0,5153000.0,0.09,0.085,0.09,83427000.0,,83427000.0,1098196317.0,69.0,62.267,-2800000.0,-0.066,1.0,20951000.0,0.717,0.0,0.0,21116000.0,,1630000.0,0.0,0.0,0.0,22699000.0,22699000.0,0.0,1162500317.0,-5080000.0,0.0,680000.0,47000.0,0.0,727000.0,-7521000.0,66000.0,1714000.0,80000.0,3845000.0,3845000.0,3845000.0,0.0,0.0,0.132,16653000.0,4298000.0,4664000.0,0.0,13.934,79.798,51.962,9211000.0,0.0,27.28,13.555,13.585,26396000.0,2432000.0,29221000.0,29221000.0,3422000.0,,,,,3701000.0,12797000.0,1.0,42613648.0,42708000,46008000.0,0.684,106126000.0,2482000.0,1308000.0,0.0,2.485,72674000.0
85,FFIV,MRQ,2000-03-31,2000-03-31,2000-03-31,2021-08-05,77000.0,94389000.0,,88821000.0,5568000.0,,1.779,-1979000.0,64304000.0,64304000.0,6845000.0,4146000.0,4.687,0.251,0.0,0.0,0.0,0.0,9903000.0,512000.0,0.0,0.0,0.0,4146000.0,4658000.0,0.197,4658000.0,4146000.0,4146000.0,0.1,0.09,0.1,75439000.0,,75439000.0,1369453540.0,149.0,131.526,833000.0,0.02,1.0,16759000.0,0.71,0.0,0.0,11135000.0,,1566000.0,0.0,0.0,0.0,18950000.0,18950000.0,0.0,1432485540.0,1242000.0,0.0,252000.0,187000.0,0.0,439000.0,-2009000.0,-30000.0,2812000.0,0.0,4146000.0,4146000.0,4146000.0,0.0,0.0,0.176,13431000.0,3328000.0,4792000.0,0.0,18.989,155.637,94.097,5273000.0,0.0,33.875,22.332,22.389,20584000.0,-1413000.0,23604000.0,23604000.0,2761000.0,,,,,470000.0,10200000.0,1.0,42287396.0,42396000,46210000.0,0.557,94389000.0,0.0,0.0,0.0,2.226,69871000.0
86,FFIV,MRQ,1999-12-31,1999-12-31,1999-12-31,2021-08-05,52000.0,85180000.0,,81083000.0,4097000.0,,1.722,-1309000.0,63032000.0,63032000.0,5683000.0,4243000.0,5.471,0.211,0.0,0.0,0.0,0.0,7641000.0,358000.0,0.0,0.0,0.0,4243000.0,4601000.0,0.24,4601000.0,4243000.0,4243000.0,0.105,0.09,0.105,70359000.0,,70359000.0,2366643720.0,1130.0,814.119,1684000.0,0.041,1.0,13490000.0,0.704,0.0,0.0,7327000.0,,915000.0,0.0,0.0,0.0,14821000.0,14821000.0,0.0,2394453720.0,35193000.0,0.0,33545000.0,0.0,0.0,33545000.0,-1345000.0,-36000.0,2993000.0,-7000.0,4243000.0,4243000.0,4243000.0,0.0,0.0,0.221,9988000.0,3502000.0,3510000.0,0.0,34.032,1142.937,1628.571,3803000.0,0.0,57.0,54.047,52.563,15215000.0,-5559000.0,19173000.0,19173000.0,2225000.0,,,,,543000.0,7220000.0,1.0,42007960.0,40854000,46122000.0,0.469,85180000.0,0.0,0.0,0.0,2.085,66262000.0
87,FFIV,MRQ,1999-09-30,1999-09-30,1999-09-30,2021-08-05,-3000.0,42846000.0,,36749000.0,6097000.0,,1.561,-1100000.0,27810000.0,27810000.0,3139000.0,2334000.0,3.38,0.34,0.0,0.0,0.0,0.0,4365000.0,209000.0,0.0,0.0,0.0,2334000.0,2543000.0,0.185,2543000.0,2334000.0,2334000.0,0.23,0.23,0.23,31973000.0,,31973000.0,1225031756.0,-282.0,-324.856,816000.0,0.04,1.0,10624000.0,0.772,0.0,0.0,4163000.0,,618000.0,0.0,0.0,0.0,10873000.0,10873000.0,0.0,1251979756.0,-2150000.0,0.0,47000.0,0.0,0.0,47000.0,-4113000.0,-3013000.0,1916000.0,-1000.0,2334000.0,2334000.0,2334000.0,0.0,0.0,0.17,8638000.0,1986000.0,2700000.0,0.0,39.157,-288.209,-161.905,2834000.0,0.0,34.0,44.995,25.02,9603000.0,-9802000.0,13763000.0,13763000.0,1832000.0,,,,,690000.0,6116000.0,1.0,36822934.0,20476000,20476000.0,0.672,42846000.0,0.0,0.0,0.0,2.092,25876000.0
88,FFIV,MRQ,1999-06-30,1999-06-30,1999-06-30,2021-08-05,0.0,36486000.0,,34355000.0,2131000.0,,1.424,-811000.0,26948000.0,26948000.0,2032000.0,-1519000.0,4.532,0.262,0.0,0.0,0.0,0.0,2462000.0,129000.0,0.0,0.0,0.0,-1519000.0,-1390000.0,-0.183,-1390000.0,-1519000.0,-1519000.0,-0.075,-0.075,-0.075,28905000.0,,28905000.0,730524229.0,-90.0,-96.122,-1170000.0,-0.058,1.0,5573000.0,0.733,43000.0,0.0,1914000.0,,710000.0,0.0,0.0,0.0,7581000.0,7581000.0,0.0,732976229.0,24488000.0,0.0,25658000.0,0.0,0.0,25658000.0,-811000.0,0.0,-359000.0,0.0,-1519000.0,-1519000.0,-1519000.0,0.0,0.0,-0.2,7189000.0,-1616000.0,3540000.0,0.0,25.358,-91.019,-34.454,1925000.0,0.0,20.5,45.897,26.056,5108000.0,-12136000.0,7605000.0,7605000.0,1466000.0,,,,,759000.0,4964000.0,1.0,35754938.0,20298000,20298000.0,0.375,36443000.0,0.0,0.0,0.0,1.795,26774000.0
89,FFIV,MRQ,1999-03-31,1999-03-28,1999-03-28,2021-08-05,0.0,8516000.0,,7070000.0,1446000.0,,-0.281,-389000.0,2460000.0,2460000.0,1209000.0,-2963000.0,1.568,-1.225,8000.0,8000.0,0.0,8000.0,1568000.0,116000.0,0.0,,0.0,-2963000.0,-2847000.0,-0.757,-2847000.0,-2963000.0,-2963000.0,-0.225,-0.225,-0.225,-3681000.0,,-3681000.0,,,,-2368000.0,-0.181,1.0,2553000.0,0.679,66000.0,0.0,1489000.0,,398000.0,0.0,0.0,0.0,4509000.0,4509000.0,0.0,,-1998000.0,0.0,370000.0,0.0,0.0,370000.0,-389000.0,0.0,-1979000.0,0.0,-2963000.0,-2963000.0,-2963000.0,0.0,0.0,-0.788,5547000.0,-2994000.0,1458000.0,0.0,,,,1219000.0,0.0,,,,2629000.0,-10617000.0,3762000.0,3762000.0,1324000.0,,,,,670000.0,3553000.0,1.0,35754938.0,13110000,13110000.0,0.287,8450000.0,0.0,0.0,0.0,0.645,2561000.0
90,FFIV,MRQ,1998-12-31,1998-12-31,1998-12-31,2021-08-05,,,,,,,,-331000.0,,,820000.0,-2197000.0,,,,,,,,119000.0,,,0.0,-2197000.0,-2078000.0,-0.771,-2078000.0,-2197000.0,-2197000.0,-0.18,-0.18,-0.18,,,,,,,-1898000.0,-0.157,1.0,1875000.0,0.696,,0.0,,,,,,,,,,,-1748000.0,0.0,150000.0,0.0,0.0,150000.0,-331000.0,0.0,-1567000.0,0.0,-2197000.0,-2197000.0,-2197000.0,0.0,0.0,-0.815,4130000.0,-2255000.0,,0.0,,,,,0.0,,,,,,2695000.0,2695000.0,1021000.0,,,,,368000.0,2741000.0,1.0,,12094000,12094000.0,0.223,,,0.0,,,
91,FFIV,MRQ,1998-09-30,1998-09-28,1998-09-28,2021-08-05,0.0,9432000.0,,8587000.0,845000.0,,-0.007,-161000.0,6206000.0,6206000.0,540000.0,-1374000.0,4.708,-118.9,0.0,0.0,0.0,0.0,788000.0,110000.0,0.0,,0.0,-1395000.0,-1285000.0,-0.673,-1285000.0,-1395000.0,-1374000.0,-0.115,-0.115,-0.115,-80000.0,,-80000.0,,,,-1968000.0,-0.166,1.0,1368000.0,0.717,0.0,-21000.0,1402000.0,,99000.0,0.0,0.0,0.0,9512000.0,1824000.0,7688000.0,,5457000.0,0.0,6000.0,-269000.0,0.0,7425000.0,-161000.0,10000.0,-1807000.0,0.0,-1374000.0,-1374000.0,-1374000.0,0.0,0.0,-0.72,2759000.0,-1391000.0,559000.0,0.0,,,,682000.0,0.0,,,,2032000.0,-5458000.0,1908000.0,1908000.0,751000.0,,,,,215000.0,1793000.0,1.0,,11878000,11878000.0,0.161,9432000.0,0.0,0.0,0.0,0.794,6763000.0
92,FFIV,MRQ,1998-06-30,1998-06-30,1998-06-30,2021-08-05,,,,,,,,,,,406000.0,-1252000.0,,,,,,,,,,,0.0,-1250000.0,,,,-1250000.0,-1252000.0,-0.105,-0.105,-0.105,,,,,,,,,1.0,738000.0,0.645,,2000.0,,,,,,,,,,,,,,,,,,,,,-1252000.0,-1252000.0,-1252000.0,0.0,0.0,-1.094,1988000.0,-1250000.0,,0.0,,,,,0.0,,,,,,1144000.0,1144000.0,525000.0,,,,,,1349000.0,1.0,,11784000,11784000.0,0.097,,,0.0,,,
93,FFIV,MRQ,1997-09-30,1997-09-28,1997-09-28,2021-08-05,0.0,919000.0,,617000.0,302000.0,,-0.019,,143000.0,143000.0,,,0.661,-4.978,735000.0,519000.0,216000.0,735000.0,184000.0,,0.0,,0.0,,,,,,,,,,-231000.0,,-231000.0,,,,,,1.0,,,52000.0,,525000.0,,77000.0,0.0,0.0,0.0,1150000.0,934000.0,216000.0,,,,,,,,,,,,,,,,,,,,117000.0,,,,,196000.0,,,,,329000.0,-1786000.0,,,,,,,,,,1.0,,12000000,,,867000.0,0.0,,0.0,0.072,-317000.0
0,FFIV,MRT,2021-06-30,2021-06-30,2021-06-30,2021-08-05,-18935000.0,4785121000.0,4720393000.0,1466711000.0,3318410000.0,0.537,36.423,-35617000.0,583811000.0,583811000.0,476435000.0,298186000.0,1.082,1.183,682022000.0,19275000.0,662747000.0,682022000.0,1440610000.0,149850000.0,0.0,0.0,0.0,360961000.0,510811000.0,0.201,510811000.0,360961000.0,360961000.0,4.9,4.82,4.9,2192169000.0,2208461500.0,2192169000.0,11294365621.0,31.0,22.111,588430000.0,9.777,1.0,2059800000.0,0.812,2209639000.0,0.0,1318729000.0,1319331500.0,22649000.0,279330000.0,184108000.0,95222000.0,2592952000.0,1354964000.0,1237988000.0,11127714621.0,-131759000.0,-411319000.0,-484473000.0,-20000000.0,0.0,-517929000.0,-237877000.0,209059000.0,624047000.0,1396000.0,298186000.0,298186000.0,298186000.0,0.0,0.0,0.118,1693526000.0,366274000.0,49372000.0,0.0,5.076,37.318,38.094,449943000.0,0.0,186.66,4.387,4.43,382897000.0,2077110000.0,2536235000.0,2536235000.0,508227000.0,0.063,0.135,0.274,0.142,235390000.0,1185299000.0,1.0,59614886.0,60186000,61351000.0,42.14,2575482000.0,128809000.0,62775000.0,1923000.0,42.792,111747000.0
1,FFIV,MRT,2021-03-31,2021-03-31,2021-03-31,2021-08-05,-19194000.0,4519192000.0,4667452000.0,1335648000.0,3183544000.0,0.529,33.096,-38567000.0,532166000.0,532166000.0,461571000.0,278454000.0,1.006,1.251,698817000.0,19275000.0,679542000.0,698817000.0,1366903000.0,148514000.0,0.0,0.0,0.0,354474000.0,502988000.0,0.204,502988000.0,354474000.0,354474000.0,4.56,4.5,4.56,2007819000.0,2198894000.0,2007819000.0,12546736860.0,35.0,24.944,562350000.0,9.269,1.0,2006401000.0,0.813,2209639000.0,0.0,1149100000.0,1358530500.0,24571000.0,130183000.0,111105000.0,19078000.0,2511373000.0,1327104000.0,1184269000.0,12861593860.0,-44901000.0,-411319000.0,-489928000.0,-20000000.0,0.0,-520392000.0,-125426000.0,324460000.0,600917000.0,1017000.0,278454000.0,278454000.0,278454000.0,0.0,0.0,0.113,1648918000.0,357483000.0,53567000.0,0.0,6.406,46.189,45.75,467988000.0,0.0,208.62,5.211,5.128,374404000.0,1987506000.0,2467972000.0,2467972000.0,490935000.0,0.06,0.127,0.261,0.144,224790000.0,1157983000.0,1.0,61650819.0,60667000,62158000.0,40.681,2309553000.0,68624000.0,76020000.0,1888000.0,38.069,8544000.0
2,FFIV,MRT,2020-12-31,2020-12-31,2020-12-31,2021-08-05,-17855000.0,4899339000.0,4647898250.0,2029810000.0,2869529000.0,0.518,39.088,-42333000.0,1026829000.0,1026829000.0,434224000.0,296592000.0,1.539,1.04,711972000.0,19275000.0,692697000.0,711972000.0,1358825000.0,144672000.0,0.0,0.0,0.0,385907000.0,530579000.0,0.221,530579000.0,385907000.0,385907000.0,4.86,4.8,4.86,2401590000.0,2196487750.0,2401590000.0,10715930766.0,28.0,20.197,611916000.0,9.96,1.0,1971910000.0,0.82,1863892000.0,0.0,1401341000.0,1447929750.0,26455000.0,435268000.0,346515000.0,88753000.0,2497749000.0,1319249000.0,1178500000.0,10838449766.0,291289000.0,-956821000.0,-40944000.0,381960000.0,0.0,333999000.0,-696959000.0,302195000.0,654249000.0,268000.0,296592000.0,296592000.0,296592000.0,0.0,0.0,0.123,1584230000.0,387680000.0,57542000.0,0.0,4.513,36.543,36.202,501693000.0,0.0,175.94,4.505,4.493,346670000.0,2033209000.0,2406134000.0,2406134000.0,459510000.0,0.064,0.135,0.267,0.16,212356000.0,1124720000.0,1.0,61603102.0,61440000,62282000.0,39.162,3035447000.0,47236000.0,89315000.0,1965000.0,49.405,710561000.0
3,FFIV,MRT,2020-09-30,2020-09-30,2020-09-30,2021-08-05,-18716000.0,4677920000.0,4391903500.0,1793476000.0,2884444000.0,0.535,36.648,-59940000.0,849556000.0,849556000.0,407887000.0,307441000.0,1.392,1.096,727037000.0,19275000.0,707762000.0,727037000.0,1272632000.0,134996000.0,0.0,0.0,0.0,396397000.0,531393000.0,0.226,531393000.0,396397000.0,396397000.0,5.05,5.01,5.05,2232268000.0,2078454750.0,2232268000.0,7534672592.0,19.0,14.179,600958000.0,9.866,1.0,1942935000.0,0.826,1858966000.0,0.0,1408156000.0,1414174500.0,27898000.0,463272000.0,360333000.0,102939000.0,2445652000.0,1288279000.0,1157373000.0,7510222592.0,251139000.0,-955574000.0,-47181000.0,386960000.0,0.0,337243000.0,-747002000.0,268512000.0,660898000.0,-567000.0,307441000.0,307441000.0,307441000.0,0.0,0.0,0.131,1550668000.0,392267000.0,64472000.0,0.0,3.364,24.428,24.311,529919000.0,0.0,122.77,3.195,3.181,296183000.0,1945531000.0,2350822000.0,2350822000.0,441324000.0,0.07,0.148,0.28,0.169,201948000.0,1101544000.0,1.0,61173109.0,60911000,61378000.0,38.594,2818954000.0,45173000.0,88956000.0,602000.0,46.28,505197000.0
4,FFIV,MRT,2020-06-30,2020-06-30,2020-06-30,2021-08-05,-18495000.0,4573357000.0,4069992250.0,1665434000.0,2907923000.0,0.572,35.323,-68391000.0,714268000.0,714268000.0,386838000.0,324615000.0,1.318,1.123,738718000.0,19275000.0,719443000.0,738718000.0,1275052000.0,120930000.0,0.0,0.0,0.0,416985000.0,537915000.0,0.231,537915000.0,416985000.0,416985000.0,5.35,5.33,5.35,2153899000.0,1960762000.0,2153899000.0,8676566539.0,21.0,16.13,622689000.0,10.212,1.0,1939556000.0,0.834,1858966000.0,0.0,1475525000.0,1217173250.0,28826000.0,492231000.0,379303000.0,112928000.0,2419458000.0,1263316000.0,1156142000.0,8493849539.0,28308000.0,-955574000.0,2133000.0,391960000.0,0.0,394093000.0,-1056865000.0,-32900000.0,691080000.0,-2145000.0,324615000.0,324615000.0,324615000.0,0.0,0.0,0.14,1531188000.0,408368000.0,54389000.0,0.0,3.943,26.166,26.071,545054000.0,0.0,139.48,3.651,3.656,304874000.0,1867868000.0,2326394000.0,2326394000.0,423836000.0,0.08,0.166,0.343,0.179,193047000.0,1099552000.0,1.0,60896541.0,60978000,61415000.0,38.151,2714391000.0,47919000.0,92370000.0,444000.0,44.514,402118000.0
5,FFIV,MRT,2020-03-31,2020-03-31,2020-03-31,2021-08-05,-22903000.0,4440977000.0,3720971750.0,1408731000.0,3032246000.0,0.62,32.828,-88949000.0,572888000.0,572888000.0,371565000.0,340648000.0,1.125,1.222,755605000.0,19275000.0,736330000.0,755605000.0,1281104000.0,102343000.0,0.0,0.0,0.0,436685000.0,539028000.0,0.234,539028000.0,436685000.0,436685000.0,5.63,5.62,5.63,1998194000.0,1828232750.0,1998194000.0,6090386117.0,14.0,11.299,593302000.0,9.747,1.0,1934971000.0,0.839,1864991000.0,0.0,1506697000.0,936162000.0,30942000.0,453226000.0,248257000.0,204969000.0,2442783000.0,1252006000.0,1190777000.0,6483540117.0,-146260000.0,-1567124000.0,-1868000.0,396960000.0,0.0,395092000.0,-1223603000.0,432470000.0,682251000.0,-2225000.0,340648000.0,340648000.0,340648000.0,0.0,0.0,0.148,1511484000.0,423487000.0,56200000.0,0.0,3.245,19.033,18.94,559442000.0,0.0,106.63,2.811,2.814,338655000.0,1797996000.0,2306536000.0,2306536000.0,424739000.0,0.092,0.186,0.466,0.189,183178000.0,1078945000.0,1.0,60804090.0,60869000,61084000.0,37.893,2575986000.0,47230000.0,96037000.0,221000.0,42.32,156725000.0
6,FFIV,MRT,2019-12-31,2019-12-31,2019-12-31,2021-08-05,-18376000.0,3875360000.0,3358286500.0,1737471000.0,2137889000.0,0.675,31.814,-104800000.0,735457000.0,735457000.0,358505000.0,395356000.0,1.51,1.009,342303000.0,0.0,342303000.0,342303000.0,1237973000.0,82188000.0,0.0,0.0,0.0,503355000.0,585543000.0,0.258,585543000.0,503355000.0,503355000.0,6.56,6.55,6.56,1929458000.0,1695536250.0,1929458000.0,7890646342.0,16.0,13.476,589195000.0,9.715,1.0,1909477000.0,0.842,1065379000.0,0.0,1266320000.0,717693250.0,32381000.0,738805000.0,426761000.0,312044000.0,1945902000.0,1150507000.0,795395000.0,8489865342.0,257998000.0,-611550000.0,-52356000.0,0.0,0.0,-52356000.0,-383641000.0,332709000.0,693995000.0,-626000.0,395356000.0,395356000.0,395356000.0,0.0,0.0,0.174,1426895000.0,482582000.0,52407000.0,0.0,4.4,21.474,21.288,533235000.0,0.0,139.65,3.743,3.734,354668000.0,1736617000.0,2267982000.0,2267982000.0,412025000.0,0.118,0.233,0.701,0.222,171886000.0,1007070000.0,1.0,60793880.0,60649000,60815000.0,37.395,2809981000.0,29380000.0,107999000.0,258000.0,46.332,586964000.0
7,FFIV,MRT,2019-09-30,2019-09-30,2019-09-30,2021-08-05,-19190000.0,3390275000.0,3112420500.0,1511586000.0,1878689000.0,0.72,29.337,-103542000.0,599219000.0,599219000.0,356577000.0,427734000.0,1.367,0.925,0.0,0.0,0.0,0.0,1198116000.0,68507000.0,0.0,0.0,0.0,541111000.0,609618000.0,0.272,609618000.0,541111000.0,541111000.0,7.12,7.08,7.12,1761497000.0,1565468750.0,1761497000.0,7755107549.0,14.0,12.721,644299000.0,10.73,1.0,1885870000.0,0.841,1065379000.0,0.0,620151000.0,603143250.0,34401000.0,731465000.0,373063000.0,358402000.0,1628778000.0,1105526000.0,523252000.0,8443457549.0,177760000.0,-611550000.0,-155447000.0,0.0,0.0,-155447000.0,-414634000.0,300458000.0,747841000.0,-1400000.0,427734000.0,427734000.0,427734000.0,0.0,0.0,0.191,1367407000.0,518463000.0,62627000.0,0.0,4.793,19.74,19.722,223426000.0,0.0,140.42,3.765,3.76,322029000.0,1638090000.0,2242447000.0,2242447000.0,408058000.0,0.137,0.273,0.897,0.241,162914000.0,959349000.0,1.0,60130021.0,60044000,60456000.0,37.347,2324896000.0,27701000.0,113377000.0,313000.0,38.72,406060000.0
8,FFIV,MRT,2019-06-30,2019-06-30,2019-06-30,2021-08-05,-18193000.0,3177275000.0,2916220750.0,1504901000.0,1672374000.0,0.759,27.072,-100399000.0,688350000.0,688350000.0,359099000.0,465778000.0,1.404,0.957,0.0,0.0,0.0,0.0,1166512000.0,62055000.0,0.0,0.0,0.0,582259000.0,644314000.0,0.291,644314000.0,582259000.0,582259000.0,7.74,7.68,7.74,1623782000.0,1446467500.0,1623782000.0,7966755219.0,14.0,12.365,645661000.0,10.764,1.0,1855669000.0,0.838,1065379000.0,0.0,351480000.0,615698250.0,36009000.0,459756000.0,298137000.0,161619000.0,1553493000.0,1072066000.0,481427000.0,8693417219.0,91776000.0,-611550000.0,-305607000.0,0.0,0.0,-305607000.0,-348677000.0,363272000.0,746060000.0,-863000.0,465778000.0,465778000.0,465778000.0,0.0,0.0,0.21,1298328000.0,557341000.0,55630000.0,0.0,5.354,18.664,18.815,226002000.0,0.0,145.63,3.925,3.944,320465000.0,1543253000.0,2214768000.0,2214768000.0,400324000.0,0.16,0.322,0.946,0.263,156030000.0,879578000.0,1.0,59695236.0,59981000,60196000.0,36.924,2111896000.0,25079000.0,116481000.0,352000.0,35.209,432835000.0
9,FFIV,MRT,2019-03-31,2019-03-31,2019-03-31,2021-08-05,-19341000.0,2990236000.0,2762168500.0,1807460000.0,1182776000.0,0.794,24.585,-87275000.0,726662000.0,726662000.0,359341000.0,502616000.0,1.682,1.038,0.0,0.0,0.0,0.0,1161445000.0,57688000.0,0.0,0.0,0.0,629009000.0,686697000.0,0.313,686697000.0,629009000.0,629009000.0,8.32,8.24,8.32,1467408000.0,1357015750.0,1467408000.0,8848007388.0,14.0,12.885,690491000.0,11.569,1.0,1834236000.0,0.836,555965000.0,0.0,632822000.0,643305250.0,33463000.0,888472000.0,587115000.0,301357000.0,1522828000.0,1074787000.0,448041000.0,9328128388.0,133871000.0,0.0,-453279000.0,0.0,0.0,-453279000.0,-190616000.0,-103341000.0,777766000.0,-3181000.0,502616000.0,502616000.0,502616000.0,0.0,0.0,0.229,1227682000.0,606554000.0,68156000.0,0.0,6.357,18.559,18.862,208221000.0,0.0,156.93,4.252,4.27,321484000.0,1457348000.0,2193577000.0,2193577000.0,377491000.0,0.182,0.37,0.978,0.287,153770000.0,831765000.0,1.0,59441333.0,59686000,60029000.0,36.752,2434271000.0,21551000.0,126393000.0,402000.0,40.785,732673000.0
10,FFIV,MRT,2018-12-31,2018-12-31,2018-12-31,2021-08-05,-21993000.0,2891896000.0,2643896000.0,1619636000.0,1272260000.0,0.825,23.402,-68020000.0,480121000.0,480121000.0,360808000.0,496165000.0,1.546,1.052,0.0,0.0,0.0,0.0,1149521000.0,58312000.0,0.0,0.0,0.0,624929000.0,683241000.0,0.313,683241000.0,624929000.0,624929000.0,8.17,8.08,8.17,1409188000.0,1296817250.0,1409188000.0,9398720484.0,15.0,13.756,700949000.0,11.641,1.0,1821178000.0,0.835,555965000.0,0.0,808120000.0,585873000.0,31559000.0,1066165000.0,652475000.0,413690000.0,1482708000.0,1047690000.0,435018000.0,9823427484.0,-129628000.0,0.0,-503285000.0,0.0,0.0,-503285000.0,-395312000.0,-327292000.0,768969000.0,-2340000.0,496165000.0,496165000.0,496165000.0,0.0,0.0,0.227,1214060000.0,607118000.0,66859000.0,0.0,6.971,19.799,19.832,179224000.0,0.0,162.03,4.502,4.472,325688000.0,1417904000.0,2181986000.0,2181986000.0,372233000.0,0.188,0.383,1.067,0.286,155596000.0,823401000.0,1.0,60627214.0,60216000,60645000.0,36.236,2335931000.0,23131000.0,128764000.0,409000.0,38.793,571946000.0
11,FFIV,MRT,2018-09-30,2018-09-30,2018-09-30,2021-08-05,-22178000.0,2605476000.0,2544356750.0,1417658000.0,1187818000.0,0.849,20.984,-52465000.0,424707000.0,424707000.0,361481000.0,453689000.0,1.485,1.027,0.0,0.0,0.0,0.0,1015321000.0,59491000.0,0.0,0.0,0.0,603760000.0,663251000.0,0.307,663251000.0,603760000.0,603760000.0,7.41,7.32,7.41,1285492000.0,1251314750.0,1285492000.0,11529121973.0,19.0,17.383,708603000.0,11.567,1.0,1799926000.0,0.833,555965000.0,0.0,670371000.0,478968500.0,30568000.0,1025889000.0,614705000.0,411184000.0,1319984000.0,954433000.0,365551000.0,12128389973.0,-246218000.0,0.0,-551263000.0,0.0,0.0,-551263000.0,-456023000.0,-403558000.0,761068000.0,-2340000.0,453689000.0,453689000.0,453689000.0,0.0,0.0,0.21,1209027000.0,590899000.0,57757000.0,0.0,9.435,26.733,26.912,145042000.0,0.0,199.42,5.611,5.652,295352000.0,1287243000.0,2161407000.0,2161407000.0,366084000.0,0.178,0.363,1.261,0.279,157855000.0,824517000.0,1.0,60818323.0,61262000,62013000.0,35.281,2049511000.0,33441000.0,150071000.0,35000.0,33.455,463225000.0
12,FFIV,MRT,2018-06-30,2018-06-30,2018-06-30,2021-08-05,-21983000.0,2561066000.0,2512110000.0,1469050000.0,1092016000.0,0.851,20.764,-42580000.0,599268000.0,599268000.0,358582000.0,456551000.0,1.556,1.023,0.0,0.0,0.0,0.0,1027707000.0,59626000.0,0.0,0.0,0.0,598363000.0,657989000.0,0.308,657989000.0,598363000.0,598363000.0,7.36,7.29,7.36,1265975000.0,1237289750.0,1265975000.0,9943294563.0,17.0,15.112,727248000.0,11.928,1.0,1778114000.0,0.832,555965000.0,0.0,461908000.0,389564000.0,31322000.0,814644000.0,485232000.0,329412000.0,1295091000.0,943925000.0,351166000.0,10539211563.0,-88045000.0,0.0,-551191000.0,0.0,0.0,-550643000.0,-307230000.0,-264737000.0,769828000.0,-3568000.0,456551000.0,456551000.0,456551000.0,0.0,0.0,0.214,1191972000.0,586142000.0,44647000.0,0.0,8.325,23.084,23.431,126108000.0,0.0,172.45,4.932,4.921,297375000.0,1267950000.0,2136696000.0,2136696000.0,356485000.0,0.182,0.369,1.536,0.28,162593000.0,822244000.0,1.0,61114593.0,60970000,61633000.0,35.045,2005101000.0,35153000.0,141812000.0,25000.0,32.887,525125000.0
13,FFIV,MRT,2018-03-31,2018-03-31,2018-03-31,2021-08-05,-20980000.0,2517146000.0,2476486500.0,1407229000.0,1109917000.0,0.853,19.971,-30212000.0,595917000.0,595917000.0,357343000.0,431470000.0,1.463,1.052,0.0,0.0,0.0,0.0,1010540000.0,60919000.0,0.0,0.0,0.0,585884000.0,646803000.0,0.306,646803000.0,585884000.0,585884000.0,6.88,6.82,6.88,1226614000.0,1221947750.0,1226614000.0,8331328902.0,14.0,12.881,720129000.0,11.725,1.0,1754987000.0,0.831,555965000.0,0.0,403093000.0,339675500.0,29512000.0,778997000.0,428756000.0,350241000.0,1290532000.0,962171000.0,328361000.0,8943324902.0,-58958000.0,0.0,-552006000.0,0.0,0.0,-550226000.0,-259073000.0,-228897000.0,750341000.0,-806000.0,431470000.0,431470000.0,431470000.0,0.0,0.0,0.204,1181654000.0,573333000.0,40271000.0,0.0,7.291,20.728,21.019,117392000.0,0.0,144.61,4.234,4.205,290919000.0,1226474000.0,2112330000.0,2112330000.0,351026000.0,0.174,0.353,1.725,0.277,167088000.0,817384000.0,1.0,61844443.0,61420000,62059000.0,34.392,1961181000.0,36982000.0,154414000.0,27000.0,31.931,445058000.0
14,FFIV,MRT,2017-12-31,2017-12-31,2017-12-31,2021-08-05,-19478000.0,2493739000.0,2444179250.0,1380817000.0,1112922000.0,0.858,19.731,-30039000.0,611996000.0,611996000.0,355610000.0,414972000.0,1.461,1.032,0.0,0.0,0.0,0.0,991273000.0,61441000.0,0.0,0.0,0.0,579562000.0,641003000.0,0.306,641003000.0,579562000.0,579562000.0,6.53,6.48,6.53,1227178000.0,1211445500.0,1227178000.0,7540293957.0,13.0,11.763,710887000.0,11.43,1.0,1741664000.0,0.83,555965000.0,0.0,380502000.0,303942500.0,29112000.0,740770000.0,392560000.0,348210000.0,1266561000.0,945276000.0,321285000.0,8213521957.0,39842000.0,0.0,-551976000.0,0.0,0.0,-547897000.0,-153187000.0,-123116000.0,740926000.0,-686000.0,414972000.0,414972000.0,414972000.0,0.0,0.0,0.198,1173165000.0,568499000.0,46748000.0,0.0,6.693,19.793,20.095,117310000.0,0.0,131.22,3.916,3.891,291093000.0,1226627000.0,2097274000.0,2097274000.0,349204000.0,0.17,0.343,1.907,0.276,169663000.0,810852000.0,1.0,62593522.0,62195000,62550000.0,33.721,1937774000.0,39719000.0,164590000.0,36000.0,31.156,435541000.0
15,FFIV,MRT,2017-09-30,2017-09-30,2017-09-30,2021-08-05,-17997000.0,2476489000.0,2420018250.0,1406224000.0,1070265000.0,0.864,19.157,-38681000.0,673228000.0,673228000.0,353485000.0,420761000.0,1.505,1.014,0.0,0.0,0.0,0.0,964306000.0,61148000.0,0.0,0.0,0.0,575517000.0,636665000.0,0.305,636665000.0,575517000.0,575517000.0,6.56,6.5,6.56,1229392000.0,1203399250.0,1229392000.0,6970265252.0,12.0,10.948,701600000.0,10.933,1.0,1736556000.0,0.831,555965000.0,0.0,312753000.0,296195250.0,29834000.0,628502000.0,343700000.0,284802000.0,1247097000.0,934543000.0,312554000.0,7661177252.0,162037000.0,0.0,-553051000.0,0.0,0.0,-546032000.0,-32212000.0,10469000.0,740281000.0,-3307000.0,420761000.0,420761000.0,420761000.0,0.0,0.0,0.201,1172600000.0,563956000.0,50760000.0,0.0,6.232,18.208,18.378,122420000.0,0.0,120.56,3.666,3.702,291924000.0,1229762000.0,2090041000.0,2090041000.0,350365000.0,0.174,0.35,1.943,0.275,175326000.0,809126000.0,1.0,63546593.0,64173000,64775000.0,32.569,1920524000.0,53303000.0,154756000.0,63000.0,29.927,471681000.0
16,FFIV,MRT,2017-06-30,2017-06-30,2017-06-30,2021-08-05,-15458000.0,2418572000.0,2377476750.0,1445901000.0,972671000.0,0.874,18.841,-48754000.0,690912000.0,690912000.0,347893000.0,393953000.0,1.59,1.008,0.0,0.0,0.0,0.0,943862000.0,60095000.0,0.0,0.0,0.0,584556000.0,644651000.0,0.31,644651000.0,584556000.0,584556000.0,6.07,6.02,6.07,1204607000.0,1192366750.0,1204607000.0,7565381667.0,13.0,11.736,682532000.0,10.675,1.0,1729499000.0,0.833,555965000.0,0.0,262354000.0,315894250.0,31045000.0,557923000.0,323336000.0,234587000.0,1213965000.0,909341000.0,304624000.0,8221154667.0,262083000.0,0.0,-553108000.0,0.0,0.0,-545625000.0,76422000.0,130795000.0,731286000.0,-768000.0,393953000.0,393953000.0,393953000.0,0.0,0.0,0.19,1151745000.0,577754000.0,44544000.0,0.0,6.825,20.868,20.932,125139000.0,0.0,127.06,3.957,3.91,295085000.0,1202533000.0,2077392000.0,2077392000.0,348632000.0,0.166,0.33,1.85,0.281,172057000.0,802617000.0,1.0,64702933.0,63935000,64361000.0,32.492,1862607000.0,56060000.0,190603000.0,5554000.0,29.133,536560000.0
17,FFIV,MRT,2017-03-31,2017-03-31,2017-03-31,2021-08-05,-15469000.0,2387917000.0,2336279500.0,1444843000.0,943074000.0,0.88,18.372,-57410000.0,655773000.0,655773000.0,342466000.0,388080000.0,1.577,1.016,0.0,0.0,0.0,0.0,929589000.0,59207000.0,0.0,0.0,0.0,582663000.0,641870000.0,0.312,641870000.0,582663000.0,582663000.0,5.91,5.87,5.91,1184605000.0,1187981250.0,1184605000.0,8663840833.0,15.0,13.498,681788000.0,10.574,1.0,1713611000.0,0.833,555965000.0,0.0,260161000.0,367508500.0,32548000.0,559104000.0,358851000.0,200253000.0,1203312000.0,916018000.0,287294000.0,9236774833.0,258904000.0,0.0,-554946000.0,0.0,0.0,-548477000.0,68183000.0,131140000.0,739198000.0,-1456000.0,388080000.0,388080000.0,388080000.0,0.0,0.0,0.189,1136139000.0,577472000.0,47289000.0,0.0,7.797,23.801,24.124,126705000.0,0.0,142.57,4.492,4.471,293872000.0,1180673000.0,2056077000.0,2056077000.0,343072000.0,0.166,0.327,1.585,0.283,167260000.0,793099000.0,1.0,64787647.0,64479000,65028000.0,31.888,1831952000.0,54769000.0,194583000.0,5149000.0,28.412,528825000.0
18,FFIV,MRT,2016-12-31,2016-12-31,2016-12-31,2021-08-05,-16048000.0,2397095000.0,2299835250.0,1427496000.0,969599000.0,0.879,18.33,-64329000.0,572934000.0,572934000.0,336784000.0,370357000.0,1.554,1.006,0.0,0.0,0.0,0.0,914248000.0,57900000.0,0.0,0.0,0.0,557904000.0,615804000.0,0.305,615804000.0,557904000.0,557904000.0,5.59,5.55,5.59,1194993000.0,1187078500.0,1194993000.0,8937961533.0,16.0,14.514,632647000.0,9.704,1.0,1684722000.0,0.833,555965000.0,0.0,349513000.0,424322000.0,33678000.0,623908000.0,400909000.0,222999000.0,1202102000.0,918683000.0,283419000.0,9452532533.0,139557000.0,0.0,-604879000.0,0.0,0.0,-600525000.0,43106000.0,112945000.0,696976000.0,80000.0,370357000.0,370357000.0,370357000.0,0.0,0.0,0.183,1130840000.0,553882000.0,49925000.0,0.0,7.91,25.523,25.889,128667000.0,0.0,144.72,4.676,4.667,313211000.0,1193761000.0,2021506000.0,2021506000.0,340132000.0,0.161,0.312,1.315,0.276,165138000.0,781657000.0,1.0,65316007.0,65195000,65645000.0,31.007,1841130000.0,56014000.0,187547000.0,3256000.0,28.24,508813000.0
19,FFIV,MRT,2016-09-30,2016-09-30,2016-09-30,2021-08-05,-13194000.0,2306323000.0,2279581750.0,1288801000.0,1017522000.0,0.875,17.577,-63488000.0,514571000.0,514571000.0,337205000.0,365855000.0,1.527,0.946,0.0,0.0,0.0,0.0,870241000.0,56776000.0,0.0,0.0,0.0,549891000.0,606667000.0,0.304,606667000.0,549891000.0,549891000.0,5.43,5.38,5.43,1185262000.0,1203962250.0,1185262000.0,7822149080.0,14.0,12.894,648047000.0,9.61,1.0,1657829000.0,0.831,555965000.0,0.0,391549000.0,468002750.0,34051000.0,644199000.0,367824000.0,276375000.0,1121061000.0,844238000.0,276823000.0,8251746080.0,121608000.0,0.0,-655255000.0,0.0,0.0,-652647000.0,62720000.0,130961000.0,711535000.0,2503000.0,365855000.0,365855000.0,365855000.0,0.0,0.0,0.183,1110452000.0,547377000.0,34117000.0,0.0,6.962,22.555,22.954,123248000.0,0.0,124.64,4.136,4.213,268175000.0,1185265000.0,1995034000.0,1995034000.0,334227000.0,0.16,0.304,1.175,0.276,156760000.0,767174000.0,1.0,66204638.0,67433000,67984000.0,29.585,1750358000.0,53645000.0,184036000.0,4212000.0,25.957,444563000.0
20,FFIV,MRT,2016-06-30,2016-06-30,2016-06-30,2021-08-05,-13317000.0,2253783000.0,2281073500.0,1207963000.0,1045820000.0,0.864,17.757,-64501000.0,429597000.0,429597000.0,336914000.0,353957000.0,1.511,0.899,0.0,0.0,0.0,0.0,856168000.0,55642000.0,0.0,0.0,0.0,536454000.0,592096000.0,0.3,592096000.0,536454000.0,536454000.0,5.15,5.12,5.15,1187065000.0,1236828750.0,1187065000.0,7226824484.0,13.0,12.205,626307000.0,9.369,1.0,1634072000.0,0.829,555965000.0,0.0,468811000.0,522801000.0,33805000.0,694599000.0,381111000.0,313488000.0,1066718000.0,799410000.0,267308000.0,7625149484.0,-131517000.0,0.0,-655235000.0,0.0,0.0,-650733000.0,-171592000.0,-103359000.0,690808000.0,-1066000.0,353957000.0,353957000.0,353957000.0,0.0,0.0,0.18,1101729000.0,532343000.0,37452000.0,0.0,6.424,21.543,22.105,115135000.0,0.0,113.84,3.869,3.861,263249000.0,1190386000.0,1970986000.0,1970986000.0,328146000.0,0.155,0.286,1.026,0.272,160077000.0,765162000.0,1.0,66981285.0,66851000,67235000.0,29.483,1697818000.0,50160000.0,182497000.0,7215000.0,25.397,408553000.0
21,FFIV,MRT,2016-03-31,2016-03-31,2016-03-31,2021-08-05,-13558000.0,2242140000.0,2283215500.0,1193981000.0,1048159000.0,0.858,17.484,-69598000.0,398325000.0,398325000.0,338230000.0,355340000.0,1.492,0.899,0.0,0.0,0.0,0.0,842658000.0,54176000.0,0.0,0.0,0.0,537464000.0,591640000.0,0.302,591640000.0,537464000.0,537464000.0,5.08,5.04,5.08,1180994000.0,1271838000.0,1180994000.0,6844273571.0,13.0,11.568,623241000.0,9.227,1.0,1619820000.0,0.827,555965000.0,0.0,487415000.0,512040000.0,35179000.0,695967000.0,376680000.0,319287000.0,1061146000.0,800435000.0,260711000.0,7277570571.0,31007000.0,0.0,-657694000.0,0.0,0.0,-650985000.0,-10847000.0,62561000.0,692839000.0,-287000.0,355340000.0,355340000.0,355340000.0,0.0,0.0,0.181,1086209000.0,533611000.0,37243000.0,0.0,6.162,20.481,20.837,107545000.0,0.0,105.85,3.717,3.652,266185000.0,1169371000.0,1958050000.0,1958050000.0,319441000.0,0.156,0.279,1.05,0.274,158157000.0,757820000.0,1.0,68753619.0,67549000,67804000.0,28.987,1686175000.0,51353000.0,182124000.0,5544000.0,24.962,393546000.0
22,FFIV,MRT,2015-12-31,2015-12-31,2015-12-31,2021-08-05,-16510000.0,2316081000.0,2278000250.0,1208133000.0,1107948000.0,0.854,18.152,-63280000.0,433297000.0,433297000.0,338596000.0,365654000.0,1.505,0.834,0.0,0.0,0.0,0.0,837546000.0,53304000.0,0.0,0.0,0.0,558519000.0,611823000.0,0.314,611823000.0,558519000.0,558519000.0,5.15,5.11,5.15,1262528000.0,1306938500.0,1262528000.0,6433433155.0,12.0,10.515,638737000.0,9.183,1.0,1607920000.0,0.826,555965000.0,0.0,524236000.0,539934000.0,33571000.0,741684000.0,358205000.0,383479000.0,1053553000.0,802583000.0,250970000.0,6823893155.0,169845000.0,0.0,-614573000.0,0.0,0.0,-606500000.0,74328000.0,146993000.0,702017000.0,-5502000.0,365654000.0,365654000.0,365654000.0,0.0,0.0,0.188,1056387000.0,551533000.0,37556000.0,0.0,5.405,18.662,18.827,99946000.0,0.0,96.96,3.506,3.465,279158000.0,1262983000.0,1946516000.0,1946516000.0,307668000.0,0.161,0.28,1.034,0.287,153161000.0,748719000.0,1.0,70378436.0,69554000,69878000.0,27.986,1760116000.0,53505000.0,192865000.0,1908000.0,25.306,405550000.0
23,FFIV,MRT,2015-09-30,2015-09-30,2015-09-30,2021-08-05,-15288000.0,2312290000.0,2258086000.0,1188140000.0,1124150000.0,0.85,18.302,-60307000.0,390460000.0,390460000.0,332261000.0,365014000.0,1.573,0.756,0.0,0.0,0.0,0.0,783310000.0,52583000.0,0.0,0.0,0.0,561344000.0,613927000.0,0.32,613927000.0,561344000.0,561344000.0,5.07,5.03,5.07,1316728000.0,1330250750.0,1316728000.0,7660095243.0,14.0,12.477,624234000.0,8.677,1.0,1587562000.0,0.827,555965000.0,0.0,610742000.0,587597250.0,33717000.0,781538000.0,383882000.0,397656000.0,995562000.0,755123000.0,240439000.0,8222275243.0,116940000.0,0.0,-566419000.0,0.0,0.0,-556902000.0,-10699000.0,56744000.0,684541000.0,-7982000.0,365014000.0,365014000.0,365014000.0,0.0,0.0,0.19,1034663000.0,552899000.0,50814000.0,0.0,6.244,22.526,22.84,95909000.0,0.0,115.8,4.283,4.34,279434000.0,1321857000.0,1919823000.0,1919823000.0,296583000.0,0.162,0.274,0.955,0.292,145553000.0,738080000.0,1.0,71004104.0,71944000,72547000.0,26.685,1756325000.0,56620000.0,196330000.0,901000.0,24.412,433017000.0
24,FFIV,MRT,2015-06-30,2015-06-30,2015-06-30,2021-08-05,-13355000.0,2262351000.0,2226251000.0,1185508000.0,1076843000.0,0.846,18.559,-48797000.0,562180000.0,562180000.0,329555000.0,361998000.0,1.652,0.705,0.0,0.0,0.0,0.0,742545000.0,51291000.0,0.0,0.0,0.0,561684000.0,612975000.0,0.325,612975000.0,561684000.0,561684000.0,4.97,4.93,4.97,1327102000.0,1343396250.0,1327102000.0,8289458738.0,15.0,13.523,622266000.0,8.702,1.0,1554233000.0,0.825,556957000.0,0.0,425767000.0,612289250.0,30026000.0,597192000.0,235527000.0,361665000.0,935249000.0,717447000.0,217802000.0,8657063738.0,328011000.0,0.0,-566385000.0,0.0,0.0,-557646000.0,214594000.0,269962000.0,671063000.0,-7804000.0,361998000.0,361998000.0,361998000.0,0.0,0.0,0.192,1001452000.0,552781000.0,48986000.0,0.0,6.523,23.915,24.215,83507000.0,0.0,120.35,4.596,4.569,261068000.0,1334470000.0,1883788000.0,1883788000.0,284319000.0,0.163,0.269,0.917,0.298,129078000.0,717133000.0,1.0,71932395.0,71509000,71957000.0,26.343,1705394000.0,50050000.0,199686000.0,2407000.0,23.849,468061000.0
25,FFIV,MRT,2015-03-31,2015-03-31,2015-03-31,2021-08-05,-13224000.0,2221279000.0,2204534500.0,1052124000.0,1169155000.0,0.835,18.292,-33101000.0,367605000.0,367605000.0,323358000.0,348299000.0,1.508,0.681,0.0,0.0,0.0,0.0,720588000.0,49697000.0,0.0,0.0,0.0,548106000.0,597803000.0,0.325,597803000.0,548106000.0,548106000.0,4.73,4.69,4.73,1321396000.0,1361799250.0,1321396000.0,8022647604.0,15.0,13.42,603689000.0,8.357,1.0,1517129000.0,0.824,556957000.0,0.0,598991000.0,697181250.0,29343000.0,766564000.0,298862000.0,467702000.0,899883000.0,697726000.0,202157000.0,8291601604.0,136014000.0,-49439000.0,-569368000.0,0.0,0.0,-559707000.0,58931000.0,148006000.0,636790000.0,-8245000.0,348299000.0,348299000.0,348299000.0,0.0,0.0,0.189,978399000.0,538730000.0,34683000.0,0.0,6.275,23.806,24.3,68746000.0,0.0,114.94,4.505,4.511,262624000.0,1313937000.0,1840487000.0,1840487000.0,277008000.0,0.158,0.256,0.786,0.298,124394000.0,701391000.0,1.0,72138521.0,72240000,72711000.0,25.477,1664322000.0,46147000.0,199807000.0,2778000.0,23.039,354398000.0
26,FFIV,MRT,2014-12-31,2014-12-31,2014-12-31,2021-08-05,-12040000.0,2236424000.0,2190764750.0,1026857000.0,1209567000.0,0.816,18.484,-28057000.0,268954000.0,268954000.0,316424000.0,332211000.0,1.476,0.65,0.0,0.0,0.0,0.0,680270000.0,47726000.0,0.0,0.0,0.0,522872000.0,570598000.0,0.319,570598000.0,522872000.0,522872000.0,4.46,4.42,4.46,1355777000.0,1385185000.0,1355777000.0,9344636495.0,18.0,16.377,548404000.0,7.477,1.0,1471963000.0,0.823,556957000.0,0.0,714889000.0,750161000.0,27582000.0,897688000.0,385150000.0,512538000.0,880647000.0,695624000.0,185023000.0,9626138495.0,42295000.0,-49439000.0,-561838000.0,0.0,0.0,-549099000.0,14933000.0,93326000.0,576461000.0,-4669000.0,332211000.0,332211000.0,332211000.0,0.0,0.0,0.186,955224000.0,516739000.0,41223000.0,0.0,7.1,28.976,29.252,66636000.0,0.0,130.465,5.383,5.351,255864000.0,1362712000.0,1788387000.0,1788387000.0,269719000.0,0.152,0.24,0.697,0.292,123253000.0,685505000.0,1.0,73783302.0,73350000,73857000.0,24.382,1679467000.0,46180000.0,190661000.0,3153000.0,22.897,331233000.0
27,FFIV,MRT,2014-09-30,2014-09-30,2014-09-30,2021-08-05,-9584000.0,2184950000.0,2185368500.0,998848000.0,1186102000.0,0.793,18.162,-22718000.0,281502000.0,281502000.0,309959000.0,311183000.0,1.568,0.596,0.0,0.0,0.0,0.0,636749000.0,46121000.0,0.0,0.0,0.0,497342000.0,543463000.0,0.314,543463000.0,497342000.0,497342000.0,4.13,4.09,4.13,1369310000.0,1409758250.0,1369310000.0,8554776715.0,17.0,15.741,526274000.0,6.98,1.0,1422087000.0,0.821,556957000.0,0.0,709510000.0,782892000.0,24471000.0,846794000.0,363877000.0,482917000.0,815640000.0,636981000.0,178659000.0,8796749715.0,94673000.0,-49439000.0,-615243000.0,0.0,0.0,-604960000.0,150641000.0,222739000.0,548992000.0,-2864000.0,311183000.0,311183000.0,311183000.0,0.0,0.0,0.18,928530000.0,493557000.0,43772000.0,0.0,6.424,28.269,28.751,66791000.0,0.0,118.74,5.079,5.169,242242000.0,1363141000.0,1732046000.0,1732046000.0,263792000.0,0.142,0.221,0.635,0.287,127156000.0,664738000.0,1.0,74084131.0,75395000,76092000.0,22.973,1627993000.0,46724000.0,186159000.0,3629000.0,21.593,361867000.0
28,FFIV,MRT,2014-06-30,2014-06-30,2014-06-30,2021-08-05,-6834000.0,2175485000.0,2196769500.0,945123000.0,1230362000.0,0.757,18.723,-20785000.0,241973000.0,241973000.0,294950000.0,293393000.0,1.546,0.553,0.0,0.0,0.0,0.0,617438000.0,44355000.0,0.0,0.0,0.0,473451000.0,517806000.0,0.312,517806000.0,473451000.0,473451000.0,3.83,3.79,3.83,1400714000.0,1452108750.0,1400714000.0,8199002465.0,17.0,15.834,506337000.0,6.768,1.0,1367159000.0,0.823,556957000.0,0.0,765335000.0,846960500.0,23143000.0,877971000.0,369390000.0,508581000.0,774771000.0,611220000.0,163551000.0,8438838465.0,42528000.0,-137163000.0,-515109000.0,0.0,0.0,-506519000.0,21925000.0,179767000.0,527122000.0,1165000.0,293393000.0,293393000.0,293393000.0,0.0,0.0,0.177,895902000.0,471257000.0,36399000.0,0.0,6.025,28.763,29.097,62650000.0,0.0,111.44,5.077,5.016,243072000.0,1388836000.0,1662109000.0,1662109000.0,252855000.0,0.134,0.202,0.559,0.285,124028000.0,640654000.0,1.0,75725399.0,74812000,75369000.0,22.217,1618528000.0,48183000.0,180058000.0,4112000.0,21.635,333903000.0
29,FFIV,MRT,2014-03-31,2014-03-31,2014-03-31,2021-08-05,-7241000.0,2166200000.0,2189849000.0,950419000.0,1215781000.0,0.727,18.739,-21933000.0,239836000.0,239836000.0,280405000.0,282098000.0,1.59,0.531,0.0,0.0,0.0,0.0,587730000.0,42770000.0,0.0,0.0,0.0,453130000.0,495900000.0,0.311,495900000.0,453130000.0,453130000.0,3.64,3.6,3.64,1414939000.0,1473976750.0,1414939000.0,7813202702.0,17.0,15.756,493185000.0,6.532,1.0,1311721000.0,0.824,517611000.0,0.0,810910000.0,898570750.0,20710000.0,925096000.0,383924000.0,541172000.0,751261000.0,597843000.0,153418000.0,8044530702.0,11507000.0,-87724000.0,-418532000.0,0.0,0.0,-412028000.0,-91583000.0,17931000.0,515118000.0,-1333000.0,282098000.0,282098000.0,282098000.0,0.0,0.0,0.177,862466000.0,449255000.0,40371000.0,0.0,5.685,28.517,29.294,61608000.0,0.0,106.63,5.053,5.057,223472000.0,1400860000.0,1592126000.0,1592126000.0,239904000.0,0.129,0.191,0.504,0.285,120056000.0,620169000.0,1.0,75443409.0,75508000,76244000.0,21.086,1648589000.0,46558000.0,171032000.0,4429000.0,21.833,352576000.0
30,FFIV,MRT,2013-12-31,2013-12-31,2013-12-31,2021-08-05,-7548000.0,2214839000.0,2164776250.0,870943000.0,1343896000.0,0.703,18.777,-23775000.0,231328000.0,231328000.0,265045000.0,275869000.0,1.419,0.523,0.0,0.0,0.0,0.0,567726000.0,41508000.0,0.0,0.0,0.0,436837000.0,478345000.0,0.314,478345000.0,436837000.0,436837000.0,3.53,3.49,3.53,1454070000.0,1477286750.0,1454070000.0,6861827940.0,16.0,14.345,490038000.0,6.328,1.0,1257270000.0,0.826,523727000.0,0.0,845813000.0,912769250.0,19051000.0,1003881000.0,346863000.0,657018000.0,760769000.0,613971000.0,146798000.0,7051520940.0,49892000.0,-212642000.0,-318804000.0,0.0,0.0,-315034000.0,-148887000.0,87420000.0,513813000.0,-3127000.0,275869000.0,275869000.0,275869000.0,0.0,0.0,0.181,826403000.0,430867000.0,38151000.0,0.0,4.85,25.561,25.739,62157000.0,0.0,90.86,4.632,4.622,220784000.0,1351669000.0,1522315000.0,1522315000.0,225206000.0,0.127,0.187,0.479,0.287,112030000.0,598804000.0,1.0,77608639.0,77438000,77822000.0,19.659,1691112000.0,46244000.0,160968000.0,5000000.0,21.838,256972000.0
31,FFIV,MRT,2013-09-30,2013-09-30,2013-09-30,2021-08-05,-7414000.0,2230554000.0,2120479500.0,816371000.0,1414183000.0,0.699,19.585,-26583000.0,189693000.0,189693000.0,253047000.0,277314000.0,1.481,0.45,0.0,0.0,0.0,0.0,531373000.0,40005000.0,0.0,0.0,0.0,438092000.0,478097000.0,0.323,478097000.0,438092000.0,438092000.0,3.53,3.5,3.53,1538712000.0,1460344000.0,1538712000.0,6520798827.0,15.0,13.639,473110000.0,6.022,1.0,1228267000.0,0.829,523727000.0,0.0,965784000.0,945134000.0,19026000.0,1081431000.0,352450000.0,728981000.0,691842000.0,551350000.0,140492000.0,6719078827.0,-19095000.0,-212642000.0,-170409000.0,0.0,0.0,-166318000.0,-352470000.0,-112633000.0,499693000.0,-2393000.0,277314000.0,277314000.0,277314000.0,0.0,0.0,0.187,797449000.0,430818000.0,37313000.0,0.0,4.367,24.229,24.308,63522000.0,0.0,85.808,4.536,4.551,204205000.0,1283621000.0,1481314000.0,1481314000.0,209614000.0,0.131,0.19,0.464,0.296,104212000.0,585442000.0,1.0,78303641.0,78565000,79136000.0,18.855,1706827000.0,38731000.0,160778000.0,5346000.0,21.725,265021000.0
32,FFIV,MRT,2013-06-30,2013-06-30,2013-06-30,2021-08-05,-9347000.0,2147803000.0,2040641250.0,834309000.0,1313494000.0,0.71,18.954,-32757000.0,198280000.0,198280000.0,248785000.0,268800000.0,1.574,0.443,0.0,0.0,0.0,0.0,519755000.0,39857000.0,0.0,0.0,0.0,424922000.0,464779000.0,0.321,464779000.0,424922000.0,424922000.0,3.42,3.39,3.42,1488186000.0,1408016000.0,1488186000.0,5191720896.0,12.0,11.17,467496000.0,5.954,1.0,1199759000.0,0.828,447799000.0,0.0,971776000.0,925126000.0,18260000.0,1067376000.0,353045000.0,714331000.0,659617000.0,529948000.0,129669000.0,5421382896.0,5265000.0,-124918000.0,-170363000.0,0.0,0.0,-165762000.0,-329226000.0,-170849000.0,500253000.0,-2592000.0,268800000.0,268800000.0,268800000.0,0.0,0.0,0.186,782288000.0,417471000.0,28691000.0,0.0,3.643,20.169,20.117,63720000.0,0.0,68.8,3.743,3.729,205138000.0,1207390000.0,1448544000.0,1448544000.0,202881000.0,0.132,0.191,0.459,0.293,108524000.0,579407000.0,1.0,78799170.0,78516000,78864000.0,18.449,1700004000.0,43702000.0,156122000.0,0.0,21.652,304361000.0
33,FFIV,MRT,2013-03-31,2013-03-31,2013-03-31,2021-08-05,-5908000.0,2065909000.0,1963207000.0,804424000.0,1261485000.0,0.729,18.17,-31818000.0,229662000.0,229662000.0,244155000.0,272958000.0,1.545,0.447,0.0,0.0,0.0,0.0,490658000.0,40117000.0,0.0,0.0,0.0,429684000.0,469801000.0,0.328,469801000.0,429684000.0,429684000.0,3.46,3.44,3.46,1428179000.0,1356511500.0,1428179000.0,6816319450.0,16.0,14.509,455604000.0,5.796,1.0,1186721000.0,0.829,447799000.0,0.0,867704000.0,894161500.0,17963000.0,956008000.0,293186000.0,662822000.0,637730000.0,520744000.0,116986000.0,7000882450.0,21133000.0,-124918000.0,-172879000.0,0.0,0.0,-165569000.0,-300720000.0,-143261000.0,487422000.0,-930000.0,272958000.0,272958000.0,272958000.0,0.0,0.0,0.191,763327000.0,423394000.0,39100000.0,0.0,4.902,25.648,25.746,63182000.0,0.0,89.08,4.893,4.893,192796000.0,1139212000.0,1430876000.0,1430876000.0,195791000.0,0.139,0.201,0.481,0.3,104200000.0,567536000.0,1.0,78590957.0,78601000,79114000.0,18.204,1618110000.0,41743000.0,156726000.0,0.0,20.586,283680000.0
34,FFIV,MRT,2012-12-31,2012-12-31,2012-12-31,2021-08-05,-4540000.0,2037652000.0,1886297500.0,791789000.0,1245863000.0,0.753,17.595,-31798000.0,184563000.0,184563000.0,241447000.0,278187000.0,1.495,0.47,0.0,0.0,0.0,0.0,480556000.0,39251000.0,0.0,0.0,0.0,441198000.0,480449000.0,0.338,480449000.0,441198000.0,441198000.0,3.52,3.5,3.52,1386299000.0,1303771250.0,1386299000.0,7468561863.0,17.0,15.545,476566000.0,6.049,1.0,1178819000.0,0.83,348239000.0,0.0,975272000.0,868991750.0,18723000.0,1104474000.0,333174000.0,771300000.0,651353000.0,529578000.0,121775000.0,7679742863.0,-73609000.0,-128335000.0,-173123000.0,0.0,0.0,-163648000.0,-418325000.0,-257198000.0,508364000.0,684000.0,278187000.0,278187000.0,278187000.0,0.0,0.0,0.196,743221000.0,435598000.0,32221000.0,0.0,5.54,27.606,27.599,62026000.0,0.0,97.15,5.407,5.389,209078000.0,1075800000.0,1420266000.0,1420266000.0,186825000.0,0.147,0.213,0.508,0.311,99935000.0,556396000.0,1.0,79050364.0,78789000,79278000.0,18.026,1689413000.0,46569000.0,163011000.0,0.0,21.442,262211000.0
35,FFIV,MRT,2012-09-30,2012-09-30,2012-09-30,2021-08-05,-3829000.0,1911201000.0,1801556750.0,776081000.0,1135120000.0,0.764,16.799,-29867000.0,211181000.0,211181000.0,236168000.0,275186000.0,1.665,0.438,0.0,0.0,0.0,0.0,447288000.0,35139000.0,0.0,0.0,0.0,432214000.0,467353000.0,0.339,467353000.0,432214000.0,432214000.0,3.48,3.45,3.48,1329400000.0,1249744000.0,1329400000.0,8073834995.0,19.0,17.276,465570000.0,5.883,1.0,1141079000.0,0.829,348239000.0,0.0,885752000.0,818612750.0,17410000.0,983773000.0,320970000.0,662803000.0,581801000.0,466029000.0,115772000.0,8269441995.0,-6073000.0,-128335000.0,-159602000.0,0.0,0.0,-149231000.0,-352279000.0,-193808000.0,495437000.0,470000.0,275186000.0,275186000.0,275186000.0,0.0,0.0,0.2,714776000.0,426303000.0,27026000.0,0.0,6.22,30.05,30.069,59604000.0,0.0,104.64,6.004,6.012,185172000.0,1006307000.0,1377247000.0,1377247000.0,177406000.0,0.153,0.22,0.528,0.314,95348000.0,537370000.0,1.0,79027542.0,79135000,79780000.0,17.404,1562962000.0,45840000.0,157028000.0,0.0,19.751,310052000.0
36,FFIV,MRT,2012-06-30,2012-06-30,2012-06-30,2021-08-05,-5833000.0,1838066000.0,1715893750.0,782887000.0,1055179000.0,0.775,16.202,-28445000.0,195607000.0,195607000.0,229407000.0,275079000.0,1.753,0.434,0.0,0.0,0.0,0.0,433869000.0,30159000.0,0.0,0.0,0.0,422889000.0,453048000.0,0.341,453048000.0,422889000.0,422889000.0,3.46,3.43,3.46,1282168000.0,1193753000.0,1282168000.0,7694820268.0,18.0,16.985,439931000.0,5.559,1.0,1099896000.0,0.827,347901000.0,0.0,847918000.0,783366500.0,17038000.0,911392000.0,324050000.0,587342000.0,555898000.0,446640000.0,109258000.0,7904279268.0,-101288000.0,-128335000.0,-259726000.0,0.0,0.0,-246898000.0,-322766000.0,-160496000.0,468376000.0,-2909000.0,275079000.0,275079000.0,275079000.0,0.0,0.0,0.207,686096000.0,413800000.0,32007000.0,0.0,6.165,28.735,28.775,54257000.0,0.0,99.56,5.946,5.927,193705000.0,938590000.0,1329303000.0,1329303000.0,166227000.0,0.16,0.23,0.54,0.318,91139000.0,519869000.0,1.0,79392118.0,79135000,79655000.0,16.798,1490165000.0,43644000.0,147810000.0,0.0,18.831,336247000.0
37,FFIV,MRT,2012-03-31,2012-03-31,2012-03-31,2021-08-05,-6062000.0,1758271000.0,1655660750.0,746518000.0,1011753000.0,0.765,15.377,-31559000.0,209459000.0,209459000.0,221568000.0,265292000.0,1.721,0.444,0.0,0.0,0.0,0.0,412848000.0,25286000.0,0.0,0.0,0.0,401326000.0,426612000.0,0.337,426612000.0,401326000.0,401326000.0,3.32,3.29,3.32,1217218000.0,1164503000.0,1217218000.0,10430208042.0,26.0,24.449,424494000.0,5.363,1.0,1045814000.0,0.825,347901000.0,0.0,767025000.0,749790250.0,17023000.0,824084000.0,280152000.0,543932000.0,541053000.0,433886000.0,107167000.0,10687696042.0,5523000.0,-128335000.0,-262662000.0,0.0,0.0,-249869000.0,-200661000.0,-34838000.0,456053000.0,-2279000.0,265292000.0,265292000.0,265292000.0,0.0,0.0,0.209,653753000.0,392061000.0,29904000.0,0.0,8.78,40.287,40.651,52279000.0,0.0,134.96,8.433,8.429,184043000.0,866254000.0,1267382000.0,1267382000.0,154487000.0,0.16,0.228,0.535,0.317,90509000.0,499266000.0,1.0,79191583.0,79156000,79775000.0,16.011,1410370000.0,44484000.0,136034000.0,0.0,17.818,312632000.0
38,FFIV,MRT,2011-12-31,2011-12-31,2011-12-31,2021-08-05,-6772000.0,1698689000.0,1600723750.0,804102000.0,894587000.0,0.753,14.762,-30811000.0,257488000.0,257488000.0,214647000.0,252226000.0,1.858,0.452,0.0,0.0,0.0,0.0,380029000.0,21459000.0,0.0,0.0,0.0,380000000.0,401459000.0,0.333,401459000.0,380000000.0,380000000.0,3.14,3.11,3.14,1170190000.0,1138274250.0,1170190000.0,8218071239.0,22.0,20.471,414867000.0,5.233,1.0,990685000.0,0.822,234691000.0,0.0,773756000.0,746914750.0,17493000.0,857356000.0,299049000.0,558307000.0,528499000.0,432754000.0,95745000.0,8434855239.0,91632000.0,0.0,-259027000.0,0.0,0.0,-244135000.0,-109911000.0,-73440000.0,445678000.0,-2277000.0,252226000.0,252226000.0,252226000.0,0.0,0.0,0.209,620090000.0,370595000.0,32566000.0,0.0,7.208,33.442,33.796,50870000.0,0.0,106.12,6.998,6.979,187862000.0,797613000.0,1205332000.0,1205332000.0,145426000.0,0.158,0.222,0.509,0.315,88930000.0,474664000.0,1.0,79484124.0,79272000,79822000.0,15.205,1463998000.0,43776000.0,127774000.0,0.0,18.468,371348000.0
39,FFIV,MRT,2011-09-30,2011-09-30,2011-09-30,2021-08-05,-6422000.0,1568549000.0,1545010750.0,763673000.0,804876000.0,0.746,13.705,-30445000.0,216784000.0,216784000.0,208004000.0,241397000.0,2.051,0.419,0.0,0.0,0.0,0.0,343298000.0,20887000.0,0.0,0.0,0.0,360751000.0,381638000.0,0.331,381638000.0,360751000.0,360751000.0,2.99,2.96,2.99,1105436000.0,1114501500.0,1105436000.0,5435839332.0,15.0,14.243,386493000.0,4.792,1.0,943830000.0,0.819,234691000.0,0.0,744767000.0,739760250.0,17149000.0,795969000.0,325766000.0,470203000.0,463113000.0,372307000.0,90806000.0,5735643332.0,50555000.0,0.0,-250287000.0,0.0,0.0,-226664000.0,-139719000.0,-103578000.0,416938000.0,-2525000.0,241397000.0,241397000.0,241397000.0,0.0,0.0,0.21,593168000.0,350662000.0,33525000.0,0.0,5.189,23.76,23.763,47998000.0,0.0,71.05,4.98,4.975,165676000.0,731121000.0,1151834000.0,1151834000.0,138910000.0,0.156,0.217,0.488,0.313,89747000.0,454258000.0,1.0,80726859.0,80658000,81482000.0,14.28,1333858000.0,43153000.0,119354000.0,0.0,16.537,391366000.0
40,FFIV,MRT,2011-06-30,2011-06-30,2011-06-30,2021-08-05,-3460000.0,1597134000.0,1493421500.0,797228000.0,799906000.0,0.731,14.409,-23050000.0,299804000.0,299804000.0,198912000.0,222022000.0,2.284,0.371,0.0,0.0,0.0,0.0,321875000.0,21625000.0,0.0,0.0,0.0,333704000.0,355329000.0,0.326,355329000.0,333704000.0,333704000.0,2.75,2.72,2.75,1165168000.0,1089067000.0,1165168000.0,8736283334.0,26.0,24.586,358785000.0,4.437,1.0,892581000.0,0.818,234700000.0,0.0,713613000.0,721481750.0,17941000.0,757097000.0,285530000.0,471567000.0,431966000.0,349017000.0,82949000.0,8942498334.0,155322000.0,0.0,-118063000.0,0.0,0.0,-87729000.0,-138784000.0,-117778000.0,381835000.0,669000.0,222022000.0,222022000.0,222022000.0,0.0,0.0,0.203,564947000.0,327634000.0,34070000.0,0.0,7.675,40.278,40.091,42323000.0,0.0,110.25,8.193,8.168,154741000.0,663511000.0,1091493000.0,1091493000.0,133929000.0,0.149,0.204,0.463,0.306,87395000.0,431018000.0,1.0,81111096.0,80866000,81497000.0,13.498,1362434000.0,47366000.0,111682000.0,0.0,16.848,448211000.0
41,FFIV,MRT,2011-03-31,2011-03-31,2011-03-31,2021-08-05,-4632000.0,1538523000.0,1410956250.0,690839000.0,847684000.0,0.731,13.765,-17489000.0,206215000.0,206215000.0,191043000.0,199968000.0,2.019,0.383,0.0,0.0,0.0,0.0,313340000.0,22281000.0,0.0,0.0,0.0,307244000.0,329525000.0,0.32,329525000.0,307244000.0,307244000.0,2.49,2.45,2.49,1112303000.0,1033175500.0,1112303000.0,8114135306.0,26.0,24.624,338579000.0,4.19,1.0,840211000.0,0.815,234700000.0,0.0,755523000.0,700051000.0,18154000.0,790961000.0,269041000.0,521920000.0,426220000.0,342085000.0,84135000.0,8282268306.0,58154000.0,0.0,-89787000.0,0.0,0.0,-56669000.0,-241245000.0,-226244000.0,356068000.0,-463000.0,199968000.0,199968000.0,199968000.0,0.0,0.0,0.194,540709000.0,299502000.0,30827000.0,0.0,7.446,41.418,41.193,37533000.0,0.0,102.57,8.031,8.037,142903000.0,600962000.0,1031254000.0,1031254000.0,129573000.0,0.142,0.194,0.439,0.298,81894000.0,411136000.0,1.0,80747473.0,80809000,81622000.0,12.762,1303823000.0,48367000.0,107276000.0,0.0,16.135,348754000.0
42,FFIV,MRT,2010-12-31,2010-12-31,2010-12-31,2021-08-05,-4482000.0,1475837000.0,1323103000.0,684539000.0,791298000.0,0.725,13.331,-14468000.0,168133000.0,168133000.0,181786000.0,177537000.0,2.088,0.373,0.0,0.0,0.0,0.0,287787000.0,23089000.0,0.0,0.0,0.0,274611000.0,297700000.0,0.31,297700000.0,274611000.0,274611000.0,2.22,2.18,2.22,1075099000.0,976993750.0,1075099000.0,10354498584.0,38.0,34.782,328291000.0,4.071,1.0,777964000.0,0.811,234700000.0,0.0,745138000.0,652148250.0,18184000.0,784141000.0,317439000.0,466702000.0,400738000.0,327866000.0,72872000.0,10523447584.0,22119000.0,0.0,-58213000.0,0.0,0.0,-26236000.0,-294404000.0,-282427000.0,342759000.0,-1271000.0,177537000.0,177537000.0,177537000.0,0.0,0.0,0.185,511818000.0,266146000.0,31254000.0,0.0,9.788,59.275,58.631,35520000.0,0.0,130.16,10.965,10.937,141986000.0,545387000.0,959750000.0,959750000.0,124200000.0,0.134,0.182,0.421,0.286,76649000.0,387618000.0,1.0,80850089.0,80644000,81648000.0,11.901,1241137000.0,47984000.0,97074000.0,0.0,15.39,356673000.0
43,FFIV,MRT,2010-09-30,2010-09-30,2010-09-30,2021-08-05,-3241000.0,1362192000.0,1239079750.0,605955000.0,756237000.0,0.712,12.608,-12625000.0,168754000.0,168754000.0,171952000.0,151153000.0,2.111,0.357,0.0,0.0,0.0,0.0,259393000.0,23833000.0,0.0,0.0,0.0,237627000.0,261460000.0,0.296,261460000.0,237627000.0,237627000.0,1.9,1.86,1.9,1003698000.0,920411000.0,1003698000.0,8206796916.0,35.0,31.388,300987000.0,3.781,1.0,710020000.0,0.805,234700000.0,0.0,671653000.0,595727750.0,18815000.0,693312000.0,259742000.0,433570000.0,358494000.0,287085000.0,71409000.0,8353345916.0,58591000.0,0.0,-43330000.0,0.0,0.0,-16798000.0,-238223000.0,-228128000.0,313612000.0,-674000.0,151153000.0,151153000.0,151153000.0,0.0,0.0,0.171,480018000.0,230002000.0,21180000.0,0.0,8.323,55.264,54.637,34157000.0,0.0,103.81,9.471,9.37,112132000.0,489724000.0,881972000.0,881972000.0,118314000.0,0.122,0.164,0.399,0.269,70773000.0,361704000.0,1.0,80467642.0,79609000,81049000.0,11.079,1127492000.0,46631000.0,86474000.0,0.0,14.163,318870000.0
44,FFIV,MRT,2010-06-30,2010-06-30,2010-06-30,2021-08-05,-4595000.0,1267273000.0,1165693000.0,560086000.0,707187000.0,0.689,11.79,-13556000.0,146549000.0,146549000.0,161580000.0,131268000.0,2.16,0.346,0.0,0.0,0.0,0.0,239638000.0,23898000.0,0.0,0.0,0.0,203083000.0,226981000.0,0.283,226981000.0,203083000.0,203083000.0,1.66,1.62,1.66,941602000.0,869241500.0,941602000.0,5344401002.0,26.0,23.546,272281000.0,3.409,1.0,641248000.0,0.799,233526000.0,0.0,627890000.0,552860000.0,17747000.0,636838000.0,254543000.0,382295000.0,325671000.0,259308000.0,66363000.0,5495673002.0,56543000.0,0.0,-46425000.0,0.0,0.0,-29206000.0,-200088000.0,-186545000.0,285837000.0,-1019000.0,131268000.0,131268000.0,131268000.0,0.0,0.0,0.164,447404000.0,193844000.0,22657000.0,0.0,5.837,41.866,41.307,35991000.0,0.0,68.57,6.845,6.821,102829000.0,441489000.0,802828000.0,802828000.0,112258000.0,0.113,0.151,0.367,0.253,66328000.0,335146000.0,1.0,80146901.0,79864000,81031000.0,10.052,1033747000.0,45630000.0,71815000.0,0.0,12.944,300778000.0
45,FFIV,MRT,2010-03-31,2010-03-31,2010-03-31,2021-08-05,-3594000.0,1187110000.0,1103271750.0,525823000.0,661287000.0,0.662,11.179,-12052000.0,151272000.0,151272000.0,150666000.0,113549000.0,2.206,0.337,0.0,0.0,0.0,0.0,226486000.0,24307000.0,0.0,0.0,0.0,173725000.0,198032000.0,0.271,198032000.0,173725000.0,173725000.0,1.44,1.41,1.44,887576000.0,827444000.0,887576000.0,4749989297.0,27.0,23.986,244715000.0,3.082,1.0,579919000.0,0.794,233526000.0,0.0,563912000.0,519015250.0,16472000.0,563169000.0,236725000.0,326444000.0,299534000.0,238400000.0,61134000.0,4900002297.0,28387000.0,0.0,-43046000.0,0.0,0.0,-32302000.0,-196078000.0,-184037000.0,256767000.0,449000.0,113549000.0,113549000.0,113549000.0,0.0,0.0,0.155,414899000.0,165020000.0,11733000.0,0.0,5.521,43.153,42.799,37058000.0,0.0,61.63,6.707,6.697,89385000.0,400994000.0,730585000.0,730585000.0,106439000.0,0.103,0.137,0.335,0.238,61479000.0,308460000.0,1.0,79506771.0,79394000,80737000.0,9.202,953584000.0,50435000.0,60176000.0,0.0,12.011,287423000.0
46,FFIV,MRT,2009-12-31,2009-12-31,2009-12-31,2021-08-05,-2849000.0,1139744000.0,1052235000.0,526313000.0,613431000.0,0.645,10.757,-11429000.0,150013000.0,150013000.0,145832000.0,99391000.0,2.223,0.343,0.0,0.0,0.0,0.0,211426000.0,25925000.0,0.0,0.0,0.0,146985000.0,172910000.0,0.255,172910000.0,146985000.0,146985000.0,1.26,1.24,1.26,848768000.0,791679250.0,848768000.0,4085460028.0,28.0,23.628,206626000.0,2.619,1.0,532834000.0,0.785,233526000.0,0.0,519456000.0,485446250.0,14819000.0,499644000.0,222877000.0,276767000.0,290976000.0,236749000.0,54227000.0,4199026028.0,24319000.0,0.0,-55461000.0,0.0,0.0,-50434000.0,-143302000.0,-131180000.0,218055000.0,659000.0,99391000.0,99391000.0,99391000.0,0.0,0.0,0.146,394399000.0,138435000.0,12694000.0,0.0,4.947,42.248,42.04,38481000.0,0.0,52.97,6.187,6.159,108657000.0,367850000.0,678666000.0,678666000.0,103282000.0,0.094,0.126,0.303,0.217,58215000.0,286788000.0,1.0,79271777.0,78906000,80333000.0,8.601,906218000.0,49111000.0,47594000.0,0.0,11.485,289564000.0
47,FFIV,MRT,2009-09-30,2009-09-30,2009-09-30,2021-08-05,-2337000.0,1068645000.0,1013903500.0,468182000.0,600463000.0,0.644,10.134,-11669000.0,113566000.0,113566000.0,142726000.0,91535000.0,2.099,0.337,0.0,0.0,0.0,0.0,183129000.0,26407000.0,0.0,0.0,0.0,131648000.0,158055000.0,0.242,158055000.0,131648000.0,131648000.0,1.16,1.14,1.16,799020000.0,764639500.0,799020000.0,3029010904.0,23.0,19.164,190312000.0,2.414,1.0,510353000.0,0.781,231883000.0,0.0,500182000.0,460915000.0,13819000.0,463585000.0,206291000.0,257294000.0,269625000.0,223014000.0,46611000.0,3120030904.0,32166000.0,0.0,-68748000.0,0.0,0.0,-70706000.0,-99109000.0,-86747000.0,201981000.0,368000.0,91535000.0,91535000.0,91535000.0,0.0,0.0,0.14,388429000.0,121924000.0,18891000.0,0.0,3.905,34.086,34.164,39371000.0,0.0,39.63,4.777,4.784,106973000.0,338571000.0,653079000.0,653079000.0,103664000.0,0.09,0.12,0.286,0.202,56064000.0,280436000.0,1.0,78729016.0,78842000,80073000.0,8.283,836762000.0,57028000.0,40113000.0,0.0,10.613,245168000.0
48,FFIV,MRT,2009-06-30,2009-06-30,2009-06-30,2021-08-05,-3200000.0,1017588000.0,981548000.0,401445000.0,616143000.0,0.661,9.852,-12954000.0,91020000.0,91020000.0,145183000.0,82886000.0,1.986,0.314,0.0,0.0,0.0,0.0,169872000.0,26693000.0,0.0,0.0,0.0,118953000.0,145646000.0,0.224,145646000.0,118953000.0,118953000.0,1.04,1.04,1.04,774412000.0,744449250.0,774412000.0,2596345739.0,22.0,17.826,189356000.0,2.409,1.0,504029000.0,0.776,231892000.0,0.0,492511000.0,445734250.0,13590000.0,449641000.0,175780000.0,273861000.0,243176000.0,202165000.0,41011000.0,2718736739.0,-20168000.0,0.0,-96558000.0,0.0,0.0,-98873000.0,-123605000.0,-111161000.0,202310000.0,-727000.0,82886000.0,82886000.0,82886000.0,0.0,0.0,0.128,396631000.0,107398000.0,16386000.0,0.0,3.511,32.801,33.279,40237000.0,0.0,34.61,4.188,4.19,91635000.0,310221000.0,649212000.0,649212000.0,104516000.0,0.084,0.111,0.267,0.183,55489000.0,282515000.0,1.0,78553503.0,78603000,79612000.0,8.259,785696000.0,49809000.0,36067000.0,0.0,9.996,199280000.0
49,FFIV,MRT,2009-03-31,2009-03-31,2009-03-31,2021-08-05,-3872000.0,982963000.0,960769250.0,396423000.0,586540000.0,0.683,9.433,-23942000.0,122391000.0,122391000.0,149696000.0,79244000.0,1.992,0.32,0.0,0.0,0.0,0.0,160474000.0,26485000.0,0.0,0.0,0.0,115525000.0,142010000.0,0.216,142010000.0,115525000.0,115525000.0,0.99,0.98,0.99,744517000.0,733969750.0,744517000.0,1538266346.0,13.0,10.832,187933000.0,2.381,1.0,506870000.0,0.772,231892000.0,0.0,429636000.0,427951000.0,15036000.0,379405000.0,138833000.0,240572000.0,238446000.0,199044000.0,39402000.0,1663286346.0,-21945000.0,0.0,-132543000.0,0.0,0.0,-136401000.0,-97419000.0,-73989000.0,211875000.0,-1123000.0,79244000.0,79244000.0,79244000.0,0.0,0.0,0.121,403589000.0,103281000.0,20781000.0,0.0,2.234,20.989,21.162,42852000.0,0.0,20.95,2.533,2.518,90067000.0,287445000.0,656566000.0,656566000.0,105723000.0,0.082,0.108,0.27,0.176,57749000.0,288266000.0,1.0,79393143.0,78925000,79570000.0,8.319,751071000.0,50282000.0,36281000.0,0.0,9.516,197379000.0
50,FFIV,MRT,2008-12-31,2008-12-31,2008-12-31,2021-08-05,-3202000.0,986418000.0,949523250.0,423199000.0,563219000.0,0.697,9.335,-26936000.0,125020000.0,125020000.0,149802000.0,78003000.0,2.033,0.332,0.0,0.0,0.0,0.0,155939000.0,24609000.0,0.0,0.0,0.0,119203000.0,143812000.0,0.217,143812000.0,119203000.0,119203000.0,0.96,0.95,0.96,740609000.0,733986250.0,740609000.0,1739790154.0,15.0,12.098,182680000.0,2.303,1.0,511756000.0,0.774,231892000.0,0.0,421331000.0,420052750.0,15562000.0,365130000.0,156180000.0,208950000.0,245809000.0,208175000.0,37634000.0,1820841154.0,54158000.0,-5000.0,-201976000.0,0.0,0.0,-205420000.0,49962000.0,75687000.0,209616000.0,-1375000.0,78003000.0,78003000.0,78003000.0,0.0,0.0,0.118,408250000.0,103506000.0,24095000.0,0.0,2.459,23.343,23.812,46596000.0,0.0,22.86,2.752,2.741,100472000.0,268459000.0,661558000.0,661558000.0,106164000.0,0.082,0.106,0.284,0.18,60159000.0,296815000.0,1.0,79651844.0,79337000,80003000.0,8.339,754526000.0,49216000.0,41200000.0,0.0,9.51,215024000.0
51,FFIV,MRT,2008-09-30,2008-09-30,2008-09-30,2021-08-05,-6076000.0,939223000.0,951021500.0,323369000.0,615854000.0,0.684,8.728,-27923000.0,81051000.0,81051000.0,149018000.0,74331000.0,1.731,0.308,0.0,0.0,0.0,0.0,144999000.0,23623000.0,0.0,0.0,0.0,118264000.0,141887000.0,0.218,141887000.0,118264000.0,118264000.0,0.9,0.89,0.9,718259000.0,751343250.0,718259000.0,1769902408.0,15.0,12.474,165769000.0,2.014,1.0,501155000.0,0.771,231892000.0,0.0,439459000.0,446971750.0,10148000.0,372969000.0,111883000.0,261086000.0,220964000.0,186821000.0,34143000.0,1881860408.0,25683000.0,-995000.0,-181498000.0,0.0,0.0,-181719000.0,13710000.0,41412000.0,193692000.0,-1676000.0,74331000.0,74331000.0,74331000.0,0.0,0.0,0.114,401841000.0,99314000.0,13092000.0,0.0,2.62,25.317,25.978,47557000.0,0.0,23.38,2.894,2.959,97057000.0,247036000.0,650173000.0,650173000.0,103394000.0,0.078,0.099,0.265,0.182,60582000.0,293176000.0,1.0,80490180.0,82290000,83428000.0,7.901,707331000.0,52827000.0,43933000.0,0.0,8.596,136548000.0
52,FFIV,MRT,2008-06-30,2008-06-30,2008-06-30,2021-08-05,-5517000.0,934473000.0,952287750.0,408059000.0,526414000.0,0.656,9.032,-27993000.0,111958000.0,111958000.0,143453000.0,67512000.0,2.411,0.276,0.0,0.0,0.0,0.0,138966000.0,21909000.0,0.0,0.0,0.0,115456000.0,137365000.0,0.22,137365000.0,115456000.0,115456000.0,0.82,0.79,0.82,732494000.0,764422750.0,732494000.0,2180917451.0,19.0,15.877,154415000.0,1.904,1.0,481064000.0,0.77,231892000.0,0.0,421378000.0,461763500.0,9662000.0,337704000.0,158112000.0,179592000.0,201979000.0,169245000.0,32734000.0,2327647451.0,62079000.0,-208139000.0,-130603000.0,0.0,0.0,-128673000.0,8344000.0,244476000.0,182408000.0,-935000.0,67512000.0,67512000.0,67512000.0,0.0,0.0,0.108,388400000.0,92664000.0,13159000.0,0.0,3.178,34.478,34.659,47632000.0,0.0,28.42,3.727,3.69,98064000.0,227335000.0,624517000.0,624517000.0,96956000.0,0.071,0.088,0.25,0.185,56025000.0,277444000.0,1.0,81901740.0,81096000,81951000.0,7.701,702581000.0,44500000.0,47944000.0,0.0,8.664,238814000.0
53,FFIV,MRT,2008-03-31,2008-03-31,2008-03-31,2021-08-05,-3184000.0,937979000.0,940372000.0,476564000.0,461415000.0,0.629,8.974,-19749000.0,146730000.0,146730000.0,134912000.0,70187000.0,2.956,0.26,0.0,0.0,0.0,0.0,122617000.0,19777000.0,0.0,0.0,0.0,119506000.0,139283000.0,0.236,139283000.0,119506000.0,119506000.0,0.84,0.82,0.84,744583000.0,766759250.0,744583000.0,1473938151.0,12.0,10.582,145055000.0,1.748,1.0,456445000.0,0.772,231968000.0,0.0,398043000.0,513035250.0,8577000.0,306977000.0,188622000.0,118355000.0,193396000.0,161238000.0,32158000.0,1547349151.0,97005000.0,-208139000.0,-79028000.0,0.0,0.0,-71642000.0,3843000.0,231731000.0,164804000.0,-1083000.0,70187000.0,70187000.0,70187000.0,0.0,0.0,0.119,363190000.0,93255000.0,22535000.0,0.0,2.078,22.046,21.631,40716000.0,0.0,18.17,2.617,2.549,101797000.0,208201000.0,591357000.0,591357000.0,88155000.0,0.075,0.092,0.233,0.202,51781000.0,261035000.0,1.0,85159557.0,82974000,83805000.0,7.127,706011000.0,44702000.0,49319000.0,0.0,8.509,315326000.0
54,FFIV,MRT,2007-12-31,2007-12-31,2007-12-31,2021-08-05,-1051000.0,992411000.0,914902250.0,484280000.0,508131000.0,0.612,9.546,-18724000.0,73411000.0,73411000.0,127039000.0,72398000.0,3.104,0.225,0.0,0.0,0.0,0.0,110153000.0,17741000.0,0.0,0.0,0.0,123309000.0,141050000.0,0.252,141050000.0,123309000.0,123309000.0,0.87,0.85,0.87,810037000.0,754743750.0,810037000.0,2363093371.0,19.0,16.754,146082000.0,1.722,1.0,432782000.0,0.773,233997000.0,0.0,529007000.0,558557500.0,10189000.0,447937000.0,281000000.0,166937000.0,182374000.0,155996000.0,26378000.0,2421348371.0,39406000.0,-208134000.0,22076000.0,0.0,0.0,33581000.0,-158981000.0,67877000.0,164806000.0,-967000.0,72398000.0,72398000.0,72398000.0,0.0,0.0,0.129,337365000.0,95417000.0,24973000.0,0.0,2.989,33.445,32.782,37234000.0,0.0,28.52,4.325,4.323,98764000.0,190456000.0,559821000.0,559821000.0,78823000.0,0.079,0.096,0.221,0.22,47819000.0,244542000.0,1.0,84900013.0,84854000,86141000.0,6.597,758414000.0,43130000.0,50911000.0,0.0,8.938,328284000.0
55,FFIV,MRT,2007-09-30,2007-09-30,2007-09-30,2021-08-05,-564000.0,944288000.0,863692000.0,386650000.0,557638000.0,0.609,9.261,-16454000.0,58255000.0,58255000.0,118324000.0,77000000.0,2.52,0.225,0.0,0.0,0.0,0.0,100517000.0,15862000.0,0.0,0.0,0.0,127693000.0,143555000.0,0.273,143555000.0,127693000.0,127693000.0,0.93,0.9,0.93,770577000.0,716370500.0,770577000.0,3080530824.0,24.0,21.459,153196000.0,1.841,1.0,407343000.0,0.775,233997000.0,0.0,498626000.0,565234250.0,10672000.0,420535000.0,204169000.0,216366000.0,173711000.0,153410000.0,20301000.0,3132516824.0,16995000.0,-207144000.0,23289000.0,0.0,0.0,35486000.0,-188141000.0,35457000.0,169650000.0,-445000.0,77000000.0,77000000.0,77000000.0,0.0,0.0,0.146,307841000.0,99502000.0,25525000.0,0.0,4.065,40.682,39.989,36024000.0,0.0,37.19,5.959,5.887,91774000.0,172705000.0,525667000.0,525667000.0,69030000.0,0.089,0.107,0.226,0.243,41212000.0,224811000.0,1.0,84230084.0,83205000,85137000.0,6.318,710291000.0,43341000.0,50693000.0,0.0,8.537,233240000.0
56,FFIV,MRT,2007-06-30,2007-06-30,2007-06-30,2021-08-05,-1332000.0,886810000.0,809997750.0,505040000.0,381770000.0,0.607,8.872,-14531000.0,51986000.0,51986000.0,109757000.0,81870000.0,3.987,0.195,0.0,0.0,0.0,0.0,83249000.0,14908000.0,0.0,0.0,0.0,130754000.0,145662000.0,0.296,145662000.0,130754000.0,130754000.0,0.985,0.98,0.985,741840000.0,677840750.0,741840000.0,3313633518.0,25.0,22.749,125466000.0,1.501,1.0,382020000.0,0.777,81701000.0,0.0,626465000.0,567202250.0,9278000.0,584717000.0,345899000.0,238818000.0,144970000.0,126658000.0,18312000.0,3364614518.0,27621000.0,0.0,22682000.0,0.0,0.0,53172000.0,-165548000.0,-151017000.0,139997000.0,-744000.0,81870000.0,81870000.0,81870000.0,0.0,0.0,0.166,277927000.0,104093000.0,23225000.0,0.0,4.535,41.097,40.914,33307000.0,0.0,40.3,6.842,6.852,77693000.0,159823000.0,491777000.0,491777000.0,63001000.0,0.101,0.121,0.231,0.266,39229000.0,214926000.0,1.0,83489194.0,83614000,85310000.0,5.882,805109000.0,15392000.0,48884000.0,0.0,9.629,378382000.0
57,FFIV,MRT,2007-03-31,2007-03-31,2007-03-31,2021-08-05,-928000.0,836100000.0,756878750.0,538542000.0,297558000.0,0.607,8.409,-19496000.0,50981000.0,50981000.0,102638000.0,77026000.0,4.368,0.2,0.0,0.0,0.0,0.0,75216000.0,13979000.0,0.0,0.0,0.0,123114000.0,137093000.0,0.298,137093000.0,123114000.0,123114000.0,0.935,0.925,0.935,696521000.0,634203000.0,696521000.0,2717487526.0,22.0,19.822,119580000.0,1.444,1.0,356843000.0,0.777,81701000.0,0.0,580132000.0,528837250.0,7915000.0,539260000.0,384426000.0,154834000.0,139579000.0,123286000.0,16293000.0,2752513526.0,24472000.0,0.0,18990000.0,0.0,0.0,45323000.0,-159927000.0,-140431000.0,139076000.0,-641000.0,77026000.0,77026000.0,77026000.0,0.0,0.0,0.168,257974000.0,98869000.0,23012000.0,0.0,3.952,35.735,35.658,31693000.0,0.0,33.34,5.99,6.01,73142000.0,138014000.0,459481000.0,459481000.0,58042000.0,0.102,0.121,0.233,0.268,34409000.0,199932000.0,1.0,82558894.0,82834000,84780000.0,5.547,754399000.0,16051000.0,46088000.0,0.0,9.107,415256000.0
58,FFIV,MRT,2006-12-31,2006-12-31,2006-12-31,2021-08-05,-734000.0,787570000.0,707100500.0,507408000.0,280162000.0,0.602,8.001,-20131000.0,35026000.0,35026000.0,95110000.0,73137000.0,4.407,0.2,0.0,0.0,0.0,0.0,68668000.0,12800000.0,0.0,0.0,0.0,116344000.0,129144000.0,0.303,129144000.0,116344000.0,116344000.0,0.895,0.88,0.895,656544000.0,594965500.0,656544000.0,3008225094.0,26.0,23.294,117612000.0,1.433,1.0,330882000.0,0.777,81701000.0,0.0,555714000.0,494373250.0,5730000.0,514181000.0,384238000.0,129943000.0,131026000.0,115129000.0,15897000.0,3049900094.0,12649000.0,0.0,31440000.0,0.0,0.0,53942000.0,-179036000.0,-158905000.0,137743000.0,-294000.0,73137000.0,73137000.0,73137000.0,0.0,0.0,0.172,235430000.0,95452000.0,12879000.0,0.0,4.645,41.701,41.458,29951000.0,0.0,37.105,7.16,7.148,67246000.0,118058000.0,425992000.0,425992000.0,53232000.0,0.103,0.123,0.235,0.273,28297000.0,182198000.0,1.0,82196472.0,82062000,84636000.0,5.191,705869000.0,25051000.0,43207000.0,0.0,8.602,392279000.0
59,FFIV,MRT,2006-09-30,2006-09-30,2006-09-30,2021-08-05,-1038000.0,729511000.0,657462250.0,462975000.0,266536000.0,0.599,7.679,-21400000.0,41675000.0,41675000.0,88153000.0,66005000.0,4.647,0.183,0.0,0.0,0.0,0.0,60320000.0,11585000.0,0.0,0.0,0.0,107569000.0,119154000.0,0.302,119154000.0,107569000.0,107569000.0,0.82,0.8,0.82,616458000.0,555974750.0,616458000.0,2151356159.0,20.0,18.055,103978000.0,1.295,1.0,305896000.0,0.776,81701000.0,0.0,506498000.0,457129250.0,5763000.0,454430000.0,336427000.0,118003000.0,113053000.0,99637000.0,13416000.0,2178229159.0,-13886000.0,-42778000.0,44258000.0,0.0,0.0,65145000.0,-204409000.0,-140231000.0,125378000.0,-235000.0,66005000.0,66005000.0,66005000.0,0.0,0.0,0.168,215758000.0,90138000.0,13174000.0,0.0,3.533,33.001,32.756,29951000.0,0.0,26.86,5.528,5.472,62750000.0,95705000.0,394049000.0,394049000.0,49171000.0,0.1,0.119,0.235,0.273,24818000.0,166587000.0,1.0,81095650.0,80278000,83020000.0,4.909,647810000.0,23339000.0,41564000.0,0.0,8.07,363338000.0
60,FFIV,MRT,2006-06-30,2006-06-30,2006-06-30,2021-08-05,-1625000.0,674334000.0,609519250.0,454496000.0,219838000.0,0.595,6.994,-21065000.0,25085000.0,25085000.0,81830000.0,63160000.0,4.807,0.189,0.0,0.0,0.0,0.0,53546000.0,9926000.0,0.0,0.0,0.0,101279000.0,111205000.0,0.306,111205000.0,101279000.0,101279000.0,0.8,0.78,0.8,567289000.0,516902000.0,567289000.0,2141624681.0,21.0,19.258,119041000.0,1.468,1.0,281109000.0,0.775,81701000.0,0.0,473005000.0,421683750.0,7888000.0,432208000.0,351865000.0,80343000.0,107045000.0,94543000.0,12502000.0,2168497681.0,9778000.0,-40645000.0,46805000.0,0.0,0.0,46805000.0,-177133000.0,-113164000.0,140106000.0,-202000.0,63160000.0,63160000.0,63160000.0,0.0,0.0,0.174,194361000.0,86748000.0,17640000.0,0.0,3.823,34.333,33.425,29960000.0,0.0,26.74,5.975,5.976,56683000.0,77953000.0,362939000.0,362939000.0,44337000.0,0.104,0.122,0.24,0.279,21216000.0,150024000.0,1.0,81095650.0,81106000,83318000.0,4.475,592633000.0,13384000.0,38119000.0,0.0,7.307,359953000.0
61,FFIV,MRT,2006-03-31,2006-03-31,2006-03-31,2021-08-05,-1684000.0,636987000.0,567297250.0,415431000.0,221556000.0,0.592,6.724,-14849000.0,26873000.0,26873000.0,76376000.0,58888000.0,4.82,0.181,0.0,0.0,0.0,0.0,47906000.0,8553000.0,0.0,0.0,0.0,94969000.0,103522000.0,0.308,103522000.0,94969000.0,94969000.0,0.755,0.735,0.755,539571000.0,485167000.0,539571000.0,2874512389.0,30.0,27.767,109161000.0,1.36,1.0,259498000.0,0.773,81652000.0,0.0,442276000.0,397212750.0,3024000.0,397012000.0,321003000.0,76009000.0,97416000.0,86186000.0,11230000.0,2897109389.0,1419000.0,-42778000.0,60819000.0,0.0,0.0,60819000.0,-183410000.0,-123524000.0,124010000.0,-208000.0,58888000.0,58888000.0,58888000.0,0.0,0.0,0.175,176424000.0,83074000.0,14605000.0,0.0,5.369,49.197,48.007,23669000.0,0.0,36.245,8.626,8.659,51953000.0,60988000.0,335874000.0,335874000.0,39404000.0,0.104,0.121,0.239,0.283,23472000.0,137020000.0,1.0,79931284.0,80240000,83254000.0,4.186,555335000.0,23864000.0,36081000.0,0.0,6.921,329245000.0
62,FFIV,MRT,2005-12-31,2005-12-31,2005-12-31,2021-08-05,-1460000.0,589017000.0,522518000.0,325035000.0,263982000.0,0.592,6.391,-11085000.0,22597000.0,22597000.0,70826000.0,53785000.0,4.166,0.177,0.0,0.0,0.0,0.0,43331000.0,7611000.0,0.0,0.0,0.0,87320000.0,94931000.0,0.307,94931000.0,87320000.0,87320000.0,0.705,0.68,0.705,500581000.0,449762000.0,500581000.0,2198743099.0,25.0,23.161,94866000.0,1.211,1.0,238662000.0,0.771,81652000.0,0.0,406738000.0,367197000.0,2698000.0,353995000.0,240116000.0,113879000.0,88436000.0,78030000.0,10406000.0,2254481099.0,-4794000.0,-42778000.0,67485000.0,0.0,0.0,67485000.0,-178230000.0,-122108000.0,105951000.0,-279000.0,53785000.0,53785000.0,53785000.0,0.0,0.0,0.174,161001000.0,77661000.0,12965000.0,0.0,4.504,41.917,40.56,19076000.0,0.0,28.595,7.285,7.237,49203000.0,44921000.0,309488000.0,309488000.0,34962000.0,0.103,0.12,0.238,0.282,30498000.0,126039000.0,1.0,78841794.0,78326000,81610000.0,3.951,507365000.0,33479000.0,33535000.0,0.0,6.478,247005000.0
63,FFIV,MRT,2005-09-30,2005-09-30,2005-09-30,2021-08-05,-1430000.0,537739000.0,477136000.0,294664000.0,243075000.0,0.59,6.182,-9293000.0,55738000.0,55738000.0,65184000.0,46902000.0,4.358,0.169,0.0,0.0,0.0,0.0,39323000.0,6797000.0,0.0,0.0,0.0,77434000.0,84231000.0,0.299,84231000.0,77434000.0,77434000.0,0.63,0.61,0.63,460167000.0,412582250.0,460167000.0,1653910651.0,21.0,19.635,75694000.0,1.017,1.0,216226000.0,0.768,49677000.0,0.0,364716000.0,334029750.0,2699000.0,313148000.0,184314000.0,128834000.0,77572000.0,67608000.0,9964000.0,1671772651.0,27094000.0,-395000.0,68867000.0,0.0,0.0,68867000.0,-126760000.0,-114813000.0,84987000.0,-128000.0,46902000.0,46902000.0,46902000.0,0.0,0.0,0.167,146868000.0,69358000.0,7668000.0,0.0,3.633,35.644,34.5,16158000.0,0.0,21.735,5.941,5.749,41703000.0,29700000.0,281410000.0,281410000.0,31516000.0,0.098,0.114,0.232,0.275,37559000.0,115352000.0,1.0,76916156.0,74440000,77522000.0,3.78,488062000.0,40387000.0,30532000.0,0.0,6.556,227056000.0
64,FFIV,MRT,2005-06-30,2005-06-30,2005-06-30,2021-08-05,-862000.0,505446000.0,432849500.0,263531000.0,241915000.0,0.58,5.807,-7799000.0,17862000.0,17862000.0,58290000.0,51151000.0,4.224,0.148,0.0,0.0,0.0,0.0,36905000.0,6650000.0,0.0,0.0,0.0,63899000.0,70549000.0,0.281,70549000.0,63899000.0,63899000.0,0.715,0.675,0.715,440349000.0,374476750.0,440349000.0,1748315405.0,27.0,24.782,55831000.0,0.736,1.0,192732000.0,0.768,50067000.0,0.0,375121000.0,301041250.0,2288000.0,317492000.0,196530000.0,120962000.0,65097000.0,62396000.0,2701000.0,1776323405.0,-10664000.0,-4830000.0,67831000.0,0.0,0.0,67831000.0,-142125000.0,-129496000.0,63630000.0,86000.0,51151000.0,51151000.0,51151000.0,0.0,0.0,0.204,134875000.0,57857000.0,6201000.0,0.0,4.034,34.727,33.056,15563000.0,0.0,23.635,7.076,7.14,37749000.0,37570000.0,251022000.0,251022000.0,29291000.0,0.118,0.137,0.212,0.255,55806000.0,105594000.0,1.0,75156480.0,75836000,78866000.0,3.31,455379000.0,45825000.0,12748000.0,0.0,6.005,201135000.0
65,FFIV,MRT,2005-03-31,2005-03-31,2005-03-31,2021-08-05,-1900000.0,457870000.0,384715750.0,247378000.0,210492000.0,0.578,5.392,-7162000.0,28008000.0,28008000.0,51325000.0,45874000.0,4.296,0.151,0.0,0.0,0.0,0.0,32478000.0,6294000.0,0.0,0.0,0.0,50658000.0,56952000.0,0.256,56952000.0,50658000.0,50658000.0,0.66,0.615,0.66,397951000.0,329819000.0,397951000.0,1821403403.0,36.0,31.981,45871000.0,0.621,1.0,170876000.0,0.769,50067000.0,0.0,322213000.0,253939500.0,2095000.0,271515000.0,174334000.0,97181000.0,59919000.0,57582000.0,2337000.0,1851427403.0,-420000.0,-29596000.0,52190000.0,0.0,0.0,52190000.0,-105643000.0,-68885000.0,53033000.0,50000.0,45874000.0,45874000.0,45874000.0,0.0,0.0,0.206,124985000.0,45891000.0,7207000.0,0.0,4.652,40.359,38.25,13108000.0,0.0,25.245,8.332,8.386,34822000.0,23593000.0,222201000.0,222201000.0,27960000.0,0.119,0.139,0.199,0.228,47797000.0,97035000.0,1.0,73338380.0,73810000,77878000.0,3.01,407803000.0,43639000.0,4784000.0,0.0,5.525,189796000.0
66,FFIV,MRT,2004-12-31,2004-12-31,2004-12-31,2021-08-05,-937000.0,407489000.0,344742250.0,206655000.0,200834000.0,0.566,4.945,-7106000.0,30024000.0,30024000.0,45013000.0,40865000.0,3.875,0.158,0.0,0.0,0.0,0.0,29046000.0,5762000.0,0.0,0.0,0.0,38542000.0,44304000.0,0.227,44304000.0,38542000.0,38542000.0,0.6,0.555,0.6,351862000.0,293381500.0,351862000.0,1723091803.0,45.0,38.892,38565000.0,0.542,1.0,150105000.0,0.769,50067000.0,0.0,274069000.0,223852750.0,1728000.0,230566000.0,139909000.0,90657000.0,55627000.0,53329000.0,2298000.0,1754235803.0,-4037000.0,-29596000.0,41722000.0,0.0,0.0,41722000.0,-91430000.0,-54728000.0,45671000.0,128000.0,40865000.0,40865000.0,40865000.0,0.0,0.0,0.209,115497000.0,34608000.0,7746000.0,0.0,4.986,42.928,40.6,12969000.0,0.0,24.36,8.991,8.883,28101000.0,11481000.0,195118000.0,195118000.0,26026000.0,0.119,0.139,0.172,0.198,35178000.0,89481000.0,1.0,72012964.0,71154000,75696000.0,2.742,357422000.0,37585000.0,-2323000.0,0.0,5.023,153326000.0
67,FFIV,MRT,2004-09-30,2004-09-30,2004-09-30,2021-08-05,-498000.0,360593000.0,310944000.0,173812000.0,186781000.0,0.551,4.632,-5775000.0,31144000.0,31144000.0,39399000.0,36328000.0,3.728,0.172,0.0,0.0,0.0,0.0,28064000.0,5355000.0,0.0,0.0,0.0,27877000.0,33232000.0,0.194,33232000.0,27877000.0,27877000.0,0.545,0.505,0.545,307745000.0,263549000.0,307745000.0,1024255715.0,37.0,30.821,34815000.0,0.524,1.0,131791000.0,0.77,50067000.0,0.0,232762000.0,199486250.0,1696000.0,197392000.0,115600000.0,81792000.0,52848000.0,46620000.0,6228000.0,1052678715.0,14345000.0,-29201000.0,138468000.0,0.0,0.0,138468000.0,-164713000.0,-129737000.0,40590000.0,205000.0,36328000.0,36328000.0,36328000.0,0.0,0.0,0.212,106645000.0,25146000.0,4840000.0,0.0,3.421,28.977,27.945,11954000.0,0.0,15.23,6.149,5.911,22665000.0,-17202000.0,171190000.0,171190000.0,24438000.0,0.117,0.138,0.14,0.163,22877000.0,82207000.0,1.0,69118760.0,66442000,71922000.0,2.577,310526000.0,31620000.0,-8451000.0,0.0,4.674,127192000.0
68,FFIV,MRT,2004-06-30,2004-06-30,2004-06-30,2021-08-05,-998000.0,312911000.0,257839000.0,138587000.0,174324000.0,0.592,3.806,-5443000.0,28423000.0,28423000.0,35333000.0,16694000.0,2.841,0.196,0.0,0.0,0.0,0.0,26321000.0,4852000.0,0.0,0.0,0.0,18146000.0,22998000.0,0.151,22998000.0,18146000.0,18146000.0,0.26,0.225,0.26,261718000.0,214220000.0,261718000.0,884110546.0,49.0,38.443,29373000.0,0.427,1.0,117271000.0,0.768,48998000.0,0.0,186714000.0,159202000.0,1868000.0,188323000.0,90265000.0,98058000.0,51193000.0,48776000.0,2417000.0,912455546.0,2700000.0,-54272000.0,139304000.0,0.0,0.0,139304000.0,-171420000.0,-111705000.0,34816000.0,467000.0,16694000.0,16694000.0,16694000.0,0.0,0.0,0.109,100590000.0,16681000.0,6348000.0,0.0,3.486,54.658,50.923,12007000.0,0.0,13.24,5.979,5.966,19789000.0,-14293000.0,152604000.0,152604000.0,22961000.0,0.065,0.078,0.114,0.119,1847000.0,77696000.0,1.0,68916582.0,68764000,73938000.0,2.219,263913000.0,0.0,1452000.0,0.0,3.838,89811000.0
69,FFIV,MRT,2004-03-31,2004-03-31,2004-03-31,2021-08-05,647000.0,297976000.0,214557250.0,157156000.0,140820000.0,0.641,3.734,-3375000.0,28345000.0,28345000.0,32015000.0,10677000.0,3.606,0.182,0.0,0.0,0.0,0.0,24502000.0,4858000.0,0.0,0.0,0.0,11934000.0,16792000.0,0.122,16792000.0,11934000.0,11934000.0,0.175,0.15,0.175,252201000.0,174848250.0,252201000.0,1108481052.0,93.0,66.012,24286000.0,0.36,1.0,105535000.0,0.767,24188000.0,0.0,201866000.0,132708250.0,1905000.0,205106000.0,108656000.0,96450000.0,45775000.0,43577000.0,2198000.0,1142193052.0,8271000.0,-27373000.0,140019000.0,0.0,0.0,140019000.0,-159409000.0,-128661000.0,27661000.0,371000.0,10677000.0,10677000.0,10677000.0,0.0,0.0,0.078,94570000.0,10965000.0,5397000.0,0.0,4.529,106.977,96.629,10272000.0,0.0,16.91,8.304,8.303,19158000.0,-21709000.0,137550000.0,137550000.0,21518000.0,0.05,0.061,0.09,0.087,1853000.0,73113000.0,1.0,67545420.0,67536000,73892000.0,2.037,273788000.0,0.0,1257000.0,0.0,4.054,113579000.0
70,FFIV,MRT,2003-12-31,2003-12-31,2003-12-31,2021-08-05,359000.0,272296000.0,173506750.0,161130000.0,111166000.0,0.72,3.855,-2377000.0,33712000.0,33712000.0,29068000.0,5537000.0,4.263,0.171,0.0,0.0,0.0,0.0,21775000.0,4986000.0,0.0,0.0,0.0,6578000.0,11564000.0,0.093,11564000.0,6578000.0,6578000.0,0.1,0.085,0.1,232532000.0,136563750.0,232532000.0,675277116.0,103.0,58.395,17974000.0,0.298,1.0,95852000.0,0.767,24188000.0,0.0,176603000.0,102487250.0,1158000.0,177287000.0,110190000.0,67097000.0,39764000.0,37793000.0,1971000.0,691628116.0,17771000.0,-27373000.0,129123000.0,0.0,0.0,129123000.0,-131703000.0,-101953000.0,20351000.0,360000.0,5537000.0,5537000.0,5537000.0,0.0,0.0,0.044,89747000.0,6105000.0,2670000.0,0.0,2.974,124.91,125.5,9871000.0,0.0,12.55,5.537,6.06,17496000.0,-27664000.0,124920000.0,124920000.0,20504000.0,0.032,0.041,0.064,0.053,1858000.0,69299000.0,1.0,55109810.0,60318000,66242000.0,2.071,248108000.0,0.0,1041000.0,0.0,4.113,123337000.0
71,FFIV,MRT,2003-09-30,2003-09-30,2003-09-30,2021-08-05,195000.0,148173000.0,137660250.0,69744000.0,78429000.0,0.842,2.087,-2570000.0,16351000.0,16351000.0,26975000.0,2256000.0,1.937,0.342,0.0,0.0,0.0,0.0,19147000.0,5162000.0,0.0,0.0,0.0,3109000.0,8271000.0,0.071,8271000.0,3109000.0,3109000.0,0.045,0.04,0.045,110429000.0,102458750.0,110429000.0,493728639.0,159.0,59.694,12040000.0,0.228,1.0,88920000.0,0.767,24188000.0,0.0,71625000.0,78812250.0,762000.0,68659000.0,34527000.0,34132000.0,37744000.0,36009000.0,1735000.0,518726639.0,-10610000.0,-27373000.0,12833000.0,0.0,0.0,12833000.0,-38053000.0,-8110000.0,14610000.0,160000.0,2256000.0,2256000.0,2256000.0,0.0,0.0,0.019,86562000.0,2358000.0,3714000.0,0.0,4.697,229.932,213.778,10079000.0,0.0,9.62,4.476,4.392,19325000.0,-31465000.0,115895000.0,115895000.0,19455000.0,0.016,0.022,0.039,0.027,1914000.0,67107000.0,1.0,53921688.0,52906000,56350000.0,2.191,123985000.0,0.0,853000.0,0.0,2.343,33735000.0
72,FFIV,MRT,2003-06-30,2003-06-30,2003-06-30,2021-08-05,-582000.0,139784000.0,132189250.0,89576000.0,50208000.0,0.842,1.956,-2686000.0,24998000.0,24998000.0,25883000.0,2311000.0,2.631,0.341,0.0,0.0,0.0,0.0,17423000.0,5257000.0,0.0,0.0,0.0,2910000.0,8167000.0,0.073,8167000.0,2910000.0,2910000.0,0.04,0.04,0.04,104231000.0,98272750.0,104231000.0,418735871.0,144.0,51.272,7812000.0,0.147,1.0,85454000.0,0.768,0.0,0.0,80739000.0,77955750.0,667000.0,77846000.0,45166000.0,32680000.0,35553000.0,34047000.0,1506000.0,438255871.0,653000.0,0.0,9503000.0,0.0,0.0,9503000.0,-19347000.0,-16661000.0,10498000.0,-152000.0,2311000.0,2311000.0,2311000.0,0.0,0.0,0.021,84025000.0,1429000.0,3896000.0,0.0,4.205,189.639,207.75,10495000.0,0.0,8.31,3.936,3.976,20372000.0,-32818000.0,111337000.0,111337000.0,18403000.0,0.017,0.024,0.037,0.026,167000.0,64952000.0,1.0,52738372.0,53276000,56934000.0,2.09,139784000.0,0.0,599000.0,0.0,2.624,55529000.0
73,FFIV,MRT,2003-03-31,2003-03-31,2003-03-31,2021-08-05,52000.0,133774000.0,128630250.0,88833000.0,44941000.0,0.849,1.893,-2943000.0,19520000.0,19520000.0,26687000.0,-3434000.0,2.67,0.35,0.0,0.0,0.0,0.0,15732000.0,5409000.0,0.0,0.0,0.0,-2841000.0,2568000.0,0.024,2568000.0,-2841000.0,-2841000.0,-0.07,-0.07,-0.07,99063000.0,95585500.0,99063000.0,313447083.0,-110.0,122.059,6877000.0,0.131,1.0,82526000.0,0.756,0.0,0.0,80982000.0,75375250.0,496000.0,76565000.0,49639000.0,26926000.0,34711000.0,33272000.0,1439000.0,329028083.0,-15152000.0,0.0,6215000.0,0.0,0.0,6215000.0,-31187000.0,-28244000.0,9820000.0,269000.0,-3434000.0,-3434000.0,-3434000.0,0.0,0.0,-0.031,86783000.0,-4257000.0,4159000.0,0.0,3.321,-95.815,-90.214,11071000.0,0.0,6.315,3.013,3.026,20550000.0,-34217000.0,109213000.0,109213000.0,18378000.0,-0.027,-0.036,-0.038,-0.026,267000.0,64864000.0,1.0,52102626.0,52328000,54988000.0,2.087,133774000.0,0.0,593000.0,0.0,2.556,55561000.0
74,FFIV,MRT,2002-12-31,2002-12-31,2002-12-31,2021-08-05,509000.0,128910000.0,126743750.0,86663000.0,42247000.0,0.854,1.857,-3456000.0,15581000.0,15581000.0,28040000.0,-6019000.0,2.758,0.341,0.0,0.0,0.0,0.0,14799000.0,5528000.0,0.0,0.0,0.0,-5509000.0,19000.0,0.0,19000.0,-5509000.0,-5509000.0,-0.12,-0.12,-0.12,96112000.0,94920500.0,96112000.0,252742781.0,-46.0,13302.252,5391000.0,0.104,1.0,80257000.0,0.741,0.0,0.0,81903000.0,70973000.0,253000.0,75666000.0,52284000.0,23382000.0,32798000.0,31426000.0,1372000.0,279543781.0,-4364000.0,0.0,6019000.0,0.0,0.0,6019000.0,-19230000.0,-15774000.0,8847000.0,265000.0,-6019000.0,-6019000.0,-6019000.0,0.0,0.0,-0.056,87143000.0,-6886000.0,4152000.0,0.0,2.909,-46.444,-44.75,11898000.0,0.0,5.37,2.581,2.567,19322000.0,-35032000.0,108297000.0,108297000.0,18243000.0,-0.047,-0.063,-0.078,-0.051,376000.0,65250000.0,1.0,52056570.0,51766000,53870000.0,2.092,128910000.0,0.0,510000.0,0.0,2.49,55237000.0
75,FFIV,MRT,2002-09-30,2002-09-30,2002-09-30,2021-08-05,454000.0,126289000.0,125621750.0,105799000.0,20490000.0,0.862,1.85,-3169000.0,26801000.0,26801000.0,30479000.0,-8610000.0,3.381,0.348,0.0,0.0,0.0,0.0,14058000.0,5612000.0,0.0,0.0,0.0,-8121000.0,-2509000.0,-0.023,-2509000.0,-8121000.0,-8121000.0,-0.17,-0.17,-0.17,93685000.0,94809000.0,93685000.0,169331888.0,-21.0,-67.49,6336000.0,0.125,1.0,77787000.0,0.718,0.0,0.0,68199000.0,69805000.0,349000.0,60878000.0,59532000.0,1346000.0,32604000.0,31289000.0,1315000.0,193827888.0,2325000.0,0.0,5483000.0,0.0,0.0,5483000.0,-12663000.0,-9494000.0,9505000.0,155000.0,-8610000.0,-8610000.0,-8610000.0,0.0,0.0,-0.08,87328000.0,-9541000.0,3685000.0,0.0,2.069,-22.512,-22.206,12211000.0,0.0,3.775,1.79,1.766,20404000.0,-35552000.0,108266000.0,108266000.0,17985000.0,-0.069,-0.091,-0.116,-0.075,443000.0,65626000.0,1.0,51345136.0,50646000,50646000.0,2.138,126289000.0,0.0,489000.0,0.0,2.494,74510000.0
76,FFIV,MRT,2002-06-30,2002-06-30,2002-06-30,2021-08-05,650000.0,125548000.0,125215250.0,103762000.0,21786000.0,0.861,1.83,-2435000.0,24496000.0,24496000.0,31398000.0,-19693000.0,3.387,0.343,0.0,0.0,0.0,0.0,12737000.0,5837000.0,0.0,0.0,0.0,-11094000.0,-5257000.0,-0.049,-5257000.0,-11094000.0,-11094000.0,-0.4,-0.4,-0.4,93482000.0,95509750.0,93482000.0,216046428.0,-19.0,-41.097,7730000.0,0.151,1.0,76359000.0,0.709,0.0,0.0,70417000.0,71088750.0,332000.0,61848000.0,60416000.0,1432000.0,32066000.0,30635000.0,1431000.0,250449428.0,-26988000.0,0.0,3282000.0,188000.0,0.0,3470000.0,-40624000.0,-38189000.0,10165000.0,166000.0,-19693000.0,-19693000.0,-19693000.0,0.0,0.0,-0.183,89146000.0,-12787000.0,4463000.0,0.0,2.679,-12.718,-12.225,13123000.0,0.0,4.89,2.324,2.318,20278000.0,-35129000.0,107757000.0,107757000.0,17575000.0,-0.157,-0.206,-0.156,-0.103,562000.0,68238000.0,1.0,51216652.0,51074000,51074000.0,2.11,125548000.0,0.0,8599000.0,0.0,2.458,73127000.0
77,FFIV,MRT,2002-03-31,2002-03-31,2002-03-31,2021-08-05,598000.0,126228000.0,127359000.0,103087000.0,23141000.0,0.861,1.913,-2467000.0,34403000.0,34403000.0,34422000.0,-16958000.0,3.623,0.309,0.0,0.0,0.0,0.0,11650000.0,5791000.0,0.0,0.0,0.0,-7876000.0,-2085000.0,-0.019,-2085000.0,-7876000.0,-7876000.0,-0.35,-0.35,-0.35,96403000.0,98913250.0,96403000.0,566157150.0,-72.0,-271.538,6643000.0,0.132,1.0,75271000.0,0.686,0.0,0.0,63373000.0,61502500.0,960000.0,48623000.0,47063000.0,1560000.0,29825000.0,28452000.0,1373000.0,585837150.0,21842000.0,0.0,39539000.0,188000.0,0.0,39727000.0,-26995000.0,-24528000.0,9110000.0,-59000.0,-16958000.0,-16958000.0,-16958000.0,0.0,0.0,-0.155,84876000.0,-9605000.0,4197000.0,0.0,6.077,-34.546,-33.2,14293000.0,0.0,11.62,5.341,5.34,20649000.0,-30783000.0,109693000.0,109693000.0,16930000.0,-0.133,-0.171,-0.128,-0.072,701000.0,67245000.0,1.0,50416278.0,50406000,50406000.0,2.176,126228000.0,0.0,9082000.0,0.0,2.504,74635000.0
78,FFIV,MRT,2001-12-31,2001-12-31,2001-12-31,2021-08-05,439000.0,124422000.0,120822500.0,100878000.0,23544000.0,0.908,1.922,-2919000.0,19680000.0,19680000.0,42492000.0,-23930000.0,3.667,0.301,0.0,0.0,0.0,0.0,11840000.0,5696000.0,0.0,0.0,0.0,-17209000.0,-11513000.0,-0.105,-11513000.0,-17209000.0,-17209000.0,-0.515,-0.515,-0.515,95666000.0,92971000.0,95666000.0,462545865.0,-27.0,-40.176,257000.0,0.005,1.0,67167000.0,0.613,0.0,0.0,77231000.0,54661250.0,2830000.0,60042000.0,58740000.0,1302000.0,28756000.0,27511000.0,1245000.0,538328865.0,7388000.0,0.0,37512000.0,188000.0,0.0,37700000.0,-33488000.0,-30569000.0,3176000.0,-13000.0,-23930000.0,-23930000.0,-23930000.0,0.0,0.0,-0.218,86703000.0,-19536000.0,3607000.0,0.0,5.627,-22.496,-20.913,14876000.0,0.0,10.77,4.909,4.888,20548000.0,-29013000.0,109659000.0,109659000.0,16728000.0,-0.198,-0.257,-0.315,-0.157,2182000.0,67889000.0,1.0,49984110.0,49766000,49766000.0,2.203,124422000.0,0.0,6721000.0,0.0,2.5,73367000.0
79,FFIV,MRT,2001-09-30,2001-09-30,2001-09-30,2021-08-05,573000.0,124663000.0,119063000.0,101898000.0,22765000.0,0.902,2.131,-8084000.0,24321000.0,24321000.0,45505000.0,-30790000.0,3.773,0.292,0.0,0.0,0.0,0.0,11031000.0,5348000.0,0.0,0.0,0.0,-26695000.0,-21347000.0,-0.199,-21347000.0,-26695000.0,-26695000.0,-0.68,-0.68,-0.68,96488000.0,89076750.0,96488000.0,155114404.0,-6.0,-7.266,-19917000.0,-0.44,1.0,61862000.0,0.576,0.0,0.0,73334000.0,44800000.0,2602000.0,51462000.0,51462000.0,0.0,28175000.0,27008000.0,1167000.0,230138404.0,-199000.0,0.0,36155000.0,188000.0,0.0,36343000.0,-24709000.0,-16625000.0,-11833000.0,-16000.0,-30790000.0,-30790000.0,-30790000.0,0.0,0.0,-0.287,90578000.0,-28716000.0,4460000.0,0.0,2.385,-7.474,-6.824,15496000.0,0.0,4.64,2.143,1.957,22628000.0,-26942000.0,107367000.0,107367000.0,17435000.0,-0.259,-0.346,-0.596,-0.249,2625000.0,69543000.0,1.0,49598794.0,45288000,45288000.0,2.371,124663000.0,0.0,4095000.0,0.0,2.753,74890000.0
80,FFIV,MRT,2001-06-30,2001-06-30,2001-06-30,2021-08-05,353000.0,134123000.0,118502250.0,107787000.0,26336000.0,0.991,2.413,-13526000.0,75024000.0,75024000.0,49953000.0,-17868000.0,3.988,0.252,0.0,0.0,0.0,0.0,12203000.0,4527000.0,0.0,0.0,0.0,-21139000.0,-16612000.0,-0.141,-16612000.0,-21139000.0,-21139000.0,-0.405,-0.41,-0.405,107096000.0,86876000.0,107096000.0,352968422.0,-17.0,-21.248,-25183000.0,-0.567,1.0,67495000.0,0.575,0.0,0.0,32072000.0,33647500.0,4164000.0,0.0,0.0,0.0,27027000.0,27027000.0,0.0,389594422.0,-3310000.0,0.0,37950000.0,47000.0,0.0,37997000.0,-29650000.0,-19197000.0,-11657000.0,-299000.0,-17868000.0,-17868000.0,-17868000.0,0.0,0.0,-0.152,90516000.0,-23021000.0,3722000.0,0.0,3.638,-21.804,-21.691,16737000.0,0.0,8.785,3.317,3.32,25168000.0,-15435000.0,117448000.0,117448000.0,19603000.0,-0.151,-0.206,-0.628,-0.18,4729000.0,66842000.0,1.0,44347686.0,44388000,44388000.0,2.646,134123000.0,7454000.0,-3271000.0,0.0,3.022,80760000.0
81,FFIV,MRT,2001-03-31,2001-03-31,2001-03-31,2021-08-05,297000.0,100082000.0,111503000.0,72406000.0,27676000.0,1.055,1.657,-17188000.0,36626000.0,36626000.0,47614000.0,-12412000.0,2.638,0.378,0.0,0.0,0.0,0.0,13628000.0,3851000.0,0.0,0.0,0.0,-15004000.0,-11153000.0,-0.095,-11153000.0,-15004000.0,-15004000.0,-0.28,-0.29,-0.28,72634000.0,80958750.0,72634000.0,74414390.0,-5.0,-6.672,-28829000.0,-0.658,1.0,70054000.0,0.595,0.0,0.0,36008000.0,30908500.0,8845000.0,0.0,0.0,0.0,27448000.0,27448000.0,0.0,116717390.0,-47094000.0,0.0,1107000.0,94000.0,0.0,1201000.0,-36654000.0,-19466000.0,-11641000.0,-214000.0,-12412000.0,-12412000.0,-12412000.0,0.0,0.0,-0.105,87472000.0,-17418000.0,3905000.0,0.0,1.607,-9.404,-9.543,17812000.0,0.0,2.672,0.992,0.995,24644000.0,-13824000.0,117668000.0,117668000.0,18885000.0,-0.111,-0.153,-0.485,-0.128,8185000.0,64327000.0,1.0,43681658.0,43834000,43834000.0,2.684,100082000.0,7297000.0,-2592000.0,0.0,2.283,44958000.0
82,FFIV,MRT,2000-12-31,2000-12-31,2000-12-31,2021-08-05,812000.0,117384000.0,110079750.0,90015000.0,27369000.0,1.037,1.847,-17847000.0,42303000.0,42303000.0,38558000.0,476000.0,2.414,0.466,0.0,0.0,0.0,0.0,14917000.0,3064000.0,0.0,0.0,0.0,144000.0,3208000.0,0.028,3208000.0,144000.0,144000.0,0.02,0.0,0.02,80089000.0,81660000.0,80089000.0,146919783.0,1020.0,45.798,-22656000.0,-0.523,1.0,75647000.0,0.662,0.0,0.0,37786000.0,24690250.0,16625000.0,0.0,0.0,0.0,37295000.0,37295000.0,0.0,206118783.0,-46147000.0,0.0,1152000.0,281000.0,0.0,1433000.0,-42771000.0,-24924000.0,-4809000.0,-234000.0,476000.0,476000.0,476000.0,0.0,0.0,0.004,77864000.0,-2217000.0,14006000.0,0.0,2.574,433.023,237.5,18080000.0,0.0,4.75,1.805,1.803,30369000.0,-5082000.0,114205000.0,114205000.0,17097000.0,0.004,0.006,0.006,0.001,7060000.0,57536000.0,1.0,43393428.0,43354000,43354000.0,2.634,117384000.0,5643000.0,-332000.0,0.0,2.708,52720000.0
83,FFIV,MRT,2000-09-30,2000-09-30,2000-09-30,2021-08-05,-52000.0,122420000.0,102028750.0,100815000.0,21605000.0,1.065,2.074,-13334000.0,59199000.0,59199000.0,32571000.0,13650000.0,2.922,0.396,0.0,0.0,0.0,0.0,16199000.0,2335000.0,0.0,0.0,0.0,15755000.0,18090000.0,0.167,18090000.0,15755000.0,15755000.0,0.325,0.295,0.325,87685000.0,79227500.0,87685000.0,669126240.0,42.0,36.989,-3486000.0,-0.082,1.0,76074000.0,0.7,0.0,0.0,28724000.0,17075500.0,5231000.0,0.0,0.0,0.0,34735000.0,34497000.0,238000.0,731437240.0,1223000.0,0.0,34803000.0,281000.0,0.0,35084000.0,-43709000.0,-30375000.0,9848000.0,-187000.0,13650000.0,13650000.0,13650000.0,0.0,0.0,0.126,63222000.0,12852000.0,10561000.0,0.0,8.342,53.585,52.308,13524000.0,0.0,17.0,6.732,6.615,37768000.0,3848000.0,108645000.0,108645000.0,14478000.0,0.134,0.172,0.923,0.145,7027000.0,46617000.0,1.0,43025720.0,42274000,46132000.0,2.57,122420000.0,3398000.0,2105000.0,0.0,2.896,66318000.0
84,FFIV,MRT,2000-06-30,2000-06-30,2000-06-30,2021-08-05,-208000.0,106126000.0,82135250.0,95373000.0,10753000.0,1.044,1.953,-8902000.0,62311000.0,62311000.0,23937000.0,14568000.0,4.202,0.272,0.0,0.0,0.0,0.0,12185000.0,1761000.0,0.0,0.0,0.0,15876000.0,17637000.0,0.206,17637000.0,15876000.0,15876000.0,0.525,0.495,0.525,83427000.0,65299500.0,83427000.0,1098196317.0,69.0,62.267,533000.0,0.012,1.0,61824000.0,0.721,0.0,0.0,21116000.0,10935250.0,1630000.0,0.0,0.0,0.0,22699000.0,22699000.0,0.0,1162500317.0,29205000.0,0.0,34524000.0,234000.0,0.0,34758000.0,-14988000.0,-3013000.0,9435000.0,72000.0,14568000.0,14568000.0,14568000.0,0.0,0.0,0.17,48710000.0,13114000.0,4664000.0,0.0,13.934,79.798,51.962,9211000.0,0.0,27.28,13.555,13.585,26396000.0,2432000.0,85761000.0,85761000.0,10240000.0,0.177,0.223,1.452,0.185,5404000.0,36333000.0,1.0,42613648.0,42708000,46008000.0,2.008,106126000.0,2482000.0,1308000.0,0.0,2.485,72674000.0
85,FFIV,MRT,2000-03-31,2000-03-31,2000-03-31,2021-08-05,77000.0,94389000.0,64725250.0,88821000.0,5568000.0,0.991,1.779,-5199000.0,64304000.0,64304000.0,17699000.0,9204000.0,4.687,0.251,0.0,0.0,0.0,0.0,9903000.0,1208000.0,0.0,0.0,0.0,9204000.0,10412000.0,0.162,10412000.0,9204000.0,9204000.0,0.36,0.335,0.36,75439000.0,51669000.0,75439000.0,1369453540.0,149.0,131.526,2163000.0,0.051,1.0,46446000.0,0.724,0.0,0.0,11135000.0,6134750.0,1566000.0,0.0,0.0,0.0,18950000.0,18950000.0,0.0,1432485540.0,58773000.0,0.0,59502000.0,187000.0,0.0,59689000.0,-8278000.0,-3079000.0,7362000.0,-8000.0,9204000.0,9204000.0,9204000.0,0.0,0.0,0.143,39246000.0,7200000.0,4792000.0,0.0,18.989,155.637,94.097,5273000.0,0.0,33.875,22.332,22.389,20584000.0,-1413000.0,64145000.0,64145000.0,8284000.0,0.142,0.178,1.5,0.143,2462000.0,28500000.0,1.0,42287396.0,42396000,46210000.0,1.513,94389000.0,0.0,0.0,0.0,2.226,69871000.0
86,FFIV,MRT,1999-12-31,1999-12-31,1999-12-31,2021-08-05,52000.0,85180000.0,43257000.0,81083000.0,4097000.0,1.024,1.722,-3609000.0,63032000.0,63032000.0,12063000.0,2095000.0,5.471,0.211,0.0,0.0,0.0,0.0,7641000.0,812000.0,0.0,0.0,0.0,2095000.0,2907000.0,0.066,2907000.0,2095000.0,2095000.0,0.035,0.02,0.035,70359000.0,31889000.0,70359000.0,2366643720.0,1130.0,814.119,-1038000.0,-0.025,1.0,32240000.0,0.728,0.0,0.0,7327000.0,3723250.0,915000.0,0.0,0.0,0.0,14821000.0,14821000.0,0.0,2394453720.0,55533000.0,0.0,59620000.0,0.0,0.0,59620000.0,-6658000.0,-3049000.0,2571000.0,-8000.0,2095000.0,2095000.0,2095000.0,0.0,0.0,0.047,31362000.0,878000.0,3510000.0,0.0,34.032,1142.937,1628.571,3803000.0,0.0,57.0,54.047,52.563,15215000.0,-5559000.0,44303000.0,44303000.0,6847000.0,0.048,0.066,0.563,0.047,2662000.0,21853000.0,1.0,42007960.0,40854000,46122000.0,1.084,85180000.0,0.0,0.0,0.0,2.085,66262000.0
87,FFIV,MRT,1999-09-30,1999-09-30,1999-09-30,2021-08-05,-3000.0,42846000.0,26139000.0,36749000.0,6097000.0,1.065,1.561,-2631000.0,27810000.0,27810000.0,7200000.0,-4344000.0,3.38,0.34,0.0,0.0,0.0,0.0,4365000.0,573000.0,0.0,0.0,0.0,-4344000.0,-3771000.0,-0.136,-3771000.0,-4344000.0,-4344000.0,-0.21,-0.21,-0.21,31973000.0,15946500.0,31973000.0,1225031756.0,-282.0,-324.856,-4620000.0,-0.226,1.0,20625000.0,0.741,0.0,0.0,4163000.0,2782500.0,618000.0,0.0,0.0,0.0,10873000.0,10873000.0,0.0,1251979756.0,18592000.0,0.0,26225000.0,0.0,0.0,26225000.0,-5644000.0,-3013000.0,-1989000.0,-1000.0,-4344000.0,-4344000.0,-4344000.0,0.0,0.0,-0.156,25503000.0,-4878000.0,2700000.0,0.0,39.157,-288.209,-161.905,2834000.0,0.0,34.0,44.995,25.02,9603000.0,-9802000.0,27825000.0,27825000.0,5642000.0,-0.166,-0.272,-1.561,-0.156,2487000.0,17374000.0,1.0,36822934.0,20476000,20476000.0,1.359,42846000.0,0.0,0.0,0.0,2.092,25876000.0
88,FFIV,MRT,1999-06-30,1999-06-30,1999-06-30,2021-08-05,0.0,36486000.0,,34355000.0,2131000.0,,1.424,-1692000.0,26948000.0,26948000.0,4601000.0,-8053000.0,4.532,0.262,0.0,0.0,0.0,0.0,2462000.0,474000.0,0.0,0.0,0.0,-8074000.0,-7600000.0,-0.476,-7600000.0,-8074000.0,-8053000.0,-0.595,-0.595,-0.595,28905000.0,,28905000.0,730524229.0,-90.0,-96.122,-7404000.0,-0.365,1.0,11369000.0,0.712,43000.0,-21000.0,1914000.0,,710000.0,0.0,0.0,0.0,7581000.0,7581000.0,0.0,732976229.0,26199000.0,0.0,26184000.0,-269000.0,0.0,33603000.0,-1692000.0,10000.0,-5712000.0,0.0,-8053000.0,-8053000.0,-8053000.0,0.0,0.0,-0.504,19625000.0,-8256000.0,3540000.0,0.0,25.358,-91.019,-34.454,1925000.0,0.0,20.5,45.897,26.056,5108000.0,-12136000.0,15970000.0,15970000.0,4562000.0,,,,-0.506,2012000.0,13051000.0,1.0,35754938.0,20298000,20298000.0,0.787,36443000.0,0.0,0.0,0.0,1.795,26774000.0
89,FFIV,MRT,1999-03-31,1999-03-28,1999-03-28,2021-08-05,0.0,8516000.0,,7070000.0,1446000.0,,-0.281,-1117000.0,2460000.0,2460000.0,2975000.0,-7786000.0,1.568,-1.225,8000.0,8000.0,0.0,8000.0,1568000.0,350000.0,0.0,,0.0,-7805000.0,-7455000.0,-0.784,-7455000.0,-7805000.0,-7786000.0,-0.625,-0.625,-0.625,-3681000.0,,-3681000.0,,,,-5627000.0,-0.429,1.0,6534000.0,0.687,66000.0,-19000.0,1489000.0,,398000.0,0.0,0.0,0.0,4509000.0,4509000.0,0.0,,-3681000.0,0.0,470000.0,241000.0,0.0,1946000.0,-1117000.0,0.0,-4510000.0,0.0,-7786000.0,-7786000.0,-7786000.0,0.0,0.0,-0.819,14424000.0,-7890000.0,1458000.0,0.0,,,,1219000.0,0.0,,,,2629000.0,-10617000.0,9509000.0,9509000.0,3621000.0,,,,-0.821,1129000.0,9436000.0,1.0,35754938.0,13110000,13110000.0,0.725,8450000.0,0.0,0.0,0.0,0.645,2561000.0
90,FFIV,MRT,1998-12-31,1998-12-31,1998-12-31,2021-08-05,,,,,,,,,,,,,,,,,,,,,,,0.0,,,,,,,,,,,,,,,,,,1.0,,,,,,,,,,,,,,,,,,,,,,,,,,,,,,,,,,,,,,,,,,,,,,,,,,,,,,1.0,,12094000,,,,,,,,
91,FFIV,MRT,1998-09-30,1998-09-28,1998-09-28,2021-08-05,0.0,9432000.0,5175500.0,8587000.0,845000.0,0.945,-0.007,-731000.0,6206000.0,6206000.0,1405000.0,-3672000.0,4.708,-118.9,0.0,0.0,0.0,0.0,788000.0,323000.0,0.0,,0.0,-3672000.0,-3349000.0,-0.685,-3349000.0,-3672000.0,-3672000.0,-0.3,-0.3,-0.3,-80000.0,-155500.0,-80000.0,,,,-4285000.0,-0.352,1.0,3484000.0,0.713,0.0,0.0,1402000.0,963500.0,99000.0,0.0,0.0,0.0,9512000.0,1824000.0,7688000.0,,6063000.0,0.0,-39000.0,-19000.0,0.0,10358000.0,-741000.0,0.0,-3554000.0,0.0,-3672000.0,-3672000.0,-3672000.0,0.0,0.0,-0.751,7152000.0,-3668000.0,559000.0,0.0,,,,682000.0,0.0,,,,2032000.0,-5458000.0,4889000.0,4889000.0,1810000.0,-0.709,23.614,-3.811,-0.751,420000.0,4922000.0,1.0,,12172000,12172000.0,0.402,9432000.0,0.0,0.0,0.0,0.775,6763000.0
92,FFIV,MRT,1998-06-30,1998-06-30,1998-06-30,2021-08-05,,,,,,,,,,,,,,,,,,,,,,,0.0,,,,,,,,,,,,,,,,,,1.0,,,,,,,,,,,,,,,,,,,,,,,,,,,,,,,,,,,,,,,,,,,,,,,,,,,,,,1.0,,11784000,,,,,,,,
93,FFIV,MRT,1997-09-30,1997-09-28,1997-09-28,2021-08-05,0.0,919000.0,,617000.0,302000.0,,-0.019,-98000.0,143000.0,143000.0,71000.0,-1456000.0,0.661,-4.978,735000.0,519000.0,216000.0,735000.0,184000.0,59000.0,0.0,,0.0,-1428000.0,-1369000.0,-5.978,-1369000.0,-1428000.0,-1456000.0,-0.12,-0.12,-0.12,-231000.0,,-231000.0,,,,-1577000.0,-0.131,1.0,158000.0,0.69,52000.0,28000.0,525000.0,,77000.0,0.0,0.0,0.0,1150000.0,934000.0,216000.0,,-481000.0,0.0,0.0,786000.0,0.0,1096000.0,-98000.0,0.0,-1479000.0,0.0,-1456000.0,-1456000.0,-1456000.0,0.0,0.0,-6.358,1586000.0,-1428000.0,117000.0,0.0,,,,196000.0,0.0,,,,329000.0,-1786000.0,229000.0,229000.0,569000.0,,,,-6.236,69000.0,948000.0,1.0,,12000000,12000000.0,0.019,867000.0,0.0,0.0,0.0,0.072,-317000.0
