None,ticker,dimension,calendardate,datekey,reportperiod,lastupdated,accoci,assets,assetsavg,assetsc,assetsnc,assetturnover,bvps,capex,cashneq,cashnequsd,cor,consolinc,currentratio,de,debt,debtc,debtnc,debtusd,deferredrev,depamor,deposits,divyield,dps,ebit,ebitda,ebitdamargin,ebitdausd,ebitusd,ebt,eps,epsdil,epsusd,equity,equityavg,equityusd,ev,evebit,evebitda,fcf,fcfps,fxusd,gp,grossmargin,intangibles,intexp,invcap,invcapavg,inventory,investments,investmentsc,investmentsnc,liabilities,liabilitiesc,liabilitiesnc,marketcap,ncf,ncfbus,ncfcommon,ncfdebt,ncfdiv,ncff,ncfi,ncfinv,ncfo,ncfx,netinc,netinccmn,netinccmnusd,netincdis,netincnci,netmargin,opex,opinc,payables,payoutratio,pb,pe,pe1,ppnenet,prefdivis,price,ps,ps1,receivables,retearn,revenue,revenueusd,rnd,roa,roe,roic,ros,sbcomp,sgna,sharefactor,sharesbas,shareswa,shareswadil,sps,tangibles,taxassets,taxexp,taxliabilities,tbvps,workingcapital
0,PG,MRY,2021-12-31,2021-06-30,2021-06-30,2021-10-19,-13744000000.0,119307000000.0,119024000000.0,23091000000.0,96216000000.0,0.64,19.056,-2787000000.0,10288000000.0,10288000000.0,37108000000.0,14352000000.0,0.697,1.557,31988000000.0,8889000000.0,23099000000.0,31988000000.0,0.0,2735000000.0,0.0,0.024,3.242,18071000000.0,20806000000.0,0.273,20806000000.0,18071000000.0,17569000000.0,5.69,5.5,5.69,46654000000.0,47672250000.0,46654000000.0,350159049815.0,19.0,16.83,15584000000.0,6.365,1.0,39010000000.0,0.512,64566000000.0,502000000.0,43309000000.0,42418250000.0,5983000000.0,0.0,0.0,0.0,72653000000.0,33132000000.0,39521000000.0,330340049815.0,-5893000000.0,-34000000.0,-9365000000.0,-3903000000.0,-8263000000.0,-21531000000.0,-2834000000.0,-55000000.0,18371000000.0,101000000.0,14306000000.0,14306000000.0,14306000000.0,0.0,46000000.0,0.188,21024000000.0,17986000000.0,13720000000.0,0.57,7.081,23.091,23.714,21686000000.0,0.0,134.93,4.34,4.34,4725000000.0,106374000000.0,76118000000.0,76118000000.0,0.0,0.12,0.3,0.426,0.237,540000000.0,21024000000.0,1.0,2448232786.0,2448232786.0,,31.091,54741000000.0,0.0,3263000000.0,6153000000.0,22.359,-10041000000.0
1,PG,MRY,2020-12-31,2020-06-30,2020-06-30,2021-10-19,-16165000000.0,120700000000.0,116260250000.0,27987000000.0,92713000000.0,0.61,18.936,-3073000000.0,16181000000.0,16181000000.0,35250000000.0,13103000000.0,0.849,1.575,34720000000.0,11183000000.0,23537000000.0,34720000000.0,0.0,3013000000.0,0.0,0.025,3.029,16223000000.0,19236000000.0,0.271,19236000000.0,16223000000.0,15758000000.0,5.13,4.96,5.13,46878000000.0,46427750000.0,46878000000.0,316630587236.0,20.0,16.46,14330000000.0,5.788,1.0,35700000000.0,0.503,63693000000.0,465000000.0,42570000000.0,41312000000.0,5498000000.0,0.0,0.0,0.0,73822000000.0,32976000000.0,40846000000.0,296012587236.0,11942000000.0,-58000000.0,-5427000000.0,4849000000.0,-7789000000.0,-8367000000.0,3045000000.0,6146000000.0,17403000000.0,-139000000.0,13027000000.0,13027000000.0,13027000000.0,0.0,76000000.0,0.184,19994000000.0,15706000000.0,12071000000.0,0.59,6.315,22.723,23.308,20692000000.0,0.0,119.57,4.172,4.172,4178000000.0,100239000000.0,70950000000.0,70950000000.0,0.0,0.112,0.281,0.393,0.229,558000000.0,19994000000.0,1.0,2475642613.0,2475642613.0,,28.659,57007000000.0,0.0,2731000000.0,6199000000.0,23.027,-4989000000.0
2,PG,MRY,2019-12-31,2019-06-30,2019-06-30,2021-10-19,-14936000000.0,115095000000.0,119723750000.0,22473000000.0,92622000000.0,0.565,18.968,-3347000000.0,4239000000.0,4239000000.0,34768000000.0,3966000000.0,0.749,1.419,30092000000.0,9697000000.0,20395000000.0,30092000000.0,0.0,2824000000.0,0.0,0.026,2.897,6509000000.0,9333000000.0,0.138,9333000000.0,6509000000.0,6000000000.0,1.45,1.43,1.45,47579000000.0,52519500000.0,47579000000.0,302570358623.0,46.0,32.419,11895000000.0,4.742,1.0,32916000000.0,0.486,64488000000.0,509000000.0,46449000000.0,48251250000.0,5017000000.0,6048000000.0,6048000000.0,0.0,67516000000.0,30011000000.0,37505000000.0,275038358623.0,1670000000.0,-3945000000.0,-1679000000.0,-817000000.0,-7498000000.0,-9994000000.0,-3490000000.0,3408000000.0,15242000000.0,-88000000.0,3897000000.0,3897000000.0,3897000000.0,0.0,69000000.0,0.058,27429000000.0,5487000000.0,11260000000.0,1.998,5.781,70.577,75.621,21271000000.0,0.0,109.65,4.064,4.064,4951000000.0,94918000000.0,67684000000.0,67684000000.0,0.0,0.033,0.074,0.135,0.096,515000000.0,19084000000.0,1.0,2508329764.0,2508329764.0,,26.984,50607000000.0,0.0,2103000000.0,6899000000.0,20.176,-7538000000.0
3,PG,MRY,2018-12-31,2018-06-30,2018-06-30,2021-10-19,-14749000000.0,118310000000.0,123043500000.0,23320000000.0,94990000000.0,0.543,21.03,-3717000000.0,2569000000.0,2569000000.0,34432000000.0,9861000000.0,0.826,1.237,31286000000.0,10423000000.0,20863000000.0,31286000000.0,0.0,2834000000.0,0.0,0.036,2.787,13721000000.0,16555000000.0,0.248,16555000000.0,13721000000.0,13215000000.0,3.75,3.67,3.75,52883000000.0,54491250000.0,52883000000.0,226262635097.0,16.0,13.667,11150000000.0,4.434,1.0,32400000000.0,0.485,69077000000.0,506000000.0,49713000000.0,52224000000.0,4738000000.0,9281000000.0,9281000000.0,0.0,65427000000.0,28237000000.0,37190000000.0,196289635097.0,-3000000000.0,-109000000.0,-5827000000.0,-1238000000.0,-7310000000.0,-14375000000.0,-3511000000.0,46000000.0,14867000000.0,19000000.0,9750000000.0,9750000000.0,9750000000.0,0.0,111000000.0,0.146,19037000000.0,13363000000.0,10344000000.0,0.743,3.712,20.132,20.816,20600000000.0,0.0,78.06,2.937,2.937,4686000000.0,98641000000.0,66832000000.0,66832000000.0,0.0,0.079,0.179,0.263,0.205,395000000.0,19037000000.0,1.0,2514599476.0,2514599476.0,,26.578,49233000000.0,0.0,3465000000.0,6163000000.0,19.579,-4917000000.0
4,PG,MRY,2017-12-31,2017-06-30,2017-06-30,2021-10-19,-14632000000.0,120406000000.0,121143250000.0,26494000000.0,93912000000.0,0.537,21.809,-3384000000.0,5569000000.0,5569000000.0,32638000000.0,15411000000.0,0.877,1.159,31592000000.0,13554000000.0,18038000000.0,31592000000.0,0.0,2820000000.0,0.0,0.031,2.698,18854000000.0,21674000000.0,0.333,21674000000.0,18854000000.0,18389000000.0,5.8,5.59,5.8,55778000000.0,55755250000.0,55778000000.0,247493093914.0,13.0,11.419,9369000000.0,3.663,1.0,32420000000.0,0.498,68886000000.0,465000000.0,47333000000.0,46643250000.0,4624000000.0,9568000000.0,9568000000.0,0.0,64628000000.0,30210000000.0,34418000000.0,222896093914.0,-2529000000.0,-491000000.0,-2731000000.0,1399000000.0,-7236000000.0,-8568000000.0,-6685000000.0,-3381000000.0,12753000000.0,-29000000.0,15326000000.0,15326000000.0,15326000000.0,-5217000000.0,85000000.0,0.236,18654000000.0,13766000000.0,9632000000.0,0.465,3.996,14.544,15.026,19893000000.0,0.0,87.15,3.426,3.426,4594000000.0,96124000000.0,65058000000.0,65058000000.0,0.0,0.127,0.275,0.404,0.29,351000000.0,18654000000.0,1.0,2557614388.0,2557614388.0,,25.437,51520000000.0,0.0,3063000000.0,8126000000.0,20.144,-3716000000.0
5,PG,MRY,2016-12-31,2016-06-30,2016-06-30,2021-10-19,-15907000000.0,127136000000.0,128263000000.0,33782000000.0,93354000000.0,0.509,21.783,-3314000000.0,7102000000.0,7102000000.0,32909000000.0,10604000000.0,1.098,1.193,30598000000.0,11653000000.0,18945000000.0,30598000000.0,0.0,3078000000.0,0.0,0.031,2.658,14429000000.0,17507000000.0,0.268,17507000000.0,14429000000.0,13850000000.0,3.8,3.69,3.8,57983000000.0,60773000000.0,57983000000.0,250298997410.0,17.0,14.297,12121000000.0,4.554,1.0,32390000000.0,0.496,68877000000.0,579000000.0,50985000000.0,51115500000.0,4716000000.0,6246000000.0,6246000000.0,0.0,69153000000.0,30770000000.0,38383000000.0,225378997410.0,266000000.0,-1325000000.0,-1332000000.0,1285000000.0,-7436000000.0,-9213000000.0,-5575000000.0,-1368000000.0,15435000000.0,-381000000.0,10508000000.0,10508000000.0,10508000000.0,-577000000.0,96000000.0,0.161,18949000000.0,13441000000.0,9325000000.0,0.699,3.887,21.448,22.282,19385000000.0,0.0,84.67,3.451,3.451,4373000000.0,87953000000.0,65299000000.0,65299000000.0,0.0,0.082,0.173,0.282,0.221,335000000.0,18949000000.0,1.0,2661851865.0,2661851865.0,,24.531,58259000000.0,1507000000.0,3342000000.0,9113000000.0,21.887,3012000000.0
6,PG,MRY,2015-12-31,2015-06-30,2015-06-30,2021-10-19,-12780000000.0,129495000000.0,133719500000.0,29646000000.0,99849000000.0,0.529,23.24,-3736000000.0,6836000000.0,6836000000.0,37056000000.0,7144000000.0,0.995,1.054,30345000000.0,12018000000.0,18327000000.0,30345000000.0,0.0,3134000000.0,0.0,0.033,2.595,10387000000.0,13521000000.0,0.191,13521000000.0,10387000000.0,9761000000.0,2.5,2.44,2.5,63050000000.0,64517750000.0,63050000000.0,236329774962.0,23.0,17.479,10872000000.0,4.007,1.0,33693000000.0,0.476,69632000000.0,626000000.0,53582000000.0,51286000000.0,4979000000.0,4767000000.0,4767000000.0,0.0,66445000000.0,29790000000.0,36655000000.0,212264774962.0,-1712000000.0,-1045000000.0,-1778000000.0,-3954000000.0,-7287000000.0,-13019000000.0,-2890000000.0,-2607000000.0,14608000000.0,-411000000.0,7036000000.0,7036000000.0,7036000000.0,1143000000.0,108000000.0,0.099,22644000000.0,11049000000.0,8138000000.0,1.038,3.367,30.168,31.296,19655000000.0,0.0,78.24,3.0,3.0,4568000000.0,84807000000.0,70749000000.0,70749000000.0,0.0,0.053,0.109,0.203,0.147,337000000.0,20616000000.0,1.0,2712995590.0,2712995590.0,,26.078,59863000000.0,1356000000.0,2725000000.0,9179000000.0,22.065,-144000000.0
7,PG,MRY,2014-12-31,2014-06-30,2014-06-30,2021-10-19,-7662000000.0,144266000000.0,142878750000.0,31617000000.0,112649000000.0,0.521,25.86,-3848000000.0,8558000000.0,8558000000.0,39030000000.0,11785000000.0,0.937,1.062,35417000000.0,15606000000.0,19811000000.0,35417000000.0,0.0,3141000000.0,0.0,0.031,2.448,15203000000.0,18344000000.0,0.247,18344000000.0,15203000000.0,14494000000.0,4.19,4.01,4.19,69976000000.0,69742750000.0,69976000000.0,240844418091.0,16.0,13.129,10110000000.0,3.736,1.0,35371000000.0,0.475,84547000000.0,709000000.0,52852000000.0,51637500000.0,6759000000.0,2128000000.0,2128000000.0,0.0,74290000000.0,33726000000.0,40564000000.0,212661418091.0,2618000000.0,-24000000.0,-3911000000.0,3543000000.0,-6911000000.0,-7279000000.0,-4100000000.0,-805000000.0,13958000000.0,39000000.0,11643000000.0,11643000000.0,11643000000.0,-1127000000.0,142000000.0,0.156,21461000000.0,13910000000.0,8461000000.0,0.584,3.039,18.265,18.757,22304000000.0,0.0,78.59,2.858,2.858,6386000000.0,84990000000.0,74401000000.0,74401000000.0,0.0,0.081,0.167,0.294,0.204,360000000.0,21461000000.0,1.0,2705960276.0,2705960276.0,,27.495,59719000000.0,1092000000.0,2851000000.0,10218000000.0,22.069,-2109000000.0
8,PG,MRY,2013-12-31,2013-06-30,2013-06-30,2021-10-19,-7499000000.0,139263000000.0,138546250000.0,23990000000.0,115273000000.0,0.578,25.069,-4008000000.0,5947000000.0,5947000000.0,39991000000.0,11402000000.0,0.799,1.027,31543000000.0,12432000000.0,19111000000.0,31543000000.0,0.0,2982000000.0,0.0,0.03,2.288,15205000000.0,18187000000.0,0.227,18187000000.0,15205000000.0,14538000000.0,4.04,3.86,4.04,68709000000.0,67233250000.0,68709000000.0,237359139370.0,16.0,13.051,10865000000.0,3.964,1.0,40125000000.0,0.501,86760000000.0,667000000.0,48062000000.0,51003500000.0,6909000000.0,0.0,0.0,0.0,70554000000.0,30037000000.0,40517000000.0,211012139370.0,1511000000.0,-1145000000.0,-2537000000.0,1985000000.0,-6519000000.0,-7071000000.0,-6295000000.0,-1726000000.0,14873000000.0,4000000.0,11312000000.0,11312000000.0,11312000000.0,-449000000.0,90000000.0,0.141,26308000000.0,13817000000.0,8777000000.0,0.566,3.071,18.654,19.057,21666000000.0,0.0,76.99,2.634,2.634,6508000000.0,80197000000.0,80116000000.0,80116000000.0,0.0,0.082,0.168,0.298,0.19,346000000.0,26000000000.0,1.0,2740773339.0,2740773339.0,,29.231,52503000000.0,948000000.0,3226000000.0,10827000000.0,19.156,-6047000000.0
9,PG,MRY,2012-12-31,2012-06-30,2012-06-30,2021-10-19,-9333000000.0,132244000000.0,134444250000.0,21910000000.0,110334000000.0,0.61,23.37,-3964000000.0,4436000000.0,4436000000.0,41411000000.0,10904000000.0,0.88,1.065,29778000000.0,8698000000.0,21080000000.0,29778000000.0,0.0,3204000000.0,0.0,0.035,2.137,14903000000.0,18107000000.0,0.221,18107000000.0,14903000000.0,14134000000.0,3.82,3.66,3.82,64035000000.0,65119500000.0,64035000000.0,196952490295.0,13.0,10.877,9320000000.0,3.401,1.0,40595000000.0,0.495,84761000000.0,769000000.0,47918000000.0,49329250000.0,6721000000.0,0.0,0.0,0.0,68209000000.0,24907000000.0,43302000000.0,167831490295.0,1668000000.0,-134000000.0,-2295000000.0,-1976000000.0,-6139000000.0,-10410000000.0,-1093000000.0,112000000.0,13284000000.0,-113000000.0,10756000000.0,10756000000.0,10756000000.0,-1754000000.0,148000000.0,0.131,27560000000.0,13035000000.0,7920000000.0,0.559,2.621,15.604,16.034,20377000000.0,0.0,61.25,2.047,2.047,6068000000.0,75349000000.0,82006000000.0,82006000000.0,0.0,0.08,0.165,0.302,0.182,377000000.0,25984000000.0,1.0,2740105964.0,2740105964.0,,29.928,47483000000.0,1001000000.0,3378000000.0,10132000000.0,17.329,-2997000000.0
10,PG,MRY,2011-12-31,2011-06-30,2011-06-30,2021-10-19,-2054000000.0,138354000000.0,135714250000.0,21970000000.0,116384000000.0,0.598,24.362,-3306000000.0,2768000000.0,2768000000.0,39859000000.0,11927000000.0,0.805,1.035,32014000000.0,9981000000.0,22033000000.0,32014000000.0,0.0,2838000000.0,0.0,0.031,1.97,15927000000.0,18765000000.0,0.231,18765000000.0,15927000000.0,15096000000.0,4.12,3.93,4.12,68001000000.0,65836750000.0,68001000000.0,205916552460.0,13.0,10.973,10024000000.0,3.591,1.0,41245000000.0,0.509,90182000000.0,831000000.0,50125000000.0,48866500000.0,7379000000.0,0.0,0.0,0.0,70353000000.0,27293000000.0,43060000000.0,177442552460.0,-111000000.0,-474000000.0,-5836000000.0,1481000000.0,-5767000000.0,-10122000000.0,-3482000000.0,73000000.0,13330000000.0,163000000.0,11797000000.0,11797000000.0,11797000000.0,-229000000.0,130000000.0,0.145,25750000000.0,15495000000.0,8022000000.0,0.478,2.609,15.041,15.43,21293000000.0,0.0,63.57,2.188,2.188,6275000000.0,70682000000.0,81104000000.0,81104000000.0,0.0,0.087,0.179,0.326,0.196,414000000.0,25750000000.0,1.0,2791293888.0,2791293888.0,,29.056,48172000000.0,1140000000.0,3299000000.0,11070000000.0,17.258,-5323000000.0
11,PG,MRY,2010-12-31,2010-06-30,2010-06-30,2021-10-19,-7822000000.0,128172000000.0,133708000000.0,18782000000.0,109390000000.0,0.58,21.334,-3067000000.0,2879000000.0,2879000000.0,37042000000.0,12846000000.0,0.773,1.086,29832000000.0,8472000000.0,21360000000.0,29832000000.0,0.0,3108000000.0,0.0,0.03,1.802,17699000000.0,20807000000.0,0.268,20807000000.0,17699000000.0,16753000000.0,4.32,4.11,4.32,61439000000.0,66046500000.0,61439000000.0,197813655475.0,11.0,9.507,13064000000.0,4.536,1.0,40525000000.0,0.522,85648000000.0,946000000.0,45195000000.0,47333000000.0,6384000000.0,0.0,0.0,0.0,66733000000.0,24282000000.0,42451000000.0,172736655475.0,-1902000000.0,-425000000.0,-5342000000.0,-6514000000.0,-5458000000.0,-17314000000.0,-597000000.0,-173000000.0,16131000000.0,-122000000.0,12736000000.0,12736000000.0,12736000000.0,-1995000000.0,110000000.0,0.164,24793000000.0,15732000000.0,7251000000.0,0.417,2.812,13.563,13.884,19244000000.0,0.0,59.98,2.227,2.227,5335000000.0,64614000000.0,77567000000.0,77567000000.0,0.0,0.095,0.193,0.374,0.228,453000000.0,24793000000.0,1.0,2879904226.0,2879904226.0,,26.934,42524000000.0,990000000.0,4017000000.0,10902000000.0,14.766,-5500000000.0
12,PG,MRY,2009-12-31,2009-06-30,2009-06-30,2021-10-19,-3358000000.0,134833000000.0,136542500000.0,21905000000.0,112928000000.0,0.562,21.746,-3238000000.0,4781000000.0,4781000000.0,38690000000.0,13436000000.0,0.709,1.127,36972000000.0,16320000000.0,20652000000.0,36972000000.0,0.0,3082000000.0,0.0,0.032,1.64,18527000000.0,21609000000.0,0.282,21609000000.0,18527000000.0,17169000000.0,4.49,4.26,4.49,63382000000.0,62782750000.0,63382000000.0,183325261469.0,10.0,8.484,11681000000.0,4.008,1.0,38004000000.0,0.496,89118000000.0,1358000000.0,47005000000.0,46890500000.0,6880000000.0,0.0,0.0,0.0,71451000000.0,30901000000.0,40550000000.0,148941261469.0,1468000000.0,-368000000.0,-5689000000.0,-81000000.0,-5044000000.0,-10814000000.0,-2353000000.0,166000000.0,14919000000.0,-284000000.0,13436000000.0,13436000000.0,13436000000.0,-2756000000.0,0.0,0.175,22630000000.0,15374000000.0,5980000000.0,0.365,2.35,11.085,11.381,19462000000.0,0.0,51.1,1.942,1.942,5836000000.0,57309000000.0,76694000000.0,76694000000.0,0.0,0.098,0.214,0.395,0.242,516000000.0,22630000000.0,1.0,2914701790.0,2914701790.0,,26.313,45715000000.0,1209000000.0,3733000000.0,10752000000.0,15.684,-8996000000.0
13,PG,MRY,2008-12-31,2008-06-30,2008-06-30,2021-10-19,3746000000.0,143992000000.0,143875250000.0,24515000000.0,119477000000.0,0.551,22.763,-3046000000.0,3313000000.0,3313000000.0,39261000000.0,12075000000.0,0.792,1.072,36665000000.0,13084000000.0,23581000000.0,36665000000.0,0.0,3166000000.0,0.0,0.024,1.45,17136000000.0,20302000000.0,0.256,20302000000.0,17136000000.0,15669000000.0,3.86,3.64,3.86,69494000000.0,68721250000.0,69494000000.0,218875025938.0,13.0,10.781,11962000000.0,3.918,1.0,39996000000.0,0.505,94000000000.0,1467000000.0,52386000000.0,52123000000.0,8416000000.0,0.0,0.0,0.0,74498000000.0,30958000000.0,43540000000.0,185652025938.0,-2041000000.0,-381000000.0,-8180000000.0,-2009000000.0,-4655000000.0,-14844000000.0,-2549000000.0,-50000000.0,15008000000.0,344000000.0,12075000000.0,12075000000.0,12075000000.0,-784000000.0,0.0,0.152,24017000000.0,15979000000.0,6775000000.0,0.376,2.671,15.375,15.754,20640000000.0,0.0,60.81,2.342,2.342,6761000000.0,48986000000.0,79257000000.0,79257000000.0,0.0,0.084,0.176,0.329,0.216,555000000.0,24017000000.0,1.0,3052985133.0,3052985133.0,,25.96,49992000000.0,2012000000.0,3594000000.0,11805000000.0,16.375,-6443000000.0
14,PG,MRY,2007-12-31,2007-06-30,2007-06-30,2021-10-19,617000000.0,138014000000.0,137014500000.0,24031000000.0,113983000000.0,0.546,21.201,-2945000000.0,5354000000.0,5354000000.0,35659000000.0,10340000000.0,0.782,1.067,35414000000.0,12039000000.0,23375000000.0,35414000000.0,0.0,3130000000.0,0.0,0.021,1.28,15845000000.0,18975000000.0,0.254,18975000000.0,15845000000.0,14541000000.0,3.22,3.04,3.22,66760000000.0,65600750000.0,66760000000.0,222113667270.0,14.0,11.706,10465000000.0,3.323,1.0,39173000000.0,0.523,90178000000.0,1304000000.0,47179000000.0,49252500000.0,6819000000.0,202000000.0,202000000.0,0.0,71254000000.0,30717000000.0,40537000000.0,192682667270.0,-1339000000.0,-492000000.0,-4079000000.0,-4165000000.0,-4209000000.0,-12453000000.0,-2483000000.0,673000000.0,13410000000.0,187000000.0,10340000000.0,10340000000.0,10340000000.0,-277000000.0,0.0,0.138,24170000000.0,15003000000.0,5710000000.0,0.398,2.886,18.635,19.003,19540000000.0,0.0,61.19,2.575,2.575,6629000000.0,41797000000.0,74832000000.0,74832000000.0,0.0,0.075,0.158,0.322,0.212,668000000.0,24170000000.0,1.0,3148924126.0,3148924126.0,,23.764,47836000000.0,1727000000.0,4201000000.0,15397000000.0,15.191,-6686000000.0
15,PG,MRY,2006-12-31,2006-06-30,2006-06-30,2021-10-19,-518000000.0,135695000000.0,117586250000.0,24329000000.0,111366000000.0,0.58,19.171,-2667000000.0,6693000000.0,6693000000.0,33125000000.0,8684000000.0,1.217,1.157,38104000000.0,2128000000.0,35976000000.0,38104000000.0,0.0,2627000000.0,0.0,0.021,1.15,13532000000.0,16159000000.0,0.237,16159000000.0,13532000000.0,12413000000.0,2.79,2.64,2.79,62908000000.0,52219750000.0,62908000000.0,211527732667.0,16.0,13.09,8708000000.0,2.654,1.0,35097000000.0,0.514,89027000000.0,1119000000.0,58094000000.0,52828250000.0,6291000000.0,1133000000.0,1133000000.0,0.0,72787000000.0,19985000000.0,52802000000.0,182449732667.0,304000000.0,171000000.0,-15511000000.0,8636000000.0,-3703000000.0,-10578000000.0,-730000000.0,884000000.0,11375000000.0,237000000.0,8684000000.0,8684000000.0,8684000000.0,0.0,0.0,0.127,21848000000.0,13249000000.0,4910000000.0,0.412,2.9,21.01,19.928,18770000000.0,0.0,55.6,2.674,2.674,5725000000.0,35666000000.0,68222000000.0,68222000000.0,0.0,0.074,0.166,0.256,0.198,585000000.0,21848000000.0,1.0,3281470012.0,3281470012.0,,20.79,46668000000.0,1611000000.0,3729000000.0,15714000000.0,14.222,4344000000.0
16,PG,MRY,2005-12-31,2005-06-30,2005-06-30,2021-10-19,-1566000000.0,61527000000.0,61709500000.0,20329000000.0,41198000000.0,0.919,7.406,-2181000000.0,6389000000.0,6389000000.0,27872000000.0,6923000000.0,0.812,2.33,24328000000.0,11441000000.0,12887000000.0,24328000000.0,0.0,1884000000.0,0.0,0.02,1.03,10815000000.0,12699000000.0,0.224,12699000000.0,10815000000.0,9981000000.0,2.7,2.53,2.7,18475000000.0,18862000000.0,18475000000.0,148663786556.0,14.0,11.707,6498000000.0,2.605,1.0,28869000000.0,0.509,24163000000.0,834000000.0,30264000000.0,29412500000.0,5006000000.0,1744000000.0,1744000000.0,0.0,43052000000.0,25039000000.0,18013000000.0,131583786556.0,2157000000.0,-572000000.0,-4505000000.0,3111000000.0,-2731000000.0,-4125000000.0,-2336000000.0,-100000000.0,8679000000.0,-61000000.0,6923000000.0,6923000000.0,6923000000.0,0.0,0.0,0.122,18400000000.0,10469000000.0,3802000000.0,0.381,7.122,19.007,19.537,14332000000.0,0.0,52.75,2.319,2.319,4185000000.0,31004000000.0,56741000000.0,56741000000.0,0.0,0.112,0.367,0.368,0.191,524000000.0,18400000000.0,1.0,2494479366.0,2494479366.0,,22.747,37364000000.0,1081000000.0,3058000000.0,4161000000.0,14.979,-4710000000.0
17,PG,MRY,2004-12-31,2004-06-30,2004-06-30,2021-10-19,-1545000000.0,57048000000.0,53818500000.0,17115000000.0,39933000000.0,0.955,6.721,-2024000000.0,4232000000.0,4232000000.0,25143000000.0,6156000000.0,0.773,2.302,20841000000.0,8287000000.0,12554000000.0,20841000000.0,0.0,1733000000.0,0.0,0.017,0.933,9534000000.0,11267000000.0,0.219,11267000000.0,9534000000.0,8905000000.0,2.34,2.2,2.34,17278000000.0,17878250000.0,17278000000.0,152992398128.0,16.0,13.579,7331000000.0,2.852,1.0,26264000000.0,0.511,23900000000.0,629000000.0,27610000000.0,28437750000.0,4400000000.0,1660000000.0,1660000000.0,0.0,39770000000.0,22147000000.0,17623000000.0,139943398128.0,-1196000000.0,-7476000000.0,-3508000000.0,5686000000.0,-2539000000.0,-361000000.0,-10144000000.0,-874000000.0,9355000000.0,-46000000.0,6156000000.0,6156000000.0,6156000000.0,0.0,0.0,0.12,16882000000.0,9382000000.0,3617000000.0,0.399,8.1,22.733,23.265,14108000000.0,0.0,54.44,2.722,2.722,4062000000.0,13611000000.0,51407000000.0,51407000000.0,0.0,0.114,0.344,0.335,0.185,491000000.0,16882000000.0,1.0,2570598790.0,2570598790.0,,19.998,33148000000.0,958000000.0,2749000000.0,4815000000.0,12.895,-5032000000.0
18,PG,MRY,2003-12-31,2003-06-30,2003-06-30,2021-10-19,-2006000000.0,43706000000.0,42670250000.0,15220000000.0,28486000000.0,1.017,6.251,-1482000000.0,5912000000.0,5912000000.0,22141000000.0,5186000000.0,1.232,1.7,13647000000.0,2172000000.0,11475000000.0,13647000000.0,0.0,1703000000.0,0.0,0.018,0.82,8091000000.0,9794000000.0,0.226,9794000000.0,8091000000.0,7530000000.0,1.95,1.85,1.95,16186000000.0,15196500000.0,16186000000.0,124075780753.0,15.0,12.669,7218000000.0,2.788,1.0,21236000000.0,0.49,13507000000.0,561000000.0,25576000000.0,25858250000.0,3640000000.0,300000000.0,300000000.0,0.0,27520000000.0,12358000000.0,15162000000.0,115461780753.0,2629000000.0,-61000000.0,-967000000.0,-1882000000.0,-2246000000.0,-5095000000.0,-1363000000.0,37000000.0,8700000000.0,387000000.0,5186000000.0,5186000000.0,5186000000.0,0.0,0.0,0.12,13383000000.0,7853000000.0,2795000000.0,0.421,7.133,22.264,22.867,13104000000.0,0.0,44.59,2.662,2.662,3038000000.0,13692000000.0,43377000000.0,43377000000.0,0.0,0.122,0.341,0.313,0.187,0.0,13383000000.0,1.0,2589409750.0,2589409750.0,,16.752,30199000000.0,843000000.0,2344000000.0,3275000000.0,11.663,2862000000.0
19,PG,MRY,2002-12-31,2002-06-30,2002-06-30,2021-10-19,-2360000000.0,40776000000.0,39641750000.0,12166000000.0,28610000000.0,1.015,5.273,-1679000000.0,3427000000.0,3427000000.0,20989000000.0,4352000000.0,0.958,1.975,14932000000.0,3731000000.0,11201000000.0,14932000000.0,0.0,1693000000.0,0.0,0.017,0.76,6986000000.0,8679000000.0,0.216,8679000000.0,6986000000.0,6383000000.0,1.63,1.54,1.63,13706000000.0,13152750000.0,13706000000.0,128791209702.0,18.0,14.839,6063000000.0,2.333,1.0,19249000000.0,0.478,13430000000.0,603000000.0,26147000000.0,25845500000.0,3456000000.0,196000000.0,196000000.0,0.0,27070000000.0,12704000000.0,14366000000.0,116055209702.0,1121000000.0,-5471000000.0,-331000000.0,2623000000.0,-2095000000.0,197000000.0,-6835000000.0,88000000.0,7742000000.0,17000000.0,4352000000.0,4352000000.0,4352000000.0,0.0,0.0,0.108,12571000000.0,6678000000.0,2205000000.0,0.466,8.467,26.667,27.393,13349000000.0,0.0,44.65,2.884,2.884,3090000000.0,11980000000.0,40238000000.0,40238000000.0,0.0,0.11,0.331,0.27,0.174,0.0,12571000000.0,1.0,2599220822.0,2599220822.0,,15.481,27346000000.0,521000000.0,2031000000.0,2515000000.0,10.521,-538000000.0
20,PG,MRY,2001-12-31,2001-06-30,2001-06-30,2021-10-19,-2120000000.0,34387000000.0,35541250000.0,10889000000.0,23498000000.0,1.104,4.637,-2486000000.0,2306000000.0,2306000000.0,22102000000.0,2922000000.0,1.106,1.863,12025000000.0,2233000000.0,9792000000.0,12025000000.0,0.0,2271000000.0,0.0,0.022,0.7,5410000000.0,7681000000.0,0.196,7681000000.0,5410000000.0,4616000000.0,1.075,1.035,1.075,12010000000.0,12677000000.0,12010000000.0,93266364500.0,17.0,12.142,3318000000.0,1.281,1.0,17142000000.0,0.437,8300000000.0,794000000.0,25960000000.0,27333500000.0,3384000000.0,212000000.0,212000000.0,0.0,22377000000.0,9846000000.0,12531000000.0,82630364500.0,891000000.0,-138000000.0,-1109000000.0,38000000.0,-1943000000.0,-3014000000.0,-1843000000.0,-7000000.0,5804000000.0,-56000000.0,2922000000.0,2922000000.0,2922000000.0,0.0,0.0,0.074,12406000000.0,4736000000.0,2075000000.0,0.651,6.88,28.279,29.674,13095000000.0,0.0,31.9,2.106,2.106,2931000000.0,10451000000.0,39244000000.0,39244000000.0,0.0,0.082,0.23,0.198,0.138,0.0,12406000000.0,1.0,2590293558.0,2590293558.0,,15.15,26087000000.0,397000000.0,1694000000.0,1801000000.0,10.071,1043000000.0
21,PG,MRY,2000-12-31,2000-06-30,2000-06-30,2021-10-19,-1842000000.0,34366000000.0,35235000000.0,10146000000.0,24220000000.0,1.134,4.697,-3018000000.0,1415000000.0,1415000000.0,21514000000.0,3542000000.0,1.0,1.797,12253000000.0,3241000000.0,9012000000.0,12253000000.0,0.0,2191000000.0,0.0,0.023,0.64,6258000000.0,8449000000.0,0.211,8449000000.0,6258000000.0,5536000000.0,1.305,1.235,1.305,12287000000.0,12417000000.0,12287000000.0,85718933482.0,14.0,10.145,1657000000.0,0.633,1.0,18437000000.0,0.461,10385000000.0,722000000.0,24678000000.0,25630750000.0,3490000000.0,185000000.0,185000000.0,0.0,22079000000.0,10141000000.0,11938000000.0,74222933482.0,-879000000.0,-2967000000.0,-1430000000.0,3030000000.0,-1796000000.0,-196000000.0,-5345000000.0,221000000.0,4675000000.0,-13000000.0,3542000000.0,3542000000.0,3542000000.0,0.0,0.0,0.089,12483000000.0,5954000000.0,2209000000.0,0.49,6.041,20.955,21.743,13692000000.0,0.0,28.375,1.858,1.858,2910000000.0,10710000000.0,39951000000.0,39951000000.0,0.0,0.101,0.285,0.244,0.157,0.0,12483000000.0,1.0,2615786202.0,2615786202.0,,15.273,23981000000.0,309000000.0,1994000000.0,1550000000.0,9.168,5000000.0
22,PG,MRY,1999-12-31,1999-06-30,1999-06-30,2021-10-19,-1606000000.0,32113000000.0,32751500000.0,11358000000.0,20755000000.0,1.164,4.538,-2828000000.0,2294000000.0,2294000000.0,21027000000.0,3763000000.0,1.055,1.663,9381000000.0,3150000000.0,6231000000.0,9381000000.0,0.0,2148000000.0,0.0,0.013,0.57,6488000000.0,8636000000.0,0.227,8636000000.0,6488000000.0,5838000000.0,1.375,1.295,1.375,12058000000.0,12470500000.0,12058000000.0,124310911841.0,19.0,14.395,2716000000.0,1.022,1.0,17098000000.0,0.448,8177000000.0,650000000.0,20262000000.0,22174500000.0,3338000000.0,506000000.0,506000000.0,0.0,20055000000.0,10761000000.0,9294000000.0,117080911841.0,745000000.0,-137000000.0,-2321000000.0,1341000000.0,-1626000000.0,-2606000000.0,-2175000000.0,356000000.0,5544000000.0,-18000000.0,3763000000.0,3763000000.0,3763000000.0,0.0,0.0,0.099,10845000000.0,6253000000.0,2300000000.0,0.415,9.71,31.114,32.047,12626000000.0,0.0,44.065,3.071,3.071,2940000000.0,10778000000.0,38125000000.0,38125000000.0,0.0,0.115,0.302,0.293,0.17,0.0,10845000000.0,1.0,2657004694.0,2657004694.0,,14.349,23936000000.0,621000000.0,2075000000.0,1590000000.0,9.009,597000000.0
23,PG,MRY,1998-12-31,1998-06-30,1998-06-30,2021-10-19,-1357000000.0,30966000000.0,30252250000.0,10577000000.0,20389000000.0,1.228,4.562,-2559000000.0,1549000000.0,1549000000.0,20896000000.0,3780000000.0,1.143,1.531,8046000000.0,2281000000.0,5765000000.0,8046000000.0,0.0,1598000000.0,0.0,0.011,0.506,6256000000.0,7854000000.0,0.211,7854000000.0,6256000000.0,5708000000.0,1.37,1.28,1.37,12236000000.0,12212250000.0,12236000000.0,128332782857.0,21.0,16.34,2326000000.0,0.867,1.0,16258000000.0,0.438,8180000000.0,548000000.0,20033000000.0,19966250000.0,3284000000.0,857000000.0,857000000.0,0.0,18730000000.0,9250000000.0,9480000000.0,122109782857.0,-801000000.0,-3269000000.0,-1771000000.0,2853000000.0,-1462000000.0,-380000000.0,-5210000000.0,63000000.0,4885000000.0,-96000000.0,3780000000.0,3780000000.0,3780000000.0,0.0,0.0,0.102,10203000000.0,6055000000.0,2051000000.0,0.369,9.98,32.304,33.234,12180000000.0,0.0,45.53,3.287,3.287,2781000000.0,11144000000.0,37154000000.0,37154000000.0,0.0,0.125,0.31,0.313,0.168,0.0,10203000000.0,1.0,2681963164.0,2681963164.0,,13.853,22786000000.0,595000000.0,1928000000.0,1404000000.0,8.496,1327000000.0
24,PG,MRY,1997-12-31,1997-06-30,1997-06-30,2021-10-19,-819000000.0,27544000000.0,27637000000.0,10786000000.0,16758000000.0,1.294,4.428,-2129000000.0,2350000000.0,2350000000.0,20510000000.0,3415000000.0,1.383,1.287,4992000000.0,849000000.0,4143000000.0,4992000000.0,0.0,1487000000.0,0.0,0.013,0.45,5706000000.0,7193000000.0,0.201,7193000000.0,5706000000.0,5249000000.0,1.215,1.14,1.215,12046000000.0,11884000000.0,12046000000.0,98523477810.0,17.0,13.697,3753000000.0,1.379,1.0,15254000000.0,0.427,5000000000.0,457000000.0,17388000000.0,14974500000.0,3087000000.0,760000000.0,760000000.0,0.0,15498000000.0,7798000000.0,7700000000.0,95711477810.0,276000000.0,-150000000.0,-1518000000.0,-660000000.0,-1329000000.0,-3507000000.0,-2068000000.0,-309000000.0,5882000000.0,-31000000.0,3415000000.0,3415000000.0,3415000000.0,0.0,0.0,0.095,9766000000.0,5488000000.0,2203000000.0,0.37,7.945,28.027,29.074,11376000000.0,0.0,35.325,2.676,2.687,2738000000.0,10730000000.0,35764000000.0,35764000000.0,0.0,0.124,0.287,0.381,0.16,0.0,9766000000.0,1.0,2709454432.0,2720600000.0,2720600000.0,13.146,22544000000.0,661000000.0,1834000000.0,1503000000.0,8.286,2988000000.0
25,PG,MRY,1996-12-31,1996-06-30,1996-06-30,2021-10-19,0.0,27730000000.0,,10807000000.0,16923000000.0,,4.27,-2179000000.0,2074000000.0,2074000000.0,20938000000.0,3046000000.0,1.381,1.366,0.0,1116000000.0,4670000000.0,0.0,0.0,1358000000.0,0.0,0.018,0.4,5153000000.0,6511000000.0,0.185,6511000000.0,5153000000.0,4669000000.0,1.07,1.005,1.07,11722000000.0,,11722000000.0,,,,1979000000.0,0.721,1.0,14346000000.0,0.407,5270000000.0,484000000.0,12561000000.0,,3130000000.0,446000000.0,446000000.0,0.0,16008000000.0,7825000000.0,8183000000.0,,46000000.0,-358000000.0,-343000000.0,-38000000.0,-1202000000.0,-1583000000.0,-2466000000.0,-331000000.0,4158000000.0,-63000000.0,3046000000.0,3046000000.0,3046000000.0,0.0,0.0,0.086,9531000000.0,4815000000.0,0.0,0.374,,,21.32,11118000000.0,0.0,22.812,,1.775,2841000000.0,10382000000.0,35284000000.0,35284000000.0,0.0,,,,0.146,0.0,9531000000.0,1.0,,2745200000.0,2745200000.0,12.853,22460000000.0,598000000.0,1623000000.0,0.0,8.182,2982000000.0
26,PG,MRY,1995-12-31,1995-06-30,1995-06-30,2021-10-19,,,,,,,,-2146000000.0,,,19561000000.0,2645000000.0,,,,,,,,1253000000.0,,0.019,0.35,4488000000.0,5741000000.0,0.171,5741000000.0,4488000000.0,4000000000.0,0.925,0.87,0.925,,,,,,,1422000000.0,0.518,1.0,13921000000.0,0.416,,488000000.0,,,,,,,,,,,-345000000.0,-623000000.0,-48000000.0,-490000000.0,-1062000000.0,-1600000000.0,-2363000000.0,96000000.0,3568000000.0,50000000.0,2645000000.0,2645000000.0,2645000000.0,0.0,0.0,0.079,9677000000.0,4244000000.0,,0.378,,,19.427,,0.0,17.97,,1.473,,,33482000000.0,33482000000.0,0.0,,,,0.134,0.0,9677000000.0,1.0,,2744000000.0,2744000000.0,12.202,,,1355000000.0,,,
0,PG,MRQ,2021-09-30,2021-09-30,2021-09-30,2021-10-19,-14062000000.0,119669000000.0,,24336000000.0,95333000000.0,,18.136,-1091000000.0,10370000000.0,10370000000.0,10365000000.0,4126000000.0,0.665,1.579,32547000000.0,11989000000.0,20558000000.0,32547000000.0,0.0,711000000.0,0.0,0.024,0.87,5130000000.0,5841000000.0,0.287,5841000000.0,5130000000.0,5021000000.0,1.66,1.61,1.66,46408000000.0,,46408000000.0,361053997385.0,20.0,17.549,3552000000.0,1.388,1.0,9973000000.0,0.49,63997000000.0,109000000.0,41260000000.0,,6307000000.0,0.0,0.0,0.0,73261000000.0,36589000000.0,36672000000.0,339353997385.0,82000000.0,0.0,-2102000000.0,856000000.0,-2182000000.0,-3428000000.0,-1006000000.0,0.0,4643000000.0,-127000000.0,4112000000.0,4112000000.0,4112000000.0,0.0,14000000.0,0.202,4950000000.0,5023000000.0,14223000000.0,0.524,7.312,23.998,24.743,21392000000.0,0.0,139.8,4.399,4.638,5662000000.0,108361000000.0,20338000000.0,20338000000.0,0.0,,,,,116000000.0,4950000000.0,1.0,2427424874.0,2558900000.0,2558900000.0,7.948,55672000000.0,0.0,909000000.0,6323000000.0,21.756,-12253000000.0
1,PG,MRQ,2021-06-30,2021-06-30,2021-06-30,2021-10-19,-13744000000.0,119307000000.0,,23091000000.0,96216000000.0,,19.056,-714000000.0,10288000000.0,10288000000.0,9791000000.0,2908000000.0,0.697,1.557,31988000000.0,8889000000.0,23099000000.0,31988000000.0,0.0,710000000.0,0.0,0.024,0.87,3679000000.0,4389000000.0,0.232,4389000000.0,3679000000.0,3562000000.0,1.16,1.13,1.16,46654000000.0,,46654000000.0,350159049815.0,19.0,16.83,3407000000.0,1.392,1.0,9155000000.0,0.483,64566000000.0,117000000.0,43309000000.0,,5983000000.0,0.0,0.0,0.0,72653000000.0,33132000000.0,39521000000.0,330340049815.0,281000000.0,-34000000.0,-2826000000.0,1938000000.0,-2197000000.0,-3085000000.0,-791000000.0,-45000000.0,4121000000.0,36000000.0,2906000000.0,2906000000.0,2906000000.0,0.0,2000000.0,0.153,5615000000.0,3540000000.0,13720000000.0,0.75,7.081,23.091,23.714,21686000000.0,0.0,134.93,4.34,4.34,4725000000.0,106374000000.0,18946000000.0,18946000000.0,0.0,,,,,142000000.0,5615000000.0,1.0,2448232786.0,2448232786.0,,7.739,54741000000.0,0.0,656000000.0,6153000000.0,22.359,-10041000000.0
2,PG,MRQ,2021-03-31,2021-03-31,2021-03-31,2021-10-19,-15489000000.0,116778000000.0,,22608000000.0,94170000000.0,,18.113,-656000000.0,10007000000.0,10007000000.0,8922000000.0,3249000000.0,0.706,1.489,29826000000.0,8773000000.0,21053000000.0,29826000000.0,0.0,683000000.0,0.0,0.023,0.791,4003000000.0,4686000000.0,0.259,4686000000.0,4003000000.0,3897000000.0,1.3,1.26,1.3,46919000000.0,,46919000000.0,352652130639.0,20.0,16.903,3431000000.0,1.325,1.0,9187000000.0,0.507,64270000000.0,106000000.0,40311000000.0,,6002000000.0,0.0,0.0,0.0,69859000000.0,32016000000.0,37843000000.0,333493130639.0,-1934000000.0,0.0,-2632000000.0,-632000000.0,-2011000000.0,-5275000000.0,-665000000.0,-10000000.0,4087000000.0,-81000000.0,3269000000.0,3269000000.0,3269000000.0,0.0,-20000000.0,0.181,5402000000.0,3785000000.0,12134000000.0,0.608,7.108,23.485,24.098,21103000000.0,0.0,135.43,4.454,4.686,4861000000.0,105674000000.0,18109000000.0,18109000000.0,0.0,,,,,144000000.0,5402000000.0,1.0,2462476044.0,2590300000.0,2590300000.0,6.991,52508000000.0,0.0,628000000.0,5977000000.0,20.271,-9408000000.0
3,PG,MRQ,2020-12-31,2020-12-31,2020-12-31,2021-10-19,-15091000000.0,120112000000.0,,24655000000.0,95457000000.0,,18.559,-567000000.0,11941000000.0,11941000000.0,9253000000.0,3887000000.0,0.777,1.474,31100000000.0,8586000000.0,22514000000.0,31100000000.0,0.0,671000000.0,0.0,0.022,0.791,4987000000.0,5658000000.0,0.287,5658000000.0,4987000000.0,4844000000.0,1.53,1.47,1.53,48540000000.0,,48540000000.0,363275363952.0,21.0,17.691,4857000000.0,1.857,1.0,10492000000.0,0.531,65245000000.0,143000000.0,42282000000.0,,5957000000.0,0.0,0.0,0.0,71572000000.0,31744000000.0,39828000000.0,345012363952.0,-1451000000.0,0.0,-2800000000.0,-1616000000.0,-2025000000.0,-6441000000.0,-549000000.0,0.0,5424000000.0,115000000.0,3854000000.0,3854000000.0,3854000000.0,0.0,33000000.0,0.195,5112000000.0,5380000000.0,12027000000.0,0.517,7.108,24.914,25.437,21416000000.0,0.0,139.14,4.664,4.919,4819000000.0,104361000000.0,19745000000.0,19745000000.0,0.0,,,,,165000000.0,5112000000.0,1.0,2479605893.0,2615400000.0,2615400000.0,7.55,54867000000.0,0.0,990000000.0,6073000000.0,20.978,-7089000000.0
4,PG,MRQ,2020-09-30,2020-09-30,2020-09-30,2021-10-19,-15881000000.0,119899000000.0,,26026000000.0,93873000000.0,,18.503,-850000000.0,13392000000.0,13392000000.0,9142000000.0,4308000000.0,0.867,1.468,31655000000.0,7707000000.0,23948000000.0,31655000000.0,0.0,671000000.0,0.0,0.022,0.791,5402000000.0,6073000000.0,0.314,6073000000.0,5402000000.0,5266000000.0,1.69,1.63,1.69,48576000000.0,,48576000000.0,364080189321.0,21.0,18.06,3889000000.0,1.481,1.0,10176000000.0,0.527,64383000000.0,136000000.0,43771000000.0,,5707000000.0,0.0,0.0,0.0,71323000000.0,30008000000.0,41315000000.0,345541189321.0,-2789000000.0,0.0,-1107000000.0,-3593000000.0,-2030000000.0,-6730000000.0,-829000000.0,0.0,4739000000.0,31000000.0,4277000000.0,4277000000.0,4277000000.0,0.0,31000000.0,0.221,4895000000.0,5281000000.0,11935000000.0,0.468,7.113,25.202,25.691,20876000000.0,0.0,138.99,4.768,5.035,5043000000.0,102539000000.0,19318000000.0,19318000000.0,0.0,,,,,89000000.0,4895000000.0,1.0,2486086692.0,2625300000.0,2625300000.0,7.358,55516000000.0,0.0,989000000.0,6294000000.0,21.147,-3982000000.0
5,PG,MRQ,2020-06-30,2020-06-30,2020-06-30,2021-10-19,-16165000000.0,120700000000.0,,27987000000.0,92713000000.0,,18.936,-658000000.0,16181000000.0,16181000000.0,8942000000.0,2786000000.0,0.849,1.575,34720000000.0,11183000000.0,23537000000.0,34720000000.0,0.0,814000000.0,0.0,0.025,0.791,3632000000.0,4446000000.0,0.251,4446000000.0,3632000000.0,3475000000.0,1.1,1.07,1.1,46878000000.0,,46878000000.0,316630587236.0,20.0,16.46,4148000000.0,1.676,1.0,8756000000.0,0.495,63693000000.0,157000000.0,42570000000.0,,5498000000.0,0.0,0.0,0.0,73822000000.0,32976000000.0,40846000000.0,296012587236.0,788000000.0,0.0,217000000.0,-1588000000.0,-2028000000.0,-3399000000.0,-659000000.0,-3000000.0,4806000000.0,40000000.0,2800000000.0,2800000000.0,2800000000.0,0.0,-14000000.0,0.158,5275000000.0,3481000000.0,12071000000.0,0.719,6.315,22.723,23.308,20692000000.0,0.0,119.57,4.172,4.172,4178000000.0,100239000000.0,17698000000.0,17698000000.0,0.0,,,,,233000000.0,5275000000.0,1.0,2475642613.0,2475642613.0,,7.149,57007000000.0,0.0,675000000.0,6199000000.0,23.027,-4989000000.0
6,PG,MRQ,2020-03-31,2020-03-31,2020-03-31,2021-10-19,-15916000000.0,118560000000.0,,27140000000.0,91420000000.0,,17.58,-731000000.0,15393000000.0,15393000000.0,8716000000.0,2957000000.0,0.825,1.581,36011000000.0,12701000000.0,23310000000.0,36011000000.0,0.0,799000000.0,0.0,0.027,0.746,3558000000.0,4357000000.0,0.253,4357000000.0,3558000000.0,3458000000.0,1.15,1.12,1.15,45941000000.0,,45941000000.0,293498817240.0,38.0,27.553,3333000000.0,1.275,1.0,8498000000.0,0.494,63451000000.0,100000000.0,42831000000.0,,5330000000.0,0.0,0.0,0.0,72619000000.0,32896000000.0,39723000000.0,271639817240.0,9114000000.0,-4000000.0,-200000000.0,8051000000.0,-1906000000.0,5945000000.0,-725000000.0,-3000000.0,4064000000.0,-170000000.0,2917000000.0,2917000000.0,2917000000.0,0.0,40000000.0,0.169,5045000000.0,3453000000.0,10464000000.0,0.649,5.913,54.481,57.895,20459000000.0,0.0,110.0,3.861,4.086,4640000000.0,99474000000.0,17214000000.0,17214000000.0,0.0,,,,,123000000.0,5045000000.0,1.0,2469452884.0,2613300000.0,2613300000.0,6.587,55109000000.0,0.0,541000000.0,6309000000.0,21.088,-5756000000.0
7,PG,MRQ,2019-12-31,2019-12-31,2019-12-31,2021-10-19,-14942000000.0,111723000000.0,,18917000000.0,92806000000.0,,17.455,-605000000.0,6279000000.0,6279000000.0,8869000000.0,3743000000.0,0.627,1.434,28138000000.0,9153000000.0,18985000000.0,28138000000.0,0.0,677000000.0,0.0,0.024,0.746,4606000000.0,5283000000.0,0.29,5283000000.0,4606000000.0,4506000000.0,1.47,1.41,1.47,45908000000.0,,45908000000.0,331686124795.0,45.0,31.942,3759000000.0,1.429,1.0,9371000000.0,0.514,63978000000.0,100000000.0,39440000000.0,,5521000000.0,0.0,0.0,0.0,65815000000.0,30164000000.0,35651000000.0,311477124795.0,-3025000000.0,-54000000.0,-3319000000.0,-1553000000.0,-1923000000.0,-6795000000.0,-650000000.0,0.0,4364000000.0,56000000.0,3717000000.0,3717000000.0,3717000000.0,0.0,26000000.0,0.204,4889000000.0,4482000000.0,10781000000.0,0.507,6.785,64.702,68.626,21250000000.0,0.0,124.9,4.476,4.72,5196000000.0,98414000000.0,18240000000.0,18240000000.0,0.0,,,,,92000000.0,4889000000.0,1.0,2493812048.0,2630100000.0,2630100000.0,6.935,47745000000.0,0.0,789000000.0,6242000000.0,18.153,-11247000000.0
8,PG,MRQ,2019-09-30,2019-09-30,2019-09-30,2021-10-19,-15298000000.0,114058000000.0,,21925000000.0,92133000000.0,,17.747,-1079000000.0,9304000000.0,9304000000.0,8723000000.0,3617000000.0,0.725,1.428,29513000000.0,9352000000.0,20161000000.0,29513000000.0,0.0,723000000.0,0.0,0.024,0.746,4427000000.0,5150000000.0,0.289,5150000000.0,4427000000.0,4319000000.0,1.41,1.36,1.41,46984000000.0,,46984000000.0,337084057506.0,49.0,34.456,3090000000.0,1.167,1.0,9075000000.0,0.51,63607000000.0,108000000.0,40407000000.0,,5465000000.0,0.0,0.0,0.0,67074000000.0,30253000000.0,36821000000.0,311231057506.0,5065000000.0,0.0,-2125000000.0,-61000000.0,-1932000000.0,-4118000000.0,5079000000.0,6152000000.0,4169000000.0,-65000000.0,3593000000.0,3593000000.0,3593000000.0,0.0,24000000.0,0.202,4785000000.0,4290000000.0,10951000000.0,0.529,6.624,72.531,77.737,20901000000.0,0.0,124.38,4.524,4.787,5143000000.0,96625000000.0,17798000000.0,17798000000.0,0.0,,,,,110000000.0,4785000000.0,1.0,2502259668.0,2647500000.0,2647500000.0,6.723,50451000000.0,0.0,726000000.0,6325000000.0,19.056,-8328000000.0
9,PG,MRQ,2019-06-30,2019-06-30,2019-06-30,2021-10-19,-14936000000.0,115095000000.0,,22473000000.0,92622000000.0,,18.968,-814000000.0,4239000000.0,4239000000.0,8938000000.0,-5237000000.0,0.749,1.419,30092000000.0,9697000000.0,20395000000.0,30092000000.0,0.0,820000000.0,0.0,0.026,0.746,-4958000000.0,-4138000000.0,-0.242,-4138000000.0,-4958000000.0,-5069000000.0,-2.13,-2.05,-2.13,47579000000.0,,47579000000.0,302570358623.0,46.0,32.419,3337000000.0,1.33,1.0,8156000000.0,0.477,64488000000.0,111000000.0,46449000000.0,,5017000000.0,6048000000.0,6048000000.0,0.0,67516000000.0,30011000000.0,37505000000.0,275038358623.0,1501000000.0,-2000000.0,-1016000000.0,-351000000.0,-1937000000.0,-3304000000.0,647000000.0,1091000000.0,4151000000.0,7000000.0,-5241000000.0,-5241000000.0,-5241000000.0,0.0,4000000.0,-0.307,13348000000.0,-5192000000.0,11260000000.0,-0.35,5.781,70.577,75.621,21271000000.0,0.0,109.65,4.064,4.064,4951000000.0,94918000000.0,17094000000.0,17094000000.0,0.0,,,,,216000000.0,5003000000.0,1.0,2508329764.0,2508329764.0,,6.815,50607000000.0,0.0,172000000.0,6899000000.0,20.176,-7538000000.0
10,PG,MRQ,2019-03-31,2019-03-31,2019-03-31,2021-10-19,-14968000000.0,121673000000.0,,22312000000.0,99361000000.0,,21.061,-752000000.0,2738000000.0,2738000000.0,8427000000.0,2776000000.0,0.786,1.19,30270000000.0,8911000000.0,21359000000.0,30270000000.0,0.0,711000000.0,0.0,0.028,0.717,3378000000.0,4089000000.0,0.248,4089000000.0,3378000000.0,3247000000.0,1.07,1.04,1.07,55552000000.0,,55552000000.0,290220368721.0,21.0,17.434,2765000000.0,1.048,1.0,8035000000.0,0.488,72589000000.0,131000000.0,48246000000.0,,5358000000.0,7085000000.0,7085000000.0,0.0,66121000000.0,28370000000.0,37751000000.0,260289368721.0,-958000000.0,-95000000.0,-146000000.0,-3062000000.0,-1858000000.0,-5066000000.0,573000000.0,1416000000.0,3517000000.0,18000000.0,2745000000.0,2745000000.0,2745000000.0,0.0,31000000.0,0.167,4806000000.0,3229000000.0,10207000000.0,0.67,4.686,23.6,24.142,20993000000.0,0.0,104.05,3.88,4.091,5198000000.0,102103000000.0,16462000000.0,16462000000.0,0.0,,,,,118000000.0,4806000000.0,1.0,2501579709.0,2637700000.0,2637700000.0,6.241,49084000000.0,0.0,502000000.0,6951000000.0,18.609,-6058000000.0
11,PG,MRQ,2018-12-31,2018-12-31,2018-12-31,2021-10-19,-15156000000.0,123687000000.0,,24431000000.0,99256000000.0,,20.756,-701000000.0,3696000000.0,3696000000.0,8919000000.0,3216000000.0,0.782,1.272,33627000000.0,12113000000.0,21514000000.0,33627000000.0,0.0,650000000.0,0.0,0.031,0.717,4032000000.0,4682000000.0,0.268,4682000000.0,4032000000.0,3894000000.0,1.25,1.22,1.25,54443000000.0,,54443000000.0,257752253602.0,19.0,15.498,3306000000.0,1.26,1.0,8519000000.0,0.489,72879000000.0,138000000.0,49492000000.0,,5281000000.0,8421000000.0,8421000000.0,0.0,69244000000.0,31247000000.0,37997000000.0,229010253602.0,1151000000.0,-3611000000.0,310000000.0,2572000000.0,-1850000000.0,1032000000.0,-3845000000.0,458000000.0,4007000000.0,-43000000.0,3194000000.0,3194000000.0,3194000000.0,0.0,22000000.0,0.183,4623000000.0,3896000000.0,10266000000.0,0.574,4.206,21.214,21.834,20822000000.0,0.0,91.92,3.423,3.603,5055000000.0,101170000000.0,17438000000.0,17438000000.0,0.0,,,,,79000000.0,4623000000.0,1.0,2491408329.0,2623000000.0,2623000000.0,6.648,50808000000.0,0.0,700000000.0,6872000000.0,19.37,-6816000000.0
12,PG,MRQ,2018-09-30,2018-09-30,2018-09-30,2021-10-19,-15133000000.0,118440000000.0,,23346000000.0,95094000000.0,,20.1,-1080000000.0,2545000000.0,2545000000.0,8484000000.0,3211000000.0,0.799,1.256,31287000000.0,10508000000.0,20779000000.0,31287000000.0,0.0,643000000.0,0.0,0.034,0.717,4057000000.0,4700000000.0,0.282,4700000000.0,4057000000.0,3928000000.0,1.26,1.22,1.26,52504000000.0,,52504000000.0,235794187990.0,17.0,14.108,2487000000.0,0.952,1.0,8206000000.0,0.492,69144000000.0,129000000.0,48818000000.0,,5182000000.0,8708000000.0,8708000000.0,0.0,65936000000.0,29220000000.0,36716000000.0,207077187990.0,-24000000.0,-237000000.0,-827000000.0,24000000.0,-1853000000.0,-2656000000.0,-865000000.0,443000000.0,3567000000.0,-70000000.0,3199000000.0,3199000000.0,3199000000.0,0.0,12000000.0,0.192,4652000000.0,3554000000.0,10243000000.0,0.569,3.944,20.511,21.232,20590000000.0,0.0,83.23,3.097,3.251,5035000000.0,99831000000.0,16690000000.0,16690000000.0,0.0,,,,,102000000.0,4652000000.0,1.0,2488011390.0,2612100000.0,2612100000.0,6.389,49296000000.0,0.0,729000000.0,6179000000.0,18.872,-5874000000.0
13,PG,MRQ,2018-06-30,2018-06-30,2018-06-30,2021-10-19,-14749000000.0,118310000000.0,,23320000000.0,94990000000.0,,21.03,-907000000.0,2569000000.0,2569000000.0,9070000000.0,1890000000.0,0.826,1.237,31286000000.0,10423000000.0,20863000000.0,31286000000.0,0.0,750000000.0,0.0,0.036,0.717,2426000000.0,3176000000.0,0.192,3176000000.0,2426000000.0,2290000000.0,0.73,0.73,0.73,52883000000.0,,52883000000.0,226262635097.0,16.0,13.667,3292000000.0,1.309,1.0,7433000000.0,0.45,69077000000.0,136000000.0,49713000000.0,,4738000000.0,9281000000.0,9281000000.0,0.0,65427000000.0,28237000000.0,37190000000.0,196289635097.0,-2757000000.0,-1000000.0,-1351000000.0,-3649000000.0,-1861000000.0,-6861000000.0,97000000.0,982000000.0,4199000000.0,-192000000.0,1891000000.0,1891000000.0,1891000000.0,0.0,-1000000.0,0.115,4846000000.0,2587000000.0,10344000000.0,0.982,3.712,20.132,20.816,20600000000.0,0.0,78.06,2.937,2.937,4686000000.0,98641000000.0,16503000000.0,16503000000.0,0.0,,,,,146000000.0,4846000000.0,1.0,2514599476.0,2514599476.0,,6.563,49233000000.0,0.0,399000000.0,6163000000.0,19.579,-4917000000.0
14,PG,MRQ,2018-03-31,2018-03-31,2018-03-31,2021-10-19,-13891000000.0,124369000000.0,,27960000000.0,96409000000.0,,20.769,-910000000.0,5326000000.0,5326000000.0,8384000000.0,2540000000.0,0.91,1.263,35299000000.0,12862000000.0,22437000000.0,35299000000.0,0.0,716000000.0,0.0,0.035,0.69,3357000000.0,4073000000.0,0.25,4073000000.0,3357000000.0,3224000000.0,0.97,0.95,0.97,54946000000.0,,54946000000.0,230166173812.0,16.0,13.417,2443000000.0,0.923,1.0,7897000000.0,0.485,70304000000.0,133000000.0,53327000000.0,,5207000000.0,10208000000.0,10208000000.0,0.0,69423000000.0,30711000000.0,38712000000.0,199865173812.0,-2106000000.0,-7000000.0,-921000000.0,-2904000000.0,-1813000000.0,-5638000000.0,97000000.0,969000000.0,3353000000.0,82000000.0,2511000000.0,2511000000.0,2511000000.0,0.0,29000000.0,0.154,4688000000.0,3209000000.0,9716000000.0,0.711,3.637,19.84,20.486,20925000000.0,0.0,79.28,3.01,3.158,5149000000.0,98623000000.0,16281000000.0,16281000000.0,0.0,,,,,92000000.0,4688000000.0,1.0,2521003706.0,2645600000.0,2645600000.0,6.154,54065000000.0,0.0,713000000.0,6083000000.0,20.436,-2751000000.0
15,PG,MRQ,2017-12-31,2017-12-31,2017-12-31,2021-10-19,-14171000000.0,126644000000.0,,31214000000.0,95430000000.0,,20.498,-768000000.0,7432000000.0,7432000000.0,8709000000.0,2561000000.0,0.943,1.314,37733000000.0,15547000000.0,22186000000.0,37733000000.0,0.0,676000000.0,0.0,0.03,0.69,4089000000.0,4765000000.0,0.274,4765000000.0,4089000000.0,3967000000.0,0.96,0.93,0.96,54721000000.0,,54721000000.0,262285708390.0,18.0,15.298,2916000000.0,1.092,1.0,8686000000.0,0.499,69848000000.0,122000000.0,53990000000.0,,5131000000.0,11326000000.0,11326000000.0,0.0,71923000000.0,33107000000.0,38816000000.0,233095708390.0,2408000000.0,-101000000.0,-1633000000.0,3294000000.0,-1813000000.0,-152000000.0,-1171000000.0,-383000000.0,3684000000.0,47000000.0,2495000000.0,2495000000.0,2495000000.0,0.0,66000000.0,0.143,4767000000.0,3919000000.0,9740000000.0,0.719,4.26,23.113,23.803,20420000000.0,0.0,91.88,3.546,3.732,5182000000.0,97881000000.0,17395000000.0,17395000000.0,0.0,,,,,73000000.0,4767000000.0,1.0,2536958080.0,2669600000.0,2669600000.0,6.516,56796000000.0,0.0,1472000000.0,6145000000.0,21.275,-1893000000.0
16,PG,MRQ,2017-09-30,2017-09-30,2017-09-30,2021-10-19,-14292000000.0,122851000000.0,,28096000000.0,94755000000.0,,20.596,-1132000000.0,5024000000.0,5024000000.0,8269000000.0,2870000000.0,0.914,1.217,34214000000.0,14026000000.0,20188000000.0,34214000000.0,0.0,692000000.0,0.0,0.03,0.69,3849000000.0,4541000000.0,0.273,4541000000.0,3849000000.0,3734000000.0,1.09,1.06,1.09,55415000000.0,,55415000000.0,258023294645.0,14.0,11.847,2499000000.0,0.929,1.0,8384000000.0,0.503,69451000000.0,115000000.0,51866000000.0,,5023000000.0,10983000000.0,10983000000.0,0.0,67436000000.0,30724000000.0,36712000000.0,232000294645.0,-545000000.0,0.0,-1922000000.0,2021000000.0,-1823000000.0,-1724000000.0,-2534000000.0,-1522000000.0,3631000000.0,82000000.0,2853000000.0,2853000000.0,2853000000.0,0.0,17000000.0,0.171,4736000000.0,3648000000.0,9458000000.0,0.633,4.187,15.002,15.394,20108000000.0,0.0,90.98,3.559,3.755,4942000000.0,97197000000.0,16653000000.0,16653000000.0,0.0,,,,,84000000.0,4736000000.0,1.0,2550014230.0,2690600000.0,2690600000.0,6.189,53400000000.0,0.0,881000000.0,8481000000.0,19.847,-2628000000.0
17,PG,MRQ,2017-06-30,2017-06-30,2017-06-30,2021-10-19,-14632000000.0,120406000000.0,,26494000000.0,93912000000.0,,21.809,-1154000000.0,5569000000.0,5569000000.0,8402000000.0,2202000000.0,0.877,1.159,31592000000.0,13554000000.0,18038000000.0,31592000000.0,0.0,720000000.0,0.0,0.031,0.69,3056000000.0,3776000000.0,0.235,3776000000.0,3056000000.0,2940000000.0,0.85,0.83,0.85,55778000000.0,,55778000000.0,247493093914.0,13.0,11.419,2534000000.0,0.991,1.0,7677000000.0,0.477,68886000000.0,116000000.0,47333000000.0,,4624000000.0,9568000000.0,9568000000.0,0.0,64628000000.0,30210000000.0,34418000000.0,222896093914.0,-1244000000.0,-996000000.0,-625000000.0,222000000.0,-1826000000.0,-2229000000.0,-2862000000.0,-872000000.0,3688000000.0,159000000.0,2215000000.0,2215000000.0,2215000000.0,0.0,-13000000.0,0.138,4917000000.0,2760000000.0,9632000000.0,0.812,3.996,14.544,15.026,19893000000.0,0.0,87.15,3.426,3.426,4594000000.0,96124000000.0,16079000000.0,16079000000.0,0.0,,,,,154000000.0,4917000000.0,1.0,2557614388.0,2557614388.0,,6.287,51520000000.0,0.0,725000000.0,8126000000.0,20.144,-3716000000.0
18,PG,MRQ,2017-03-31,2017-03-31,2017-03-31,2021-10-19,-15955000000.0,118091000000.0,,25885000000.0,92206000000.0,,20.162,-801000000.0,5817000000.0,5817000000.0,7836000000.0,2556000000.0,0.89,1.165,30414000000.0,13781000000.0,16633000000.0,30414000000.0,0.0,665000000.0,0.0,0.03,0.669,3398000000.0,4063000000.0,0.26,4063000000.0,3398000000.0,3302000000.0,0.96,0.93,0.96,54548000000.0,,54548000000.0,253115478217.0,14.0,11.764,2239000000.0,0.828,1.0,7769000000.0,0.498,67835000000.0,96000000.0,45771000000.0,,4754000000.0,8510000000.0,8510000000.0,0.0,63543000000.0,29082000000.0,34461000000.0,229699478217.0,-234000000.0,0.0,-677000000.0,850000000.0,-1773000000.0,-1600000000.0,-1802000000.0,-1132000000.0,3040000000.0,128000000.0,2522000000.0,2522000000.0,2522000000.0,0.0,34000000.0,0.162,4409000000.0,3360000000.0,8076000000.0,0.697,4.211,15.25,15.847,19219000000.0,0.0,89.85,3.529,3.735,4358000000.0,95736000000.0,15605000000.0,15605000000.0,0.0,,,,,93000000.0,4409000000.0,1.0,2556477220.0,2705500000.0,2705500000.0,5.768,50256000000.0,0.0,780000000.0,8644000000.0,18.575,-3197000000.0
19,PG,MRQ,2016-12-31,2016-12-31,2016-12-31,2021-10-19,-16522000000.0,117033000000.0,,25572000000.0,91461000000.0,,19.632,-745000000.0,6051000000.0,6051000000.0,8298000000.0,7896000000.0,0.885,1.178,29467000000.0,13007000000.0,16460000000.0,29467000000.0,0.0,707000000.0,0.0,0.032,0.669,8692000000.0,9399000000.0,0.558,9399000000.0,8692000000.0,8570000000.0,3.01,2.88,3.01,53744000000.0,,53744000000.0,246796451418.0,13.0,11.206,2255000000.0,0.824,1.0,8558000000.0,0.508,67643000000.0,122000000.0,43915000000.0,,4787000000.0,7403000000.0,7403000000.0,0.0,63289000000.0,28891000000.0,34398000000.0,224997451418.0,-1405000000.0,1741000000.0,-1364000000.0,-1082000000.0,-1786000000.0,-4232000000.0,100000000.0,-993000000.0,3000000000.0,-273000000.0,7875000000.0,7875000000.0,7875000000.0,-5335000000.0,21000000.0,0.467,4683000000.0,3875000000.0,8300000000.0,0.222,4.186,14.715,14.725,18778000000.0,0.0,84.08,3.449,3.529,4729000000.0,94945000000.0,16856000000.0,16856000000.0,0.0,,,,,60000000.0,4683000000.0,1.0,2675992524.0,2737600000.0,2737600000.0,6.157,49390000000.0,0.0,695000000.0,8692000000.0,18.041,-3319000000.0
20,PG,MRQ,2016-09-30,2016-09-30,2016-09-30,2021-10-19,-15943000000.0,129043000000.0,,35171000000.0,93872000000.0,,20.883,-684000000.0,9326000000.0,9326000000.0,8102000000.0,2757000000.0,1.085,1.189,31125000000.0,12215000000.0,18910000000.0,31125000000.0,0.0,728000000.0,0.0,0.03,0.669,3708000000.0,4436000000.0,0.269,4436000000.0,3708000000.0,3577000000.0,0.99,0.96,0.99,58951000000.0,,58951000000.0,263016413469.0,18.0,14.949,2341000000.0,0.829,1.0,8416000000.0,0.51,68887000000.0,131000000.0,49554000000.0,,4999000000.0,6615000000.0,6615000000.0,0.0,70092000000.0,32401000000.0,37691000000.0,239520413469.0,354000000.0,-1236000000.0,-65000000.0,1409000000.0,-1851000000.0,-507000000.0,-2121000000.0,-384000000.0,3025000000.0,-43000000.0,2714000000.0,2714000000.0,2714000000.0,118000000.0,43000000.0,0.164,4645000000.0,3771000000.0,9024000000.0,0.676,4.063,22.552,23.251,19310000000.0,0.0,89.75,3.669,3.88,4713000000.0,88855000000.0,16518000000.0,16518000000.0,0.0,,,,,44000000.0,4645000000.0,1.0,2668751125.0,2822900000.0,2822900000.0,5.851,60156000000.0,0.0,863000000.0,8515000000.0,21.31,2770000000.0
21,PG,MRQ,2016-06-30,2016-06-30,2016-06-30,2021-10-19,-15907000000.0,127136000000.0,,33782000000.0,93354000000.0,,21.783,-1291000000.0,7102000000.0,7102000000.0,8382000000.0,1958000000.0,1.098,1.193,30598000000.0,11653000000.0,18945000000.0,30598000000.0,0.0,839000000.0,0.0,0.031,0.669,2779000000.0,3618000000.0,0.225,3618000000.0,2779000000.0,2629000000.0,0.71,0.69,0.71,57983000000.0,,57983000000.0,250298997410.0,17.0,14.297,2848000000.0,1.07,1.0,7720000000.0,0.479,68877000000.0,150000000.0,50985000000.0,,4716000000.0,6246000000.0,6246000000.0,0.0,69153000000.0,30770000000.0,38383000000.0,225378997410.0,-793000000.0,-1000000.0,148000000.0,-1956000000.0,-1847000000.0,-3655000000.0,-1192000000.0,-218000000.0,4139000000.0,-85000000.0,1951000000.0,1951000000.0,1951000000.0,50000000.0,7000000.0,0.121,5218000000.0,2502000000.0,9325000000.0,0.942,3.887,21.448,22.282,19385000000.0,0.0,84.67,3.451,3.451,4373000000.0,87953000000.0,16102000000.0,16102000000.0,0.0,,,,,119000000.0,5218000000.0,1.0,2661851865.0,2661851865.0,,6.049,58259000000.0,1507000000.0,678000000.0,9113000000.0,21.887,3012000000.0
22,PG,MRQ,2016-03-31,2016-03-31,2016-03-31,2021-10-19,-13642000000.0,127508000000.0,,34317000000.0,93191000000.0,,21.112,-800000000.0,7895000000.0,7895000000.0,7915000000.0,2783000000.0,1.094,1.13,32815000000.0,13681000000.0,19134000000.0,32815000000.0,0.0,785000000.0,0.0,0.032,0.663,3785000000.0,4570000000.0,0.29,4570000000.0,3785000000.0,3639000000.0,1.0,0.97,1.0,59853000000.0,,59853000000.0,244735791244.0,19.0,15.358,2478000000.0,0.874,1.0,7840000000.0,0.498,69308000000.0,146000000.0,51763000000.0,,4957000000.0,5924000000.0,5924000000.0,0.0,67655000000.0,31357000000.0,36298000000.0,222612791244.0,-1508000000.0,-1138000000.0,16000000.0,1739000000.0,-1856000000.0,-1831000000.0,-2944000000.0,-1040000000.0,3278000000.0,-11000000.0,2750000000.0,2750000000.0,2750000000.0,-446000000.0,33000000.0,0.175,4522000000.0,3318000000.0,7795000000.0,0.663,3.719,24.522,25.248,19186000000.0,0.0,82.31,3.386,3.549,4591000000.0,87849000000.0,15755000000.0,15755000000.0,0.0,,,,,76000000.0,4522000000.0,1.0,2704565560.0,2835000000.0,2835000000.0,5.557,58200000000.0,1189000000.0,889000000.0,9161000000.0,20.529,2960000000.0
23,PG,MRQ,2015-12-31,2015-12-31,2015-12-31,2021-10-19,-14334000000.0,129143000000.0,,36347000000.0,92796000000.0,,21.749,-691000000.0,9403000000.0,9403000000.0,8460000000.0,3228000000.0,1.134,1.073,31526000000.0,13931000000.0,17595000000.0,31526000000.0,0.0,723000000.0,0.0,0.033,0.663,4247000000.0,4970000000.0,0.294,4970000000.0,4247000000.0,4104000000.0,1.16,1.12,1.16,62302000000.0,,62302000000.0,238822681522.0,20.0,15.901,3789000000.0,1.323,1.0,8455000000.0,0.5,68652000000.0,143000000.0,50561000000.0,,5125000000.0,4874000000.0,4874000000.0,0.0,66841000000.0,32053000000.0,34788000000.0,216040681522.0,1698000000.0,-186000000.0,-1477000000.0,1589000000.0,-1868000000.0,-1756000000.0,-893000000.0,-58000000.0,4480000000.0,-133000000.0,3206000000.0,3206000000.0,3206000000.0,-323000000.0,22000000.0,0.19,4602000000.0,3853000000.0,7717000000.0,0.572,3.468,25.473,26.208,18910000000.0,0.0,79.41,3.228,3.399,4721000000.0,86917000000.0,16915000000.0,16915000000.0,0.0,,,,,73000000.0,4602000000.0,1.0,2720572743.0,2864600000.0,2864600000.0,5.905,60491000000.0,1173000000.0,898000000.0,9257000000.0,21.117,4294000000.0
24,PG,MRQ,2015-09-30,2015-09-30,2015-09-30,2021-10-19,-13746000000.0,129265000000.0,,35620000000.0,93645000000.0,,21.954,-532000000.0,7705000000.0,7705000000.0,8152000000.0,2635000000.0,1.128,1.053,30487000000.0,13093000000.0,17394000000.0,30487000000.0,0.0,731000000.0,0.0,0.036,0.663,3618000000.0,4349000000.0,0.263,4349000000.0,3618000000.0,3478000000.0,0.93,0.91,0.93,62954000000.0,,62954000000.0,218646691072.0,20.0,15.479,3006000000.0,1.048,1.0,8375000000.0,0.507,69327000000.0,140000000.0,51153000000.0,,5239000000.0,4901000000.0,4901000000.0,0.0,66311000000.0,31567000000.0,34744000000.0,195141691072.0,869000000.0,0.0,-19000000.0,-87000000.0,-1865000000.0,-1971000000.0,-546000000.0,-52000000.0,3538000000.0,-152000000.0,2601000000.0,2601000000.0,2601000000.0,142000000.0,34000000.0,0.157,4607000000.0,3768000000.0,7758000000.0,0.713,3.1,25.519,26.449,19081000000.0,0.0,71.94,2.849,3.011,4724000000.0,85579000000.0,16527000000.0,16527000000.0,0.0,,,,,67000000.0,4607000000.0,1.0,2712561733.0,2867500000.0,2867500000.0,5.764,59938000000.0,1334000000.0,877000000.0,9224000000.0,20.903,4053000000.0
25,PG,MRQ,2015-06-30,2015-06-30,2015-06-30,2021-10-19,-12780000000.0,129495000000.0,,29646000000.0,99849000000.0,,23.24,-1274000000.0,6836000000.0,6836000000.0,8837000000.0,538000000.0,0.995,1.054,30345000000.0,12018000000.0,18327000000.0,30345000000.0,0.0,808000000.0,0.0,0.033,0.663,1238000000.0,2046000000.0,0.124,2046000000.0,1238000000.0,1090000000.0,0.17,0.18,0.17,63050000000.0,,63050000000.0,236329774962.0,23.0,17.479,2714000000.0,1.0,1.0,7716000000.0,0.466,69632000000.0,148000000.0,53582000000.0,,4979000000.0,4767000000.0,4767000000.0,0.0,66445000000.0,29790000000.0,36655000000.0,212264774962.0,-1528000000.0,-926000000.0,-188000000.0,-2317000000.0,-1871000000.0,-4376000000.0,-1180000000.0,237000000.0,3988000000.0,40000000.0,521000000.0,521000000.0,521000000.0,-42000000.0,17000000.0,0.031,6904000000.0,812000000.0,8138000000.0,3.9,3.367,30.168,31.296,19655000000.0,0.0,78.24,3.0,3.0,4568000000.0,84807000000.0,16553000000.0,16553000000.0,0.0,,,,,106000000.0,4876000000.0,1.0,2712995590.0,2712995590.0,,6.101,59863000000.0,1356000000.0,569000000.0,9179000000.0,22.065,-144000000.0
26,PG,MRQ,2015-03-31,2015-03-31,2015-03-31,2021-10-19,-13851000000.0,130937000000.0,,31562000000.0,99375000000.0,,21.988,-820000000.0,8374000000.0,8374000000.0,8927000000.0,2188000000.0,0.99,1.066,32439000000.0,15075000000.0,17364000000.0,32439000000.0,0.0,786000000.0,0.0,0.031,0.644,2868000000.0,3654000000.0,0.216,3654000000.0,2868000000.0,2720000000.0,0.77,0.75,0.77,63380000000.0,,63380000000.0,247528779076.0,20.0,15.989,2732000000.0,0.948,1.0,8003000000.0,0.473,73764000000.0,148000000.0,49357000000.0,,5893000000.0,4786000000.0,4786000000.0,0.0,67557000000.0,31881000000.0,35676000000.0,221279779076.0,170000000.0,-7000000.0,654000000.0,-1190000000.0,-1802000000.0,-2338000000.0,-841000000.0,-81000000.0,3552000000.0,-203000000.0,2153000000.0,2153000000.0,2153000000.0,213000000.0,35000000.0,0.127,4978000000.0,3025000000.0,7285000000.0,0.836,3.491,24.333,25.135,20043000000.0,0.0,81.94,3.269,3.49,4990000000.0,86157000000.0,16930000000.0,16930000000.0,0.0,,,,,80000000.0,4978000000.0,1.0,2700509874.0,2882500000.0,2882500000.0,5.873,57173000000.0,820000000.0,567000000.0,9808000000.0,19.835,-319000000.0
27,PG,MRQ,2014-12-31,2014-12-31,2014-12-31,2021-10-19,-11317000000.0,136263000000.0,,33178000000.0,103085000000.0,,22.464,-832000000.0,8204000000.0,8204000000.0,9558000000.0,2398000000.0,0.971,1.102,34453000000.0,16329000000.0,18124000000.0,34453000000.0,0.0,746000000.0,0.0,0.028,0.644,3330000000.0,4076000000.0,0.22,4076000000.0,3330000000.0,3170000000.0,0.85,0.82,0.85,64812000000.0,,64812000000.0,271881995389.0,21.0,16.939,2603000000.0,0.902,1.0,8937000000.0,0.483,76442000000.0,160000000.0,51918000000.0,,6477000000.0,4047000000.0,4047000000.0,0.0,71451000000.0,34152000000.0,37299000000.0,246135995389.0,718000000.0,-97000000.0,-832000000.0,1350000000.0,-1808000000.0,-1290000000.0,-1311000000.0,-1082000000.0,3435000000.0,-116000000.0,2372000000.0,2372000000.0,2372000000.0,276000000.0,26000000.0,0.128,5358000000.0,3579000000.0,7733000000.0,0.758,3.798,25.773,26.557,20745000000.0,0.0,91.09,3.497,3.733,5802000000.0,85770000000.0,18495000000.0,18495000000.0,0.0,,,,,70000000.0,5358000000.0,1.0,2702118733.0,2885200000.0,2885200000.0,6.41,59821000000.0,816000000.0,798000000.0,9552000000.0,20.734,-974000000.0
28,PG,MRQ,2014-09-30,2014-09-30,2014-09-30,2021-10-19,-9811000000.0,138183000000.0,,29107000000.0,109076000000.0,,23.14,-810000000.0,7486000000.0,7486000000.0,9734000000.0,2020000000.0,0.908,1.068,33232000000.0,14228000000.0,19004000000.0,33232000000.0,0.0,794000000.0,0.0,0.03,0.644,2951000000.0,3745000000.0,0.2,3745000000.0,2951000000.0,2781000000.0,0.71,0.69,0.71,66829000000.0,,66829000000.0,253597806700.0,18.0,14.72,2823000000.0,0.977,1.0,9037000000.0,0.481,81571000000.0,170000000.0,50287000000.0,,7100000000.0,3360000000.0,3360000000.0,0.0,71354000000.0,32071000000.0,39283000000.0,226738806700.0,-1072000000.0,-15000000.0,-1412000000.0,-1797000000.0,-1806000000.0,-5015000000.0,442000000.0,-1681000000.0,3633000000.0,-132000000.0,1990000000.0,1990000000.0,1990000000.0,696000000.0,30000000.0,0.106,5404000000.0,3633000000.0,8280000000.0,0.907,3.393,21.378,21.921,21799000000.0,0.0,83.74,3.106,3.313,6197000000.0,85207000000.0,18771000000.0,18771000000.0,0.0,,,,,81000000.0,5404000000.0,1.0,2707652337.0,2888000000.0,2888000000.0,6.5,56612000000.0,916000000.0,791000000.0,10271000000.0,19.602,-2964000000.0
29,PG,MRQ,2014-06-30,2014-06-30,2014-06-30,2021-10-19,-7662000000.0,144266000000.0,,31617000000.0,112649000000.0,,25.86,-1241000000.0,8558000000.0,8558000000.0,8308000000.0,2620000000.0,0.937,1.062,35417000000.0,15606000000.0,19811000000.0,35417000000.0,0.0,824000000.0,0.0,0.031,0.644,3182000000.0,4006000000.0,0.297,4006000000.0,3182000000.0,3004000000.0,0.93,0.89,0.93,69976000000.0,,69976000000.0,240844418091.0,16.0,13.129,3265000000.0,1.207,1.0,5179000000.0,0.384,84547000000.0,178000000.0,52852000000.0,,6759000000.0,2128000000.0,2128000000.0,0.0,74290000000.0,33726000000.0,40564000000.0,212661418091.0,383000000.0,-27000000.0,50000000.0,-992000000.0,-1814000000.0,-2756000000.0,-1402000000.0,-644000000.0,4506000000.0,35000000.0,2579000000.0,2579000000.0,2579000000.0,-724000000.0,41000000.0,0.191,2847000000.0,2332000000.0,8461000000.0,0.692,3.039,18.265,18.757,22304000000.0,0.0,78.59,2.858,2.858,6386000000.0,84990000000.0,13487000000.0,13487000000.0,0.0,,,,,113000000.0,2847000000.0,1.0,2705960276.0,2705960276.0,,4.984,59719000000.0,1092000000.0,425000000.0,10218000000.0,22.069,-2109000000.0
30,PG,MRQ,2014-03-31,2014-03-31,2014-03-31,2021-10-19,-6635000000.0,143197000000.0,,28126000000.0,115071000000.0,,24.201,-944000000.0,8182000000.0,8182000000.0,10040000000.0,2636000000.0,0.876,1.044,36365000000.0,15528000000.0,20837000000.0,36365000000.0,0.0,791000000.0,0.0,0.03,0.602,3433000000.0,4224000000.0,0.215,4224000000.0,3433000000.0,3253000000.0,0.94,0.9,0.94,70041000000.0,,70041000000.0,247218497777.0,17.0,14.024,3165000000.0,1.094,1.0,9601000000.0,0.489,87532000000.0,180000000.0,51730000000.0,,7227000000.0,1570000000.0,1570000000.0,0.0,73156000000.0,32118000000.0,41038000000.0,218539497777.0,1253000000.0,2000000.0,-894000000.0,696000000.0,-1688000000.0,-1886000000.0,-902000000.0,-12000000.0,4109000000.0,-68000000.0,2609000000.0,2609000000.0,2609000000.0,-105000000.0,27000000.0,0.133,6295000000.0,3306000000.0,7512000000.0,0.64,3.12,19.978,20.509,22274000000.0,0.0,80.6,2.796,2.984,6353000000.0,84220000000.0,19641000000.0,19641000000.0,0.0,,,,,94000000.0,6295000000.0,1.0,2711408161.0,2894100000.0,2894100000.0,6.787,55665000000.0,1255000000.0,644000000.0,10913000000.0,19.234,-3992000000.0
31,PG,MRQ,2013-12-31,2013-12-31,2013-12-31,2021-10-19,-6366000000.0,142927000000.0,,27467000000.0,115460000000.0,,24.115,-938000000.0,6929000000.0,6929000000.0,10474000000.0,3472000000.0,0.894,1.038,35608000000.0,14091000000.0,21517000000.0,35608000000.0,0.0,755000000.0,0.0,0.029,0.602,4498000000.0,5253000000.0,0.249,5253000000.0,4498000000.0,4313000000.0,1.24,1.18,1.24,70138000000.0,,70138000000.0,249949163648.0,17.0,14.226,2361000000.0,0.812,1.0,10625000000.0,0.504,87888000000.0,185000000.0,52991000000.0,,7379000000.0,1574000000.0,1574000000.0,0.0,72789000000.0,30727000000.0,42062000000.0,221291163648.0,807000000.0,0.0,-869000000.0,904000000.0,-1701000000.0,-1666000000.0,-950000000.0,-25000000.0,3299000000.0,124000000.0,3428000000.0,3428000000.0,3428000000.0,-175000000.0,44000000.0,0.162,6323000000.0,4302000000.0,7156000000.0,0.485,3.155,20.309,20.821,22152000000.0,0.0,81.41,2.797,2.992,6911000000.0,83280000000.0,21099000000.0,21099000000.0,0.0,,,,,69000000.0,6323000000.0,1.0,2718230729.0,2908500000.0,2908500000.0,7.254,55039000000.0,1173000000.0,885000000.0,10809000000.0,18.924,-3260000000.0
32,PG,MRQ,2013-09-30,2013-09-30,2013-09-30,2021-10-19,-6731000000.0,141125000000.0,,26322000000.0,114803000000.0,,23.532,-725000000.0,6122000000.0,6122000000.0,10574000000.0,3057000000.0,0.792,1.051,34780000000.0,16300000000.0,18480000000.0,34780000000.0,0.0,771000000.0,0.0,0.031,0.602,4134000000.0,4905000000.0,0.235,4905000000.0,4134000000.0,3969000000.0,1.09,1.04,1.09,68816000000.0,,68816000000.0,232618909370.0,15.0,12.627,1319000000.0,0.451,1.0,10256000000.0,0.492,87589000000.0,165000000.0,48977000000.0,,7394000000.0,1580000000.0,1580000000.0,0.0,72309000000.0,33217000000.0,39092000000.0,207022909370.0,175000000.0,1000000.0,-2198000000.0,2935000000.0,-1708000000.0,-971000000.0,-846000000.0,-124000000.0,2044000000.0,-52000000.0,3027000000.0,3027000000.0,3027000000.0,-18000000.0,30000000.0,0.145,6136000000.0,4120000000.0,7489000000.0,0.552,3.008,17.963,18.303,21876000000.0,0.0,75.59,2.581,2.756,6555000000.0,81534000000.0,20830000000.0,20830000000.0,0.0,,,,,84000000.0,6136000000.0,1.0,2738760542.0,2924300000.0,2924300000.0,7.123,53536000000.0,1095000000.0,942000000.0,10853000000.0,18.307,-6895000000.0
33,PG,MRQ,2013-06-30,2013-06-30,2013-06-30,2021-10-19,-7499000000.0,139263000000.0,,23990000000.0,115273000000.0,,25.069,-1582000000.0,5947000000.0,5947000000.0,8417000000.0,1882000000.0,0.799,1.027,31543000000.0,12432000000.0,19111000000.0,31543000000.0,0.0,794000000.0,0.0,0.03,0.602,2452000000.0,3246000000.0,0.195,3246000000.0,2452000000.0,2289000000.0,0.66,0.64,0.66,68709000000.0,,68709000000.0,237359139370.0,16.0,13.051,2810000000.0,1.025,1.0,8187000000.0,0.493,86760000000.0,163000000.0,48062000000.0,,6909000000.0,0.0,0.0,0.0,70554000000.0,30037000000.0,40517000000.0,211012139370.0,71000000.0,3000000.0,-282000000.0,-671000000.0,-1722000000.0,-2675000000.0,-1620000000.0,-66000000.0,4392000000.0,-26000000.0,1875000000.0,1875000000.0,1875000000.0,-449000000.0,7000000.0,0.113,6218000000.0,1969000000.0,8777000000.0,0.912,3.071,18.654,19.057,21666000000.0,0.0,76.99,2.634,2.634,6508000000.0,80197000000.0,16604000000.0,16604000000.0,0.0,,,,,96000000.0,5910000000.0,1.0,2740773339.0,2740773339.0,,6.058,52503000000.0,948000000.0,414000000.0,10827000000.0,19.156,-6047000000.0
34,PG,MRQ,2013-03-31,2013-03-31,2013-03-31,2021-10-19,-8282000000.0,139131000000.0,,24298000000.0,114833000000.0,,23.187,-897000000.0,5876000000.0,5876000000.0,10344000000.0,2591000000.0,0.886,1.047,32223000000.0,11098000000.0,21125000000.0,32223000000.0,0.0,740000000.0,0.0,0.029,0.562,3426000000.0,4166000000.0,0.202,4166000000.0,3426000000.0,3263000000.0,0.92,0.88,0.92,67953000000.0,,67953000000.0,237284029297.0,14.0,11.786,2965000000.0,1.012,1.0,10254000000.0,0.498,86806000000.0,163000000.0,51260000000.0,,7240000000.0,0.0,0.0,0.0,71178000000.0,27412000000.0,43766000000.0,210501029297.0,-767000000.0,-25000000.0,67000000.0,-806000000.0,-1591000000.0,-2330000000.0,-2318000000.0,-1481000000.0,3862000000.0,19000000.0,2566000000.0,2566000000.0,2566000000.0,0.0,25000000.0,0.125,6849000000.0,3405000000.0,7422000000.0,0.611,3.098,16.108,16.466,21191000000.0,0.0,77.06,2.566,2.752,6669000000.0,80035000000.0,20598000000.0,20598000000.0,0.0,,,,,96000000.0,6849000000.0,1.0,2731651042.0,2930700000.0,2930700000.0,7.028,52325000000.0,937000000.0,697000000.0,10725000000.0,17.854,-3114000000.0
35,PG,MRQ,2012-12-31,2012-12-31,2012-12-31,2021-10-19,-7694000000.0,139903000000.0,,25601000000.0,114302000000.0,,23.063,-724000000.0,6643000000.0,6643000000.0,10880000000.0,4076000000.0,0.976,1.078,33426000000.0,9819000000.0,23607000000.0,33426000000.0,0.0,738000000.0,0.0,0.033,0.562,5368000000.0,6106000000.0,0.275,6106000000.0,5368000000.0,5199000000.0,1.46,1.39,1.46,67323000000.0,,67323000000.0,212201911361.0,12.0,10.463,3125000000.0,1.071,1.0,11295000000.0,0.509,87834000000.0,169000000.0,52622000000.0,,7219000000.0,0.0,0.0,0.0,72580000000.0,26230000000.0,46350000000.0,185626911361.0,1341000000.0,-1135000000.0,-689000000.0,1455000000.0,-1601000000.0,-835000000.0,-1618000000.0,-167000000.0,3849000000.0,-55000000.0,4057000000.0,4057000000.0,4057000000.0,0.0,19000000.0,0.183,6803000000.0,4492000000.0,7157000000.0,0.385,2.757,14.375,14.727,21204000000.0,0.0,67.89,2.274,2.427,7183000000.0,79045000000.0,22175000000.0,22175000000.0,0.0,,,,,75000000.0,6803000000.0,1.0,2734230540.0,2919100000.0,2919100000.0,7.597,52069000000.0,983000000.0,1142000000.0,10567000000.0,17.837,-629000000.0
36,PG,MRQ,2012-09-30,2012-09-30,2012-09-30,2021-10-19,-8179000000.0,135888000000.0,,24124000000.0,111764000000.0,,22.154,-805000000.0,5302000000.0,5302000000.0,10350000000.0,2853000000.0,0.969,1.092,31877000000.0,8314000000.0,23563000000.0,31877000000.0,0.0,710000000.0,0.0,0.031,0.562,3959000000.0,4669000000.0,0.225,4669000000.0,3959000000.0,3787000000.0,1.0,0.96,1.0,64948000000.0,,64948000000.0,216378481817.0,15.0,12.186,1965000000.0,0.67,1.0,10389000000.0,0.501,85495000000.0,172000000.0,52070000000.0,,7332000000.0,0.0,0.0,0.0,70940000000.0,24898000000.0,46042000000.0,191036481817.0,866000000.0,12000000.0,-1633000000.0,2007000000.0,-1605000000.0,-1231000000.0,-739000000.0,-12000000.0,2770000000.0,66000000.0,2814000000.0,2814000000.0,2814000000.0,0.0,39000000.0,0.136,6438000000.0,3951000000.0,7498000000.0,0.562,2.941,18.115,18.545,20877000000.0,0.0,69.36,2.352,2.504,6993000000.0,76574000000.0,20739000000.0,20739000000.0,0.0,,,,,79000000.0,6438000000.0,1.0,2754274536.0,2931700000.0,2931700000.0,7.074,50393000000.0,1072000000.0,973000000.0,10164000000.0,17.189,-774000000.0
37,PG,MRQ,2012-06-30,2012-06-30,2012-06-30,2021-10-19,-9333000000.0,132244000000.0,,21910000000.0,110334000000.0,,23.37,-1301000000.0,4436000000.0,4436000000.0,9517000000.0,3667000000.0,0.88,1.065,29778000000.0,8698000000.0,21080000000.0,29778000000.0,0.0,777000000.0,0.0,0.035,0.562,4415000000.0,5192000000.0,0.28,5192000000.0,4415000000.0,4233000000.0,1.3,1.24,1.3,64035000000.0,,64035000000.0,196952490295.0,13.0,10.877,2672000000.0,0.975,1.0,9021000000.0,0.487,84761000000.0,182000000.0,47918000000.0,,6721000000.0,0.0,0.0,0.0,68209000000.0,24907000000.0,43302000000.0,167831490295.0,445000000.0,-130000000.0,289000000.0,-3325000000.0,-1618000000.0,-4654000000.0,1194000000.0,22000000.0,3973000000.0,-68000000.0,3631000000.0,3631000000.0,3631000000.0,-1621000000.0,36000000.0,0.196,6215000000.0,2806000000.0,7920000000.0,0.432,2.621,15.604,16.034,20377000000.0,0.0,61.25,2.047,2.047,6068000000.0,75349000000.0,18538000000.0,18538000000.0,0.0,,,,,100000000.0,6215000000.0,1.0,2740105964.0,2740105964.0,,6.765,47483000000.0,1001000000.0,602000000.0,10132000000.0,17.329,-2997000000.0
38,PG,MRQ,2012-03-31,2012-03-31,2012-03-31,2021-10-19,-5063000000.0,134605000000.0,,23108000000.0,111497000000.0,,22.435,-883000000.0,3991000000.0,3991000000.0,10237000000.0,2467000000.0,0.859,1.042,33112000000.0,11771000000.0,21341000000.0,33112000000.0,0.0,971000000.0,0.0,0.031,0.525,3344000000.0,4315000000.0,0.214,4315000000.0,3344000000.0,3165000000.0,0.85,0.82,0.85,65909000000.0,,65909000000.0,214097177894.0,15.0,12.57,2933000000.0,0.998,1.0,9957000000.0,0.493,86262000000.0,179000000.0,50560000000.0,,7239000000.0,0.0,0.0,0.0,68696000000.0,26904000000.0,41792000000.0,185123177894.0,-423000000.0,-6000000.0,-1409000000.0,-543000000.0,-1508000000.0,-3460000000.0,-818000000.0,19000000.0,3816000000.0,39000000.0,2411000000.0,2411000000.0,2411000000.0,-34000000.0,56000000.0,0.119,6658000000.0,3299000000.0,6684000000.0,0.618,2.809,19.214,19.768,20384000000.0,0.0,67.21,2.206,2.353,6200000000.0,73324000000.0,20194000000.0,20194000000.0,0.0,,,,,109000000.0,6636000000.0,1.0,2754399314.0,2937800000.0,2937800000.0,6.874,48343000000.0,1219000000.0,754000000.0,11297000000.0,16.456,-3796000000.0
39,PG,MRQ,2011-12-31,2011-12-31,2011-12-31,2021-10-19,-6374000000.0,134311000000.0,,23651000000.0,110660000000.0,,22.002,-947000000.0,4414000000.0,4414000000.0,10851000000.0,1713000000.0,0.794,1.07,33388000000.0,14118000000.0,19270000000.0,33388000000.0,0.0,713000000.0,0.0,0.031,0.525,2868000000.0,3581000000.0,0.165,3581000000.0,2868000000.0,2667000000.0,0.59,0.57,0.59,64900000000.0,,64900000000.0,213806566273.0,15.0,12.399,2381000000.0,0.807,1.0,10893000000.0,0.501,85632000000.0,201000000.0,47861000000.0,,7444000000.0,0.0,0.0,0.0,69411000000.0,29792000000.0,39619000000.0,183540566273.0,832000000.0,8000000.0,-67000000.0,-300000000.0,-1510000000.0,-1877000000.0,-610000000.0,96000000.0,3328000000.0,-9000000.0,1690000000.0,1690000000.0,1690000000.0,-41000000.0,23000000.0,0.078,8213000000.0,2680000000.0,6735000000.0,0.89,2.828,18.178,18.739,20372000000.0,0.0,66.71,2.195,2.353,6905000000.0,72407000000.0,21744000000.0,21744000000.0,0.0,,,,,88000000.0,6659000000.0,1.0,2751320136.0,2949700000.0,2949700000.0,7.372,48679000000.0,1096000000.0,977000000.0,11133000000.0,16.503,-6141000000.0
40,PG,MRQ,2011-09-30,2011-09-30,2011-09-30,2021-10-19,-4995000000.0,136617000000.0,,23125000000.0,113492000000.0,,22.281,-833000000.0,3582000000.0,3582000000.0,10806000000.0,3057000000.0,0.827,1.081,33848000000.0,11476000000.0,22372000000.0,33848000000.0,0.0,743000000.0,0.0,0.032,0.525,4276000000.0,5019000000.0,0.233,5019000000.0,4276000000.0,4069000000.0,1.08,1.03,1.08,65634000000.0,,65634000000.0,202849995002.0,13.0,10.88,1334000000.0,0.453,1.0,10724000000.0,0.498,87937000000.0,207000000.0,50978000000.0,,8001000000.0,0.0,0.0,0.0,70983000000.0,27968000000.0,43015000000.0,173603995002.0,814000000.0,-6000000.0,-1108000000.0,2192000000.0,-1503000000.0,-419000000.0,-859000000.0,-25000000.0,2167000000.0,-75000000.0,3024000000.0,3024000000.0,3024000000.0,-58000000.0,33000000.0,0.14,6474000000.0,4250000000.0,7290000000.0,0.486,2.645,14.787,15.261,20765000000.0,0.0,63.18,2.086,2.236,6584000000.0,72215000000.0,21530000000.0,21530000000.0,0.0,,,,,80000000.0,6474000000.0,1.0,2747768202.0,2945800000.0,2945800000.0,7.309,48680000000.0,1048000000.0,1045000000.0,11070000000.0,16.525,-4843000000.0
41,PG,MRQ,2011-06-30,2011-06-30,2011-06-30,2021-10-19,-2054000000.0,138354000000.0,,21970000000.0,116384000000.0,,24.362,-1240000000.0,2768000000.0,2768000000.0,10532000000.0,2539000000.0,0.805,1.035,32014000000.0,9981000000.0,22033000000.0,32014000000.0,0.0,735000000.0,0.0,0.031,0.525,3383000000.0,4118000000.0,0.201,4118000000.0,3383000000.0,3171000000.0,0.88,0.84,0.88,68001000000.0,,68001000000.0,205916552460.0,13.0,10.973,2638000000.0,0.945,1.0,9919000000.0,0.485,90182000000.0,212000000.0,50125000000.0,,7379000000.0,0.0,0.0,0.0,70353000000.0,27293000000.0,43060000000.0,177442552460.0,-178000000.0,15000000.0,-1991000000.0,553000000.0,-1530000000.0,-2968000000.0,-1113000000.0,-24000000.0,3878000000.0,25000000.0,2510000000.0,2510000000.0,2510000000.0,-71000000.0,29000000.0,0.123,6740000000.0,3179000000.0,8022000000.0,0.597,2.609,15.041,15.43,21293000000.0,0.0,63.57,2.188,2.188,6275000000.0,70682000000.0,20451000000.0,20451000000.0,0.0,,,,,119000000.0,6740000000.0,1.0,2791293888.0,2791293888.0,,7.327,48172000000.0,1140000000.0,661000000.0,11070000000.0,17.258,-5323000000.0
42,PG,MRQ,2011-03-31,2011-03-31,2011-03-31,2021-10-19,-3495000000.0,136538000000.0,,21814000000.0,114724000000.0,,22.483,-810000000.0,2946000000.0,2946000000.0,9789000000.0,2906000000.0,0.833,1.025,31420000000.0,9721000000.0,21699000000.0,31420000000.0,0.0,703000000.0,0.0,0.031,0.482,3823000000.0,4526000000.0,0.228,4526000000.0,3823000000.0,3621000000.0,1.01,0.96,1.01,67432000000.0,,67432000000.0,201754269760.0,13.0,11.079,3266000000.0,1.089,1.0,10104000000.0,0.508,89628000000.0,202000000.0,49209000000.0,,7619000000.0,0.0,0.0,0.0,69106000000.0,26175000000.0,42931000000.0,172528269760.0,-303000000.0,-54000000.0,-780000000.0,-1396000000.0,-1403000000.0,-3579000000.0,-828000000.0,-31000000.0,4076000000.0,28000000.0,2873000000.0,2873000000.0,2873000000.0,-47000000.0,33000000.0,0.144,6399000000.0,3705000000.0,6458000000.0,0.477,2.559,15.039,15.4,20521000000.0,0.0,61.6,2.186,2.341,6264000000.0,69692000000.0,19893000000.0,19893000000.0,0.0,,,,,115000000.0,6399000000.0,1.0,2800783600.0,2999300000.0,2999300000.0,6.633,46910000000.0,1099000000.0,748000000.0,10923000000.0,15.64,-4361000000.0
43,PG,MRQ,2010-12-31,2010-12-31,2010-12-31,2021-10-19,-5356000000.0,134273000000.0,,21830000000.0,112443000000.0,,21.57,-737000000.0,3249000000.0,3249000000.0,10287000000.0,3362000000.0,0.801,1.075,32475000000.0,11158000000.0,21317000000.0,32475000000.0,0.0,711000000.0,0.0,0.029,0.482,4270000000.0,4981000000.0,0.233,4981000000.0,4270000000.0,4061000000.0,1.17,1.11,1.17,64713000000.0,,64713000000.0,210445091801.0,14.0,11.395,2187000000.0,0.729,1.0,11060000000.0,0.518,88011000000.0,209000000.0,48247000000.0,,7423000000.0,0.0,0.0,0.0,69560000000.0,27241000000.0,42319000000.0,180072091801.0,646000000.0,-37000000.0,-191000000.0,-71000000.0,-1412000000.0,-1674000000.0,-613000000.0,153000000.0,2924000000.0,9000000.0,3333000000.0,3333000000.0,3333000000.0,0.0,29000000.0,0.156,6800000000.0,4260000000.0,6267000000.0,0.412,2.783,16.101,16.623,19952000000.0,0.0,64.33,2.303,2.468,6551000000.0,68212000000.0,21347000000.0,21347000000.0,0.0,,,,,93000000.0,6800000000.0,1.0,2799193095.0,3000200000.0,3000200000.0,7.115,46262000000.0,963000000.0,728000000.0,10867000000.0,15.42,-5411000000.0
44,PG,MRQ,2010-09-30,2010-09-30,2010-09-30,2021-10-19,-5007000000.0,133692000000.0,,20496000000.0,113196000000.0,,20.889,-519000000.0,2603000000.0,2603000000.0,9689000000.0,3081000000.0,0.742,1.115,32976000000.0,11512000000.0,21464000000.0,32976000000.0,0.0,689000000.0,0.0,0.031,0.482,4490000000.0,5179000000.0,0.257,5179000000.0,4490000000.0,4282000000.0,1.07,1.02,1.07,63201000000.0,,63201000000.0,197176337834.0,11.0,9.635,1933000000.0,0.639,1.0,10433000000.0,0.518,88540000000.0,208000000.0,47885000000.0,,7277000000.0,0.0,0.0,0.0,70491000000.0,27640000000.0,42851000000.0,170223337834.0,-276000000.0,-398000000.0,-2874000000.0,2395000000.0,-1422000000.0,-1901000000.0,-928000000.0,-25000000.0,2452000000.0,101000000.0,3081000000.0,3081000000.0,3081000000.0,0.0,0.0,0.153,5932000000.0,4501000000.0,6716000000.0,0.45,2.693,13.607,14.012,19877000000.0,0.0,59.97,2.186,2.33,6082000000.0,66282000000.0,20122000000.0,20122000000.0,0.0,,,,,87000000.0,5932000000.0,1.0,2838474868.0,3025600000.0,3025600000.0,6.651,45152000000.0,968000000.0,1201000000.0,10709000000.0,14.923,-7144000000.0
45,PG,MRQ,2010-06-30,2010-06-30,2010-06-30,2021-10-19,-7822000000.0,128172000000.0,,18782000000.0,109390000000.0,,21.334,-1087000000.0,2879000000.0,2879000000.0,8683000000.0,2295000000.0,0.773,1.086,29832000000.0,8472000000.0,21360000000.0,29832000000.0,0.0,780000000.0,0.0,0.03,0.482,2745000000.0,3525000000.0,0.201,3525000000.0,2745000000.0,2533000000.0,0.75,0.72,0.75,61439000000.0,,61439000000.0,197813655475.0,11.0,9.507,2285000000.0,0.793,1.0,8872000000.0,0.505,85648000000.0,212000000.0,45195000000.0,,6384000000.0,0.0,0.0,0.0,66733000000.0,24282000000.0,42451000000.0,172736655475.0,-2020000000.0,-360000000.0,-2456000000.0,137000000.0,-1457000000.0,-3776000000.0,-1567000000.0,-141000000.0,3372000000.0,-49000000.0,2185000000.0,2185000000.0,2185000000.0,-205000000.0,110000000.0,0.124,6211000000.0,2661000000.0,7251000000.0,0.643,2.812,13.563,13.884,19244000000.0,0.0,59.98,2.227,2.227,5335000000.0,64614000000.0,17555000000.0,17555000000.0,0.0,,,,,120000000.0,6211000000.0,1.0,2879904226.0,2879904226.0,,6.096,42524000000.0,990000000.0,348000000.0,10902000000.0,14.766,-5500000000.0
46,PG,MRQ,2010-03-31,2010-03-31,2010-03-31,2021-10-19,-4049000000.0,132986000000.0,,21490000000.0,111496000000.0,,21.513,-706000000.0,4899000000.0,4899000000.0,9225000000.0,2585000000.0,0.923,0.992,29976000000.0,7038000000.0,22938000000.0,29976000000.0,0.0,799000000.0,0.0,0.028,0.44,3985000000.0,4784000000.0,0.249,4784000000.0,3985000000.0,3762000000.0,0.88,0.83,0.88,66773000000.0,,66773000000.0,209732596200.0,11.0,9.674,4204000000.0,1.354,1.0,9953000000.0,0.519,87739000000.0,223000000.0,47052000000.0,,6750000000.0,0.0,0.0,0.0,66213000000.0,23272000000.0,42941000000.0,183773596200.0,769000000.0,5000000.0,-1790000000.0,-75000000.0,-1329000000.0,-3194000000.0,-676000000.0,17000000.0,4910000000.0,-271000000.0,2585000000.0,2585000000.0,2585000000.0,0.0,0.0,0.135,5985000000.0,3968000000.0,5785000000.0,0.5,2.752,14.113,14.347,19427000000.0,0.0,63.27,2.353,2.515,5860000000.0,63879000000.0,19178000000.0,19178000000.0,0.0,,,,,128000000.0,5985000000.0,1.0,2904592954.0,3103900000.0,3103900000.0,6.179,45247000000.0,1231000000.0,1177000000.0,11407000000.0,14.577,-1782000000.0
47,PG,MRQ,2009-12-31,2009-12-31,2009-12-31,2021-10-19,-2236000000.0,135293000000.0,,21761000000.0,113532000000.0,,22.109,-722000000.0,4130000000.0,4130000000.0,9736000000.0,4659000000.0,0.919,0.962,30089000000.0,7780000000.0,22309000000.0,30089000000.0,0.0,758000000.0,0.0,0.028,0.44,6218000000.0,6976000000.0,0.332,6976000000.0,6218000000.0,5994000000.0,1.58,1.49,1.58,68947000000.0,,68947000000.0,206246752913.0,11.0,9.641,2572000000.0,0.825,1.0,11291000000.0,0.537,89603000000.0,224000000.0,47973000000.0,,6864000000.0,0.0,0.0,0.0,66346000000.0,23676000000.0,42670000000.0,177144752913.0,-2164000000.0,-51000000.0,-1205000000.0,-5000000000.0,-1336000000.0,-7541000000.0,2024000000.0,-33000000.0,3294000000.0,59000000.0,4659000000.0,4659000000.0,4659000000.0,-1510000000.0,0.0,0.222,6636000000.0,4655000000.0,5433000000.0,0.278,2.569,13.574,13.748,19646000000.0,0.0,60.63,2.307,2.462,6544000000.0,62616000000.0,21027000000.0,21027000000.0,0.0,,,,,106000000.0,6636000000.0,1.0,2921734338.0,3118500000.0,3118500000.0,6.743,45690000000.0,1217000000.0,1335000000.0,11045000000.0,14.651,-1915000000.0
48,PG,MRQ,2009-09-30,2009-09-30,2009-09-30,2021-10-19,-1963000000.0,138381000000.0,,24517000000.0,113864000000.0,,21.555,-552000000.0,6294000000.0,6294000000.0,9398000000.0,3307000000.0,0.855,1.065,35396000000.0,12957000000.0,22439000000.0,35396000000.0,0.0,771000000.0,0.0,0.029,0.44,4751000000.0,5522000000.0,0.279,5522000000.0,4751000000.0,4464000000.0,1.11,1.06,1.11,67027000000.0,,67027000000.0,201253113144.0,11.0,9.395,4003000000.0,1.287,1.0,10409000000.0,0.526,89697000000.0,287000000.0,49112000000.0,,7050000000.0,0.0,0.0,0.0,71354000000.0,28674000000.0,42680000000.0,169062113144.0,1513000000.0,-19000000.0,109000000.0,-1576000000.0,-1336000000.0,-2803000000.0,-378000000.0,-16000000.0,4555000000.0,139000000.0,3307000000.0,3307000000.0,3307000000.0,-280000000.0,0.0,0.167,5961000000.0,4448000000.0,5581000000.0,0.396,2.522,12.621,12.843,19591000000.0,0.0,57.92,2.239,2.385,6239000000.0,59287000000.0,19807000000.0,19807000000.0,0.0,,,,,99000000.0,5961000000.0,1.0,2918890075.0,3109600000.0,3109600000.0,6.37,48684000000.0,1254000000.0,1157000000.0,10917000000.0,15.656,-4157000000.0
49,PG,MRQ,2009-06-30,2009-06-30,2009-06-30,2021-10-19,-3358000000.0,134833000000.0,,21905000000.0,112928000000.0,,21.746,-1080000000.0,4781000000.0,4781000000.0,9216000000.0,2471000000.0,0.709,1.127,36972000000.0,16320000000.0,20652000000.0,36972000000.0,0.0,854000000.0,0.0,0.032,0.44,3544000000.0,4398000000.0,0.243,4398000000.0,3544000000.0,3216000000.0,0.84,0.8,0.84,63382000000.0,,63382000000.0,183325261469.0,10.0,8.484,3916000000.0,1.344,1.0,8868000000.0,0.49,89118000000.0,328000000.0,47005000000.0,,6880000000.0,0.0,0.0,0.0,71451000000.0,30901000000.0,40550000000.0,148941261469.0,347000000.0,-53000000.0,93000000.0,-2373000000.0,-1336000000.0,-3616000000.0,-1092000000.0,50000000.0,4996000000.0,59000000.0,2471000000.0,2471000000.0,2471000000.0,-148000000.0,0.0,0.137,5488000000.0,3380000000.0,5980000000.0,0.524,2.35,11.085,11.381,19462000000.0,0.0,51.1,1.942,1.942,5836000000.0,57309000000.0,18084000000.0,18084000000.0,0.0,,,,,148000000.0,5488000000.0,1.0,2914701790.0,2914701790.0,,6.204,45715000000.0,1209000000.0,745000000.0,10752000000.0,15.684,-8996000000.0
50,PG,MRQ,2009-03-31,2009-03-31,2009-03-31,2021-10-19,-4323000000.0,132395000000.0,,22008000000.0,110387000000.0,,19.576,-737000000.0,4434000000.0,4434000000.0,9117000000.0,2613000000.0,0.67,1.178,38818000000.0,18366000000.0,20452000000.0,38818000000.0,0.0,725000000.0,0.0,0.034,0.4,3771000000.0,4496000000.0,0.252,4496000000.0,3771000000.0,3434000000.0,0.88,0.84,0.88,60775000000.0,,60775000000.0,174114622805.0,9.0,8.011,3546000000.0,1.142,1.0,8747000000.0,0.49,87445000000.0,337000000.0,46505000000.0,,7615000000.0,0.0,0.0,0.0,71620000000.0,32829000000.0,38791000000.0,138012622805.0,-1219000000.0,8000000.0,-1090000000.0,-2533000000.0,-1215000000.0,-4838000000.0,-586000000.0,64000000.0,4283000000.0,-78000000.0,2613000000.0,2613000000.0,2613000000.0,-184000000.0,0.0,0.146,5194000000.0,3553000000.0,5138000000.0,0.455,2.271,9.871,10.171,18531000000.0,0.0,47.09,1.792,1.899,5744000000.0,56167000000.0,17864000000.0,17864000000.0,0.0,,,,,145000000.0,5194000000.0,1.0,2930826562.0,3104600000.0,3104600000.0,5.754,44950000000.0,1497000000.0,821000000.0,12757000000.0,14.479,-10821000000.0
51,PG,MRQ,2008-12-31,2008-12-31,2008-12-31,2021-10-19,-2214000000.0,138263000000.0,,25475000000.0,112788000000.0,,19.683,-722000000.0,5653000000.0,5653000000.0,9799000000.0,5004000000.0,0.686,1.215,41755000000.0,21940000000.0,19815000000.0,41755000000.0,0.0,693000000.0,0.0,0.025,0.4,6313000000.0,7006000000.0,0.355,7006000000.0,6313000000.0,5959000000.0,1.68,1.58,1.68,62412000000.0,,62412000000.0,219521291817.0,12.0,9.938,1474000000.0,0.465,1.0,9964000000.0,0.504,89317000000.0,354000000.0,47907000000.0,,8383000000.0,0.0,0.0,0.0,75851000000.0,37141000000.0,38710000000.0,184576291817.0,1151000000.0,-31000000.0,-1186000000.0,1798000000.0,-1239000000.0,-627000000.0,-263000000.0,18000000.0,2196000000.0,-155000000.0,5004000000.0,5004000000.0,5004000000.0,-2191000000.0,0.0,0.253,5909000000.0,4055000000.0,5171000000.0,0.238,2.957,13.111,13.381,18969000000.0,0.0,61.82,2.332,2.476,6956000000.0,54764000000.0,19763000000.0,19763000000.0,0.0,,,,,97000000.0,5909000000.0,1.0,2985705141.0,3170800000.0,3170800000.0,6.233,48946000000.0,1682000000.0,955000000.0,12580000000.0,15.436,-11666000000.0
52,PG,MRQ,2008-09-30,2008-09-30,2008-09-30,2021-10-19,146000000.0,140679000000.0,,25069000000.0,115610000000.0,,19.93,-699000000.0,4502000000.0,4502000000.0,10558000000.0,3348000000.0,0.656,1.179,39447000000.0,21140000000.0,18307000000.0,39447000000.0,0.0,810000000.0,0.0,0.022,0.4,4899000000.0,5709000000.0,0.272,5709000000.0,4899000000.0,4560000000.0,1.1,1.03,1.1,64562000000.0,,64562000000.0,244813121673.0,14.0,11.831,2745000000.0,0.847,1.0,10425000000.0,0.497,91238000000.0,339000000.0,46145000000.0,,8847000000.0,0.0,0.0,0.0,76117000000.0,38241000000.0,37876000000.0,211461121673.0,1189000000.0,-292000000.0,-3506000000.0,3027000000.0,-1254000000.0,-1733000000.0,-412000000.0,34000000.0,3444000000.0,-110000000.0,3348000000.0,3348000000.0,3348000000.0,-233000000.0,0.0,0.16,6039000000.0,4386000000.0,6006000000.0,0.364,3.275,17.131,17.51,19724000000.0,0.0,69.69,2.629,2.807,7111000000.0,51000000000.0,20983000000.0,20983000000.0,0.0,,,,,126000000.0,6039000000.0,1.0,3034310829.0,3239500000.0,3239500000.0,6.477,49441000000.0,1547000000.0,1212000000.0,13178000000.0,15.262,-13172000000.0
53,PG,MRQ,2008-06-30,2008-06-30,2008-06-30,2021-10-19,3746000000.0,143992000000.0,,24515000000.0,119477000000.0,,22.763,-1194000000.0,3313000000.0,3313000000.0,10297000000.0,3016000000.0,0.792,1.072,36665000000.0,13084000000.0,23581000000.0,36665000000.0,0.0,896000000.0,0.0,0.024,0.4,3628000000.0,4524000000.0,0.246,4524000000.0,3628000000.0,3273000000.0,0.97,0.92,0.97,69494000000.0,,69494000000.0,218875025938.0,13.0,10.781,2619000000.0,0.858,1.0,8097000000.0,0.44,94000000000.0,355000000.0,52386000000.0,,8416000000.0,0.0,0.0,0.0,74498000000.0,30958000000.0,43540000000.0,185652025938.0,-424000000.0,-417000000.0,-1581000000.0,-55000000.0,-1270000000.0,-2906000000.0,-1304000000.0,138000000.0,3813000000.0,-27000000.0,3016000000.0,3016000000.0,3016000000.0,-573000000.0,0.0,0.164,5019000000.0,3078000000.0,6775000000.0,0.412,2.671,15.375,15.754,20640000000.0,0.0,60.81,2.342,2.342,6761000000.0,48986000000.0,18394000000.0,18394000000.0,0.0,,,,,159000000.0,5019000000.0,1.0,3052985133.0,3052985133.0,,6.025,49992000000.0,2012000000.0,257000000.0,11805000000.0,16.375,-6443000000.0
54,PG,MRQ,2008-03-31,2008-03-31,2008-03-31,2021-10-19,4146000000.0,145405000000.0,,25742000000.0,119663000000.0,,21.08,-668000000.0,3737000000.0,3737000000.0,9679000000.0,2710000000.0,0.823,1.089,36960000000.0,13287000000.0,23673000000.0,36960000000.0,0.0,767000000.0,0.0,0.02,0.35,4083000000.0,4850000000.0,0.242,4850000000.0,4083000000.0,3719000000.0,0.87,0.82,0.87,69589000000.0,,69589000000.0,247388299995.0,15.0,12.399,3447000000.0,1.044,1.0,10347000000.0,0.517,93950000000.0,364000000.0,53415000000.0,,8427000000.0,341000000.0,341000000.0,0.0,75816000000.0,31263000000.0,44553000000.0,215640299995.0,-1612000000.0,12000000.0,-2097000000.0,-2317000000.0,-1118000000.0,-5532000000.0,-330000000.0,314000000.0,4115000000.0,135000000.0,2710000000.0,2710000000.0,2710000000.0,-60000000.0,0.0,0.135,6334000000.0,4013000000.0,5535000000.0,0.402,3.099,19.038,19.518,20334000000.0,0.0,70.07,2.733,2.932,6934000000.0,47239000000.0,20026000000.0,20026000000.0,0.0,,,,,154000000.0,6334000000.0,1.0,3077498216.0,3301200000.0,3301200000.0,6.066,51455000000.0,2044000000.0,1009000000.0,12313000000.0,15.587,-5521000000.0
55,PG,MRQ,2007-12-31,2007-12-31,2007-12-31,2021-10-19,2466000000.0,144401000000.0,,26960000000.0,117441000000.0,,20.423,-644000000.0,5349000000.0,5349000000.0,10028000000.0,3270000000.0,0.856,1.116,37097000000.0,13569000000.0,23528000000.0,37097000000.0,0.0,751000000.0,0.0,0.019,0.35,4859000000.0,5610000000.0,0.267,5610000000.0,4859000000.0,4470000000.0,1.04,0.98,1.04,68243000000.0,,68243000000.0,259160032634.0,16.0,13.092,3206000000.0,0.959,1.0,11010000000.0,0.523,92384000000.0,389000000.0,52286000000.0,,7690000000.0,696000000.0,696000000.0,0.0,76158000000.0,31479000000.0,44679000000.0,228016032634.0,723000000.0,12000000.0,-2381000000.0,748000000.0,-1129000000.0,-2762000000.0,-496000000.0,-337000000.0,3850000000.0,131000000.0,3270000000.0,3270000000.0,3270000000.0,-76000000.0,0.0,0.155,6420000000.0,4590000000.0,4829000000.0,0.337,3.341,20.488,20.977,19888000000.0,0.0,73.42,2.94,3.163,7688000000.0,45647000000.0,21038000000.0,21038000000.0,0.0,,,,,136000000.0,6420000000.0,1.0,3105639235.0,3341500000.0,3341500000.0,6.296,52017000000.0,2143000000.0,1200000000.0,12842000000.0,15.567,-4519000000.0
56,PG,MRQ,2007-09-30,2007-09-30,2007-09-30,2021-10-19,1651000000.0,141703000000.0,,25182000000.0,116521000000.0,,20.142,-540000000.0,4626000000.0,4626000000.0,9519000000.0,3079000000.0,0.816,1.097,35770000000.0,13598000000.0,22172000000.0,35770000000.0,0.0,752000000.0,0.0,0.019,0.35,4611000000.0,5363000000.0,0.266,5363000000.0,4611000000.0,4252000000.0,0.97,0.92,0.97,67559000000.0,,67559000000.0,249573608388.0,15.0,12.918,2690000000.0,0.802,1.0,10680000000.0,0.529,91568000000.0,359000000.0,50405000000.0,,7668000000.0,371000000.0,371000000.0,0.0,74144000000.0,30874000000.0,43270000000.0,219513608388.0,-728000000.0,12000000.0,-2121000000.0,-385000000.0,-1138000000.0,-3644000000.0,-419000000.0,-165000000.0,3230000000.0,105000000.0,3079000000.0,3079000000.0,3079000000.0,0.0,0.0,0.152,6262000000.0,4418000000.0,5230000000.0,0.361,3.249,20.475,20.997,19812000000.0,0.0,70.34,2.879,3.094,7432000000.0,43507000000.0,20199000000.0,20199000000.0,0.0,,,,,106000000.0,6262000000.0,1.0,3120750759.0,3354200000.0,3354200000.0,6.022,50135000000.0,1925000000.0,1173000000.0,13280000000.0,14.947,-5692000000.0
57,PG,MRQ,2007-06-30,2007-06-30,2007-06-30,2021-10-19,617000000.0,138014000000.0,,24031000000.0,113983000000.0,,21.201,-949000000.0,5354000000.0,5354000000.0,8449000000.0,2268000000.0,0.782,1.067,35414000000.0,12039000000.0,23375000000.0,35414000000.0,0.0,763000000.0,0.0,0.021,0.35,3367000000.0,4130000000.0,0.234,4130000000.0,3367000000.0,3039000000.0,0.71,0.67,0.71,66760000000.0,,66760000000.0,222113667270.0,14.0,11.706,2608000000.0,0.828,1.0,9179000000.0,0.521,90178000000.0,328000000.0,47179000000.0,,6819000000.0,202000000.0,202000000.0,0.0,71254000000.0,30717000000.0,40537000000.0,192682667270.0,1360000000.0,-325000000.0,-1231000000.0,1446000000.0,-1140000000.0,-925000000.0,-1302000000.0,-52000000.0,3557000000.0,30000000.0,2268000000.0,2268000000.0,2268000000.0,-277000000.0,0.0,0.129,6225000000.0,2954000000.0,5710000000.0,0.493,2.886,18.635,19.003,19540000000.0,0.0,61.19,2.575,2.575,6629000000.0,41797000000.0,17628000000.0,17628000000.0,0.0,,,,,186000000.0,6225000000.0,1.0,3148924126.0,3148924126.0,,5.598,47836000000.0,1727000000.0,771000000.0,15397000000.0,15.191,-6686000000.0
58,PG,MRQ,2007-03-31,2007-03-31,2007-03-31,2021-10-19,386000000.0,135695000000.0,,22714000000.0,112981000000.0,,19.564,-757000000.0,3994000000.0,3994000000.0,9057000000.0,2512000000.0,0.735,1.042,33425000000.0,12168000000.0,21257000000.0,33425000000.0,0.0,878000000.0,0.0,0.02,0.31,3815000000.0,4693000000.0,0.251,4693000000.0,3815000000.0,3536000000.0,0.78,0.74,0.78,66466000000.0,,66466000000.0,230490040997.0,15.0,12.397,3693000000.0,1.087,1.0,9637000000.0,0.516,89934000000.0,279000000.0,44271000000.0,,7091000000.0,236000000.0,236000000.0,0.0,69229000000.0,30921000000.0,38308000000.0,199294040997.0,-993000000.0,-28000000.0,-865000000.0,-3003000000.0,-1024000000.0,-4892000000.0,-558000000.0,105000000.0,4450000000.0,7000000.0,2512000000.0,2512000000.0,2512000000.0,0.0,0.0,0.134,5991000000.0,3646000000.0,4371000000.0,0.397,2.998,19.989,20.506,19178000000.0,0.0,63.16,2.656,2.859,6757000000.0,40477000000.0,18694000000.0,18694000000.0,0.0,,,,,193000000.0,5991000000.0,1.0,3155383803.0,3397300000.0,3397300000.0,5.503,45761000000.0,1698000000.0,1024000000.0,15877000000.0,13.47,-8207000000.0
59,PG,MRQ,2006-12-31,2006-12-31,2006-12-31,2021-10-19,98000000.0,137300000000.0,,24689000000.0,112611000000.0,,19.188,-669000000.0,4987000000.0,4987000000.0,9287000000.0,2862000000.0,0.789,1.101,36183000000.0,12533000000.0,23650000000.0,36183000000.0,0.0,705000000.0,0.0,0.019,0.31,4429000000.0,5134000000.0,0.26,5134000000.0,4429000000.0,4090000000.0,0.89,0.84,0.89,65364000000.0,,65364000000.0,234650851265.0,16.0,12.991,1781000000.0,0.523,1.0,10438000000.0,0.529,89805000000.0,339000000.0,47397000000.0,,6883000000.0,521000000.0,521000000.0,0.0,71936000000.0,31294000000.0,40642000000.0,203655851265.0,-1731000000.0,-67000000.0,-1046000000.0,-2058000000.0,-1022000000.0,-4126000000.0,-175000000.0,527000000.0,2450000000.0,120000000.0,2862000000.0,2862000000.0,2862000000.0,0.0,0.0,0.145,6088000000.0,4350000000.0,4490000000.0,0.348,3.116,21.063,21.64,19096000000.0,0.0,64.27,2.767,2.975,7523000000.0,39083000000.0,19725000000.0,19725000000.0,0.0,,,,,131000000.0,6088000000.0,1.0,3168754493.0,3406500000.0,3406500000.0,5.79,47495000000.0,1673000000.0,1228000000.0,15889000000.0,13.942,-6605000000.0
60,PG,MRQ,2006-09-30,2006-09-30,2006-09-30,2021-10-19,-553000000.0,137049000000.0,,25506000000.0,111543000000.0,,18.695,-570000000.0,6718000000.0,6718000000.0,8865000000.0,2698000000.0,1.239,1.148,37713000000.0,1986000000.0,35727000000.0,37713000000.0,0.0,784000000.0,0.0,0.019,0.31,4234000000.0,5018000000.0,0.267,5018000000.0,4234000000.0,3876000000.0,0.84,0.79,0.84,63813000000.0,,63813000000.0,228202836478.0,16.0,12.968,2383000000.0,0.698,1.0,9920000000.0,0.528,89291000000.0,358000000.0,58163000000.0,,6790000000.0,1040000000.0,1040000000.0,0.0,73236000000.0,20590000000.0,52646000000.0,196791836478.0,25000000.0,-72000000.0,-937000000.0,-550000000.0,-1023000000.0,-2510000000.0,-448000000.0,93000000.0,2953000000.0,30000000.0,2698000000.0,2698000000.0,2698000000.0,0.0,0.0,0.144,5866000000.0,4054000000.0,4507000000.0,0.369,3.084,21.041,21.824,18738000000.0,0.0,61.98,2.725,2.93,6640000000.0,37284000000.0,18785000000.0,18785000000.0,0.0,,,,,158000000.0,5866000000.0,1.0,3175086100.0,3413300000.0,3413300000.0,5.503,47758000000.0,1565000000.0,1178000000.0,16583000000.0,13.992,4916000000.0
61,PG,MRQ,2006-06-30,2006-06-30,2006-06-30,2021-10-19,-518000000.0,135695000000.0,,24329000000.0,111366000000.0,,19.171,-1001000000.0,6693000000.0,6693000000.0,8894000000.0,1898000000.0,1.217,1.157,38104000000.0,2128000000.0,35976000000.0,38104000000.0,0.0,736000000.0,0.0,0.021,0.31,3011000000.0,3747000000.0,0.21,3747000000.0,3011000000.0,2711000000.0,0.57,0.54,0.57,62908000000.0,,62908000000.0,211527732667.0,16.0,13.09,2189000000.0,0.667,1.0,8948000000.0,0.502,89027000000.0,300000000.0,58094000000.0,,6291000000.0,1133000000.0,1133000000.0,0.0,72787000000.0,19985000000.0,52802000000.0,182449732667.0,-1982000000.0,-45000000.0,-6034000000.0,1876000000.0,-1058000000.0,-5216000000.0,-123000000.0,393000000.0,3190000000.0,167000000.0,1898000000.0,1898000000.0,1898000000.0,0.0,0.0,0.106,5999000000.0,2949000000.0,4910000000.0,0.544,2.9,21.01,19.928,18770000000.0,0.0,55.6,2.674,2.674,5725000000.0,35666000000.0,17842000000.0,17842000000.0,0.0,,,,,185000000.0,5999000000.0,1.0,3281470012.0,3281470012.0,,5.437,46668000000.0,1611000000.0,813000000.0,15714000000.0,14.222,4344000000.0
62,PG,MRQ,2006-03-31,2006-03-31,2006-03-31,2021-10-19,-1234000000.0,136222000000.0,,26615000000.0,109607000000.0,,18.523,-637000000.0,8675000000.0,8675000000.0,8340000000.0,2211000000.0,1.328,1.095,37753000000.0,3837000000.0,33916000000.0,37753000000.0,0.0,733000000.0,0.0,0.019,0.28,3430000000.0,4163000000.0,0.241,4163000000.0,3430000000.0,3129000000.0,0.67,0.63,0.67,65024000000.0,,65024000000.0,217737407225.0,17.0,14.422,2802000000.0,0.798,1.0,8910000000.0,0.517,87857000000.0,301000000.0,57400000000.0,,6732000000.0,1524000000.0,1524000000.0,0.0,71198000000.0,20043000000.0,51155000000.0,189551407225.0,859000000.0,-33000000.0,-955000000.0,-582000000.0,-954000000.0,-2491000000.0,-205000000.0,452000000.0,3439000000.0,116000000.0,2211000000.0,2211000000.0,2211000000.0,0.0,0.0,0.128,5559000000.0,3351000000.0,4063000000.0,0.418,2.915,23.178,20.582,18473000000.0,0.0,57.63,2.933,3.13,5404000000.0,34853000000.0,17250000000.0,17250000000.0,0.0,,,,,192000000.0,5559000000.0,1.0,3289109964.0,3510500000.0,3510500000.0,4.914,48365000000.0,1544000000.0,918000000.0,15663000000.0,13.777,6572000000.0
63,PG,MRQ,2005-12-31,2005-12-31,2005-12-31,2021-10-19,-1557000000.0,136522000000.0,,26425000000.0,110097000000.0,,18.724,-628000000.0,7816000000.0,7816000000.0,8732000000.0,2546000000.0,1.289,1.056,36002000000.0,4608000000.0,31394000000.0,36002000000.0,0.0,710000000.0,0.0,0.019,0.28,3960000000.0,4670000000.0,0.255,4670000000.0,3960000000.0,3661000000.0,0.76,0.72,0.76,66414000000.0,,66414000000.0,161103848050.0,14.0,11.498,1947000000.0,0.549,1.0,9605000000.0,0.524,88493000000.0,299000000.0,55710000000.0,,6437000000.0,1996000000.0,1996000000.0,0.0,70108000000.0,20505000000.0,49603000000.0,137618848050.0,1506000000.0,1427000000.0,-3109000000.0,1818000000.0,-964000000.0,-2255000000.0,1168000000.0,56000000.0,2575000000.0,18000000.0,2546000000.0,2546000000.0,2546000000.0,0.0,0.0,0.139,5713000000.0,3892000000.0,3904000000.0,0.368,2.072,18.153,20.971,18225000000.0,0.0,57.88,2.231,3.329,6056000000.0,33749000000.0,18337000000.0,18337000000.0,0.0,,,,,113000000.0,5713000000.0,1.0,2377658052.0,3547000000.0,3547000000.0,5.17,48029000000.0,1340000000.0,1115000000.0,16408000000.0,13.541,5920000000.0
64,PG,MRQ,2005-09-30,2005-09-30,2005-09-30,2021-10-19,-1485000000.0,61906000000.0,,20564000000.0,41342000000.0,,5.485,-401000000.0,6310000000.0,6310000000.0,7159000000.0,2029000000.0,0.977,3.26,29795000000.0,8749000000.0,21046000000.0,29795000000.0,0.0,448000000.0,0.0,0.018,0.28,3131000000.0,3579000000.0,0.242,3579000000.0,3131000000.0,2912000000.0,0.82,0.77,0.82,14533000000.0,,14533000000.0,164285147856.0,15.0,12.808,1770000000.0,0.668,1.0,7634000000.0,0.516,24228000000.0,219000000.0,40109000000.0,,5161000000.0,1749000000.0,1749000000.0,0.0,47373000000.0,21054000000.0,26319000000.0,146346147856.0,-79000000.0,-1178000000.0,-5413000000.0,5524000000.0,-727000000.0,-616000000.0,-1570000000.0,-17000000.0,2171000000.0,-64000000.0,2029000000.0,2029000000.0,2029000000.0,0.0,0.0,0.137,4577000000.0,3057000000.0,3423000000.0,0.341,10.07,20.877,21.466,14256000000.0,0.0,59.46,2.532,2.726,4690000000.0,32251000000.0,14793000000.0,14793000000.0,0.0,,,,,95000000.0,4577000000.0,1.0,2461253748.0,2649700000.0,2649700000.0,5.583,37678000000.0,849000000.0,883000000.0,4642000000.0,14.22,-490000000.0
65,PG,MRQ,2005-06-30,2005-06-30,2005-06-30,2021-10-19,-1566000000.0,61527000000.0,,20329000000.0,41198000000.0,,7.406,-795000000.0,6389000000.0,6389000000.0,7309000000.0,1392000000.0,0.812,2.33,24328000000.0,11441000000.0,12887000000.0,24328000000.0,0.0,481000000.0,0.0,0.02,0.28,2205000000.0,2686000000.0,0.188,2686000000.0,2205000000.0,1974000000.0,0.55,0.52,0.55,18475000000.0,,18475000000.0,148663786556.0,14.0,11.707,1295000000.0,0.519,1.0,6949000000.0,0.487,24163000000.0,231000000.0,30264000000.0,,5006000000.0,1744000000.0,1744000000.0,0.0,43052000000.0,25039000000.0,18013000000.0,131583786556.0,-683000000.0,-44000000.0,-1331000000.0,329000000.0,-733000000.0,-1735000000.0,-734000000.0,-44000000.0,2090000000.0,-304000000.0,1392000000.0,1392000000.0,1392000000.0,0.0,0.0,0.098,4793000000.0,2156000000.0,3802000000.0,0.509,7.122,19.007,19.537,14332000000.0,0.0,52.75,2.319,2.319,4185000000.0,31004000000.0,14258000000.0,14258000000.0,0.0,,,,,154000000.0,4793000000.0,1.0,2494479366.0,2494479366.0,,5.716,37364000000.0,1081000000.0,582000000.0,4161000000.0,14.979,-4710000000.0
66,PG,MRQ,2005-03-31,2005-03-31,2005-03-31,2021-10-19,-838000000.0,63076000000.0,,21591000000.0,41485000000.0,,6.86,-475000000.0,7072000000.0,7072000000.0,7055000000.0,1614000000.0,0.853,2.368,24152000000.0,11216000000.0,12936000000.0,24152000000.0,0.0,475000000.0,0.0,0.019,0.25,2602000000.0,3077000000.0,0.215,3077000000.0,2602000000.0,2380000000.0,0.63,0.59,0.63,18730000000.0,,18730000000.0,149266929369.0,14.0,12.258,2151000000.0,0.788,1.0,7232000000.0,0.506,24902000000.0,222000000.0,29932000000.0,,5270000000.0,1706000000.0,1706000000.0,0.0,44346000000.0,25322000000.0,19024000000.0,133696929369.0,671000000.0,-177000000.0,-1758000000.0,1256000000.0,-663000000.0,-1165000000.0,-596000000.0,55000000.0,2626000000.0,-194000000.0,1614000000.0,1614000000.0,1614000000.0,0.0,0.0,0.113,4690000000.0,2542000000.0,3407000000.0,0.397,7.138,20.319,20.784,14281000000.0,0.0,53.0,2.411,2.61,4396000000.0,13861000000.0,14287000000.0,14287000000.0,0.0,,,,,152000000.0,4690000000.0,1.0,2522583573.0,2730300000.0,2730300000.0,5.233,38174000000.0,1304000000.0,766000000.0,5585000000.0,13.982,-3731000000.0
67,PG,MRQ,2004-12-31,2004-12-31,2004-12-31,2021-10-19,-366000000.0,63032000000.0,,20996000000.0,42036000000.0,,7.225,-498000000.0,7676000000.0,7676000000.0,6885000000.0,1975000000.0,0.878,2.17,23246000000.0,9861000000.0,13385000000.0,23246000000.0,0.0,448000000.0,0.0,0.018,0.25,3037000000.0,3485000000.0,0.241,3485000000.0,3037000000.0,2837000000.0,0.77,0.72,0.77,19884000000.0,,19884000000.0,154890499034.0,15.0,13.025,1553000000.0,0.564,1.0,7567000000.0,0.524,25306000000.0,200000000.0,29393000000.0,,5176000000.0,494000000.0,494000000.0,0.0,43148000000.0,23903000000.0,19245000000.0,139720499034.0,1561000000.0,-16000000.0,-899000000.0,1089000000.0,-650000000.0,-460000000.0,-408000000.0,105000000.0,2051000000.0,378000000.0,1975000000.0,1975000000.0,1975000000.0,0.0,0.0,0.137,4585000000.0,2982000000.0,3264000000.0,0.325,7.027,21.515,22.032,14502000000.0,0.0,55.08,2.578,2.797,4689000000.0,14714000000.0,14452000000.0,14452000000.0,0.0,,,,,96000000.0,4585000000.0,1.0,2536682989.0,2752100000.0,2752100000.0,5.251,37726000000.0,1017000000.0,862000000.0,5002000000.0,13.708,-2907000000.0
68,PG,MRQ,2004-09-30,2004-09-30,2004-09-30,2021-10-19,-1328000000.0,59203000000.0,,18716000000.0,40487000000.0,,6.637,-413000000.0,6262000000.0,6262000000.0,6623000000.0,1942000000.0,0.855,2.225,21432000000.0,7701000000.0,13731000000.0,21432000000.0,0.0,480000000.0,0.0,0.018,0.25,2971000000.0,3451000000.0,0.251,3451000000.0,2971000000.0,2790000000.0,0.75,0.7,0.75,18359000000.0,,18359000000.0,152957567048.0,16.0,13.154,1499000000.0,0.542,1.0,7121000000.0,0.518,24410000000.0,181000000.0,28061000000.0,,4717000000.0,456000000.0,456000000.0,0.0,40844000000.0,21902000000.0,18942000000.0,137585567048.0,608000000.0,-335000000.0,-517000000.0,437000000.0,-685000000.0,-765000000.0,-598000000.0,-216000000.0,1912000000.0,59000000.0,1942000000.0,1942000000.0,1942000000.0,0.0,0.0,0.141,4332000000.0,2789000000.0,3392000000.0,0.333,7.494,21.711,22.364,13984000000.0,0.0,54.12,2.598,2.827,4485000000.0,14318000000.0,13744000000.0,13744000000.0,0.0,,,,,122000000.0,4332000000.0,1.0,2542231468.0,2766100000.0,2766100000.0,4.969,34793000000.0,961000000.0,848000000.0,5332000000.0,12.578,-3186000000.0
69,PG,MRQ,2004-06-30,2004-06-30,2004-06-30,2021-10-19,-1545000000.0,57048000000.0,,17115000000.0,39933000000.0,,6.721,-693000000.0,4232000000.0,4232000000.0,6546000000.0,1049000000.0,0.773,2.302,20841000000.0,8287000000.0,12554000000.0,20841000000.0,0.0,454000000.0,0.0,0.017,0.25,1710000000.0,2164000000.0,0.167,2164000000.0,1710000000.0,1535000000.0,0.4,0.37,0.4,17278000000.0,,17278000000.0,152992398128.0,16.0,13.579,1723000000.0,0.67,1.0,6416000000.0,0.495,23900000000.0,175000000.0,27610000000.0,,4400000000.0,1660000000.0,1660000000.0,0.0,39770000000.0,22147000000.0,17623000000.0,139943398128.0,58000000.0,-2078000000.0,-1618000000.0,2759000000.0,-674000000.0,467000000.0,-2770000000.0,-73000000.0,2416000000.0,-55000000.0,1049000000.0,1049000000.0,1049000000.0,0.0,0.0,0.081,4722000000.0,1694000000.0,3617000000.0,0.625,8.1,22.733,23.265,14108000000.0,0.0,54.44,2.722,2.722,4062000000.0,13611000000.0,12962000000.0,12962000000.0,0.0,,,,,491000000.0,4722000000.0,1.0,2570598790.0,2570598790.0,,5.042,33148000000.0,958000000.0,486000000.0,4815000000.0,12.895,-5032000000.0
70,PG,MRQ,2004-03-31,2004-03-31,2004-03-31,2021-10-19,-1374000000.0,53868000000.0,,17204000000.0,36664000000.0,,6.556,-521000000.0,5365000000.0,5365000000.0,6394000000.0,1528000000.0,1.011,1.945,18414000000.0,5065000000.0,13349000000.0,18414000000.0,0.0,422000000.0,0.0,0.017,0.228,2370000000.0,2792000000.0,0.214,2792000000.0,2370000000.0,2206000000.0,0.58,0.55,0.58,18292000000.0,,18292000000.0,149124503073.0,16.0,13.473,2457000000.0,0.881,1.0,6635000000.0,0.509,20502000000.0,164000000.0,29392000000.0,,4621000000.0,385000000.0,385000000.0,0.0,35576000000.0,17023000000.0,18553000000.0,135546503073.0,-285000000.0,-40000000.0,-1077000000.0,-276000000.0,-620000000.0,-1973000000.0,-1261000000.0,-732000000.0,2978000000.0,-29000000.0,1528000000.0,1528000000.0,1528000000.0,0.0,0.0,0.117,4332000000.0,2303000000.0,3048000000.0,0.393,7.41,22.36,22.85,14070000000.0,0.0,52.44,2.746,2.964,4093000000.0,14631000000.0,13029000000.0,13029000000.0,0.0,,,,,0.0,4332000000.0,1.0,2584792202.0,2790100000.0,2790100000.0,4.67,33366000000.0,986000000.0,678000000.0,4370000000.0,11.959,181000000.0
71,PG,MRQ,2003-12-31,2003-12-31,2003-12-31,2021-10-19,-1219000000.0,53862000000.0,,17165000000.0,36697000000.0,,6.631,-446000000.0,4943000000.0,4943000000.0,6324000000.0,1818000000.0,0.975,1.9,18521000000.0,5885000000.0,12636000000.0,18521000000.0,0.0,450000000.0,0.0,0.017,0.228,2771000000.0,3221000000.0,0.244,3221000000.0,2771000000.0,2622000000.0,0.69,0.65,0.69,18572000000.0,,18572000000.0,142747053208.0,16.0,13.395,1909000000.0,0.682,1.0,6897000000.0,0.522,20710000000.0,149000000.0,29123000000.0,,4621000000.0,351000000.0,351000000.0,0.0,35290000000.0,17607000000.0,17683000000.0,129517053208.0,894000000.0,-323000000.0,-628000000.0,436000000.0,-622000000.0,-814000000.0,-813000000.0,-80000000.0,2355000000.0,166000000.0,1818000000.0,1818000000.0,1818000000.0,0.0,0.0,0.138,4155000000.0,2742000000.0,2822000000.0,0.33,6.974,22.304,22.752,14043000000.0,0.0,49.94,2.756,2.977,4447000000.0,14991000000.0,13221000000.0,13221000000.0,0.0,,,,,0.0,4155000000.0,1.0,2593453208.0,2800900000.0,2800900000.0,4.72,33152000000.0,877000000.0,804000000.0,4352000000.0,11.836,-442000000.0
72,PG,MRQ,2003-09-30,2003-09-30,2003-09-30,2021-10-19,-1830000000.0,50496000000.0,,15673000000.0,34823000000.0,,6.209,-364000000.0,4049000000.0,4049000000.0,5879000000.0,1761000000.0,0.932,1.907,17279000000.0,5286000000.0,11993000000.0,17279000000.0,0.0,407000000.0,0.0,0.018,0.228,2683000000.0,3090000000.0,0.253,3090000000.0,2683000000.0,2542000000.0,0.67,0.63,0.67,17371000000.0,,17371000000.0,128081709689.0,15.0,12.567,1242000000.0,0.444,1.0,6316000000.0,0.518,19288000000.0,141000000.0,27626000000.0,,4536000000.0,330000000.0,330000000.0,0.0,33125000000.0,16812000000.0,16313000000.0,120346709689.0,-1863000000.0,-5035000000.0,-185000000.0,2767000000.0,-623000000.0,1959000000.0,-5300000000.0,11000000.0,1606000000.0,-128000000.0,1761000000.0,1761000000.0,1761000000.0,0.0,0.0,0.144,3673000000.0,2643000000.0,2957000000.0,0.34,6.928,21.949,22.42,13654000000.0,0.0,46.41,2.688,2.9,4134000000.0,14560000000.0,12195000000.0,12195000000.0,0.0,,,,,0.0,3673000000.0,1.0,2593120226.0,2797700000.0,2797700000.0,4.359,31208000000.0,876000000.0,781000000.0,3953000000.0,11.155,-1139000000.0
73,PG,MRQ,2003-06-30,2003-06-30,2003-06-30,2021-10-19,-2006000000.0,43706000000.0,,15220000000.0,28486000000.0,,6.251,-515000000.0,5912000000.0,5912000000.0,5768000000.0,955000000.0,1.232,1.7,13647000000.0,2172000000.0,11475000000.0,13647000000.0,0.0,472000000.0,0.0,0.018,0.205,1493000000.0,1965000000.0,0.18,1965000000.0,1493000000.0,1357000000.0,0.355,0.345,0.355,16186000000.0,,16186000000.0,124075780753.0,15.0,12.669,1446000000.0,0.558,1.0,5152000000.0,0.472,13507000000.0,136000000.0,25576000000.0,,3640000000.0,300000000.0,300000000.0,0.0,27520000000.0,12358000000.0,15162000000.0,115461780753.0,543000000.0,-10000000.0,98000000.0,-974000000.0,-556000000.0,-1432000000.0,-374000000.0,130000000.0,1961000000.0,388000000.0,955000000.0,955000000.0,955000000.0,0.0,0.0,0.087,3683000000.0,1469000000.0,2795000000.0,0.577,7.133,22.264,22.867,13104000000.0,0.0,44.59,2.662,2.662,3038000000.0,13692000000.0,10920000000.0,10920000000.0,0.0,,,,,0.0,3683000000.0,1.0,2589409750.0,2589409750.0,,4.217,30199000000.0,843000000.0,402000000.0,3275000000.0,11.663,2862000000.0
74,PG,MRQ,2003-03-31,2003-03-31,2003-03-31,2021-10-19,-2149000000.0,42683000000.0,,14465000000.0,28218000000.0,,5.561,-351000000.0,5513000000.0,5513000000.0,5394000000.0,1273000000.0,1.173,1.749,14127000000.0,2794000000.0,11333000000.0,14127000000.0,0.0,387000000.0,0.0,0.018,0.205,1994000000.0,2381000000.0,0.223,2381000000.0,1994000000.0,1856000000.0,0.48,0.455,0.48,15525000000.0,,15525000000.0,125052516529.0,16.0,12.789,2062000000.0,0.739,1.0,5262000000.0,0.494,13465000000.0,138000000.0,25502000000.0,,3763000000.0,312000000.0,312000000.0,0.0,27158000000.0,12330000000.0,14828000000.0,115133516529.0,407000000.0,-51000000.0,-98000000.0,-857000000.0,-561000000.0,-1516000000.0,-482000000.0,-85000000.0,2413000000.0,-8000000.0,1273000000.0,1273000000.0,1273000000.0,0.0,0.0,0.119,3305000000.0,1957000000.0,2064000000.0,0.427,7.416,22.395,23.01,13078000000.0,0.0,44.525,2.701,2.916,2960000000.0,13294000000.0,10656000000.0,10656000000.0,0.0,,,,,0.0,3305000000.0,1.0,2585817328.0,2791600000.0,2791600000.0,3.817,29218000000.0,465000000.0,583000000.0,3096000000.0,10.466,2135000000.0
75,PG,MRQ,2002-12-31,2002-12-31,2002-12-31,2021-10-19,-2175000000.0,42442000000.0,,14191000000.0,28251000000.0,,5.289,-335000000.0,5106000000.0,5106000000.0,5490000000.0,1494000000.0,1.117,1.861,15025000000.0,3491000000.0,11534000000.0,15025000000.0,0.0,434000000.0,0.0,0.018,0.205,2322000000.0,2756000000.0,0.25,2756000000.0,2322000000.0,2179000000.0,0.565,0.53,0.565,14836000000.0,,14836000000.0,122420729075.0,16.0,12.893,1981000000.0,0.706,1.0,5515000000.0,0.501,13446000000.0,143000000.0,26212000000.0,,3610000000.0,218000000.0,218000000.0,0.0,27606000000.0,12703000000.0,14903000000.0,111661729075.0,403000000.0,0.0,-648000000.0,-411000000.0,-564000000.0,-1623000000.0,-312000000.0,-32000000.0,2316000000.0,22000000.0,1494000000.0,1494000000.0,1494000000.0,0.0,0.0,0.136,3267000000.0,2248000000.0,2021000000.0,0.363,7.526,22.756,23.29,13125000000.0,0.0,42.97,2.667,2.879,3240000000.0,12789000000.0,11005000000.0,11005000000.0,0.0,,,,,0.0,3267000000.0,1.0,2598597372.0,2805200000.0,2805200000.0,3.923,28996000000.0,458000000.0,685000000.0,3062000000.0,10.337,1488000000.0
76,PG,MRQ,2002-09-30,2002-09-30,2002-09-30,2021-10-19,-2464000000.0,41850000000.0,,13563000000.0,28287000000.0,,5.059,-281000000.0,4703000000.0,4703000000.0,5489000000.0,1464000000.0,1.038,1.939,15462000000.0,4199000000.0,11263000000.0,15462000000.0,0.0,410000000.0,0.0,0.017,0.205,2282000000.0,2692000000.0,0.249,2692000000.0,2282000000.0,2138000000.0,0.55,0.52,0.55,14239000000.0,,14239000000.0,127743101165.0,17.0,13.878,1729000000.0,0.614,1.0,5307000000.0,0.492,13395000000.0,144000000.0,26143000000.0,,3559000000.0,186000000.0,186000000.0,0.0,27611000000.0,13071000000.0,14540000000.0,116238101165.0,1276000000.0,0.0,-319000000.0,360000000.0,-565000000.0,-524000000.0,-195000000.0,24000000.0,2010000000.0,-15000000.0,1464000000.0,1464000000.0,1464000000.0,0.0,0.0,0.136,3128000000.0,2179000000.0,2015000000.0,0.373,8.163,24.669,25.249,13049000000.0,0.0,44.69,2.817,3.048,3110000000.0,12527000000.0,10796000000.0,10796000000.0,0.0,,,,,0.0,3128000000.0,1.0,2600986824.0,2814600000.0,2814600000.0,3.836,28455000000.0,434000000.0,674000000.0,3099000000.0,10.11,492000000.0
77,PG,MRQ,2002-06-30,2002-06-30,2002-06-30,2021-10-19,-2360000000.0,40776000000.0,,12166000000.0,28610000000.0,,5.273,-455000000.0,3427000000.0,3427000000.0,5469000000.0,910000000.0,0.958,1.975,14932000000.0,3731000000.0,11201000000.0,14932000000.0,0.0,505000000.0,0.0,0.017,0.19,1444000000.0,1949000000.0,0.192,1949000000.0,1444000000.0,1294000000.0,0.34,0.315,0.34,13706000000.0,,13706000000.0,128791209702.0,18.0,14.839,1856000000.0,0.714,1.0,4700000000.0,0.462,13430000000.0,150000000.0,26147000000.0,,3456000000.0,196000000.0,196000000.0,0.0,27070000000.0,12704000000.0,14366000000.0,116055209702.0,366000000.0,-66000000.0,-83000000.0,-1139000000.0,-524000000.0,-1746000000.0,-224000000.0,255000000.0,2311000000.0,25000000.0,910000000.0,910000000.0,910000000.0,0.0,0.0,0.089,3302000000.0,1398000000.0,2205000000.0,0.559,8.467,26.667,27.393,13349000000.0,0.0,44.65,2.884,2.884,3090000000.0,11980000000.0,10169000000.0,10169000000.0,0.0,,,,,0.0,3302000000.0,1.0,2599220822.0,2599220822.0,,3.912,27346000000.0,521000000.0,384000000.0,2515000000.0,10.521,-538000000.0
78,PG,MRQ,2002-03-31,2002-03-31,2002-03-31,2021-10-19,-2467000000.0,40808000000.0,,12584000000.0,28224000000.0,,4.762,-556000000.0,3061000000.0,3061000000.0,5070000000.0,1039000000.0,0.832,2.048,15797000000.0,5993000000.0,9804000000.0,15797000000.0,0.0,404000000.0,0.0,0.017,0.19,1694000000.0,2098000000.0,0.212,2098000000.0,1694000000.0,1548000000.0,0.39,0.37,0.39,13389000000.0,,13389000000.0,130225308186.0,24.0,17.221,1698000000.0,0.604,1.0,4830000000.0,0.488,13395000000.0,146000000.0,25019000000.0,,3772000000.0,470000000.0,470000000.0,0.0,27419000000.0,15130000000.0,12289000000.0,116769308186.0,-132000000.0,-344000000.0,5000000.0,-732000000.0,-524000000.0,-1251000000.0,-1129000000.0,-263000000.0,2254000000.0,-6000000.0,1039000000.0,1039000000.0,1039000000.0,0.0,0.0,0.105,3176000000.0,1654000000.0,9137000000.0,0.487,8.721,37.402,38.832,13233000000.0,0.0,45.045,2.945,3.194,3113000000.0,11878000000.0,9900000000.0,9900000000.0,0.0,,,,,0.0,3176000000.0,1.0,2592281234.0,2811400000.0,2811400000.0,3.521,27413000000.0,290000000.0,509000000.0,680000000.0,9.751,-2546000000.0
79,PG,MRQ,2001-12-31,2001-12-31,2001-12-31,2021-10-19,-2215000000.0,41372000000.0,,13151000000.0,28221000000.0,,4.666,-316000000.0,3193000000.0,3193000000.0,5339000000.0,1299000000.0,0.829,2.163,16649000000.0,6763000000.0,9886000000.0,16649000000.0,0.0,402000000.0,0.0,0.018,0.19,2064000000.0,2466000000.0,0.237,2466000000.0,2064000000.0,1914000000.0,0.49,0.465,0.49,13079000000.0,,13079000000.0,112274588168.0,21.0,15.07,1532000000.0,0.547,1.0,5064000000.0,0.487,13240000000.0,150000000.0,25718000000.0,,3738000000.0,203000000.0,203000000.0,0.0,28293000000.0,15870000000.0,12423000000.0,102522588168.0,300000000.0,-4987000000.0,-121000000.0,4226000000.0,-522000000.0,3583000000.0,-5120000000.0,41000000.0,1848000000.0,-11000000.0,1299000000.0,1299000000.0,1299000000.0,0.0,0.0,0.125,3200000000.0,1864000000.0,9107000000.0,0.388,7.839,34.45,35.968,13225000000.0,0.0,39.565,2.611,2.825,3551000000.0,11453000000.0,10403000000.0,10403000000.0,0.0,,,,,0.0,3200000000.0,1.0,2591244488.0,2803000000.0,2803000000.0,3.711,28132000000.0,402000000.0,615000000.0,640000000.0,10.036,-2719000000.0
80,PG,MRQ,2001-09-30,2001-09-30,2001-09-30,2021-10-19,-2184000000.0,35611000000.0,,11968000000.0,23643000000.0,,4.439,-352000000.0,2893000000.0,2893000000.0,5111000000.0,1104000000.0,1.141,1.863,12645000000.0,2534000000.0,10111000000.0,12645000000.0,0.0,382000000.0,0.0,0.02,0.19,1784000000.0,2166000000.0,0.222,2166000000.0,1784000000.0,1627000000.0,0.415,0.395,0.415,12437000000.0,,12437000000.0,104061615803.0,20.0,13.946,977000000.0,0.349,1.0,4655000000.0,0.477,8379000000.0,157000000.0,26498000000.0,,3724000000.0,211000000.0,211000000.0,0.0,23174000000.0,10486000000.0,12688000000.0,94342615803.0,587000000.0,-74000000.0,-132000000.0,268000000.0,-525000000.0,-389000000.0,-362000000.0,55000000.0,1329000000.0,9000000.0,1104000000.0,1104000000.0,1104000000.0,0.0,0.0,0.113,2893000000.0,1762000000.0,7952000000.0,0.458,7.586,32.861,34.498,13209000000.0,0.0,36.395,2.417,2.612,3054000000.0,10858000000.0,9766000000.0,9766000000.0,0.0,,,,,0.0,2893000000.0,1.0,2592186174.0,2801600000.0,2801600000.0,3.486,27232000000.0,310000000.0,523000000.0,642000000.0,9.72,1482000000.0
81,PG,MRQ,2001-06-30,2001-06-30,2001-06-30,2021-10-19,-2120000000.0,34387000000.0,,10889000000.0,23498000000.0,,4.637,-565000000.0,2306000000.0,2306000000.0,6203000000.0,-320000000.0,1.106,1.863,12025000000.0,2233000000.0,9792000000.0,12025000000.0,0.0,838000000.0,0.0,0.022,0.175,-6000000.0,832000000.0,0.087,832000000.0,-6000000.0,-193000000.0,-0.135,-0.11,-0.135,12010000000.0,,12010000000.0,93266364500.0,17.0,12.142,1438000000.0,0.555,1.0,3379000000.0,0.353,8300000000.0,187000000.0,25960000000.0,,3384000000.0,212000000.0,212000000.0,0.0,22377000000.0,9846000000.0,12531000000.0,82630364500.0,-375000000.0,-19000000.0,-39000000.0,-1171000000.0,-484000000.0,-1694000000.0,-669000000.0,-134000000.0,2003000000.0,-15000000.0,-320000000.0,-320000000.0,-320000000.0,0.0,0.0,-0.033,3435000000.0,-56000000.0,2075000000.0,-1.296,6.88,28.279,29.674,13095000000.0,0.0,31.9,2.106,2.106,2931000000.0,10451000000.0,9582000000.0,9582000000.0,0.0,,,,,0.0,3435000000.0,1.0,2590293558.0,2590293558.0,,3.699,26087000000.0,397000000.0,127000000.0,1801000000.0,10.071,1043000000.0
82,PG,MRQ,2001-03-31,2001-03-31,2001-03-31,2021-10-19,-1983000000.0,35840000000.0,,11640000000.0,24200000000.0,,4.617,-670000000.0,2681000000.0,2681000000.0,5175000000.0,893000000.0,1.16,1.763,13317000000.0,3428000000.0,9889000000.0,13317000000.0,0.0,457000000.0,0.0,0.022,0.175,1529000000.0,1986000000.0,0.209,1986000000.0,1529000000.0,1325000000.0,0.33,0.315,0.33,12972000000.0,,12972000000.0,92305217505.0,14.0,10.791,866000000.0,0.308,1.0,4336000000.0,0.456,8546000000.0,204000000.0,27892000000.0,,3532000000.0,162000000.0,162000000.0,0.0,22868000000.0,10038000000.0,12830000000.0,81372217505.0,-726000000.0,-88000000.0,-482000000.0,-907000000.0,-485000000.0,-1874000000.0,-362000000.0,130000000.0,1536000000.0,-26000000.0,893000000.0,893000000.0,893000000.0,0.0,0.0,0.094,3034000000.0,1302000000.0,6610000000.0,0.53,6.273,21.653,22.437,13602000000.0,0.0,31.3,2.069,2.237,2985000000.0,11302000000.0,9511000000.0,9511000000.0,0.0,,,,,0.0,3034000000.0,1.0,2599751358.0,2809800000.0,2809800000.0,3.385,27294000000.0,329000000.0,432000000.0,1006000000.0,9.714,1602000000.0
83,PG,MRQ,2000-12-31,2000-12-31,2000-12-31,2021-10-19,-1972000000.0,36825000000.0,,12876000000.0,23949000000.0,,4.612,-624000000.0,3407000000.0,3407000000.0,5417000000.0,1194000000.0,1.164,1.829,14340000000.0,4279000000.0,10061000000.0,14340000000.0,0.0,473000000.0,0.0,0.017,0.175,2005000000.0,2478000000.0,0.243,2478000000.0,2005000000.0,1781000000.0,0.445,0.42,0.445,13016000000.0,,13016000000.0,112928519751.0,18.0,13.371,560000000.0,0.198,1.0,4765000000.0,0.468,8505000000.0,224000000.0,28194000000.0,,3523000000.0,149000000.0,149000000.0,0.0,23809000000.0,11059000000.0,12750000000.0,102268519751.0,1406000000.0,-3000000.0,-402000000.0,1330000000.0,-486000000.0,442000000.0,-227000000.0,-27000000.0,1184000000.0,7000000.0,1194000000.0,1194000000.0,1194000000.0,0.0,0.0,0.117,3054000000.0,1711000000.0,6780000000.0,0.393,7.857,28.267,29.269,13594000000.0,0.0,39.22,2.583,2.795,3639000000.0,11445000000.0,10182000000.0,10182000000.0,0.0,,,,,0.0,3054000000.0,1.0,2607560422.0,2822000000.0,2822000000.0,3.608,28320000000.0,183000000.0,587000000.0,620000000.0,10.035,1817000000.0
84,PG,MRQ,2000-09-30,2000-09-30,2000-09-30,2021-10-19,-1953000000.0,35113000000.0,,11269000000.0,23844000000.0,,4.505,-627000000.0,2001000000.0,2001000000.0,5307000000.0,1155000000.0,1.145,1.763,12661000000.0,2910000000.0,9751000000.0,12661000000.0,0.0,503000000.0,0.0,0.02,0.175,1882000000.0,2385000000.0,0.239,2385000000.0,1882000000.0,1703000000.0,0.43,0.41,0.43,12710000000.0,,12710000000.0,98222084262.0,16.0,11.66,454000000.0,0.161,1.0,4662000000.0,0.468,8639000000.0,179000000.0,27288000000.0,,3592000000.0,173000000.0,173000000.0,0.0,22403000000.0,9846000000.0,12557000000.0,87511084262.0,586000000.0,-28000000.0,-186000000.0,786000000.0,-488000000.0,112000000.0,-585000000.0,24000000.0,1081000000.0,-22000000.0,1155000000.0,1155000000.0,1155000000.0,0.0,0.0,0.116,2883000000.0,1779000000.0,6936000000.0,0.407,6.885,24.651,25.573,13669000000.0,0.0,33.5,2.188,2.363,3376000000.0,11185000000.0,9969000000.0,9969000000.0,0.0,,,,,0.0,2883000000.0,1.0,2612271172.0,2821600000.0,2821600000.0,3.533,26474000000.0,202000000.0,548000000.0,709000000.0,9.383,1423000000.0
85,PG,MRQ,2000-06-30,2000-06-30,2000-06-30,2021-10-19,-1842000000.0,34366000000.0,,10146000000.0,24220000000.0,,4.697,-932000000.0,1415000000.0,1415000000.0,5418000000.0,516000000.0,1.0,1.797,12253000000.0,3241000000.0,9012000000.0,12253000000.0,0.0,603000000.0,0.0,0.023,0.16,1102000000.0,1705000000.0,0.176,1705000000.0,1102000000.0,885000000.0,0.19,0.185,0.19,12287000000.0,,12287000000.0,85718933482.0,14.0,10.145,831000000.0,0.318,1.0,4243000000.0,0.439,10385000000.0,217000000.0,24678000000.0,,3490000000.0,185000000.0,185000000.0,0.0,22079000000.0,10141000000.0,11938000000.0,74222933482.0,-549000000.0,-25000000.0,62000000.0,-1096000000.0,-446000000.0,-1480000000.0,-823000000.0,-38000000.0,1763000000.0,-9000000.0,516000000.0,516000000.0,516000000.0,0.0,0.0,0.053,3298000000.0,945000000.0,2209000000.0,0.842,6.041,20.955,21.743,13692000000.0,0.0,28.375,1.858,1.858,2910000000.0,10710000000.0,9661000000.0,9661000000.0,0.0,,,,,0.0,3298000000.0,1.0,2615786202.0,2615786202.0,,3.693,23981000000.0,309000000.0,369000000.0,1550000000.0,9.168,5000000.0
86,PG,MRQ,2000-03-31,2000-03-31,2000-03-31,2021-10-19,-1657000000.0,35249000000.0,,11220000000.0,24029000000.0,,4.32,-634000000.0,1964000000.0,1964000000.0,5327000000.0,753000000.0,1.059,1.859,13460000000.0,4066000000.0,9394000000.0,13460000000.0,0.0,507000000.0,0.0,0.022,0.16,1371000000.0,1878000000.0,0.192,1878000000.0,1371000000.0,1191000000.0,0.275,0.26,0.275,12328000000.0,,12328000000.0,86104786298.0,14.0,10.03,773000000.0,0.271,1.0,4456000000.0,0.455,8907000000.0,180000000.0,27245000000.0,,3800000000.0,193000000.0,193000000.0,0.0,22921000000.0,10593000000.0,12328000000.0,74666786298.0,-80000000.0,140000000.0,-725000000.0,45000000.0,-450000000.0,-1130000000.0,-351000000.0,5000000.0,1407000000.0,-6000000.0,753000000.0,753000000.0,753000000.0,0.0,0.0,0.077,3136000000.0,1320000000.0,6527000000.0,0.582,6.057,21.705,22.52,13603000000.0,0.0,28.375,1.879,2.037,2983000000.0,10809000000.0,9783000000.0,9783000000.0,0.0,,,,,0.0,3136000000.0,1.0,2631428592.0,2853400000.0,2853400000.0,3.429,26342000000.0,315000000.0,438000000.0,560000000.0,9.232,627000000.0
87,PG,MRQ,1999-12-31,1999-12-31,1999-12-31,2021-10-19,-1656000000.0,36001000000.0,,12074000000.0,23927000000.0,,4.426,-768000000.0,2044000000.0,2044000000.0,5563000000.0,1126000000.0,1.037,1.835,13482000000.0,4779000000.0,8703000000.0,13482000000.0,0.0,563000000.0,0.0,0.011,0.16,1893000000.0,2456000000.0,0.232,2456000000.0,1893000000.0,1715000000.0,0.415,0.39,0.415,12701000000.0,,12701000000.0,154038191468.0,24.0,17.425,-610000000.0,-0.213,1.0,5025000000.0,0.475,9015000000.0,178000000.0,26783000000.0,,3759000000.0,230000000.0,230000000.0,0.0,23300000000.0,11641000000.0,11659000000.0,144033191468.0,-79000000.0,-285000000.0,-211000000.0,1374000000.0,-448000000.0,715000000.0,-957000000.0,85000000.0,158000000.0,5000000.0,1126000000.0,1126000000.0,1126000000.0,0.0,0.0,0.106,3183000000.0,1842000000.0,6862000000.0,0.386,11.34,38.646,40.147,13389000000.0,0.0,54.8,3.675,4.013,3576000000.0,11284000000.0,10588000000.0,10588000000.0,0.0,,,,,0.0,3183000000.0,1.0,2628342910.0,2869600000.0,2869600000.0,3.69,26986000000.0,401000000.0,589000000.0,489000000.0,9.404,433000000.0
88,PG,MRQ,1999-09-30,1999-09-30,1999-09-30,2021-10-19,-1513000000.0,35324000000.0,,11826000000.0,23498000000.0,,4.303,-684000000.0,2123000000.0,2123000000.0,5206000000.0,1147000000.0,0.933,1.86,12128000000.0,4916000000.0,7212000000.0,12128000000.0,0.0,518000000.0,0.0,0.013,0.16,1892000000.0,2410000000.0,0.243,2410000000.0,1892000000.0,1745000000.0,0.425,0.4,0.425,12352000000.0,,12352000000.0,130382251188.0,20.0,14.947,663000000.0,0.231,1.0,4713000000.0,0.475,8837000000.0,147000000.0,23817000000.0,,3649000000.0,348000000.0,348000000.0,0.0,22972000000.0,12675000000.0,10297000000.0,123295251188.0,-171000000.0,-2797000000.0,-556000000.0,2707000000.0,-452000000.0,1699000000.0,-3214000000.0,169000000.0,1347000000.0,-3000000.0,1147000000.0,1147000000.0,1147000000.0,0.0,0.0,0.116,2866000000.0,1847000000.0,7759000000.0,0.376,9.982,32.94,34.215,13279000000.0,0.0,46.875,3.2,3.492,3221000000.0,10880000000.0,9919000000.0,9919000000.0,0.0,,,,,0.0,2866000000.0,1.0,2630298692.0,2870400000.0,2870400000.0,3.456,26487000000.0,576000000.0,598000000.0,523000000.0,9.228,-849000000.0
89,PG,MRQ,1999-06-30,1999-06-30,1999-06-30,2021-10-19,-1606000000.0,32113000000.0,,11358000000.0,20755000000.0,,4.538,-1254000000.0,2294000000.0,2294000000.0,5652000000.0,414000000.0,1.055,1.663,9381000000.0,3150000000.0,6231000000.0,9381000000.0,0.0,892000000.0,0.0,0.013,0.142,949000000.0,1841000000.0,0.195,1841000000.0,949000000.0,790000000.0,0.145,0.145,0.145,12058000000.0,,12058000000.0,124310911841.0,19.0,14.395,663000000.0,0.25,1.0,3798000000.0,0.402,8177000000.0,159000000.0,20262000000.0,,3338000000.0,506000000.0,506000000.0,0.0,20055000000.0,10761000000.0,9294000000.0,117080911841.0,39000000.0,-20000000.0,-917000000.0,-15000000.0,-384000000.0,-1316000000.0,-535000000.0,305000000.0,1917000000.0,-27000000.0,414000000.0,414000000.0,414000000.0,0.0,0.0,0.044,2921000000.0,877000000.0,2300000000.0,0.979,9.71,31.114,32.047,12626000000.0,0.0,44.065,3.071,3.071,2940000000.0,10778000000.0,9450000000.0,9450000000.0,0.0,,,,,0.0,2921000000.0,1.0,2657004694.0,2657004694.0,,3.557,23936000000.0,621000000.0,376000000.0,1590000000.0,9.009,597000000.0
90,PG,MRQ,1999-03-31,1999-03-31,1999-03-31,2021-10-19,-1491000000.0,32873000000.0,,11755000000.0,21118000000.0,,4.462,-2010000000.0,2255000000.0,2255000000.0,4901000000.0,1040000000.0,1.161,1.543,9485000000.0,3082000000.0,6403000000.0,9485000000.0,0.0,415000000.0,0.0,0.011,0.142,1718000000.0,2133000000.0,0.231,2133000000.0,1718000000.0,1550000000.0,0.38,0.36,0.38,12925000000.0,,12925000000.0,137318743230.0,20.0,16.375,-368000000.0,-0.127,1.0,4330000000.0,0.469,6964000000.0,168000000.0,23014000000.0,,3436000000.0,832000000.0,832000000.0,0.0,19948000000.0,10125000000.0,9823000000.0,130039743230.0,161000000.0,-10000000.0,-1489000000.0,147000000.0,-428000000.0,-478000000.0,-1012000000.0,-122000000.0,1642000000.0,9000000.0,1040000000.0,1040000000.0,1040000000.0,0.0,0.0,0.113,2665000000.0,1665000000.0,7043000000.0,0.374,10.061,32.22,33.088,12944000000.0,0.0,48.97,3.427,3.738,2822000000.0,11685000000.0,9231000000.0,9231000000.0,0.0,,,,,0.0,2665000000.0,1.0,2655498126.0,2896600000.0,2896600000.0,3.187,25909000000.0,631000000.0,510000000.0,634000000.0,8.945,1630000000.0
91,PG,MRQ,1998-12-31,1998-12-31,1998-12-31,2021-10-19,-1117000000.0,33151000000.0,,11986000000.0,21165000000.0,,4.428,739000000.0,2094000000.0,2094000000.0,5332000000.0,1142000000.0,1.16,1.585,9373000000.0,2965000000.0,6408000000.0,9373000000.0,0.0,442000000.0,0.0,0.012,0.142,1897000000.0,2339000000.0,0.235,2339000000.0,1897000000.0,1731000000.0,0.42,0.39,0.42,12825000000.0,,12825000000.0,128244268148.0,20.0,15.605,1533000000.0,0.529,1.0,4602000000.0,0.463,7123000000.0,166000000.0,22971000000.0,,3427000000.0,702000000.0,702000000.0,0.0,20326000000.0,10336000000.0,9990000000.0,121153268148.0,-446000000.0,-107000000.0,1135000000.0,-292000000.0,-408000000.0,-857000000.0,-395000000.0,103000000.0,794000000.0,12000000.0,1142000000.0,1142000000.0,1142000000.0,0.0,0.0,0.115,2765000000.0,1837000000.0,7371000000.0,0.338,9.447,30.617,31.595,12839000000.0,0.0,45.655,3.222,3.517,3284000000.0,11363000000.0,9934000000.0,9934000000.0,0.0,,,,,0.0,2765000000.0,1.0,2653669218.0,2896600000.0,2896600000.0,3.43,26028000000.0,768000000.0,589000000.0,660000000.0,8.986,1650000000.0
92,PG,MRQ,1998-09-30,1998-09-30,1998-09-30,2021-10-19,-1270000000.0,32869000000.0,,12316000000.0,20553000000.0,,4.151,-303000000.0,2540000000.0,2540000000.0,5142000000.0,1167000000.0,1.176,1.722,9631000000.0,3277000000.0,6354000000.0,9631000000.0,0.0,399000000.0,0.0,0.015,0.142,1924000000.0,2323000000.0,0.244,2323000000.0,1924000000.0,1767000000.0,0.43,0.4,0.43,12074000000.0,,12074000000.0,101651528941.0,16.0,12.706,888000000.0,0.305,1.0,4368000000.0,0.459,7038000000.0,157000000.0,22451000000.0,,3517000000.0,778000000.0,778000000.0,0.0,20795000000.0,10471000000.0,10324000000.0,95154528941.0,991000000.0,0.0,-1050000000.0,1501000000.0,-406000000.0,45000000.0,-233000000.0,70000000.0,1191000000.0,-12000000.0,1167000000.0,1167000000.0,1167000000.0,0.0,0.0,0.123,2494000000.0,1874000000.0,7194000000.0,0.33,7.881,24.645,25.313,12344000000.0,0.0,35.565,2.551,2.773,2950000000.0,10839000000.0,9510000000.0,9510000000.0,0.0,,,,,0.0,2494000000.0,1.0,2675510444.0,2909000000.0,2909000000.0,3.269,25831000000.0,733000000.0,600000000.0,655000000.0,8.88,1845000000.0
93,PG,MRQ,1998-06-30,1998-06-30,1998-06-30,2021-10-19,-1357000000.0,30966000000.0,,10577000000.0,20389000000.0,,4.562,-1398000000.0,1549000000.0,1549000000.0,5138000000.0,687000000.0,1.143,1.531,8046000000.0,2281000000.0,5765000000.0,8046000000.0,0.0,425000000.0,0.0,0.011,0.127,1166000000.0,1591000000.0,0.172,1591000000.0,1166000000.0,1013000000.0,0.25,0.235,0.25,12236000000.0,,12236000000.0,128332782857.0,21.0,16.34,187000000.0,0.07,1.0,4138000000.0,0.446,8180000000.0,153000000.0,20033000000.0,,3284000000.0,857000000.0,857000000.0,0.0,18730000000.0,9250000000.0,9480000000.0,122109782857.0,85000000.0,-64000000.0,-483000000.0,325000000.0,-365000000.0,-523000000.0,-955000000.0,-48000000.0,1585000000.0,-22000000.0,687000000.0,687000000.0,687000000.0,0.0,0.0,0.074,3026000000.0,1112000000.0,2051000000.0,0.508,9.98,32.304,33.234,12180000000.0,0.0,45.53,3.287,3.287,2781000000.0,11144000000.0,9276000000.0,9276000000.0,0.0,,,,,0.0,3026000000.0,1.0,2681963164.0,2681963164.0,,3.459,22786000000.0,595000000.0,326000000.0,1404000000.0,8.496,1327000000.0
94,PG,MRQ,1998-03-31,1998-03-31,1998-03-31,2021-10-19,-1275000000.0,30696000000.0,,10818000000.0,19878000000.0,,4.612,-231000000.0,1464000000.0,1464000000.0,5228000000.0,961000000.0,1.185,1.478,7687000000.0,2249000000.0,5438000000.0,7687000000.0,0.0,399000000.0,0.0,0.012,0.127,1566000000.0,1965000000.0,0.221,1965000000.0,1566000000.0,1432000000.0,0.345,0.325,0.345,12386000000.0,,12386000000.0,119469097739.0,19.0,15.238,1234000000.0,0.46,1.0,3653000000.0,0.411,6967000000.0,134000000.0,20824000000.0,,3470000000.0,842000000.0,842000000.0,0.0,18310000000.0,9128000000.0,9182000000.0,113269097739.0,159000000.0,-826000000.0,-382000000.0,131000000.0,-365000000.0,-616000000.0,-689000000.0,368000000.0,1465000000.0,-1000000.0,961000000.0,961000000.0,961000000.0,0.0,0.0,0.108,2137000000.0,1516000000.0,6879000000.0,0.368,9.145,30.572,31.603,11799000000.0,0.0,42.19,3.076,3.077,2758000000.0,11332000000.0,8881000000.0,8881000000.0,0.0,,,,,0.0,2137000000.0,1.0,2684738036.0,2685400000.0,2685400000.0,3.307,23729000000.0,611000000.0,471000000.0,482000000.0,8.836,1690000000.0
95,PG,MRQ,1997-12-31,1997-12-31,1997-12-31,2021-10-19,-1303000000.0,29715000000.0,,10853000000.0,18862000000.0,,4.509,-515000000.0,1305000000.0,1305000000.0,5322000000.0,1046000000.0,1.15,1.452,7505000000.0,2918000000.0,4587000000.0,7505000000.0,0.0,386000000.0,0.0,0.012,0.127,1735000000.0,2121000000.0,0.22,2121000000.0,1735000000.0,1594000000.0,0.38,0.355,0.38,12118000000.0,,12118000000.0,111977015726.0,18.0,14.626,148000000.0,0.055,1.0,4319000000.0,0.448,6213000000.0,141000000.0,20262000000.0,,3239000000.0,1207000000.0,1207000000.0,0.0,17597000000.0,9440000000.0,8157000000.0,107264015726.0,-754000000.0,-423000000.0,-370000000.0,716000000.0,-365000000.0,-19000000.0,-1358000000.0,-420000000.0,663000000.0,-40000000.0,1046000000.0,1046000000.0,1046000000.0,0.0,0.0,0.108,2631000000.0,1688000000.0,6522000000.0,0.334,8.852,29.59,30.579,11504000000.0,0.0,39.905,2.922,2.921,3009000000.0,11183000000.0,9641000000.0,9641000000.0,0.0,,,,,0.0,2631000000.0,1.0,2687984356.0,2687400000.0,2687400000.0,3.587,23502000000.0,573000000.0,548000000.0,598000000.0,8.745,1413000000.0
96,PG,MRQ,1997-09-30,1997-09-30,1997-09-30,2021-10-19,-991000000.0,29632000000.0,,10907000000.0,18725000000.0,,4.49,-415000000.0,2059000000.0,2059000000.0,5208000000.0,1087000000.0,1.11,1.447,6772000000.0,2629000000.0,4143000000.0,6772000000.0,0.0,388000000.0,0.0,0.013,0.126,1790000000.0,2178000000.0,0.233,2178000000.0,1790000000.0,1669000000.0,0.395,0.365,0.395,12109000000.0,,12109000000.0,95989500761.0,16.0,12.904,757000000.0,0.281,1.0,4147000000.0,0.443,5777000000.0,121000000.0,18746000000.0,,3333000000.0,599000000.0,599000000.0,0.0,17523000000.0,9822000000.0,7701000000.0,93347500761.0,-291000000.0,-1956000000.0,-536000000.0,1681000000.0,-367000000.0,778000000.0,-2208000000.0,163000000.0,1172000000.0,-33000000.0,1087000000.0,1087000000.0,1087000000.0,0.0,0.0,0.116,2408000000.0,1739000000.0,7193000000.0,0.319,7.709,26.497,27.433,11421000000.0,0.0,34.565,2.578,2.574,2917000000.0,10899000000.0,9355000000.0,9355000000.0,0.0,,,,,0.0,2408000000.0,1.0,2700636504.0,2696600000.0,2696600000.0,3.469,23855000000.0,630000000.0,582000000.0,536000000.0,8.846,1085000000.0
97,PG,MRQ,1997-06-30,1997-06-30,1997-06-30,2021-10-19,-819000000.0,27544000000.0,,10786000000.0,16758000000.0,,4.452,-1091000000.0,2350000000.0,2350000000.0,5381000000.0,611000000.0,1.383,1.287,4992000000.0,849000000.0,4143000000.0,4992000000.0,0.0,475000000.0,0.0,0.013,0.113,1101000000.0,1576000000.0,0.176,1576000000.0,1101000000.0,996000000.0,0.215,0.205,0.215,12046000000.0,,12046000000.0,98523477810.0,17.0,13.697,782000000.0,0.289,1.0,3567000000.0,0.399,5000000000.0,105000000.0,17388000000.0,,3087000000.0,760000000.0,760000000.0,0.0,15498000000.0,7798000000.0,7700000000.0,95711477810.0,-71000000.0,-29000000.0,-563000000.0,-246000000.0,-331000000.0,-1140000000.0,-816000000.0,-216000000.0,1873000000.0,12000000.0,611000000.0,611000000.0,611000000.0,0.0,0.0,0.068,2530000000.0,1037000000.0,2203000000.0,0.526,7.945,28.027,29.074,11376000000.0,0.0,35.325,2.676,2.687,2738000000.0,10730000000.0,8948000000.0,8948000000.0,0.0,,,,,0.0,2530000000.0,1.0,2709454432.0,2705600000.0,2705600000.0,3.307,22544000000.0,661000000.0,385000000.0,1503000000.0,8.332,2988000000.0
98,PG,MRQ,1997-03-31,1997-03-31,1997-03-31,2021-10-19,-771000000.0,27465000000.0,,10869000000.0,16596000000.0,,4.543,-191000000.0,2421000000.0,2421000000.0,4983000000.0,881000000.0,1.426,1.224,5233000000.0,1232000000.0,4001000000.0,5233000000.0,0.0,345000000.0,0.0,0.015,0.113,1436000000.0,1781000000.0,0.203,1781000000.0,1436000000.0,1330000000.0,0.315,0.295,0.315,12352000000.0,,12352000000.0,81214559614.0,15.0,11.629,1196000000.0,0.44,1.0,3788000000.0,0.432,4032000000.0,106000000.0,18621000000.0,,3088000000.0,562000000.0,562000000.0,0.0,15113000000.0,7624000000.0,7489000000.0,78002559614.0,232000000.0,0.0,-229000000.0,-95000000.0,-331000000.0,-655000000.0,-470000000.0,-11000000.0,1387000000.0,-30000000.0,881000000.0,881000000.0,881000000.0,0.0,0.0,0.1,2405000000.0,1383000000.0,6392000000.0,0.359,6.315,23.229,24.118,11074000000.0,0.0,28.7,2.204,2.205,2728000000.0,11141000000.0,8771000000.0,8771000000.0,0.0,,,,,0.0,2405000000.0,1.0,2717859220.0,2719200000.0,2719200000.0,3.226,23433000000.0,705000000.0,449000000.0,712000000.0,8.618,3245000000.0
99,PG,MRQ,1996-12-31,1996-12-31,1996-12-31,2021-10-19,-436000000.0,28120000000.0,,11121000000.0,16999000000.0,,4.522,-447000000.0,2189000000.0,2189000000.0,5095000000.0,944000000.0,1.396,1.284,5401000000.0,1118000000.0,4283000000.0,5401000000.0,0.0,338000000.0,0.0,0.016,0.113,1566000000.0,1904000000.0,0.208,1904000000.0,1566000000.0,1432000000.0,0.335,0.315,0.335,12311000000.0,,12311000000.0,,,,732000000.0,0.269,1.0,4047000000.0,0.443,4203000000.0,134000000.0,19165000000.0,,3227000000.0,532000000.0,532000000.0,0.0,15809000000.0,7964000000.0,7845000000.0,73124002314.0,-406000000.0,-111000000.0,-323000000.0,-305000000.0,-333000000.0,-961000000.0,-616000000.0,-87000000.0,1179000000.0,-8000000.0,944000000.0,944000000.0,944000000.0,0.0,0.0,0.103,2526000000.0,1521000000.0,6846000000.0,0.337,5.94,22.59,23.539,11270000000.0,0.0,26.905,2.077,2.08,2928000000.0,10870000000.0,9142000000.0,9142000000.0,0.0,,,,,0.0,2526000000.0,1.0,2717859220.0,2722400000.0,2722400000.0,3.358,23917000000.0,764000000.0,488000000.0,698000000.0,8.785,3157000000.0
100,PG,MRQ,1996-09-30,1996-09-30,1996-09-30,2021-10-19,,,,,,,,-400000000.0,,,5050000000.0,979000000.0,,,,,,,,329000000.0,,0.017,0.113,1603000000.0,1932000000.0,0.217,1932000000.0,1603000000.0,1491000000.0,0.35,0.325,0.35,,,,,,,1043000000.0,0.381,1.0,3853000000.0,0.433,,112000000.0,,,,,,,,,,,521000000.0,-10000000.0,-403000000.0,-14000000.0,-334000000.0,-751000000.0,-166000000.0,5000000.0,1443000000.0,-5000000.0,979000000.0,979000000.0,979000000.0,0.0,0.0,0.11,2306000000.0,1547000000.0,,0.323,,,22.099,,0.0,24.375,,1.896,,,8903000000.0,8903000000.0,0.0,,,,,0.0,2306000000.0,1.0,,2735200000.0,2735200000.0,3.255,,,512000000.0,,,
101,PG,MRQ,1996-06-30,1996-06-30,1996-06-30,2021-10-19,0.0,27730000000.0,,10807000000.0,16923000000.0,,4.274,-1030000000.0,2074000000.0,2074000000.0,5436000000.0,554000000.0,1.381,1.366,0.0,1116000000.0,4670000000.0,0.0,0.0,383000000.0,0.0,0.018,0.1,984000000.0,1367000000.0,0.159,1367000000.0,984000000.0,867000000.0,0.19,0.18,0.19,11722000000.0,,11722000000.0,,,,672000000.0,0.245,1.0,3144000000.0,0.366,5270000000.0,117000000.0,12561000000.0,,3130000000.0,446000000.0,446000000.0,0.0,16008000000.0,7825000000.0,8183000000.0,,52000000.0,-214000000.0,-107000000.0,-355000000.0,-300000000.0,-762000000.0,-877000000.0,-35000000.0,1702000000.0,-11000000.0,554000000.0,554000000.0,554000000.0,0.0,0.0,0.065,2309000000.0,835000000.0,0.0,0.526,,,21.32,11118000000.0,0.0,22.812,,1.775,2841000000.0,10382000000.0,8580000000.0,8580000000.0,0.0,,,,,0.0,2309000000.0,1.0,,2742800000.0,2742800000.0,3.128,22460000000.0,598000000.0,313000000.0,0.0,8.189,2982000000.0
102,PG,MRQ,1996-03-31,1996-03-31,1996-03-31,2021-10-19,,,,,,,,-396000000.0,,,5026000000.0,760000000.0,,,,,,,,324000000.0,,0.018,0.1,1268000000.0,1592000000.0,0.185,1592000000.0,1268000000.0,1147000000.0,0.268,0.253,0.268,,,,,,,935000000.0,0.34,1.0,3561000000.0,0.415,,121000000.0,,,,,,,,,,,354000000.0,3000000.0,-93000000.0,-176000000.0,-301000000.0,-570000000.0,-389000000.0,4000000.0,1331000000.0,-18000000.0,760000000.0,760000000.0,760000000.0,0.0,0.0,0.089,2368000000.0,1193000000.0,,0.373,,,,,0.0,21.438,,,,,8587000000.0,8587000000.0,0.0,,,,,0.0,2368000000.0,1.0,,2746000000.0,2746000000.0,3.127,,,387000000.0,,,
103,PG,MRQ,1995-12-31,1995-12-31,1995-12-31,2021-10-19,,,,,,,,,,,5265000000.0,836000000.0,,,,,,,,,,0.018,0.1,1404000000.0,,,,1404000000.0,1281000000.0,0.295,0.278,0.295,,,,,,,,,1.0,3825000000.0,0.421,,123000000.0,,,,,,,,,,,,,,,,,,,,,836000000.0,836000000.0,836000000.0,0.0,0.0,0.092,2473000000.0,1352000000.0,,0.339,,,,,0.0,20.75,,,,,9090000000.0,9090000000.0,0.0,,,,,,2473000000.0,1.0,,,,,,,445000000.0,,,
0,PG,MRT,2021-09-30,2021-09-30,2021-09-30,2021-10-19,-14062000000.0,119669000000.0,118966500000.0,24336000000.0,95333000000.0,0.648,18.136,-3028000000.0,10370000000.0,10370000000.0,38331000000.0,14170000000.0,0.665,1.579,32547000000.0,11989000000.0,20558000000.0,32547000000.0,0.0,2775000000.0,0.0,0.024,3.321,17799000000.0,20574000000.0,0.267,20574000000.0,17799000000.0,17324000000.0,5.65,5.47,5.65,46408000000.0,47130250000.0,46408000000.0,361053997385.0,20.0,17.549,15247000000.0,5.958,1.0,38807000000.0,0.503,63997000000.0,475000000.0,41260000000.0,41790500000.0,6307000000.0,0.0,0.0,0.0,73261000000.0,36589000000.0,36672000000.0,339353997385.0,-3022000000.0,-34000000.0,-10360000000.0,546000000.0,-8415000000.0,-18229000000.0,-3011000000.0,-55000000.0,18275000000.0,-57000000.0,14141000000.0,14141000000.0,14141000000.0,0.0,29000000.0,0.183,21079000000.0,17728000000.0,14223000000.0,0.588,7.312,23.998,24.743,21392000000.0,0.0,139.8,4.399,4.638,5662000000.0,108361000000.0,77138000000.0,77138000000.0,0.0,0.119,0.3,0.426,0.231,567000000.0,21079000000.0,1.0,2427424874.0,2558900000.0,,30.145,55672000000.0,0.0,3183000000.0,6323000000.0,21.756,-12253000000.0
1,PG,MRT,2021-06-30,2021-06-30,2021-06-30,2021-10-19,-13744000000.0,119307000000.0,119024000000.0,23091000000.0,96216000000.0,0.64,19.056,-2787000000.0,10288000000.0,10288000000.0,37108000000.0,14352000000.0,0.697,1.557,31988000000.0,8889000000.0,23099000000.0,31988000000.0,0.0,2735000000.0,0.0,0.024,3.242,18071000000.0,20806000000.0,0.273,20806000000.0,18071000000.0,17569000000.0,5.69,5.5,5.69,46654000000.0,47672250000.0,46654000000.0,350159049815.0,19.0,16.83,15584000000.0,6.365,1.0,39010000000.0,0.512,64566000000.0,502000000.0,43309000000.0,42418250000.0,5983000000.0,0.0,0.0,0.0,72653000000.0,33132000000.0,39521000000.0,330340049815.0,-5893000000.0,-34000000.0,-9365000000.0,-3903000000.0,-8263000000.0,-21531000000.0,-2834000000.0,-55000000.0,18371000000.0,101000000.0,14306000000.0,14306000000.0,14306000000.0,0.0,46000000.0,0.188,21024000000.0,17986000000.0,13720000000.0,0.57,7.081,23.091,23.714,21686000000.0,0.0,134.93,4.34,4.34,4725000000.0,106374000000.0,76118000000.0,76118000000.0,0.0,0.12,0.3,0.426,0.237,540000000.0,21024000000.0,1.0,2448232786.0,2448232786.0,,31.091,54741000000.0,0.0,3263000000.0,6153000000.0,22.359,-10041000000.0
2,PG,MRT,2021-03-31,2021-03-31,2021-03-31,2021-10-19,-15489000000.0,116778000000.0,119372250000.0,22608000000.0,94170000000.0,0.627,18.113,-2731000000.0,10007000000.0,10007000000.0,36259000000.0,14230000000.0,0.706,1.489,29826000000.0,8773000000.0,21053000000.0,29826000000.0,0.0,2839000000.0,0.0,0.023,3.163,18024000000.0,20863000000.0,0.279,20863000000.0,18024000000.0,17482000000.0,5.62,5.43,5.62,46919000000.0,47728250000.0,46919000000.0,352652130639.0,20.0,16.903,16325000000.0,6.302,1.0,38611000000.0,0.516,64270000000.0,542000000.0,40311000000.0,42233500000.0,6002000000.0,0.0,0.0,0.0,69859000000.0,32016000000.0,37843000000.0,333493130639.0,-5386000000.0,0.0,-6322000000.0,-7429000000.0,-8094000000.0,-21845000000.0,-2702000000.0,-13000000.0,19056000000.0,105000000.0,14200000000.0,14200000000.0,14200000000.0,0.0,30000000.0,0.19,20684000000.0,17927000000.0,12134000000.0,0.563,7.108,23.485,24.098,21103000000.0,0.0,135.43,4.454,4.686,4861000000.0,105674000000.0,74870000000.0,74870000000.0,0.0,0.119,0.298,0.427,0.241,631000000.0,20684000000.0,1.0,2462476044.0,2590300000.0,,28.904,52508000000.0,0.0,3282000000.0,5977000000.0,20.271,-9408000000.0
3,PG,MRT,2020-12-31,2020-12-31,2020-12-31,2021-10-19,-15091000000.0,120112000000.0,119817750000.0,24655000000.0,95457000000.0,0.617,18.559,-2806000000.0,11941000000.0,11941000000.0,36053000000.0,13938000000.0,0.777,1.474,31100000000.0,8586000000.0,22514000000.0,31100000000.0,0.0,2955000000.0,0.0,0.022,3.118,17579000000.0,20534000000.0,0.278,20534000000.0,17579000000.0,17043000000.0,5.47,5.29,5.47,48540000000.0,47483750000.0,48540000000.0,363275363952.0,21.0,17.691,16227000000.0,6.204,1.0,37922000000.0,0.513,65245000000.0,536000000.0,42282000000.0,42863500000.0,5957000000.0,0.0,0.0,0.0,71572000000.0,31744000000.0,39828000000.0,345012363952.0,5662000000.0,-4000000.0,-3890000000.0,1254000000.0,-7989000000.0,-10625000000.0,-2762000000.0,-6000000.0,19033000000.0,16000000.0,13848000000.0,13848000000.0,13848000000.0,0.0,90000000.0,0.187,20327000000.0,17595000000.0,12027000000.0,0.57,7.108,24.914,25.437,21416000000.0,0.0,139.14,4.664,4.919,4819000000.0,104361000000.0,73975000000.0,73975000000.0,0.0,0.116,0.292,0.41,0.238,610000000.0,20327000000.0,1.0,2479605893.0,2615400000.0,,28.284,54867000000.0,0.0,3195000000.0,6073000000.0,20.978,-7089000000.0
4,PG,MRT,2020-09-30,2020-09-30,2020-09-30,2021-10-19,-15881000000.0,119899000000.0,117720500000.0,26026000000.0,93873000000.0,0.616,18.503,-2844000000.0,13392000000.0,13392000000.0,35669000000.0,13794000000.0,0.867,1.468,31655000000.0,7707000000.0,23948000000.0,31655000000.0,0.0,2961000000.0,0.0,0.022,3.073,17198000000.0,20159000000.0,0.278,20159000000.0,17198000000.0,16705000000.0,5.41,5.23,5.41,48576000000.0,46825750000.0,48576000000.0,364080189321.0,21.0,18.06,15129000000.0,5.763,1.0,36801000000.0,0.508,64383000000.0,493000000.0,43771000000.0,42153000000.0,5707000000.0,0.0,0.0,0.0,71323000000.0,30008000000.0,41315000000.0,345541189321.0,4088000000.0,-58000000.0,-4409000000.0,1317000000.0,-7887000000.0,-10979000000.0,-2863000000.0,-6000000.0,17973000000.0,-43000000.0,13711000000.0,13711000000.0,13711000000.0,0.0,83000000.0,0.189,20104000000.0,16697000000.0,11935000000.0,0.568,7.113,25.202,25.691,20876000000.0,0.0,138.99,4.768,5.035,5043000000.0,102539000000.0,72470000000.0,72470000000.0,0.0,0.116,0.293,0.408,0.237,537000000.0,20104000000.0,1.0,2486086692.0,2625300000.0,,27.604,55516000000.0,0.0,2994000000.0,6294000000.0,21.147,-3982000000.0
5,PG,MRT,2020-06-30,2020-06-30,2020-06-30,2021-10-19,-16165000000.0,120700000000.0,116260250000.0,27987000000.0,92713000000.0,0.61,18.936,-3073000000.0,16181000000.0,16181000000.0,35250000000.0,13103000000.0,0.849,1.575,34720000000.0,11183000000.0,23537000000.0,34720000000.0,0.0,3013000000.0,0.0,0.025,3.029,16223000000.0,19236000000.0,0.271,19236000000.0,16223000000.0,15758000000.0,5.13,4.96,5.13,46878000000.0,46427750000.0,46878000000.0,316630587236.0,20.0,16.46,14330000000.0,5.788,1.0,35700000000.0,0.503,63693000000.0,465000000.0,42570000000.0,41312000000.0,5498000000.0,0.0,0.0,0.0,73822000000.0,32976000000.0,40846000000.0,296012587236.0,11942000000.0,-58000000.0,-5427000000.0,4849000000.0,-7789000000.0,-8367000000.0,3045000000.0,6146000000.0,17403000000.0,-139000000.0,13027000000.0,13027000000.0,13027000000.0,0.0,76000000.0,0.184,19994000000.0,15706000000.0,12071000000.0,0.59,6.315,22.723,23.308,20692000000.0,0.0,119.57,4.172,4.172,4178000000.0,100239000000.0,70950000000.0,70950000000.0,0.0,0.112,0.281,0.393,0.229,558000000.0,19994000000.0,1.0,2475642613.0,2475642613.0,,28.659,57007000000.0,0.0,2731000000.0,6199000000.0,23.027,-4989000000.0
6,PG,MRT,2020-03-31,2020-03-31,2020-03-31,2021-10-19,-15916000000.0,118560000000.0,114859000000.0,27140000000.0,91420000000.0,0.612,17.58,-3229000000.0,15393000000.0,15393000000.0,35246000000.0,5080000000.0,0.825,1.581,36011000000.0,12701000000.0,23310000000.0,36011000000.0,0.0,3019000000.0,0.0,0.027,2.984,7633000000.0,10652000000.0,0.151,10652000000.0,7633000000.0,7214000000.0,1.9,1.84,1.9,45941000000.0,46603000000.0,45941000000.0,293498817240.0,38.0,27.553,13519000000.0,5.173,1.0,35100000000.0,0.499,63451000000.0,419000000.0,42831000000.0,42281750000.0,5330000000.0,0.0,0.0,0.0,72619000000.0,32896000000.0,39723000000.0,271639817240.0,12655000000.0,-60000000.0,-6660000000.0,6086000000.0,-7698000000.0,-8272000000.0,4351000000.0,7240000000.0,16748000000.0,-172000000.0,4986000000.0,4986000000.0,4986000000.0,0.0,94000000.0,0.071,28067000000.0,7033000000.0,10464000000.0,1.571,5.913,54.481,57.895,20459000000.0,0.0,110.0,3.861,4.086,4640000000.0,99474000000.0,70346000000.0,70346000000.0,0.0,0.043,0.107,0.181,0.109,541000000.0,19722000000.0,1.0,2469452884.0,2613300000.0,,26.918,55109000000.0,0.0,2228000000.0,6309000000.0,21.088,-5756000000.0
7,PG,MRT,2019-12-31,2019-12-31,2019-12-31,2021-10-19,-14942000000.0,111723000000.0,115637250000.0,18917000000.0,92806000000.0,0.602,17.455,-3250000000.0,6279000000.0,6279000000.0,34957000000.0,4899000000.0,0.627,1.434,28138000000.0,9153000000.0,18985000000.0,28138000000.0,0.0,2931000000.0,0.0,0.024,2.955,7453000000.0,10384000000.0,0.149,10384000000.0,7453000000.0,7003000000.0,1.82,1.76,1.82,45908000000.0,49005750000.0,45908000000.0,331686124795.0,45.0,31.942,12951000000.0,4.924,1.0,34637000000.0,0.498,63978000000.0,450000000.0,39440000000.0,43635500000.0,5521000000.0,0.0,0.0,0.0,65815000000.0,30164000000.0,35651000000.0,311477124795.0,2583000000.0,-151000000.0,-6606000000.0,-5027000000.0,-7650000000.0,-19283000000.0,5649000000.0,8659000000.0,16201000000.0,16000000.0,4814000000.0,4814000000.0,4814000000.0,0.0,85000000.0,0.069,27828000000.0,6809000000.0,10781000000.0,1.624,6.785,64.702,68.626,21250000000.0,0.0,124.9,4.476,4.72,5196000000.0,98414000000.0,69594000000.0,69594000000.0,0.0,0.042,0.098,0.171,0.107,536000000.0,19483000000.0,1.0,2493812048.0,2630100000.0,,26.461,47745000000.0,0.0,2189000000.0,6242000000.0,18.153,-11247000000.0
8,PG,MRT,2019-09-30,2019-09-30,2019-09-30,2021-10-19,-15298000000.0,114058000000.0,118628250000.0,21925000000.0,92133000000.0,0.58,17.747,-3346000000.0,9304000000.0,9304000000.0,35007000000.0,4372000000.0,0.725,1.428,29513000000.0,9352000000.0,20161000000.0,29513000000.0,0.0,2904000000.0,0.0,0.024,2.926,6879000000.0,9783000000.0,0.142,9783000000.0,6879000000.0,6391000000.0,1.6,1.57,1.6,46984000000.0,51139500000.0,46984000000.0,337084057506.0,49.0,34.456,12498000000.0,4.721,1.0,33785000000.0,0.491,63607000000.0,488000000.0,40407000000.0,46148500000.0,5465000000.0,0.0,0.0,0.0,67074000000.0,30253000000.0,36821000000.0,311231057506.0,6759000000.0,-3708000000.0,-2977000000.0,-902000000.0,-7577000000.0,-11456000000.0,2454000000.0,9117000000.0,15844000000.0,-83000000.0,4291000000.0,4291000000.0,4291000000.0,0.0,81000000.0,0.062,27562000000.0,6223000000.0,10951000000.0,1.829,6.624,72.531,77.737,20901000000.0,0.0,124.38,4.524,4.787,5143000000.0,96625000000.0,68792000000.0,68792000000.0,0.0,0.036,0.084,0.149,0.1,523000000.0,19217000000.0,1.0,2502259668.0,2647500000.0,,25.984,50451000000.0,0.0,2100000000.0,6325000000.0,19.056,-8328000000.0
9,PG,MRT,2019-06-30,2019-06-30,2019-06-30,2021-10-19,-14936000000.0,115095000000.0,119723750000.0,22473000000.0,92622000000.0,0.565,18.968,-3347000000.0,4239000000.0,4239000000.0,34768000000.0,3966000000.0,0.749,1.419,30092000000.0,9697000000.0,20395000000.0,30092000000.0,0.0,2824000000.0,0.0,0.026,2.897,6509000000.0,9333000000.0,0.138,9333000000.0,6509000000.0,6000000000.0,1.45,1.43,1.45,47579000000.0,52519500000.0,47579000000.0,302570358623.0,46.0,32.419,11895000000.0,4.742,1.0,32916000000.0,0.486,64488000000.0,509000000.0,46449000000.0,48251250000.0,5017000000.0,6048000000.0,6048000000.0,0.0,67516000000.0,30011000000.0,37505000000.0,275038358623.0,1670000000.0,-3945000000.0,-1679000000.0,-817000000.0,-7498000000.0,-9994000000.0,-3490000000.0,3408000000.0,15242000000.0,-88000000.0,3897000000.0,3897000000.0,3897000000.0,0.0,69000000.0,0.058,27429000000.0,5487000000.0,11260000000.0,1.998,5.781,70.577,75.621,21271000000.0,0.0,109.65,4.064,4.064,4951000000.0,94918000000.0,67684000000.0,67684000000.0,0.0,0.033,0.074,0.135,0.096,515000000.0,19084000000.0,1.0,2508329764.0,2508329764.0,,26.984,50607000000.0,0.0,2103000000.0,6899000000.0,20.176,-7538000000.0
10,PG,MRT,2019-03-31,2019-03-31,2019-03-31,2021-10-19,-14968000000.0,121673000000.0,120527500000.0,22312000000.0,99361000000.0,0.557,21.061,-3440000000.0,2738000000.0,2738000000.0,34900000000.0,11093000000.0,0.786,1.19,30270000000.0,8911000000.0,21359000000.0,30270000000.0,0.0,2754000000.0,0.0,0.028,2.869,13893000000.0,16647000000.0,0.248,16647000000.0,13893000000.0,13359000000.0,4.31,4.21,4.31,55552000000.0,53845500000.0,55552000000.0,290220368721.0,21.0,17.434,11850000000.0,4.493,1.0,32193000000.0,0.48,72589000000.0,534000000.0,48246000000.0,49067250000.0,5358000000.0,7085000000.0,7085000000.0,0.0,66121000000.0,28370000000.0,37751000000.0,260289368721.0,-2588000000.0,-3944000000.0,-2014000000.0,-4115000000.0,-7422000000.0,-13551000000.0,-4040000000.0,3299000000.0,15290000000.0,-287000000.0,11029000000.0,11029000000.0,11029000000.0,0.0,64000000.0,0.164,18927000000.0,13266000000.0,10207000000.0,0.666,4.686,23.6,24.142,20993000000.0,0.0,104.05,3.88,4.091,5198000000.0,102103000000.0,67093000000.0,67093000000.0,0.0,0.092,0.205,0.283,0.207,445000000.0,18927000000.0,1.0,2501579709.0,2637700000.0,,25.436,49084000000.0,0.0,2330000000.0,6951000000.0,18.609,-6058000000.0
11,PG,MRT,2018-12-31,2018-12-31,2018-12-31,2021-10-19,-15156000000.0,123687000000.0,121201500000.0,24431000000.0,99256000000.0,0.552,20.756,-3598000000.0,3696000000.0,3696000000.0,34857000000.0,10857000000.0,0.782,1.272,33627000000.0,12113000000.0,21514000000.0,33627000000.0,0.0,2759000000.0,0.0,0.031,2.842,13872000000.0,16631000000.0,0.249,16631000000.0,13872000000.0,13336000000.0,4.21,4.12,4.21,54443000000.0,53694000000.0,54443000000.0,257752253602.0,19.0,15.498,11528000000.0,4.395,1.0,32055000000.0,0.479,72879000000.0,536000000.0,49492000000.0,50337500000.0,5281000000.0,8421000000.0,8421000000.0,0.0,69244000000.0,31247000000.0,37997000000.0,229010253602.0,-3736000000.0,-3856000000.0,-2789000000.0,-3957000000.0,-7377000000.0,-14123000000.0,-4516000000.0,2852000000.0,15126000000.0,-223000000.0,10795000000.0,10795000000.0,10795000000.0,0.0,62000000.0,0.161,18809000000.0,13246000000.0,10266000000.0,0.675,4.206,21.214,21.834,20822000000.0,0.0,91.92,3.423,3.603,5055000000.0,101170000000.0,66912000000.0,66912000000.0,0.0,0.089,0.201,0.276,0.207,419000000.0,18809000000.0,1.0,2491408329.0,2623000000.0,,25.51,50808000000.0,0.0,2541000000.0,6872000000.0,19.37,-6816000000.0
12,PG,MRT,2018-09-30,2018-09-30,2018-09-30,2021-10-19,-15133000000.0,118440000000.0,121940750000.0,23346000000.0,95094000000.0,0.548,20.1,-3665000000.0,2545000000.0,2545000000.0,34647000000.0,10202000000.0,0.799,1.256,31287000000.0,10508000000.0,20779000000.0,31287000000.0,0.0,2785000000.0,0.0,0.034,2.814,13929000000.0,16714000000.0,0.25,16714000000.0,13929000000.0,13409000000.0,3.92,3.83,3.92,52504000000.0,53763500000.0,52504000000.0,235794187990.0,17.0,14.108,11138000000.0,4.264,1.0,32222000000.0,0.482,69144000000.0,520000000.0,48818000000.0,51462000000.0,5182000000.0,8708000000.0,8708000000.0,0.0,65936000000.0,29220000000.0,36716000000.0,207077187990.0,-2479000000.0,-346000000.0,-4732000000.0,-3235000000.0,-7340000000.0,-15307000000.0,-1842000000.0,2011000000.0,14803000000.0,-133000000.0,10096000000.0,10096000000.0,10096000000.0,0.0,106000000.0,0.151,18953000000.0,13269000000.0,10243000000.0,0.718,3.944,20.511,21.232,20590000000.0,0.0,83.23,3.097,3.251,5035000000.0,99831000000.0,66869000000.0,66869000000.0,0.0,0.083,0.188,0.271,0.208,413000000.0,18953000000.0,1.0,2488011390.0,2612100000.0,,25.6,49296000000.0,0.0,3313000000.0,6179000000.0,18.872,-5874000000.0
13,PG,MRT,2018-06-30,2018-06-30,2018-06-30,2021-10-19,-14749000000.0,118310000000.0,123043500000.0,23320000000.0,94990000000.0,0.543,21.03,-3717000000.0,2569000000.0,2569000000.0,34432000000.0,9861000000.0,0.826,1.237,31286000000.0,10423000000.0,20863000000.0,31286000000.0,0.0,2834000000.0,0.0,0.036,2.787,13721000000.0,16555000000.0,0.248,16555000000.0,13721000000.0,13215000000.0,3.75,3.67,3.75,52883000000.0,54491250000.0,52883000000.0,226262635097.0,16.0,13.667,11150000000.0,4.434,1.0,32400000000.0,0.485,69077000000.0,506000000.0,49713000000.0,52224000000.0,4738000000.0,9281000000.0,9281000000.0,0.0,65427000000.0,28237000000.0,37190000000.0,196289635097.0,-3000000000.0,-109000000.0,-5827000000.0,-1238000000.0,-7310000000.0,-14375000000.0,-3511000000.0,46000000.0,14867000000.0,19000000.0,9750000000.0,9750000000.0,9750000000.0,0.0,111000000.0,0.146,19037000000.0,13363000000.0,10344000000.0,0.743,3.712,20.132,20.816,20600000000.0,0.0,78.06,2.937,2.937,4686000000.0,98641000000.0,66832000000.0,66832000000.0,0.0,0.079,0.179,0.263,0.205,395000000.0,19037000000.0,1.0,2514599476.0,2514599476.0,,26.578,49233000000.0,0.0,3465000000.0,6163000000.0,19.579,-4917000000.0
14,PG,MRT,2018-03-31,2018-03-31,2018-03-31,2021-10-19,-13891000000.0,124369000000.0,123567500000.0,27960000000.0,96409000000.0,0.537,20.769,-3964000000.0,5326000000.0,5326000000.0,33764000000.0,10173000000.0,0.91,1.263,35299000000.0,12862000000.0,22437000000.0,35299000000.0,0.0,2804000000.0,0.0,0.035,2.76,14351000000.0,17155000000.0,0.258,17155000000.0,14351000000.0,13865000000.0,3.87,3.77,3.87,54946000000.0,55215000000.0,54946000000.0,230166173812.0,16.0,13.417,10392000000.0,3.928,1.0,32644000000.0,0.492,70304000000.0,486000000.0,53327000000.0,51629000000.0,5207000000.0,10208000000.0,10208000000.0,0.0,69423000000.0,30711000000.0,38712000000.0,199865173812.0,-1487000000.0,-1104000000.0,-5101000000.0,2633000000.0,-7275000000.0,-9743000000.0,-6470000000.0,-1808000000.0,14356000000.0,370000000.0,10074000000.0,10074000000.0,10074000000.0,0.0,99000000.0,0.152,19108000000.0,13536000000.0,9716000000.0,0.713,3.637,19.84,20.486,20925000000.0,0.0,79.28,3.01,3.158,5149000000.0,98623000000.0,66408000000.0,66408000000.0,0.0,0.082,0.182,0.278,0.216,403000000.0,19108000000.0,1.0,2521003706.0,2645600000.0,,25.101,54065000000.0,0.0,3791000000.0,6083000000.0,20.436,-2751000000.0
15,PG,MRT,2017-12-31,2017-12-31,2017-12-31,2021-10-19,-14171000000.0,126644000000.0,121998000000.0,31214000000.0,95430000000.0,0.539,20.498,-3855000000.0,7432000000.0,7432000000.0,33216000000.0,10189000000.0,0.943,1.314,37733000000.0,15547000000.0,22186000000.0,37733000000.0,0.0,2753000000.0,0.0,0.03,2.739,14392000000.0,17145000000.0,0.261,17145000000.0,14392000000.0,13943000000.0,3.86,3.75,3.86,54721000000.0,55115500000.0,54721000000.0,262285708390.0,18.0,15.298,10188000000.0,3.816,1.0,32516000000.0,0.495,69848000000.0,449000000.0,53990000000.0,49740000000.0,5131000000.0,11326000000.0,11326000000.0,0.0,71923000000.0,33107000000.0,38816000000.0,233095708390.0,385000000.0,-1097000000.0,-4857000000.0,6387000000.0,-7235000000.0,-5705000000.0,-8369000000.0,-3909000000.0,14043000000.0,416000000.0,10085000000.0,10085000000.0,10085000000.0,0.0,104000000.0,0.153,18829000000.0,13687000000.0,9740000000.0,0.71,4.26,23.113,23.803,20420000000.0,0.0,91.88,3.546,3.732,5182000000.0,97881000000.0,65732000000.0,65732000000.0,0.0,0.083,0.183,0.289,0.219,404000000.0,18829000000.0,1.0,2536958080.0,2669600000.0,,24.622,56796000000.0,0.0,3858000000.0,6145000000.0,21.275,-1893000000.0
16,PG,MRT,2017-09-30,2017-09-30,2017-09-30,2021-10-19,-14292000000.0,122851000000.0,119595250000.0,28096000000.0,94755000000.0,0.545,20.596,-3832000000.0,5024000000.0,5024000000.0,32805000000.0,15524000000.0,0.914,1.217,34214000000.0,14026000000.0,20188000000.0,34214000000.0,0.0,2784000000.0,0.0,0.03,2.719,18995000000.0,21779000000.0,0.334,21779000000.0,18995000000.0,18546000000.0,5.91,5.7,5.91,55415000000.0,54871250000.0,55415000000.0,258023294645.0,14.0,11.847,9527000000.0,3.541,1.0,32388000000.0,0.497,69451000000.0,449000000.0,51866000000.0,47221250000.0,5023000000.0,10983000000.0,10983000000.0,0.0,67436000000.0,30724000000.0,36712000000.0,232000294645.0,-3428000000.0,745000000.0,-4588000000.0,2011000000.0,-7208000000.0,-9785000000.0,-7098000000.0,-4519000000.0,13359000000.0,96000000.0,15465000000.0,15465000000.0,15465000000.0,-5335000000.0,59000000.0,0.237,18745000000.0,13643000000.0,9458000000.0,0.46,4.187,15.002,15.394,20108000000.0,0.0,90.98,3.559,3.755,4942000000.0,97197000000.0,65193000000.0,65193000000.0,0.0,0.129,0.282,0.402,0.291,391000000.0,18745000000.0,1.0,2550014230.0,2690600000.0,,24.23,53400000000.0,0.0,3081000000.0,8481000000.0,19.847,-2628000000.0
17,PG,MRT,2017-06-30,2017-06-30,2017-06-30,2021-10-19,-14632000000.0,120406000000.0,121143250000.0,26494000000.0,93912000000.0,0.537,21.809,-3384000000.0,5569000000.0,5569000000.0,32638000000.0,15411000000.0,0.877,1.159,31592000000.0,13554000000.0,18038000000.0,31592000000.0,0.0,2820000000.0,0.0,0.031,2.698,18854000000.0,21674000000.0,0.333,21674000000.0,18854000000.0,18389000000.0,5.8,5.59,5.8,55778000000.0,55755250000.0,55778000000.0,247493093914.0,13.0,11.419,9369000000.0,3.663,1.0,32420000000.0,0.498,68886000000.0,465000000.0,47333000000.0,46643250000.0,4624000000.0,9568000000.0,9568000000.0,0.0,64628000000.0,30210000000.0,34418000000.0,222896093914.0,-2529000000.0,-491000000.0,-2731000000.0,1399000000.0,-7236000000.0,-8568000000.0,-6685000000.0,-3381000000.0,12753000000.0,-29000000.0,15326000000.0,15326000000.0,15326000000.0,-5217000000.0,85000000.0,0.236,18654000000.0,13766000000.0,9632000000.0,0.465,3.996,14.544,15.026,19893000000.0,0.0,87.15,3.426,3.426,4594000000.0,96124000000.0,65058000000.0,65058000000.0,0.0,0.127,0.275,0.404,0.29,351000000.0,18654000000.0,1.0,2557614388.0,2557614388.0,,25.437,51520000000.0,0.0,3063000000.0,8126000000.0,20.144,-3716000000.0
18,PG,MRT,2017-03-31,2017-03-31,2017-03-31,2021-10-19,-15955000000.0,118091000000.0,122825750000.0,25885000000.0,92206000000.0,0.53,20.162,-3521000000.0,5817000000.0,5817000000.0,32618000000.0,15167000000.0,0.89,1.165,30414000000.0,13781000000.0,16633000000.0,30414000000.0,0.0,2939000000.0,0.0,0.03,2.678,18577000000.0,21516000000.0,0.331,21516000000.0,18577000000.0,18078000000.0,5.67,5.46,5.67,54548000000.0,56306500000.0,54548000000.0,253115478217.0,14.0,11.764,9683000000.0,3.579,1.0,32463000000.0,0.499,67835000000.0,499000000.0,45771000000.0,47556250000.0,4754000000.0,8510000000.0,8510000000.0,0.0,63543000000.0,29082000000.0,34461000000.0,229699478217.0,-2078000000.0,504000000.0,-1958000000.0,-779000000.0,-7257000000.0,-9994000000.0,-5015000000.0,-2727000000.0,13204000000.0,-273000000.0,15062000000.0,15062000000.0,15062000000.0,-5167000000.0,105000000.0,0.231,18955000000.0,13508000000.0,8076000000.0,0.472,4.211,15.25,15.847,19219000000.0,0.0,89.85,3.529,3.735,4358000000.0,95736000000.0,65081000000.0,65081000000.0,0.0,0.123,0.268,0.391,0.285,316000000.0,18955000000.0,1.0,2556477220.0,2705500000.0,,24.055,50256000000.0,0.0,3016000000.0,8644000000.0,18.575,-3197000000.0
19,PG,MRT,2016-12-31,2016-12-31,2016-12-31,2021-10-19,-16522000000.0,117033000000.0,125180000000.0,25572000000.0,91461000000.0,0.521,19.632,-3520000000.0,6051000000.0,6051000000.0,32697000000.0,15394000000.0,0.885,1.178,29467000000.0,13007000000.0,16460000000.0,29467000000.0,0.0,3059000000.0,0.0,0.032,2.671,18964000000.0,22023000000.0,0.338,22023000000.0,18964000000.0,18415000000.0,5.71,5.5,5.71,53744000000.0,57632750000.0,53744000000.0,246796451418.0,13.0,11.206,9922000000.0,3.624,1.0,32534000000.0,0.499,67643000000.0,549000000.0,43915000000.0,49054250000.0,4787000000.0,7403000000.0,7403000000.0,0.0,63289000000.0,28891000000.0,34398000000.0,224997451418.0,-3352000000.0,-634000000.0,-1265000000.0,110000000.0,-7340000000.0,-10225000000.0,-6157000000.0,-2635000000.0,13442000000.0,-412000000.0,15290000000.0,15290000000.0,15290000000.0,-5613000000.0,104000000.0,0.234,19068000000.0,13466000000.0,8300000000.0,0.468,4.186,14.715,14.725,18778000000.0,0.0,84.08,3.449,3.529,4729000000.0,94945000000.0,65231000000.0,65231000000.0,0.0,0.122,0.265,0.387,0.291,299000000.0,19068000000.0,1.0,2675992524.0,2737600000.0,,23.828,49390000000.0,0.0,3125000000.0,8692000000.0,18.041,-3319000000.0
20,PG,MRT,2016-09-30,2016-09-30,2016-09-30,2021-10-19,-15943000000.0,129043000000.0,128207500000.0,35171000000.0,93872000000.0,0.509,20.883,-3466000000.0,9326000000.0,9326000000.0,32859000000.0,10726000000.0,1.085,1.189,31125000000.0,12215000000.0,18910000000.0,31125000000.0,0.0,3075000000.0,0.0,0.03,2.665,14519000000.0,17594000000.0,0.269,17594000000.0,14519000000.0,13949000000.0,3.86,3.74,3.86,58951000000.0,59772250000.0,58951000000.0,263016413469.0,18.0,14.949,11456000000.0,4.058,1.0,32431000000.0,0.497,68887000000.0,570000000.0,49554000000.0,50715750000.0,4999000000.0,6615000000.0,6615000000.0,0.0,70092000000.0,32401000000.0,37691000000.0,239520413469.0,-249000000.0,-2561000000.0,-1378000000.0,2781000000.0,-7422000000.0,-7749000000.0,-7150000000.0,-1700000000.0,14922000000.0,-272000000.0,10621000000.0,10621000000.0,10621000000.0,-601000000.0,105000000.0,0.163,18987000000.0,13444000000.0,9024000000.0,0.69,4.063,22.552,23.251,19310000000.0,0.0,89.75,3.669,3.88,4713000000.0,88855000000.0,65290000000.0,65290000000.0,0.0,0.083,0.178,0.286,0.222,312000000.0,18987000000.0,1.0,2668751125.0,2822900000.0,,23.129,60156000000.0,0.0,3328000000.0,8515000000.0,21.31,2770000000.0
21,PG,MRT,2016-06-30,2016-06-30,2016-06-30,2021-10-19,-15907000000.0,127136000000.0,128263000000.0,33782000000.0,93354000000.0,0.509,21.783,-3314000000.0,7102000000.0,7102000000.0,32909000000.0,10604000000.0,1.098,1.193,30598000000.0,11653000000.0,18945000000.0,30598000000.0,0.0,3078000000.0,0.0,0.031,2.658,14429000000.0,17507000000.0,0.268,17507000000.0,14429000000.0,13850000000.0,3.8,3.69,3.8,57983000000.0,60773000000.0,57983000000.0,250298997410.0,17.0,14.297,12121000000.0,4.554,1.0,32390000000.0,0.496,68877000000.0,579000000.0,50985000000.0,51115500000.0,4716000000.0,6246000000.0,6246000000.0,0.0,69153000000.0,30770000000.0,38383000000.0,225378997410.0,266000000.0,-1325000000.0,-1332000000.0,1285000000.0,-7436000000.0,-9213000000.0,-5575000000.0,-1368000000.0,15435000000.0,-381000000.0,10508000000.0,10508000000.0,10508000000.0,-577000000.0,96000000.0,0.161,18949000000.0,13441000000.0,9325000000.0,0.699,3.887,21.448,22.282,19385000000.0,0.0,84.67,3.451,3.451,4373000000.0,87953000000.0,65299000000.0,65299000000.0,0.0,0.082,0.173,0.282,0.221,335000000.0,18949000000.0,1.0,2661851865.0,2661851865.0,,24.531,58259000000.0,1507000000.0,3342000000.0,9113000000.0,21.887,3012000000.0
22,PG,MRT,2016-03-31,2016-03-31,2016-03-31,2021-10-19,-13642000000.0,127508000000.0,128852750000.0,34317000000.0,93191000000.0,0.51,21.112,-3297000000.0,7895000000.0,7895000000.0,33364000000.0,9184000000.0,1.094,1.13,32815000000.0,13681000000.0,19134000000.0,32815000000.0,0.0,3047000000.0,0.0,0.032,2.652,12888000000.0,15935000000.0,0.242,15935000000.0,12888000000.0,12311000000.0,3.26,3.18,3.26,59853000000.0,62039750000.0,59853000000.0,244735791244.0,19.0,15.358,11987000000.0,4.228,1.0,32386000000.0,0.493,69308000000.0,577000000.0,51763000000.0,51764750000.0,4957000000.0,5924000000.0,5924000000.0,0.0,67655000000.0,31357000000.0,36298000000.0,222612791244.0,-469000000.0,-2250000000.0,-1668000000.0,924000000.0,-7460000000.0,-9934000000.0,-5563000000.0,-913000000.0,15284000000.0,-256000000.0,9078000000.0,9078000000.0,9078000000.0,-669000000.0,106000000.0,0.138,20635000000.0,11751000000.0,7795000000.0,0.813,3.719,24.522,25.248,19186000000.0,0.0,82.31,3.386,3.549,4591000000.0,87849000000.0,65750000000.0,65750000000.0,0.0,0.07,0.146,0.249,0.196,322000000.0,18607000000.0,1.0,2704565560.0,2835000000.0,,23.192,58200000000.0,1189000000.0,3233000000.0,9161000000.0,20.529,2960000000.0
23,PG,MRT,2015-12-31,2015-12-31,2015-12-31,2021-10-19,-14334000000.0,129143000000.0,129710000000.0,36347000000.0,92796000000.0,0.516,21.749,-3317000000.0,9403000000.0,9403000000.0,34376000000.0,8589000000.0,1.134,1.073,31526000000.0,13931000000.0,17595000000.0,31526000000.0,0.0,3048000000.0,0.0,0.033,2.633,11971000000.0,15019000000.0,0.224,15019000000.0,11971000000.0,11392000000.0,3.03,2.96,3.03,62302000000.0,62921500000.0,62302000000.0,238822681522.0,20.0,15.901,12241000000.0,4.273,1.0,32549000000.0,0.486,68652000000.0,579000000.0,50561000000.0,51163250000.0,5125000000.0,4874000000.0,4874000000.0,0.0,66841000000.0,32053000000.0,34788000000.0,216040681522.0,1209000000.0,-1119000000.0,-1030000000.0,-2005000000.0,-7406000000.0,-10441000000.0,-3460000000.0,46000000.0,15558000000.0,-448000000.0,8481000000.0,8481000000.0,8481000000.0,-10000000.0,108000000.0,0.127,21091000000.0,11458000000.0,7717000000.0,0.869,3.468,25.473,26.208,18910000000.0,0.0,79.41,3.228,3.399,4721000000.0,86917000000.0,66925000000.0,66925000000.0,0.0,0.065,0.135,0.234,0.179,326000000.0,19063000000.0,1.0,2720572743.0,2864600000.0,,23.363,60491000000.0,1173000000.0,2911000000.0,9257000000.0,21.117,4294000000.0
24,PG,MRT,2015-09-30,2015-09-30,2015-09-30,2021-10-19,-13746000000.0,129265000000.0,131490000000.0,35620000000.0,93645000000.0,0.521,21.954,-3458000000.0,7705000000.0,7705000000.0,35474000000.0,7759000000.0,1.128,1.053,30487000000.0,13093000000.0,17394000000.0,30487000000.0,0.0,3071000000.0,0.0,0.036,2.614,11054000000.0,14125000000.0,0.206,14125000000.0,11054000000.0,10458000000.0,2.72,2.66,2.72,62954000000.0,63549000000.0,62954000000.0,218646691072.0,20.0,15.479,11055000000.0,3.855,1.0,33031000000.0,0.482,69327000000.0,596000000.0,51153000000.0,51502500000.0,5239000000.0,4901000000.0,4901000000.0,0.0,66311000000.0,31567000000.0,34744000000.0,195141691072.0,229000000.0,-1030000000.0,-385000000.0,-2244000000.0,-7346000000.0,-9975000000.0,-3878000000.0,-978000000.0,14513000000.0,-431000000.0,7647000000.0,7647000000.0,7647000000.0,589000000.0,112000000.0,0.112,21847000000.0,11184000000.0,7758000000.0,0.961,3.1,25.519,26.449,19081000000.0,0.0,71.94,2.849,3.011,4724000000.0,85579000000.0,68505000000.0,68505000000.0,0.0,0.058,0.12,0.215,0.161,323000000.0,19819000000.0,1.0,2712561733.0,2867500000.0,,23.89,59938000000.0,1334000000.0,2811000000.0,9224000000.0,20.903,4053000000.0
25,PG,MRT,2015-06-30,2015-06-30,2015-06-30,2021-10-19,-12780000000.0,129495000000.0,133719500000.0,29646000000.0,99849000000.0,0.529,23.24,-3736000000.0,6836000000.0,6836000000.0,37056000000.0,7144000000.0,0.995,1.054,30345000000.0,12018000000.0,18327000000.0,30345000000.0,0.0,3134000000.0,0.0,0.033,2.595,10387000000.0,13521000000.0,0.191,13521000000.0,10387000000.0,9761000000.0,2.5,2.44,2.5,63050000000.0,64517750000.0,63050000000.0,236329774962.0,23.0,17.479,10872000000.0,4.007,1.0,33693000000.0,0.476,69632000000.0,626000000.0,53582000000.0,51286000000.0,4979000000.0,4767000000.0,4767000000.0,0.0,66445000000.0,29790000000.0,36655000000.0,212264774962.0,-1712000000.0,-1045000000.0,-1778000000.0,-3954000000.0,-7287000000.0,-13019000000.0,-2890000000.0,-2607000000.0,14608000000.0,-411000000.0,7036000000.0,7036000000.0,7036000000.0,1143000000.0,108000000.0,0.099,22644000000.0,11049000000.0,8138000000.0,1.038,3.367,30.168,31.296,19655000000.0,0.0,78.24,3.0,3.0,4568000000.0,84807000000.0,70749000000.0,70749000000.0,0.0,0.053,0.109,0.203,0.147,337000000.0,20616000000.0,1.0,2712995590.0,2712995590.0,,26.078,59863000000.0,1356000000.0,2725000000.0,9179000000.0,22.065,-144000000.0
26,PG,MRT,2015-03-31,2015-03-31,2015-03-31,2021-10-19,-13851000000.0,130937000000.0,137412250000.0,31562000000.0,99375000000.0,0.493,21.988,-3703000000.0,8374000000.0,8374000000.0,36527000000.0,9226000000.0,0.99,1.066,32439000000.0,15075000000.0,17364000000.0,32439000000.0,0.0,3150000000.0,0.0,0.031,2.575,12331000000.0,15481000000.0,0.229,15481000000.0,12331000000.0,11675000000.0,3.26,3.15,3.26,63380000000.0,66249250000.0,63380000000.0,247528779076.0,20.0,15.989,11423000000.0,3.963,1.0,31156000000.0,0.46,73764000000.0,656000000.0,49357000000.0,51103500000.0,5893000000.0,4786000000.0,4786000000.0,0.0,67557000000.0,31881000000.0,35676000000.0,221279779076.0,199000000.0,-146000000.0,-1540000000.0,-2629000000.0,-7230000000.0,-11399000000.0,-3112000000.0,-3488000000.0,15126000000.0,-416000000.0,9094000000.0,9094000000.0,9094000000.0,461000000.0,132000000.0,0.134,18587000000.0,12569000000.0,7285000000.0,0.79,3.491,24.333,25.135,20043000000.0,0.0,81.94,3.269,3.49,4990000000.0,86157000000.0,67683000000.0,67683000000.0,0.0,0.066,0.137,0.241,0.182,344000000.0,18587000000.0,1.0,2700509874.0,2882500000.0,,23.481,57173000000.0,820000000.0,2581000000.0,9808000000.0,19.835,-319000000.0
27,PG,MRT,2014-12-31,2014-12-31,2014-12-31,2021-10-19,-11317000000.0,136263000000.0,140477250000.0,33178000000.0,103085000000.0,0.501,22.464,-3827000000.0,8204000000.0,8204000000.0,37640000000.0,9674000000.0,0.971,1.102,34453000000.0,16329000000.0,18124000000.0,34453000000.0,0.0,3155000000.0,0.0,0.028,2.533,12896000000.0,16051000000.0,0.228,16051000000.0,12896000000.0,12208000000.0,3.43,3.3,3.43,64812000000.0,67914500000.0,64812000000.0,271881995389.0,21.0,16.939,11856000000.0,4.109,1.0,32754000000.0,0.465,76442000000.0,688000000.0,51918000000.0,51696750000.0,6477000000.0,4047000000.0,4047000000.0,0.0,71451000000.0,34152000000.0,37299000000.0,246135995389.0,1282000000.0,-137000000.0,-3088000000.0,-743000000.0,-7116000000.0,-10947000000.0,-3173000000.0,-3419000000.0,15683000000.0,-281000000.0,9550000000.0,9550000000.0,9550000000.0,143000000.0,124000000.0,0.136,19904000000.0,12850000000.0,7733000000.0,0.738,3.798,25.773,26.557,20745000000.0,0.0,91.09,3.497,3.733,5802000000.0,85770000000.0,70394000000.0,70394000000.0,0.0,0.068,0.141,0.249,0.183,358000000.0,19904000000.0,1.0,2702118733.0,2885200000.0,,24.398,59821000000.0,816000000.0,2658000000.0,9552000000.0,20.734,-974000000.0
28,PG,MRT,2014-09-30,2014-09-30,2014-09-30,2021-10-19,-9811000000.0,138183000000.0,142143250000.0,29107000000.0,109076000000.0,0.514,23.14,-3933000000.0,7486000000.0,7486000000.0,38556000000.0,10748000000.0,0.908,1.068,33232000000.0,14228000000.0,19004000000.0,33232000000.0,0.0,3164000000.0,0.0,0.03,2.49,14064000000.0,17228000000.0,0.236,17228000000.0,14064000000.0,13351000000.0,3.82,3.66,3.82,66829000000.0,69246000000.0,66829000000.0,253597806700.0,18.0,14.72,11614000000.0,4.021,1.0,34442000000.0,0.472,81571000000.0,713000000.0,50287000000.0,51965000000.0,7100000000.0,3360000000.0,3360000000.0,0.0,71354000000.0,32071000000.0,39283000000.0,226738806700.0,1371000000.0,-40000000.0,-3125000000.0,-1189000000.0,-7009000000.0,-11323000000.0,-2812000000.0,-2362000000.0,15547000000.0,-41000000.0,10606000000.0,10606000000.0,10606000000.0,-308000000.0,142000000.0,0.145,20869000000.0,13573000000.0,8280000000.0,0.652,3.393,21.378,21.921,21799000000.0,0.0,83.74,3.106,3.313,6197000000.0,85207000000.0,72998000000.0,72998000000.0,0.0,0.075,0.153,0.271,0.193,357000000.0,20869000000.0,1.0,2707652337.0,2888000000.0,,25.276,56612000000.0,916000000.0,2745000000.0,10271000000.0,19.602,-2964000000.0
29,PG,MRT,2014-06-30,2014-06-30,2014-06-30,2021-10-19,-7662000000.0,144266000000.0,142878750000.0,31617000000.0,112649000000.0,0.521,25.86,-3848000000.0,8558000000.0,8558000000.0,39030000000.0,11785000000.0,0.937,1.062,35417000000.0,15606000000.0,19811000000.0,35417000000.0,0.0,3141000000.0,0.0,0.031,2.448,15203000000.0,18344000000.0,0.247,18344000000.0,15203000000.0,14494000000.0,4.19,4.01,4.19,69976000000.0,69742750000.0,69976000000.0,240844418091.0,16.0,13.129,10110000000.0,3.736,1.0,35371000000.0,0.475,84547000000.0,709000000.0,52852000000.0,51637500000.0,6759000000.0,2128000000.0,2128000000.0,0.0,74290000000.0,33726000000.0,40564000000.0,212661418091.0,2618000000.0,-24000000.0,-3911000000.0,3543000000.0,-6911000000.0,-7279000000.0,-4100000000.0,-805000000.0,13958000000.0,39000000.0,11643000000.0,11643000000.0,11643000000.0,-1127000000.0,142000000.0,0.156,21461000000.0,13910000000.0,8461000000.0,0.584,3.039,18.265,18.757,22304000000.0,0.0,78.59,2.858,2.858,6386000000.0,84990000000.0,74401000000.0,74401000000.0,0.0,0.081,0.167,0.294,0.204,360000000.0,21461000000.0,1.0,2705960276.0,2705960276.0,,27.495,59719000000.0,1092000000.0,2851000000.0,10218000000.0,22.069,-2109000000.0
30,PG,MRT,2014-03-31,2014-03-31,2014-03-31,2021-10-19,-6635000000.0,143197000000.0,141628000000.0,28126000000.0,115071000000.0,0.552,24.201,-4189000000.0,8182000000.0,8182000000.0,39505000000.0,11047000000.0,0.876,1.044,36365000000.0,15528000000.0,20837000000.0,36365000000.0,0.0,3111000000.0,0.0,0.03,2.406,14517000000.0,17628000000.0,0.225,17628000000.0,14517000000.0,13824000000.0,3.93,3.76,3.93,70041000000.0,69426000000.0,70041000000.0,247218497777.0,17.0,14.024,9655000000.0,3.336,1.0,38669000000.0,0.495,87532000000.0,693000000.0,51730000000.0,50440000000.0,7227000000.0,1570000000.0,1570000000.0,0.0,73156000000.0,32118000000.0,41038000000.0,218539497777.0,2306000000.0,6000000.0,-4243000000.0,3864000000.0,-6819000000.0,-7198000000.0,-4318000000.0,-227000000.0,13844000000.0,-22000000.0,10939000000.0,10939000000.0,10939000000.0,-747000000.0,108000000.0,0.14,24972000000.0,13697000000.0,7512000000.0,0.612,3.12,19.978,20.509,22274000000.0,0.0,80.6,2.796,2.984,6353000000.0,84220000000.0,78174000000.0,78174000000.0,0.0,0.077,0.158,0.288,0.186,343000000.0,24664000000.0,1.0,2711408161.0,2894100000.0,,27.012,55665000000.0,1255000000.0,2885000000.0,10913000000.0,19.234,-3992000000.0
31,PG,MRT,2013-12-31,2013-12-31,2013-12-31,2021-10-19,-6366000000.0,142927000000.0,140611500000.0,27467000000.0,115460000000.0,0.563,24.115,-4142000000.0,6929000000.0,6929000000.0,39809000000.0,11002000000.0,0.894,1.038,35608000000.0,14091000000.0,21517000000.0,35608000000.0,0.0,3060000000.0,0.0,0.029,2.367,14510000000.0,17570000000.0,0.222,17570000000.0,14510000000.0,13834000000.0,3.91,3.74,3.91,70138000000.0,68904000000.0,70138000000.0,249949163648.0,17.0,14.226,9455000000.0,3.251,1.0,39322000000.0,0.497,87888000000.0,676000000.0,52991000000.0,50322500000.0,7379000000.0,1574000000.0,1574000000.0,0.0,72789000000.0,30727000000.0,42062000000.0,221291163648.0,286000000.0,-21000000.0,-3282000000.0,2362000000.0,-6722000000.0,-7642000000.0,-5734000000.0,-1696000000.0,13597000000.0,65000000.0,10896000000.0,10896000000.0,10896000000.0,-642000000.0,106000000.0,0.138,25526000000.0,13796000000.0,7156000000.0,0.605,3.155,20.309,20.821,22152000000.0,0.0,81.41,2.797,2.992,6911000000.0,83280000000.0,79131000000.0,79131000000.0,0.0,0.077,0.158,0.288,0.183,345000000.0,25218000000.0,1.0,2718230729.0,2908500000.0,,27.207,55039000000.0,1173000000.0,2938000000.0,10809000000.0,18.924,-3260000000.0
32,PG,MRT,2013-09-30,2013-09-30,2013-09-30,2021-10-19,-6731000000.0,141125000000.0,139855500000.0,26322000000.0,114803000000.0,0.573,23.532,-3928000000.0,6122000000.0,6122000000.0,40215000000.0,11606000000.0,0.792,1.051,34780000000.0,16300000000.0,18480000000.0,34780000000.0,0.0,3043000000.0,0.0,0.031,2.327,15380000000.0,18423000000.0,0.23,18423000000.0,15380000000.0,14720000000.0,4.13,3.95,4.13,68816000000.0,68200250000.0,68816000000.0,232618909370.0,15.0,12.627,10219000000.0,3.495,1.0,39992000000.0,0.499,87589000000.0,660000000.0,48977000000.0,50230250000.0,7394000000.0,1580000000.0,1580000000.0,0.0,72309000000.0,33217000000.0,39092000000.0,207022909370.0,820000000.0,-1156000000.0,-3102000000.0,2913000000.0,-6622000000.0,-6811000000.0,-6402000000.0,-1838000000.0,14147000000.0,-114000000.0,11525000000.0,11525000000.0,11525000000.0,-467000000.0,81000000.0,0.144,26006000000.0,13986000000.0,7489000000.0,0.563,3.008,17.963,18.303,21876000000.0,0.0,75.59,2.581,2.756,6555000000.0,81534000000.0,80207000000.0,80207000000.0,0.0,0.082,0.169,0.306,0.192,351000000.0,25698000000.0,1.0,2738760542.0,2924300000.0,,27.428,53536000000.0,1095000000.0,3195000000.0,10853000000.0,18.307,-6895000000.0
33,PG,MRT,2013-06-30,2013-06-30,2013-06-30,2021-10-19,-7499000000.0,139263000000.0,138546250000.0,23990000000.0,115273000000.0,0.578,25.069,-4008000000.0,5947000000.0,5947000000.0,39991000000.0,11402000000.0,0.799,1.027,31543000000.0,12432000000.0,19111000000.0,31543000000.0,0.0,2982000000.0,0.0,0.03,2.288,15205000000.0,18187000000.0,0.227,18187000000.0,15205000000.0,14538000000.0,4.04,3.86,4.04,68709000000.0,67233250000.0,68709000000.0,237359139370.0,16.0,13.051,10865000000.0,3.964,1.0,40125000000.0,0.501,86760000000.0,667000000.0,48062000000.0,51003500000.0,6909000000.0,0.0,0.0,0.0,70554000000.0,30037000000.0,40517000000.0,211012139370.0,1511000000.0,-1145000000.0,-2537000000.0,1985000000.0,-6519000000.0,-7071000000.0,-6295000000.0,-1726000000.0,14873000000.0,4000000.0,11312000000.0,11312000000.0,11312000000.0,-449000000.0,90000000.0,0.141,26308000000.0,13817000000.0,8777000000.0,0.566,3.071,18.654,19.057,21666000000.0,0.0,76.99,2.634,2.634,6508000000.0,80197000000.0,80116000000.0,80116000000.0,0.0,0.082,0.168,0.298,0.19,346000000.0,26000000000.0,1.0,2740773339.0,2740773339.0,,29.231,52503000000.0,948000000.0,3226000000.0,10827000000.0,19.156,-6047000000.0
34,PG,MRT,2013-03-31,2013-03-31,2013-03-31,2021-10-19,-8282000000.0,139131000000.0,136791500000.0,24298000000.0,114833000000.0,0.6,23.187,-3727000000.0,5876000000.0,5876000000.0,41091000000.0,13187000000.0,0.886,1.047,32223000000.0,11098000000.0,21125000000.0,32223000000.0,0.0,2965000000.0,0.0,0.029,2.248,17168000000.0,20133000000.0,0.245,20133000000.0,17168000000.0,16482000000.0,4.68,4.47,4.68,67953000000.0,66064750000.0,67953000000.0,237284029297.0,14.0,11.786,10727000000.0,3.66,1.0,40959000000.0,0.499,86806000000.0,686000000.0,51260000000.0,50967500000.0,7240000000.0,0.0,0.0,0.0,71178000000.0,27412000000.0,43766000000.0,210501029297.0,1885000000.0,-1278000000.0,-1966000000.0,-669000000.0,-6415000000.0,-9050000000.0,-3481000000.0,-1638000000.0,14454000000.0,-38000000.0,13068000000.0,13068000000.0,13068000000.0,-1621000000.0,119000000.0,0.159,26305000000.0,14654000000.0,7422000000.0,0.48,3.098,16.108,16.466,21191000000.0,0.0,77.06,2.566,2.752,6669000000.0,80035000000.0,82050000000.0,82050000000.0,0.0,0.096,0.198,0.337,0.209,350000000.0,26305000000.0,1.0,2731651042.0,2930700000.0,,27.997,52325000000.0,937000000.0,3414000000.0,10725000000.0,17.854,-3114000000.0
35,PG,MRT,2012-12-31,2012-12-31,2012-12-31,2021-10-19,-7694000000.0,139903000000.0,135660000000.0,25601000000.0,114302000000.0,0.602,23.063,-3713000000.0,6643000000.0,6643000000.0,40984000000.0,13063000000.0,0.976,1.078,33426000000.0,9819000000.0,23607000000.0,33426000000.0,0.0,3196000000.0,0.0,0.033,2.211,17086000000.0,20282000000.0,0.248,20282000000.0,17086000000.0,16384000000.0,4.61,4.41,4.61,67323000000.0,65553750000.0,67323000000.0,212201911361.0,12.0,10.463,10695000000.0,3.664,1.0,40662000000.0,0.498,87834000000.0,702000000.0,52622000000.0,50792500000.0,7219000000.0,0.0,0.0,0.0,72580000000.0,26230000000.0,46350000000.0,185626911361.0,2229000000.0,-1259000000.0,-3442000000.0,-406000000.0,-6332000000.0,-10180000000.0,-1981000000.0,-138000000.0,14408000000.0,-18000000.0,12913000000.0,12913000000.0,12913000000.0,-1655000000.0,150000000.0,0.158,26114000000.0,14548000000.0,7157000000.0,0.48,2.757,14.375,14.727,21204000000.0,0.0,67.89,2.274,2.427,7183000000.0,79045000000.0,81646000000.0,81646000000.0,0.0,0.095,0.197,0.336,0.209,363000000.0,26092000000.0,1.0,2734230540.0,2919100000.0,,27.97,52069000000.0,983000000.0,3471000000.0,10567000000.0,17.837,-629000000.0
36,PG,MRT,2012-09-30,2012-09-30,2012-09-30,2021-10-19,-8179000000.0,135888000000.0,134262000000.0,24124000000.0,111764000000.0,0.605,22.154,-3936000000.0,5302000000.0,5302000000.0,40955000000.0,10700000000.0,0.969,1.092,31877000000.0,8314000000.0,23563000000.0,31877000000.0,0.0,3171000000.0,0.0,0.031,2.174,14586000000.0,17757000000.0,0.219,17757000000.0,14586000000.0,13852000000.0,3.74,3.59,3.74,64948000000.0,64948000000.0,64948000000.0,216378481817.0,15.0,12.186,9951000000.0,3.394,1.0,40260000000.0,0.496,85495000000.0,734000000.0,52070000000.0,49602250000.0,7332000000.0,0.0,0.0,0.0,70940000000.0,24898000000.0,46042000000.0,191036481817.0,1720000000.0,-116000000.0,-2820000000.0,-2161000000.0,-6241000000.0,-11222000000.0,-973000000.0,125000000.0,13887000000.0,28000000.0,10546000000.0,10546000000.0,10546000000.0,-1696000000.0,154000000.0,0.13,27524000000.0,12736000000.0,7498000000.0,0.581,2.941,18.115,18.545,20877000000.0,0.0,69.36,2.352,2.504,6993000000.0,76574000000.0,81215000000.0,81215000000.0,0.0,0.079,0.162,0.294,0.18,376000000.0,25948000000.0,1.0,2754274536.0,2931700000.0,,27.702,50393000000.0,1072000000.0,3306000000.0,10164000000.0,17.189,-774000000.0
37,PG,MRT,2012-06-30,2012-06-30,2012-06-30,2021-10-19,-9333000000.0,132244000000.0,134444250000.0,21910000000.0,110334000000.0,0.61,23.37,-3964000000.0,4436000000.0,4436000000.0,41411000000.0,10904000000.0,0.88,1.065,29778000000.0,8698000000.0,21080000000.0,29778000000.0,0.0,3204000000.0,0.0,0.035,2.137,14903000000.0,18107000000.0,0.221,18107000000.0,14903000000.0,14134000000.0,3.82,3.66,3.82,64035000000.0,65119500000.0,64035000000.0,196952490295.0,13.0,10.877,9320000000.0,3.401,1.0,40595000000.0,0.495,84761000000.0,769000000.0,47918000000.0,49329250000.0,6721000000.0,0.0,0.0,0.0,68209000000.0,24907000000.0,43302000000.0,167831490295.0,1668000000.0,-134000000.0,-2295000000.0,-1976000000.0,-6139000000.0,-10410000000.0,-1093000000.0,112000000.0,13284000000.0,-113000000.0,10756000000.0,10756000000.0,10756000000.0,-1754000000.0,148000000.0,0.131,27560000000.0,13035000000.0,7920000000.0,0.559,2.621,15.604,16.034,20377000000.0,0.0,61.25,2.047,2.047,6068000000.0,75349000000.0,82006000000.0,82006000000.0,0.0,0.08,0.165,0.302,0.182,377000000.0,25984000000.0,1.0,2740105964.0,2740105964.0,,29.928,47483000000.0,1001000000.0,3378000000.0,10132000000.0,17.329,-2997000000.0
38,PG,MRT,2012-03-31,2012-03-31,2012-03-31,2021-10-19,-5063000000.0,134605000000.0,135971750000.0,23108000000.0,111497000000.0,0.617,22.435,-3903000000.0,3991000000.0,3991000000.0,42426000000.0,9776000000.0,0.859,1.042,33112000000.0,11771000000.0,21341000000.0,33112000000.0,0.0,3162000000.0,0.0,0.031,2.1,13871000000.0,17033000000.0,0.203,17033000000.0,13871000000.0,13072000000.0,3.4,3.26,3.4,65909000000.0,66111000000.0,65909000000.0,214097177894.0,15.0,12.57,9286000000.0,3.161,1.0,41493000000.0,0.494,86262000000.0,799000000.0,50560000000.0,49881000000.0,7239000000.0,0.0,0.0,0.0,68696000000.0,26904000000.0,41792000000.0,185123177894.0,1045000000.0,11000000.0,-4575000000.0,1902000000.0,-6051000000.0,-8724000000.0,-3400000000.0,66000000.0,13189000000.0,-20000000.0,9635000000.0,9635000000.0,9635000000.0,-204000000.0,141000000.0,0.115,28085000000.0,13408000000.0,6684000000.0,0.618,2.809,19.214,19.768,20384000000.0,0.0,67.21,2.206,2.353,6200000000.0,73324000000.0,83919000000.0,83919000000.0,0.0,0.071,0.146,0.278,0.165,396000000.0,26509000000.0,1.0,2754399314.0,2937800000.0,,28.565,48343000000.0,1219000000.0,3437000000.0,11297000000.0,16.456,-3796000000.0
39,PG,MRT,2011-12-31,2011-12-31,2011-12-31,2021-10-19,-6374000000.0,134311000000.0,136455000000.0,23651000000.0,110660000000.0,0.613,22.002,-3830000000.0,4414000000.0,4414000000.0,41978000000.0,10215000000.0,0.794,1.07,33388000000.0,14118000000.0,19270000000.0,33388000000.0,0.0,2894000000.0,0.0,0.031,2.057,14350000000.0,17244000000.0,0.206,17244000000.0,14350000000.0,13528000000.0,3.56,3.4,3.56,64900000000.0,66491750000.0,64900000000.0,213806566273.0,15.0,12.399,9619000000.0,3.261,1.0,41640000000.0,0.498,85632000000.0,822000000.0,47861000000.0,49543250000.0,7444000000.0,0.0,0.0,0.0,69411000000.0,29792000000.0,39619000000.0,183540566273.0,1165000000.0,-37000000.0,-3946000000.0,1049000000.0,-5946000000.0,-8843000000.0,-3410000000.0,16000000.0,13449000000.0,-31000000.0,10097000000.0,10097000000.0,10097000000.0,-217000000.0,118000000.0,0.121,27826000000.0,13814000000.0,6735000000.0,0.578,2.828,18.178,18.739,20372000000.0,0.0,66.71,2.195,2.353,6905000000.0,72407000000.0,83618000000.0,83618000000.0,0.0,0.074,0.152,0.29,0.172,402000000.0,26272000000.0,1.0,2751320136.0,2949700000.0,,28.348,48679000000.0,1096000000.0,3431000000.0,11133000000.0,16.503,-6141000000.0
40,PG,MRT,2011-09-30,2011-09-30,2011-09-30,2021-10-19,-4995000000.0,136617000000.0,136445500000.0,23125000000.0,113492000000.0,0.61,22.281,-3620000000.0,3582000000.0,3582000000.0,41414000000.0,11864000000.0,0.827,1.081,33848000000.0,11476000000.0,22372000000.0,33848000000.0,0.0,2892000000.0,0.0,0.032,2.014,15752000000.0,18644000000.0,0.224,18644000000.0,15752000000.0,14922000000.0,4.14,3.94,4.14,65634000000.0,66445000000.0,65634000000.0,202849995002.0,13.0,10.88,9425000000.0,3.199,1.0,41807000000.0,0.502,87937000000.0,830000000.0,50978000000.0,49639750000.0,8001000000.0,0.0,0.0,0.0,70983000000.0,27968000000.0,43015000000.0,173603995002.0,979000000.0,-82000000.0,-4070000000.0,1278000000.0,-5848000000.0,-8640000000.0,-3413000000.0,73000000.0,13045000000.0,-13000000.0,11740000000.0,11740000000.0,11740000000.0,-176000000.0,124000000.0,0.141,26413000000.0,15394000000.0,7290000000.0,0.486,2.645,14.787,15.261,20765000000.0,0.0,63.18,2.086,2.236,6584000000.0,72215000000.0,83221000000.0,83221000000.0,0.0,0.086,0.177,0.317,0.189,407000000.0,26413000000.0,1.0,2747768202.0,2945800000.0,,28.251,48680000000.0,1048000000.0,3182000000.0,11070000000.0,16.525,-4843000000.0
41,PG,MRT,2011-06-30,2011-06-30,2011-06-30,2021-10-19,-2054000000.0,138354000000.0,135714250000.0,21970000000.0,116384000000.0,0.598,24.362,-3306000000.0,2768000000.0,2768000000.0,39859000000.0,11927000000.0,0.805,1.035,32014000000.0,9981000000.0,22033000000.0,32014000000.0,0.0,2838000000.0,0.0,0.031,1.97,15927000000.0,18765000000.0,0.231,18765000000.0,15927000000.0,15096000000.0,4.12,3.93,4.12,68001000000.0,65836750000.0,68001000000.0,205916552460.0,13.0,10.973,10024000000.0,3.591,1.0,41245000000.0,0.509,90182000000.0,831000000.0,50125000000.0,48866500000.0,7379000000.0,0.0,0.0,0.0,70353000000.0,27293000000.0,43060000000.0,177442552460.0,-111000000.0,-474000000.0,-5836000000.0,1481000000.0,-5767000000.0,-10122000000.0,-3482000000.0,73000000.0,13330000000.0,163000000.0,11797000000.0,11797000000.0,11797000000.0,-229000000.0,130000000.0,0.145,25750000000.0,15495000000.0,8022000000.0,0.478,2.609,15.041,15.43,21293000000.0,0.0,63.57,2.188,2.188,6275000000.0,70682000000.0,81104000000.0,81104000000.0,0.0,0.087,0.179,0.326,0.196,414000000.0,25750000000.0,1.0,2791293888.0,2791293888.0,,29.056,48172000000.0,1140000000.0,3299000000.0,11070000000.0,17.258,-5323000000.0
42,PG,MRT,2011-03-31,2011-03-31,2011-03-31,2021-10-19,-3495000000.0,136538000000.0,133168750000.0,21814000000.0,114724000000.0,0.593,22.483,-3153000000.0,2946000000.0,2946000000.0,38448000000.0,11644000000.0,0.833,1.025,31420000000.0,9721000000.0,21699000000.0,31420000000.0,0.0,2883000000.0,0.0,0.031,1.927,15328000000.0,18211000000.0,0.231,18211000000.0,15328000000.0,14497000000.0,4.0,3.81,4.0,67432000000.0,64196250000.0,67432000000.0,201754269760.0,13.0,11.079,9671000000.0,3.224,1.0,40469000000.0,0.513,89628000000.0,831000000.0,49209000000.0,47634000000.0,7619000000.0,0.0,0.0,0.0,69106000000.0,26175000000.0,42931000000.0,172528269760.0,-1953000000.0,-849000000.0,-6301000000.0,1065000000.0,-5694000000.0,-10930000000.0,-3936000000.0,-44000000.0,12824000000.0,89000000.0,11472000000.0,11472000000.0,11472000000.0,-252000000.0,172000000.0,0.145,25342000000.0,15127000000.0,6458000000.0,0.482,2.559,15.039,15.4,20521000000.0,0.0,61.6,2.186,2.341,6264000000.0,69692000000.0,78917000000.0,78917000000.0,0.0,0.086,0.179,0.322,0.194,415000000.0,25342000000.0,1.0,2800783600.0,2999300000.0,,26.312,46910000000.0,1099000000.0,3025000000.0,10923000000.0,15.64,-4361000000.0
43,PG,MRT,2010-12-31,2010-12-31,2010-12-31,2021-10-19,-5356000000.0,134273000000.0,132280750000.0,21830000000.0,112443000000.0,0.591,21.57,-3049000000.0,3249000000.0,3249000000.0,37884000000.0,11323000000.0,0.801,1.075,32475000000.0,11158000000.0,21317000000.0,32475000000.0,0.0,2979000000.0,0.0,0.029,1.885,15490000000.0,18469000000.0,0.236,18469000000.0,15490000000.0,14638000000.0,3.87,3.68,3.87,64713000000.0,64031500000.0,64713000000.0,210445091801.0,14.0,11.395,10609000000.0,3.536,1.0,40318000000.0,0.516,88011000000.0,852000000.0,48247000000.0,47094750000.0,7423000000.0,0.0,0.0,0.0,69560000000.0,27241000000.0,42319000000.0,180072091801.0,-881000000.0,-790000000.0,-7311000000.0,2386000000.0,-5620000000.0,-10545000000.0,-3784000000.0,4000000.0,13658000000.0,-210000000.0,11184000000.0,11184000000.0,11184000000.0,-205000000.0,139000000.0,0.143,24928000000.0,15390000000.0,6267000000.0,0.487,2.783,16.101,16.623,19952000000.0,0.0,64.33,2.303,2.468,6551000000.0,68212000000.0,78202000000.0,78202000000.0,0.0,0.085,0.175,0.329,0.198,428000000.0,24928000000.0,1.0,2799193095.0,3000200000.0,,26.066,46262000000.0,963000000.0,3454000000.0,10867000000.0,15.42,-5411000000.0
44,PG,MRT,2010-09-30,2010-09-30,2010-09-30,2021-10-19,-5007000000.0,133692000000.0,132535750000.0,20496000000.0,113196000000.0,0.588,20.889,-3034000000.0,2603000000.0,2603000000.0,37333000000.0,12620000000.0,0.742,1.115,32976000000.0,11512000000.0,21464000000.0,32976000000.0,0.0,3026000000.0,0.0,0.031,1.844,17438000000.0,20464000000.0,0.263,20464000000.0,17438000000.0,16571000000.0,4.28,4.06,4.28,63201000000.0,65090000000.0,63201000000.0,197176337834.0,11.0,9.635,10994000000.0,3.634,1.0,40549000000.0,0.521,88540000000.0,867000000.0,47885000000.0,47026250000.0,7277000000.0,0.0,0.0,0.0,70491000000.0,27640000000.0,42851000000.0,170223337834.0,-3691000000.0,-804000000.0,-8325000000.0,-2543000000.0,-5544000000.0,-16412000000.0,-1147000000.0,-182000000.0,14028000000.0,-160000000.0,12510000000.0,12510000000.0,12510000000.0,-1715000000.0,110000000.0,0.161,24764000000.0,15785000000.0,6716000000.0,0.431,2.693,13.607,14.012,19877000000.0,0.0,59.97,2.186,2.33,6082000000.0,66282000000.0,77882000000.0,77882000000.0,0.0,0.094,0.192,0.371,0.224,441000000.0,24764000000.0,1.0,2838474868.0,3025600000.0,,25.741,45152000000.0,968000000.0,4061000000.0,10709000000.0,14.923,-7144000000.0
45,PG,MRT,2010-06-30,2010-06-30,2010-06-30,2021-10-19,-7822000000.0,128172000000.0,133708000000.0,18782000000.0,109390000000.0,0.58,21.334,-3067000000.0,2879000000.0,2879000000.0,37042000000.0,12846000000.0,0.773,1.086,29832000000.0,8472000000.0,21360000000.0,29832000000.0,0.0,3108000000.0,0.0,0.03,1.802,17699000000.0,20807000000.0,0.268,20807000000.0,17699000000.0,16753000000.0,4.32,4.11,4.32,61439000000.0,66046500000.0,61439000000.0,197813655475.0,11.0,9.507,13064000000.0,4.536,1.0,40525000000.0,0.522,85648000000.0,946000000.0,45195000000.0,47333000000.0,6384000000.0,0.0,0.0,0.0,66733000000.0,24282000000.0,42451000000.0,172736655475.0,-1902000000.0,-425000000.0,-5342000000.0,-6514000000.0,-5458000000.0,-17314000000.0,-597000000.0,-173000000.0,16131000000.0,-122000000.0,12736000000.0,12736000000.0,12736000000.0,-1995000000.0,110000000.0,0.164,24793000000.0,15732000000.0,7251000000.0,0.417,2.812,13.563,13.884,19244000000.0,0.0,59.98,2.227,2.227,5335000000.0,64614000000.0,77567000000.0,77567000000.0,0.0,0.095,0.193,0.374,0.228,453000000.0,24793000000.0,1.0,2879904226.0,2879904226.0,,26.934,42524000000.0,990000000.0,4017000000.0,10902000000.0,14.766,-5500000000.0
46,PG,MRT,2010-03-31,2010-03-31,2010-03-31,2021-10-19,-4049000000.0,132986000000.0,135373250000.0,21490000000.0,111496000000.0,0.577,21.513,-3060000000.0,4899000000.0,4899000000.0,37575000000.0,13022000000.0,0.923,0.992,29976000000.0,7038000000.0,22938000000.0,29976000000.0,0.0,3182000000.0,0.0,0.028,1.76,18498000000.0,21680000000.0,0.278,21680000000.0,18498000000.0,17436000000.0,4.41,4.18,4.41,66773000000.0,66532250000.0,66773000000.0,209732596200.0,11.0,9.674,14695000000.0,4.734,1.0,40521000000.0,0.519,87739000000.0,1062000000.0,47052000000.0,47785500000.0,6750000000.0,0.0,0.0,0.0,66213000000.0,23272000000.0,42941000000.0,183773596200.0,465000000.0,-118000000.0,-2793000000.0,-9024000000.0,-5337000000.0,-17154000000.0,-122000000.0,18000000.0,17755000000.0,-14000000.0,13022000000.0,13022000000.0,13022000000.0,-1938000000.0,0.0,0.167,24070000000.0,16451000000.0,5785000000.0,0.399,2.752,14.113,14.347,19427000000.0,0.0,63.27,2.353,2.515,5860000000.0,63879000000.0,78096000000.0,78096000000.0,0.0,0.096,0.196,0.387,0.237,481000000.0,24070000000.0,1.0,2904592954.0,3103900000.0,,25.161,45247000000.0,1231000000.0,4414000000.0,11407000000.0,14.577,-1782000000.0
47,PG,MRT,2009-12-31,2009-12-31,2009-12-31,2021-10-19,-2236000000.0,135293000000.0,135225500000.0,21761000000.0,113532000000.0,0.568,22.109,-3091000000.0,4130000000.0,4130000000.0,37467000000.0,13050000000.0,0.919,0.962,30089000000.0,7780000000.0,22309000000.0,30089000000.0,0.0,3108000000.0,0.0,0.028,1.72,18284000000.0,21392000000.0,0.279,21392000000.0,18284000000.0,17108000000.0,4.41,4.19,4.41,68947000000.0,65032750000.0,68947000000.0,206246752913.0,11.0,9.641,14037000000.0,4.501,1.0,39315000000.0,0.512,89603000000.0,1176000000.0,47973000000.0,47648750000.0,6864000000.0,0.0,0.0,0.0,66346000000.0,23676000000.0,42670000000.0,177144752913.0,-1523000000.0,-115000000.0,-2093000000.0,-11482000000.0,-5223000000.0,-18798000000.0,-32000000.0,65000000.0,17128000000.0,179000000.0,13050000000.0,13050000000.0,13050000000.0,-2122000000.0,0.0,0.17,23279000000.0,16036000000.0,5433000000.0,0.39,2.569,13.574,13.748,19646000000.0,0.0,60.63,2.307,2.462,6544000000.0,62616000000.0,76782000000.0,76782000000.0,0.0,0.097,0.201,0.384,0.238,498000000.0,23279000000.0,1.0,2921734338.0,3118500000.0,,24.621,45690000000.0,1217000000.0,4058000000.0,11045000000.0,14.651,-1915000000.0
48,PG,MRT,2009-09-30,2009-09-30,2009-09-30,2021-10-19,-1963000000.0,138381000000.0,135968000000.0,24517000000.0,113864000000.0,0.555,21.555,-3091000000.0,6294000000.0,6294000000.0,37530000000.0,13395000000.0,0.855,1.065,35396000000.0,12957000000.0,22439000000.0,35396000000.0,0.0,3043000000.0,0.0,0.029,1.68,18379000000.0,21422000000.0,0.284,21422000000.0,18379000000.0,17073000000.0,4.51,4.28,4.51,67027000000.0,63399000000.0,67027000000.0,201253113144.0,11.0,9.395,12939000000.0,4.161,1.0,37988000000.0,0.503,89697000000.0,1306000000.0,49112000000.0,47632250000.0,7050000000.0,0.0,0.0,0.0,71354000000.0,28674000000.0,42680000000.0,169062113144.0,1792000000.0,-95000000.0,-2074000000.0,-4684000000.0,-5126000000.0,-11884000000.0,-2319000000.0,116000000.0,16030000000.0,-35000000.0,13395000000.0,13395000000.0,13395000000.0,-2803000000.0,0.0,0.177,22552000000.0,15436000000.0,5581000000.0,0.373,2.522,12.621,12.843,19591000000.0,0.0,57.92,2.239,2.385,6239000000.0,59287000000.0,75518000000.0,75518000000.0,0.0,0.099,0.211,0.386,0.243,489000000.0,22552000000.0,1.0,2918890075.0,3109600000.0,,24.285,48684000000.0,1254000000.0,3678000000.0,10917000000.0,15.656,-4157000000.0
49,PG,MRT,2009-06-30,2009-06-30,2009-06-30,2021-10-19,-3358000000.0,134833000000.0,136542500000.0,21905000000.0,112928000000.0,0.562,21.746,-3238000000.0,4781000000.0,4781000000.0,38690000000.0,13436000000.0,0.709,1.127,36972000000.0,16320000000.0,20652000000.0,36972000000.0,0.0,3082000000.0,0.0,0.032,1.64,18527000000.0,21609000000.0,0.282,21609000000.0,18527000000.0,17169000000.0,4.49,4.26,4.49,63382000000.0,62782750000.0,63382000000.0,183325261469.0,10.0,8.484,11681000000.0,4.008,1.0,38004000000.0,0.496,89118000000.0,1358000000.0,47005000000.0,46890500000.0,6880000000.0,0.0,0.0,0.0,71451000000.0,30901000000.0,40550000000.0,148941261469.0,1468000000.0,-368000000.0,-5689000000.0,-81000000.0,-5044000000.0,-10814000000.0,-2353000000.0,166000000.0,14919000000.0,-284000000.0,13436000000.0,13436000000.0,13436000000.0,-2756000000.0,0.0,0.175,22630000000.0,15374000000.0,5980000000.0,0.365,2.35,11.085,11.381,19462000000.0,0.0,51.1,1.942,1.942,5836000000.0,57309000000.0,76694000000.0,76694000000.0,0.0,0.098,0.214,0.395,0.242,516000000.0,22630000000.0,1.0,2914701790.0,2914701790.0,,26.313,45715000000.0,1209000000.0,3733000000.0,10752000000.0,15.684,-8996000000.0
50,PG,MRT,2009-03-31,2009-03-31,2009-03-31,2021-10-19,-4323000000.0,132395000000.0,138832250000.0,22008000000.0,110387000000.0,0.555,19.576,-3352000000.0,4434000000.0,4434000000.0,39771000000.0,13981000000.0,0.67,1.178,38818000000.0,18366000000.0,20452000000.0,38818000000.0,0.0,3124000000.0,0.0,0.034,1.6,18611000000.0,21735000000.0,0.282,21735000000.0,18611000000.0,17226000000.0,4.63,4.37,4.63,60775000000.0,64310750000.0,60775000000.0,174114622805.0,9.0,8.011,10384000000.0,3.345,1.0,37233000000.0,0.484,87445000000.0,1385000000.0,46505000000.0,48235750000.0,7615000000.0,0.0,0.0,0.0,71620000000.0,32829000000.0,38791000000.0,138012622805.0,697000000.0,-732000000.0,-7363000000.0,2237000000.0,-4978000000.0,-10104000000.0,-2565000000.0,254000000.0,13736000000.0,-370000000.0,13981000000.0,13981000000.0,13981000000.0,-3181000000.0,0.0,0.182,22161000000.0,15072000000.0,5138000000.0,0.346,2.271,9.871,10.171,18531000000.0,0.0,47.09,1.792,1.899,5744000000.0,56167000000.0,77004000000.0,77004000000.0,0.0,0.101,0.217,0.386,0.242,527000000.0,22161000000.0,1.0,2930826562.0,3104600000.0,,24.803,44950000000.0,1497000000.0,3245000000.0,12757000000.0,14.479,-10821000000.0
51,PG,MRT,2008-12-31,2008-12-31,2008-12-31,2021-10-19,-2214000000.0,138263000000.0,142084750000.0,25475000000.0,112788000000.0,0.557,19.683,-3283000000.0,5653000000.0,5653000000.0,40333000000.0,14078000000.0,0.686,1.215,41755000000.0,21940000000.0,19815000000.0,41755000000.0,0.0,3166000000.0,0.0,0.025,1.55,18923000000.0,22089000000.0,0.279,22089000000.0,18923000000.0,17511000000.0,4.62,4.35,4.62,62412000000.0,66514250000.0,62412000000.0,219521291817.0,12.0,9.938,10285000000.0,3.244,1.0,38833000000.0,0.491,89317000000.0,1412000000.0,47907000000.0,49963250000.0,8383000000.0,0.0,0.0,0.0,75851000000.0,37141000000.0,38710000000.0,184576291817.0,304000000.0,-728000000.0,-8370000000.0,2453000000.0,-4881000000.0,-10798000000.0,-2309000000.0,504000000.0,13568000000.0,-157000000.0,14078000000.0,14078000000.0,14078000000.0,-3057000000.0,0.0,0.178,23301000000.0,15532000000.0,5171000000.0,0.335,2.957,13.111,13.381,18969000000.0,0.0,61.82,2.332,2.476,6956000000.0,54764000000.0,79166000000.0,79166000000.0,0.0,0.099,0.212,0.379,0.239,536000000.0,23301000000.0,1.0,2985705141.0,3170800000.0,,24.967,48946000000.0,1682000000.0,3433000000.0,12580000000.0,15.436,-11666000000.0
52,PG,MRT,2008-09-30,2008-09-30,2008-09-30,2021-10-19,146000000.0,140679000000.0,143619250000.0,25069000000.0,115610000000.0,0.56,19.93,-3205000000.0,4502000000.0,4502000000.0,40562000000.0,12344000000.0,0.656,1.179,39447000000.0,21140000000.0,18307000000.0,39447000000.0,0.0,3224000000.0,0.0,0.022,1.5,17469000000.0,20693000000.0,0.257,20693000000.0,17469000000.0,16022000000.0,3.98,3.75,3.98,64562000000.0,67972000000.0,64562000000.0,244813121673.0,14.0,11.831,12017000000.0,3.71,1.0,39879000000.0,0.496,91238000000.0,1447000000.0,46145000000.0,51058000000.0,8847000000.0,0.0,0.0,0.0,76117000000.0,38241000000.0,37876000000.0,211461121673.0,-124000000.0,-685000000.0,-9565000000.0,1403000000.0,-4771000000.0,-12933000000.0,-2542000000.0,149000000.0,15222000000.0,129000000.0,12344000000.0,12344000000.0,12344000000.0,-942000000.0,0.0,0.153,23812000000.0,16067000000.0,6006000000.0,0.377,3.275,17.131,17.51,19724000000.0,0.0,69.69,2.629,2.807,7111000000.0,51000000000.0,80441000000.0,80441000000.0,0.0,0.086,0.182,0.342,0.217,575000000.0,23812000000.0,1.0,3034310829.0,3239500000.0,,24.831,49441000000.0,1547000000.0,3678000000.0,13178000000.0,15.262,-13172000000.0
53,PG,MRT,2008-06-30,2008-06-30,2008-06-30,2021-10-19,3746000000.0,143992000000.0,143875250000.0,24515000000.0,119477000000.0,0.551,22.763,-3046000000.0,3313000000.0,3313000000.0,39261000000.0,12075000000.0,0.792,1.072,36665000000.0,13084000000.0,23581000000.0,36665000000.0,0.0,3166000000.0,0.0,0.024,1.45,17136000000.0,20302000000.0,0.256,20302000000.0,17136000000.0,15669000000.0,3.86,3.64,3.86,69494000000.0,68721250000.0,69494000000.0,218875025938.0,13.0,10.781,11962000000.0,3.918,1.0,39996000000.0,0.505,94000000000.0,1467000000.0,52386000000.0,52123000000.0,8416000000.0,0.0,0.0,0.0,74498000000.0,30958000000.0,43540000000.0,185652025938.0,-2041000000.0,-381000000.0,-8180000000.0,-2009000000.0,-4655000000.0,-14844000000.0,-2549000000.0,-50000000.0,15008000000.0,344000000.0,12075000000.0,12075000000.0,12075000000.0,-784000000.0,0.0,0.152,24017000000.0,15979000000.0,6775000000.0,0.376,2.671,15.375,15.754,20640000000.0,0.0,60.81,2.342,2.342,6761000000.0,48986000000.0,79257000000.0,79257000000.0,0.0,0.084,0.176,0.329,0.216,555000000.0,24017000000.0,1.0,3052985133.0,3052985133.0,,25.96,49992000000.0,2012000000.0,3594000000.0,11805000000.0,16.375,-6443000000.0
54,PG,MRT,2008-03-31,2008-03-31,2008-03-31,2021-10-19,4146000000.0,145405000000.0,142380750000.0,25742000000.0,119663000000.0,0.554,21.08,-2801000000.0,3737000000.0,3737000000.0,37675000000.0,11327000000.0,0.823,1.089,36960000000.0,13287000000.0,23673000000.0,36960000000.0,0.0,3033000000.0,0.0,0.02,1.4,16920000000.0,19953000000.0,0.253,19953000000.0,16920000000.0,15480000000.0,3.59,3.39,3.59,69589000000.0,68037750000.0,69589000000.0,247388299995.0,15.0,12.399,11951000000.0,3.62,1.0,41216000000.0,0.522,93950000000.0,1440000000.0,53415000000.0,50821250000.0,8427000000.0,341000000.0,341000000.0,0.0,75816000000.0,31263000000.0,44553000000.0,215640299995.0,-257000000.0,-289000000.0,-7830000000.0,-508000000.0,-4525000000.0,-12863000000.0,-2547000000.0,-240000000.0,14752000000.0,401000000.0,11327000000.0,11327000000.0,11327000000.0,-413000000.0,0.0,0.144,25241000000.0,15975000000.0,5535000000.0,0.39,3.099,19.038,19.518,20334000000.0,0.0,70.07,2.733,2.932,6934000000.0,47239000000.0,78891000000.0,78891000000.0,0.0,0.08,0.166,0.333,0.214,582000000.0,25241000000.0,1.0,3077498216.0,3301200000.0,,23.898,51455000000.0,2044000000.0,4153000000.0,12313000000.0,15.587,-5521000000.0
55,PG,MRT,2007-12-31,2007-12-31,2007-12-31,2021-10-19,2466000000.0,144401000000.0,139953250000.0,26960000000.0,117441000000.0,0.554,20.423,-2890000000.0,5349000000.0,5349000000.0,37053000000.0,11129000000.0,0.856,1.116,37097000000.0,13569000000.0,23528000000.0,37097000000.0,0.0,3144000000.0,0.0,0.019,1.36,16652000000.0,19796000000.0,0.255,19796000000.0,16652000000.0,15297000000.0,3.5,3.31,3.5,68243000000.0,67257000000.0,68243000000.0,259160032634.0,16.0,13.092,12197000000.0,3.65,1.0,40506000000.0,0.522,92384000000.0,1355000000.0,52286000000.0,48535250000.0,7690000000.0,696000000.0,696000000.0,0.0,76158000000.0,31479000000.0,44679000000.0,228016032634.0,362000000.0,-329000000.0,-6598000000.0,-1194000000.0,-4431000000.0,-12223000000.0,-2775000000.0,-449000000.0,15087000000.0,273000000.0,11129000000.0,11129000000.0,11129000000.0,-353000000.0,0.0,0.143,24898000000.0,15608000000.0,4829000000.0,0.389,3.341,20.488,20.977,19888000000.0,0.0,73.42,2.94,3.163,7688000000.0,45647000000.0,77559000000.0,77559000000.0,0.0,0.08,0.165,0.343,0.215,621000000.0,24898000000.0,1.0,3105639235.0,3341500000.0,,23.211,52017000000.0,2143000000.0,4168000000.0,12842000000.0,15.567,-4519000000.0
56,PG,MRT,2007-09-30,2007-09-30,2007-09-30,2021-10-19,1651000000.0,141703000000.0,138178000000.0,25182000000.0,116521000000.0,0.552,20.142,-2915000000.0,4626000000.0,4626000000.0,36312000000.0,10721000000.0,0.816,1.097,35770000000.0,13598000000.0,22172000000.0,35770000000.0,0.0,3098000000.0,0.0,0.019,1.32,16222000000.0,19320000000.0,0.253,19320000000.0,16222000000.0,14917000000.0,3.35,3.17,3.35,67559000000.0,66537250000.0,67559000000.0,249573608388.0,15.0,12.918,10772000000.0,3.211,1.0,39934000000.0,0.524,91568000000.0,1305000000.0,50405000000.0,47313000000.0,7668000000.0,371000000.0,371000000.0,0.0,74144000000.0,30874000000.0,43270000000.0,219513608388.0,-2092000000.0,-408000000.0,-5263000000.0,-4000000000.0,-4324000000.0,-13587000000.0,-2454000000.0,415000000.0,13687000000.0,262000000.0,10721000000.0,10721000000.0,10721000000.0,-277000000.0,0.0,0.141,24566000000.0,15368000000.0,5230000000.0,0.394,3.249,20.475,20.997,19812000000.0,0.0,70.34,2.879,3.094,7432000000.0,43507000000.0,76246000000.0,76246000000.0,0.0,0.078,0.161,0.343,0.213,616000000.0,24566000000.0,1.0,3120750759.0,3354200000.0,,22.732,50135000000.0,1925000000.0,4196000000.0,13280000000.0,14.947,-5692000000.0
57,PG,MRT,2007-06-30,2007-06-30,2007-06-30,2021-10-19,617000000.0,138014000000.0,137014500000.0,24031000000.0,113983000000.0,0.546,21.201,-2945000000.0,5354000000.0,5354000000.0,35659000000.0,10340000000.0,0.782,1.067,35414000000.0,12039000000.0,23375000000.0,35414000000.0,0.0,3130000000.0,0.0,0.021,1.28,15845000000.0,18975000000.0,0.254,18975000000.0,15845000000.0,14541000000.0,3.22,3.04,3.22,66760000000.0,65600750000.0,66760000000.0,222113667270.0,14.0,11.706,10465000000.0,3.323,1.0,39173000000.0,0.523,90178000000.0,1304000000.0,47179000000.0,49252500000.0,6819000000.0,202000000.0,202000000.0,0.0,71254000000.0,30717000000.0,40537000000.0,192682667270.0,-1339000000.0,-492000000.0,-4079000000.0,-4165000000.0,-4209000000.0,-12453000000.0,-2483000000.0,673000000.0,13410000000.0,187000000.0,10340000000.0,10340000000.0,10340000000.0,-277000000.0,0.0,0.138,24170000000.0,15003000000.0,5710000000.0,0.398,2.886,18.635,19.003,19540000000.0,0.0,61.19,2.575,2.575,6629000000.0,41797000000.0,74832000000.0,74832000000.0,0.0,0.075,0.158,0.322,0.212,668000000.0,24170000000.0,1.0,3148924126.0,3148924126.0,,23.764,47836000000.0,1727000000.0,4201000000.0,15397000000.0,15.191,-6686000000.0
58,PG,MRT,2007-03-31,2007-03-31,2007-03-31,2021-10-19,386000000.0,135695000000.0,136434750000.0,22714000000.0,112981000000.0,0.55,19.564,-2997000000.0,3994000000.0,3994000000.0,36103000000.0,9970000000.0,0.735,1.042,33425000000.0,12168000000.0,21257000000.0,33425000000.0,0.0,3103000000.0,0.0,0.02,1.24,15489000000.0,18592000000.0,0.248,18592000000.0,15489000000.0,14213000000.0,3.08,2.91,3.08,66466000000.0,64637750000.0,66466000000.0,230490040997.0,15.0,12.397,10046000000.0,2.957,1.0,38943000000.0,0.519,89934000000.0,1276000000.0,44271000000.0,51981250000.0,7091000000.0,236000000.0,236000000.0,0.0,69229000000.0,30921000000.0,38308000000.0,199294040997.0,-4681000000.0,-212000000.0,-8882000000.0,-3735000000.0,-4127000000.0,-16744000000.0,-1304000000.0,1118000000.0,13043000000.0,324000000.0,9970000000.0,9970000000.0,9970000000.0,0.0,0.0,0.133,23944000000.0,14999000000.0,4371000000.0,0.403,2.998,19.989,20.506,19178000000.0,0.0,63.16,2.656,2.859,6757000000.0,40477000000.0,75046000000.0,75046000000.0,0.0,0.073,0.154,0.298,0.206,667000000.0,23944000000.0,1.0,3155383803.0,3397300000.0,,22.09,45761000000.0,1698000000.0,4243000000.0,15877000000.0,13.47,-8207000000.0
59,PG,MRT,2006-12-31,2006-12-31,2006-12-31,2021-10-19,98000000.0,137300000000.0,136566500000.0,24689000000.0,112611000000.0,0.539,19.188,-2877000000.0,4987000000.0,4987000000.0,35386000000.0,9669000000.0,0.789,1.101,36183000000.0,12533000000.0,23650000000.0,36183000000.0,0.0,2958000000.0,0.0,0.019,1.21,15104000000.0,18062000000.0,0.245,18062000000.0,15104000000.0,13806000000.0,2.97,2.8,2.97,65364000000.0,64277250000.0,65364000000.0,234650851265.0,16.0,12.991,9155000000.0,2.688,1.0,38216000000.0,0.519,89805000000.0,1298000000.0,47397000000.0,55263500000.0,6883000000.0,521000000.0,521000000.0,0.0,71936000000.0,31294000000.0,40642000000.0,203655851265.0,-2829000000.0,-217000000.0,-8972000000.0,-1314000000.0,-4057000000.0,-14343000000.0,-951000000.0,1465000000.0,12032000000.0,433000000.0,9669000000.0,9669000000.0,9669000000.0,0.0,0.0,0.131,23512000000.0,14704000000.0,4490000000.0,0.407,3.116,21.063,21.64,19096000000.0,0.0,64.27,2.767,2.975,7523000000.0,39083000000.0,73602000000.0,73602000000.0,0.0,0.071,0.15,0.273,0.205,666000000.0,23512000000.0,1.0,3168754493.0,3406500000.0,,21.606,47495000000.0,1673000000.0,4137000000.0,15889000000.0,13.942,-6605000000.0
60,PG,MRT,2006-09-30,2006-09-30,2006-09-30,2021-10-19,-553000000.0,137049000000.0,136372000000.0,25506000000.0,111543000000.0,0.53,18.695,-2836000000.0,6718000000.0,6718000000.0,34831000000.0,9353000000.0,1.239,1.148,37713000000.0,1986000000.0,35727000000.0,37713000000.0,0.0,2963000000.0,0.0,0.019,1.18,14635000000.0,17598000000.0,0.244,17598000000.0,14635000000.0,13377000000.0,2.84,2.68,2.84,63813000000.0,64539750000.0,63813000000.0,228202836478.0,16.0,12.968,9321000000.0,2.731,1.0,37383000000.0,0.518,89291000000.0,1258000000.0,58163000000.0,57341750000.0,6790000000.0,1040000000.0,1040000000.0,0.0,73236000000.0,20590000000.0,52646000000.0,196791836478.0,408000000.0,1277000000.0,-11035000000.0,2562000000.0,-3999000000.0,-12472000000.0,392000000.0,994000000.0,12157000000.0,331000000.0,9353000000.0,9353000000.0,9353000000.0,0.0,0.0,0.13,23137000000.0,14246000000.0,4507000000.0,0.415,3.084,21.041,21.824,18738000000.0,0.0,61.98,2.725,2.93,6640000000.0,37284000000.0,72214000000.0,72214000000.0,0.0,0.069,0.145,0.255,0.203,648000000.0,23137000000.0,1.0,3175086100.0,3413300000.0,,21.157,47758000000.0,1565000000.0,4024000000.0,16583000000.0,13.992,4916000000.0
61,PG,MRT,2006-06-30,2006-06-30,2006-06-30,2021-10-19,-518000000.0,135695000000.0,117586250000.0,24329000000.0,111366000000.0,0.58,19.171,-2667000000.0,6693000000.0,6693000000.0,33125000000.0,8684000000.0,1.217,1.157,38104000000.0,2128000000.0,35976000000.0,38104000000.0,0.0,2627000000.0,0.0,0.021,1.15,13532000000.0,16159000000.0,0.237,16159000000.0,13532000000.0,12413000000.0,2.79,2.64,2.79,62908000000.0,52219750000.0,62908000000.0,211527732667.0,16.0,13.09,8708000000.0,2.654,1.0,35097000000.0,0.514,89027000000.0,1119000000.0,58094000000.0,52828250000.0,6291000000.0,1133000000.0,1133000000.0,0.0,72787000000.0,19985000000.0,52802000000.0,182449732667.0,304000000.0,171000000.0,-15511000000.0,8636000000.0,-3703000000.0,-10578000000.0,-730000000.0,884000000.0,11375000000.0,237000000.0,8684000000.0,8684000000.0,8684000000.0,0.0,0.0,0.127,21848000000.0,13249000000.0,4910000000.0,0.412,2.9,21.01,19.928,18770000000.0,0.0,55.6,2.674,2.674,5725000000.0,35666000000.0,68222000000.0,68222000000.0,0.0,0.074,0.166,0.256,0.198,585000000.0,21848000000.0,1.0,3281470012.0,3281470012.0,,20.79,46668000000.0,1611000000.0,3729000000.0,15714000000.0,14.222,4344000000.0
62,PG,MRT,2006-03-31,2006-03-31,2006-03-31,2021-10-19,-1234000000.0,136222000000.0,99044250000.0,26615000000.0,109607000000.0,0.653,18.523,-2461000000.0,8675000000.0,8675000000.0,31540000000.0,8178000000.0,1.328,1.095,37753000000.0,3837000000.0,33916000000.0,37753000000.0,0.0,2372000000.0,0.0,0.019,1.12,12726000000.0,15098000000.0,0.234,15098000000.0,12726000000.0,11676000000.0,2.8,2.64,2.8,65024000000.0,41111500000.0,65024000000.0,217737407225.0,17.0,14.422,7814000000.0,2.226,1.0,33098000000.0,0.512,87857000000.0,1050000000.0,57400000000.0,45870750000.0,6732000000.0,1524000000.0,1524000000.0,0.0,71198000000.0,20043000000.0,51155000000.0,189551407225.0,1603000000.0,172000000.0,-10808000000.0,7089000000.0,-3378000000.0,-7097000000.0,-1341000000.0,447000000.0,10275000000.0,-234000000.0,8178000000.0,8178000000.0,8178000000.0,0.0,0.0,0.127,20642000000.0,12456000000.0,4063000000.0,0.4,2.915,23.178,20.582,18473000000.0,0.0,57.63,2.933,3.13,5404000000.0,34853000000.0,64638000000.0,64638000000.0,0.0,0.083,0.199,0.277,0.197,554000000.0,20642000000.0,1.0,3289109964.0,3510500000.0,,18.413,48365000000.0,1544000000.0,3498000000.0,15663000000.0,13.777,6572000000.0
63,PG,MRT,2005-12-31,2005-12-31,2005-12-31,2021-10-19,-1557000000.0,136522000000.0,80757750000.0,26425000000.0,110097000000.0,0.764,18.724,-2299000000.0,7816000000.0,7816000000.0,30255000000.0,7581000000.0,1.289,1.056,36002000000.0,4608000000.0,31394000000.0,36002000000.0,0.0,2114000000.0,0.0,0.019,1.09,11898000000.0,14012000000.0,0.227,14012000000.0,11898000000.0,10927000000.0,2.76,2.6,2.76,66414000000.0,29538000000.0,66414000000.0,161103848050.0,14.0,11.498,7163000000.0,2.019,1.0,31420000000.0,0.509,88493000000.0,971000000.0,55710000000.0,39003750000.0,6437000000.0,1996000000.0,1996000000.0,0.0,70108000000.0,20505000000.0,49603000000.0,137618848050.0,1415000000.0,28000000.0,-11611000000.0,8927000000.0,-3087000000.0,-5771000000.0,-1732000000.0,50000000.0,9462000000.0,-544000000.0,7581000000.0,7581000000.0,7581000000.0,0.0,0.0,0.123,19773000000.0,11647000000.0,3904000000.0,0.395,2.072,18.153,20.971,18225000000.0,0.0,57.88,2.231,3.329,6056000000.0,33749000000.0,61675000000.0,61675000000.0,0.0,0.094,0.257,0.305,0.193,514000000.0,19773000000.0,1.0,2377658052.0,3547000000.0,,17.388,48029000000.0,1340000000.0,3346000000.0,16408000000.0,13.541,5920000000.0
64,PG,MRT,2005-09-30,2005-09-30,2005-09-30,2021-10-19,-1485000000.0,61906000000.0,62385250000.0,20564000000.0,41342000000.0,0.926,5.485,-2169000000.0,6310000000.0,6310000000.0,28408000000.0,7010000000.0,0.977,3.26,29795000000.0,8749000000.0,21046000000.0,29795000000.0,0.0,1852000000.0,0.0,0.018,1.06,10975000000.0,12827000000.0,0.222,12827000000.0,10975000000.0,10103000000.0,2.77,2.6,2.77,14533000000.0,17905500000.0,14533000000.0,164285147856.0,15.0,12.808,6769000000.0,2.555,1.0,29382000000.0,0.508,24228000000.0,872000000.0,40109000000.0,32424500000.0,5161000000.0,1749000000.0,1749000000.0,0.0,47373000000.0,21054000000.0,26319000000.0,146346147856.0,1470000000.0,-1415000000.0,-9401000000.0,8198000000.0,-2773000000.0,-3976000000.0,-3308000000.0,99000000.0,8938000000.0,-184000000.0,7010000000.0,7010000000.0,7010000000.0,0.0,0.0,0.121,18645000000.0,10737000000.0,3423000000.0,0.383,10.07,20.877,21.466,14256000000.0,0.0,59.46,2.532,2.726,4690000000.0,32251000000.0,57790000000.0,57790000000.0,0.0,0.112,0.391,0.338,0.19,497000000.0,18645000000.0,1.0,2461253748.0,2649700000.0,,21.81,37678000000.0,849000000.0,3093000000.0,4642000000.0,14.22,-490000000.0
65,PG,MRT,2005-06-30,2005-06-30,2005-06-30,2021-10-19,-1566000000.0,61527000000.0,61709500000.0,20329000000.0,41198000000.0,0.919,7.406,-2181000000.0,6389000000.0,6389000000.0,27872000000.0,6923000000.0,0.812,2.33,24328000000.0,11441000000.0,12887000000.0,24328000000.0,0.0,1884000000.0,0.0,0.02,1.03,10815000000.0,12699000000.0,0.224,12699000000.0,10815000000.0,9981000000.0,2.7,2.53,2.7,18475000000.0,18862000000.0,18475000000.0,148663786556.0,14.0,11.707,6498000000.0,2.605,1.0,28869000000.0,0.509,24163000000.0,834000000.0,30264000000.0,29412500000.0,5006000000.0,1744000000.0,1744000000.0,0.0,43052000000.0,25039000000.0,18013000000.0,131583786556.0,2157000000.0,-572000000.0,-4505000000.0,3111000000.0,-2731000000.0,-4125000000.0,-2336000000.0,-100000000.0,8679000000.0,-61000000.0,6923000000.0,6923000000.0,6923000000.0,0.0,0.0,0.122,18400000000.0,10469000000.0,3802000000.0,0.381,7.122,19.007,19.537,14332000000.0,0.0,52.75,2.319,2.319,4185000000.0,31004000000.0,56741000000.0,56741000000.0,0.0,0.112,0.367,0.368,0.191,524000000.0,18400000000.0,1.0,2494479366.0,2494479366.0,,22.747,37364000000.0,1081000000.0,3058000000.0,4161000000.0,14.979,-4710000000.0
66,PG,MRT,2005-03-31,2005-03-31,2005-03-31,2021-10-19,-838000000.0,63076000000.0,60589750000.0,21591000000.0,41485000000.0,0.915,6.86,-2079000000.0,7072000000.0,7072000000.0,27109000000.0,6580000000.0,0.853,2.368,24152000000.0,11216000000.0,12936000000.0,24152000000.0,0.0,1857000000.0,0.0,0.019,1.0,10320000000.0,12177000000.0,0.22,12177000000.0,10320000000.0,9542000000.0,2.55,2.38,2.55,18730000000.0,18562750000.0,18730000000.0,149266929369.0,14.0,12.258,6926000000.0,2.537,1.0,28336000000.0,0.511,24902000000.0,778000000.0,29932000000.0,28749000000.0,5270000000.0,1706000000.0,1706000000.0,0.0,44346000000.0,25322000000.0,19024000000.0,133696929369.0,2898000000.0,-2606000000.0,-4792000000.0,5541000000.0,-2672000000.0,-1923000000.0,-4372000000.0,-129000000.0,9005000000.0,188000000.0,6580000000.0,6580000000.0,6580000000.0,0.0,0.0,0.119,18329000000.0,10007000000.0,3407000000.0,0.392,7.138,20.319,20.784,14281000000.0,0.0,53.0,2.411,2.61,4396000000.0,13861000000.0,55445000000.0,55445000000.0,0.0,0.109,0.354,0.359,0.186,861000000.0,18329000000.0,1.0,2522583573.0,2730300000.0,,20.307,38174000000.0,1304000000.0,2962000000.0,5585000000.0,13.982,-3731000000.0
67,PG,MRT,2004-12-31,2004-12-31,2004-12-31,2021-10-19,-366000000.0,63032000000.0,58287750000.0,20996000000.0,42036000000.0,0.93,7.225,-2125000000.0,7676000000.0,7676000000.0,26448000000.0,6494000000.0,0.878,2.17,23246000000.0,9861000000.0,13385000000.0,23246000000.0,0.0,1804000000.0,0.0,0.018,0.978,10088000000.0,11892000000.0,0.219,11892000000.0,10088000000.0,9368000000.0,2.5,2.34,2.5,19884000000.0,18453250000.0,19884000000.0,154890499034.0,15.0,13.025,7232000000.0,2.628,1.0,27739000000.0,0.512,25306000000.0,720000000.0,29393000000.0,28614000000.0,5176000000.0,494000000.0,494000000.0,0.0,43148000000.0,23903000000.0,19245000000.0,139720499034.0,1942000000.0,-2469000000.0,-4111000000.0,4009000000.0,-2629000000.0,-2731000000.0,-5037000000.0,-916000000.0,9357000000.0,353000000.0,6494000000.0,6494000000.0,6494000000.0,0.0,0.0,0.12,17971000000.0,9768000000.0,3264000000.0,0.391,7.027,21.515,22.032,14502000000.0,0.0,55.08,2.578,2.797,4689000000.0,14714000000.0,54187000000.0,54187000000.0,0.0,0.111,0.352,0.353,0.186,709000000.0,17971000000.0,1.0,2536682989.0,2752100000.0,,19.689,37726000000.0,1017000000.0,2874000000.0,5002000000.0,13.708,-2907000000.0
68,PG,MRT,2004-09-30,2004-09-30,2004-09-30,2021-10-19,-1328000000.0,59203000000.0,55995250000.0,18716000000.0,40487000000.0,0.946,6.637,-2073000000.0,6262000000.0,6262000000.0,25887000000.0,6337000000.0,0.855,2.225,21432000000.0,7701000000.0,13731000000.0,21432000000.0,0.0,1806000000.0,0.0,0.018,0.955,9822000000.0,11628000000.0,0.22,11628000000.0,9822000000.0,9153000000.0,2.42,2.27,2.42,18359000000.0,18125250000.0,18359000000.0,152957567048.0,16.0,13.154,7588000000.0,2.743,1.0,27069000000.0,0.511,24410000000.0,669000000.0,28061000000.0,28546500000.0,4717000000.0,456000000.0,456000000.0,0.0,40844000000.0,21902000000.0,18942000000.0,137585567048.0,1275000000.0,-2776000000.0,-3840000000.0,3356000000.0,-2601000000.0,-3085000000.0,-5442000000.0,-1101000000.0,9661000000.0,141000000.0,6337000000.0,6337000000.0,6337000000.0,0.0,0.0,0.12,17541000000.0,9528000000.0,3392000000.0,0.395,7.494,21.711,22.364,13984000000.0,0.0,54.12,2.598,2.827,4485000000.0,14318000000.0,52956000000.0,52956000000.0,0.0,0.113,0.35,0.344,0.185,613000000.0,17541000000.0,1.0,2542231468.0,2766100000.0,,19.145,34793000000.0,961000000.0,2816000000.0,5332000000.0,12.578,-3186000000.0
69,PG,MRT,2004-06-30,2004-06-30,2004-06-30,2021-10-19,-1545000000.0,57048000000.0,53818500000.0,17115000000.0,39933000000.0,0.955,6.721,-2024000000.0,4232000000.0,4232000000.0,25143000000.0,6156000000.0,0.773,2.302,20841000000.0,8287000000.0,12554000000.0,20841000000.0,0.0,1733000000.0,0.0,0.017,0.933,9534000000.0,11267000000.0,0.219,11267000000.0,9534000000.0,8905000000.0,2.34,2.2,2.34,17278000000.0,17878250000.0,17278000000.0,152992398128.0,16.0,13.579,7331000000.0,2.852,1.0,26264000000.0,0.511,23900000000.0,629000000.0,27610000000.0,28437750000.0,4400000000.0,1660000000.0,1660000000.0,0.0,39770000000.0,22147000000.0,17623000000.0,139943398128.0,-1196000000.0,-7476000000.0,-3508000000.0,5686000000.0,-2539000000.0,-361000000.0,-10144000000.0,-874000000.0,9355000000.0,-46000000.0,6156000000.0,6156000000.0,6156000000.0,0.0,0.0,0.12,16882000000.0,9382000000.0,3617000000.0,0.399,8.1,22.733,23.265,14108000000.0,0.0,54.44,2.722,2.722,4062000000.0,13611000000.0,51407000000.0,51407000000.0,0.0,0.114,0.344,0.335,0.185,491000000.0,16882000000.0,1.0,2570598790.0,2570598790.0,,19.998,33148000000.0,958000000.0,2749000000.0,4815000000.0,12.895,-5032000000.0
70,PG,MRT,2004-03-31,2004-03-31,2004-03-31,2021-10-19,-1374000000.0,53868000000.0,50483000000.0,17204000000.0,36664000000.0,0.978,6.556,-1846000000.0,5365000000.0,5365000000.0,24365000000.0,6062000000.0,1.011,1.945,18414000000.0,5065000000.0,13349000000.0,18414000000.0,0.0,1751000000.0,0.0,0.017,0.887,9317000000.0,11068000000.0,0.224,11068000000.0,9317000000.0,8727000000.0,2.295,2.175,2.295,18292000000.0,17605250000.0,18292000000.0,149124503073.0,16.0,13.473,7054000000.0,2.528,1.0,25000000000.0,0.506,20502000000.0,590000000.0,29392000000.0,27929250000.0,4621000000.0,385000000.0,385000000.0,0.0,35576000000.0,17023000000.0,18553000000.0,135546503073.0,-711000000.0,-5408000000.0,-1792000000.0,1953000000.0,-2421000000.0,-2260000000.0,-7748000000.0,-671000000.0,8900000000.0,397000000.0,6062000000.0,6062000000.0,6062000000.0,0.0,0.0,0.123,15843000000.0,9157000000.0,3048000000.0,0.386,7.41,22.36,22.85,14070000000.0,0.0,52.44,2.746,2.964,4093000000.0,14631000000.0,49365000000.0,49365000000.0,0.0,0.12,0.344,0.334,0.189,0.0,15843000000.0,1.0,2584792202.0,2790100000.0,,17.693,33366000000.0,986000000.0,2665000000.0,4370000000.0,11.959,181000000.0
71,PG,MRT,2003-12-31,2003-12-31,2003-12-31,2021-10-19,-1219000000.0,53862000000.0,47686750000.0,17165000000.0,36697000000.0,0.985,6.631,-1676000000.0,4943000000.0,4943000000.0,23365000000.0,5807000000.0,0.975,1.9,18521000000.0,5885000000.0,12636000000.0,18521000000.0,0.0,1716000000.0,0.0,0.017,0.865,8941000000.0,10657000000.0,0.227,10657000000.0,8941000000.0,8377000000.0,2.195,2.08,2.195,18572000000.0,16913500000.0,18572000000.0,142747053208.0,16.0,13.395,6659000000.0,2.377,1.0,23627000000.0,0.503,20710000000.0,564000000.0,29123000000.0,26956750000.0,4621000000.0,351000000.0,351000000.0,0.0,35290000000.0,17607000000.0,17683000000.0,129517053208.0,-19000000.0,-5419000000.0,-813000000.0,1372000000.0,-2362000000.0,-1803000000.0,-6969000000.0,-24000000.0,8335000000.0,418000000.0,5807000000.0,5807000000.0,5807000000.0,0.0,0.0,0.124,14816000000.0,8811000000.0,2822000000.0,0.394,6.974,22.304,22.752,14043000000.0,0.0,49.94,2.756,2.977,4447000000.0,14991000000.0,46992000000.0,46992000000.0,0.0,0.122,0.343,0.332,0.19,0.0,14816000000.0,1.0,2593453208.0,2800900000.0,,16.777,33152000000.0,877000000.0,2570000000.0,4352000000.0,11.836,-442000000.0
72,PG,MRT,2003-09-30,2003-09-30,2003-09-30,2021-10-19,-1830000000.0,50496000000.0,44831750000.0,15673000000.0,34823000000.0,0.999,6.209,-1565000000.0,4049000000.0,4049000000.0,22531000000.0,5483000000.0,0.932,1.907,17279000000.0,5286000000.0,11993000000.0,17279000000.0,0.0,1700000000.0,0.0,0.018,0.842,8492000000.0,10192000000.0,0.228,10192000000.0,8492000000.0,7934000000.0,2.07,1.96,2.07,17371000000.0,15979500000.0,17371000000.0,128081709689.0,15.0,12.567,6731000000.0,2.406,1.0,22245000000.0,0.497,19288000000.0,558000000.0,27626000000.0,26229000000.0,4536000000.0,330000000.0,330000000.0,0.0,33125000000.0,16812000000.0,16313000000.0,120346709689.0,-510000000.0,-5096000000.0,-833000000.0,525000000.0,-2304000000.0,-2612000000.0,-6468000000.0,24000000.0,8296000000.0,274000000.0,5483000000.0,5483000000.0,5483000000.0,0.0,0.0,0.122,13928000000.0,8317000000.0,2957000000.0,0.407,6.928,21.949,22.42,13654000000.0,0.0,46.41,2.688,2.9,4134000000.0,14560000000.0,44776000000.0,44776000000.0,0.0,0.122,0.343,0.324,0.19,0.0,13928000000.0,1.0,2593120226.0,2797700000.0,,16.005,31208000000.0,876000000.0,2451000000.0,3953000000.0,11.155,-1139000000.0
73,PG,MRT,2003-06-30,2003-06-30,2003-06-30,2021-10-19,-2006000000.0,43706000000.0,42670250000.0,15220000000.0,28486000000.0,1.017,6.251,-1482000000.0,5912000000.0,5912000000.0,22141000000.0,5186000000.0,1.232,1.7,13647000000.0,2172000000.0,11475000000.0,13647000000.0,0.0,1703000000.0,0.0,0.018,0.82,8091000000.0,9794000000.0,0.226,9794000000.0,8091000000.0,7530000000.0,1.95,1.85,1.95,16186000000.0,15196500000.0,16186000000.0,124075780753.0,15.0,12.669,7218000000.0,2.788,1.0,21236000000.0,0.49,13507000000.0,561000000.0,25576000000.0,25858250000.0,3640000000.0,300000000.0,300000000.0,0.0,27520000000.0,12358000000.0,15162000000.0,115461780753.0,2629000000.0,-61000000.0,-967000000.0,-1882000000.0,-2246000000.0,-5095000000.0,-1363000000.0,37000000.0,8700000000.0,387000000.0,5186000000.0,5186000000.0,5186000000.0,0.0,0.0,0.12,13383000000.0,7853000000.0,2795000000.0,0.421,7.133,22.264,22.867,13104000000.0,0.0,44.59,2.662,2.662,3038000000.0,13692000000.0,43377000000.0,43377000000.0,0.0,0.122,0.341,0.313,0.187,0.0,13383000000.0,1.0,2589409750.0,2589409750.0,,16.752,30199000000.0,843000000.0,2344000000.0,3275000000.0,11.663,2862000000.0
74,PG,MRT,2003-03-31,2003-03-31,2003-03-31,2021-10-19,-2149000000.0,42683000000.0,41937750000.0,14465000000.0,28218000000.0,1.016,5.561,-1422000000.0,5513000000.0,5513000000.0,21842000000.0,5141000000.0,1.173,1.749,14127000000.0,2794000000.0,11333000000.0,14127000000.0,0.0,1736000000.0,0.0,0.018,0.805,8042000000.0,9778000000.0,0.229,9778000000.0,8042000000.0,7467000000.0,1.935,1.82,1.935,15525000000.0,14576500000.0,15525000000.0,125052516529.0,16.0,12.789,7628000000.0,2.732,1.0,20784000000.0,0.488,13465000000.0,575000000.0,25502000000.0,26001000000.0,3763000000.0,312000000.0,312000000.0,0.0,27158000000.0,12330000000.0,14828000000.0,115133516529.0,2452000000.0,-117000000.0,-1148000000.0,-2047000000.0,-2214000000.0,-5409000000.0,-1213000000.0,162000000.0,9050000000.0,24000000.0,5141000000.0,5141000000.0,5141000000.0,0.0,0.0,0.121,13002000000.0,7782000000.0,2064000000.0,0.416,7.416,22.395,23.01,13078000000.0,0.0,44.525,2.701,2.916,2960000000.0,13294000000.0,42626000000.0,42626000000.0,0.0,0.123,0.353,0.309,0.189,0.0,13002000000.0,1.0,2585817328.0,2791600000.0,,15.269,29218000000.0,465000000.0,2326000000.0,3096000000.0,10.466,2135000000.0
75,PG,MRT,2002-12-31,2002-12-31,2002-12-31,2021-10-19,-2175000000.0,42442000000.0,41469000000.0,14191000000.0,28251000000.0,1.01,5.289,-1627000000.0,5106000000.0,5106000000.0,21518000000.0,4907000000.0,1.117,1.861,15025000000.0,3491000000.0,11534000000.0,15025000000.0,0.0,1753000000.0,0.0,0.018,0.79,7742000000.0,9495000000.0,0.227,9495000000.0,7742000000.0,7159000000.0,1.845,1.735,1.845,14836000000.0,14042500000.0,14836000000.0,122420729075.0,16.0,12.893,7264000000.0,2.589,1.0,20352000000.0,0.486,13446000000.0,583000000.0,26212000000.0,25880250000.0,3610000000.0,218000000.0,218000000.0,0.0,27606000000.0,12703000000.0,14903000000.0,111661729075.0,1913000000.0,-410000000.0,-1045000000.0,-1922000000.0,-2177000000.0,-5144000000.0,-1860000000.0,-16000000.0,8891000000.0,26000000.0,4907000000.0,4907000000.0,4907000000.0,0.0,0.0,0.117,12873000000.0,7479000000.0,2021000000.0,0.428,7.526,22.756,23.29,13125000000.0,0.0,42.97,2.667,2.879,3240000000.0,12789000000.0,41870000000.0,41870000000.0,0.0,0.118,0.349,0.299,0.185,0.0,12873000000.0,1.0,2598597372.0,2805200000.0,,14.926,28996000000.0,458000000.0,2252000000.0,3062000000.0,10.337,1488000000.0
76,PG,MRT,2002-09-30,2002-09-30,2002-09-30,2021-10-19,-2464000000.0,41850000000.0,41201500000.0,13563000000.0,28287000000.0,1.002,5.059,-1608000000.0,4703000000.0,4703000000.0,21367000000.0,4712000000.0,1.038,1.939,15462000000.0,4199000000.0,11263000000.0,15462000000.0,0.0,1721000000.0,0.0,0.017,0.775,7484000000.0,9205000000.0,0.223,9205000000.0,7484000000.0,6894000000.0,1.77,1.67,1.77,14239000000.0,13603250000.0,14239000000.0,127743101165.0,17.0,13.878,6815000000.0,2.421,1.0,19901000000.0,0.482,13395000000.0,590000000.0,26143000000.0,25756750000.0,3559000000.0,186000000.0,186000000.0,0.0,27611000000.0,13071000000.0,14540000000.0,116238101165.0,1810000000.0,-5397000000.0,-518000000.0,2715000000.0,-2135000000.0,62000000.0,-6668000000.0,57000000.0,8423000000.0,-7000000.0,4712000000.0,4712000000.0,4712000000.0,0.0,0.0,0.114,12806000000.0,7095000000.0,2015000000.0,0.438,8.163,24.669,25.249,13049000000.0,0.0,44.69,2.817,3.048,3110000000.0,12527000000.0,41268000000.0,41268000000.0,0.0,0.114,0.346,0.291,0.181,0.0,12806000000.0,1.0,2600986824.0,2814600000.0,,14.662,28455000000.0,434000000.0,2182000000.0,3099000000.0,10.11,492000000.0
77,PG,MRT,2002-06-30,2002-06-30,2002-06-30,2021-10-19,-2360000000.0,40776000000.0,39641750000.0,12166000000.0,28610000000.0,1.015,5.273,-1679000000.0,3427000000.0,3427000000.0,20989000000.0,4352000000.0,0.958,1.975,14932000000.0,3731000000.0,11201000000.0,14932000000.0,0.0,1693000000.0,0.0,0.017,0.76,6986000000.0,8679000000.0,0.216,8679000000.0,6986000000.0,6383000000.0,1.63,1.54,1.63,13706000000.0,13152750000.0,13706000000.0,128791209702.0,18.0,14.839,6063000000.0,2.333,1.0,19249000000.0,0.478,13430000000.0,603000000.0,26147000000.0,25845500000.0,3456000000.0,196000000.0,196000000.0,0.0,27070000000.0,12704000000.0,14366000000.0,116055209702.0,1121000000.0,-5471000000.0,-331000000.0,2623000000.0,-2095000000.0,197000000.0,-6835000000.0,88000000.0,7742000000.0,17000000.0,4352000000.0,4352000000.0,4352000000.0,0.0,0.0,0.108,12571000000.0,6678000000.0,2205000000.0,0.466,8.467,26.667,27.393,13349000000.0,0.0,44.65,2.884,2.884,3090000000.0,11980000000.0,40238000000.0,40238000000.0,0.0,0.11,0.331,0.27,0.174,0.0,12571000000.0,1.0,2599220822.0,2599220822.0,,15.481,27346000000.0,521000000.0,2031000000.0,2515000000.0,10.521,-538000000.0
78,PG,MRT,2002-03-31,2002-03-31,2002-03-31,2021-10-19,-2467000000.0,40808000000.0,38044500000.0,12584000000.0,28224000000.0,1.042,4.762,-1789000000.0,3061000000.0,3061000000.0,21723000000.0,3122000000.0,0.832,2.048,15797000000.0,5993000000.0,9804000000.0,15797000000.0,0.0,2026000000.0,0.0,0.017,0.745,5536000000.0,7562000000.0,0.191,7562000000.0,5536000000.0,4896000000.0,1.16,1.12,1.16,13389000000.0,12728750000.0,13389000000.0,130225308186.0,24.0,17.221,5645000000.0,2.008,1.0,17928000000.0,0.452,13395000000.0,640000000.0,25019000000.0,25798750000.0,3772000000.0,470000000.0,470000000.0,0.0,27419000000.0,15130000000.0,12289000000.0,116769308186.0,380000000.0,-5424000000.0,-287000000.0,2591000000.0,-2055000000.0,249000000.0,-7280000000.0,-301000000.0,7434000000.0,-23000000.0,3122000000.0,3122000000.0,3122000000.0,0.0,0.0,0.079,12704000000.0,5224000000.0,9137000000.0,0.642,8.721,37.402,38.832,13233000000.0,0.0,45.045,2.945,3.194,3113000000.0,11878000000.0,39651000000.0,39651000000.0,0.0,0.082,0.245,0.215,0.14,0.0,12704000000.0,1.0,2592281234.0,2811400000.0,,14.104,27413000000.0,290000000.0,1774000000.0,680000000.0,9.751,-2546000000.0
79,PG,MRT,2001-12-31,2001-12-31,2001-12-31,2021-10-19,-2215000000.0,41372000000.0,36802500000.0,13151000000.0,28221000000.0,1.067,4.666,-1903000000.0,3193000000.0,3193000000.0,21828000000.0,2976000000.0,0.829,2.163,16649000000.0,6763000000.0,9886000000.0,16649000000.0,0.0,2079000000.0,0.0,0.018,0.73,5371000000.0,7450000000.0,0.19,7450000000.0,5371000000.0,4673000000.0,1.1,1.065,1.1,13079000000.0,12624500000.0,13079000000.0,112274588168.0,21.0,15.07,4813000000.0,1.717,1.0,17434000000.0,0.444,13240000000.0,698000000.0,25718000000.0,26517000000.0,3738000000.0,203000000.0,203000000.0,0.0,28293000000.0,15870000000.0,12423000000.0,102522588168.0,-214000000.0,-5168000000.0,-774000000.0,2416000000.0,-2016000000.0,-374000000.0,-6513000000.0,92000000.0,6716000000.0,-43000000.0,2976000000.0,2976000000.0,2976000000.0,0.0,0.0,0.076,12562000000.0,4872000000.0,9107000000.0,0.664,7.839,34.45,35.968,13225000000.0,0.0,39.565,2.611,2.825,3551000000.0,11453000000.0,39262000000.0,39262000000.0,0.0,0.081,0.236,0.203,0.137,0.0,12562000000.0,1.0,2591244488.0,2803000000.0,,14.007,28132000000.0,402000000.0,1697000000.0,640000000.0,10.036,-2719000000.0
80,PG,MRT,2001-09-30,2001-09-30,2001-09-30,2021-10-19,-2184000000.0,35611000000.0,35665750000.0,11968000000.0,23643000000.0,1.095,4.439,-2211000000.0,2893000000.0,2893000000.0,21906000000.0,2871000000.0,1.141,1.863,12645000000.0,2534000000.0,10111000000.0,12645000000.0,0.0,2150000000.0,0.0,0.02,0.715,5312000000.0,7462000000.0,0.191,7462000000.0,5312000000.0,4540000000.0,1.055,1.02,1.055,12437000000.0,12608750000.0,12437000000.0,104061615803.0,20.0,13.946,3841000000.0,1.371,1.0,17135000000.0,0.439,8379000000.0,772000000.0,26498000000.0,27136000000.0,3724000000.0,211000000.0,211000000.0,0.0,23174000000.0,10486000000.0,12688000000.0,94342615803.0,892000000.0,-184000000.0,-1055000000.0,-480000000.0,-1980000000.0,-3515000000.0,-1620000000.0,24000000.0,6052000000.0,-25000000.0,2871000000.0,2871000000.0,2871000000.0,0.0,0.0,0.074,12416000000.0,4719000000.0,7952000000.0,0.678,7.586,32.861,34.498,13209000000.0,0.0,36.395,2.417,2.612,3054000000.0,10858000000.0,39041000000.0,39041000000.0,0.0,0.08,0.228,0.196,0.136,0.0,12416000000.0,1.0,2592186174.0,2801600000.0,,13.935,27232000000.0,310000000.0,1669000000.0,642000000.0,9.72,1482000000.0
81,PG,MRT,2001-06-30,2001-06-30,2001-06-30,2021-10-19,-2120000000.0,34387000000.0,35541250000.0,10889000000.0,23498000000.0,1.104,4.637,-2486000000.0,2306000000.0,2306000000.0,22102000000.0,2922000000.0,1.106,1.863,12025000000.0,2233000000.0,9792000000.0,12025000000.0,0.0,2271000000.0,0.0,0.022,0.7,5410000000.0,7681000000.0,0.196,7681000000.0,5410000000.0,4616000000.0,1.075,1.035,1.075,12010000000.0,12677000000.0,12010000000.0,93266364500.0,17.0,12.142,3318000000.0,1.281,1.0,17142000000.0,0.437,8300000000.0,794000000.0,25960000000.0,27333500000.0,3384000000.0,212000000.0,212000000.0,0.0,22377000000.0,9846000000.0,12531000000.0,82630364500.0,891000000.0,-138000000.0,-1109000000.0,38000000.0,-1943000000.0,-3014000000.0,-1843000000.0,-7000000.0,5804000000.0,-56000000.0,2922000000.0,2922000000.0,2922000000.0,0.0,0.0,0.074,12406000000.0,4736000000.0,2075000000.0,0.651,6.88,28.279,29.674,13095000000.0,0.0,31.9,2.106,2.106,2931000000.0,10451000000.0,39244000000.0,39244000000.0,0.0,0.082,0.23,0.198,0.138,0.0,12406000000.0,1.0,2590293558.0,2590293558.0,,15.15,26087000000.0,397000000.0,1694000000.0,1801000000.0,10.071,1043000000.0
82,PG,MRT,2001-03-31,2001-03-31,2001-03-31,2021-10-19,-1983000000.0,35840000000.0,35536000000.0,11640000000.0,24200000000.0,1.107,4.617,-2853000000.0,2681000000.0,2681000000.0,21317000000.0,3758000000.0,1.16,1.763,13317000000.0,3428000000.0,9889000000.0,13317000000.0,0.0,2036000000.0,0.0,0.022,0.685,6518000000.0,8554000000.0,0.218,8554000000.0,6518000000.0,5694000000.0,1.395,1.33,1.395,12972000000.0,12746250000.0,12972000000.0,92305217505.0,14.0,10.791,2711000000.0,0.965,1.0,18006000000.0,0.458,8546000000.0,824000000.0,27892000000.0,27013000000.0,3532000000.0,162000000.0,162000000.0,0.0,22868000000.0,10038000000.0,12830000000.0,81372217505.0,717000000.0,-144000000.0,-1008000000.0,113000000.0,-1905000000.0,-2800000000.0,-1997000000.0,89000000.0,5564000000.0,-50000000.0,3758000000.0,3758000000.0,3758000000.0,0.0,0.0,0.096,12269000000.0,5737000000.0,6610000000.0,0.491,6.273,21.653,22.437,13602000000.0,0.0,31.3,2.069,2.237,2985000000.0,11302000000.0,39323000000.0,39323000000.0,0.0,0.106,0.295,0.241,0.166,0.0,12269000000.0,1.0,2599751358.0,2809800000.0,,13.995,27294000000.0,329000000.0,1936000000.0,1006000000.0,9.714,1602000000.0
83,PG,MRT,2000-12-31,2000-12-31,2000-12-31,2021-10-19,-1972000000.0,36825000000.0,35388250000.0,12876000000.0,23949000000.0,1.119,4.612,-2817000000.0,3407000000.0,3407000000.0,21469000000.0,3618000000.0,1.164,1.829,14340000000.0,4279000000.0,10061000000.0,14340000000.0,0.0,2086000000.0,0.0,0.017,0.67,6360000000.0,8446000000.0,0.213,8446000000.0,6360000000.0,5560000000.0,1.34,1.275,1.34,13016000000.0,12585250000.0,13016000000.0,112928519751.0,18.0,13.371,2618000000.0,0.928,1.0,18126000000.0,0.458,8505000000.0,800000000.0,28194000000.0,26851250000.0,3523000000.0,149000000.0,149000000.0,0.0,23809000000.0,11059000000.0,12750000000.0,102268519751.0,1363000000.0,84000000.0,-1251000000.0,1065000000.0,-1870000000.0,-2056000000.0,-1986000000.0,-36000000.0,5435000000.0,-30000000.0,3618000000.0,3618000000.0,3618000000.0,0.0,0.0,0.091,12371000000.0,5755000000.0,6780000000.0,0.5,7.857,28.267,29.269,13594000000.0,0.0,39.22,2.583,2.795,3639000000.0,11445000000.0,39595000000.0,39595000000.0,0.0,0.102,0.287,0.237,0.161,0.0,12371000000.0,1.0,2607560422.0,2822000000.0,,14.031,28320000000.0,183000000.0,1942000000.0,620000000.0,10.035,1817000000.0
84,PG,MRT,2000-09-30,2000-09-30,2000-09-30,2021-10-19,-1953000000.0,35113000000.0,35182250000.0,11269000000.0,23844000000.0,1.137,4.505,-2961000000.0,2001000000.0,2001000000.0,21615000000.0,3550000000.0,1.145,1.763,12661000000.0,2910000000.0,9751000000.0,12661000000.0,0.0,2176000000.0,0.0,0.02,0.655,6248000000.0,8424000000.0,0.211,8424000000.0,6248000000.0,5494000000.0,1.31,1.245,1.31,12710000000.0,12506500000.0,12710000000.0,98222084262.0,16.0,11.66,1448000000.0,0.513,1.0,18386000000.0,0.46,8639000000.0,754000000.0,27288000000.0,26498500000.0,3592000000.0,173000000.0,173000000.0,0.0,22403000000.0,9846000000.0,12557000000.0,87511084262.0,-122000000.0,-198000000.0,-1060000000.0,1109000000.0,-1832000000.0,-1783000000.0,-2716000000.0,76000000.0,4409000000.0,-32000000.0,3550000000.0,3550000000.0,3550000000.0,0.0,0.0,0.089,12500000000.0,5886000000.0,6936000000.0,0.5,6.885,24.651,25.573,13669000000.0,0.0,33.5,2.188,2.363,3376000000.0,11185000000.0,40001000000.0,40001000000.0,0.0,0.101,0.284,0.236,0.156,0.0,12500000000.0,1.0,2612271172.0,2821600000.0,,14.177,26474000000.0,202000000.0,1944000000.0,709000000.0,9.383,1423000000.0
85,PG,MRT,2000-06-30,2000-06-30,2000-06-30,2021-10-19,-1842000000.0,34366000000.0,35235000000.0,10146000000.0,24220000000.0,1.134,4.697,-3018000000.0,1415000000.0,1415000000.0,21514000000.0,3542000000.0,1.0,1.797,12253000000.0,3241000000.0,9012000000.0,12253000000.0,0.0,2191000000.0,0.0,0.023,0.64,6258000000.0,8449000000.0,0.211,8449000000.0,6258000000.0,5536000000.0,1.305,1.235,1.305,12287000000.0,12417000000.0,12287000000.0,85718933482.0,14.0,10.145,1657000000.0,0.633,1.0,18437000000.0,0.461,10385000000.0,722000000.0,24678000000.0,25630750000.0,3490000000.0,185000000.0,185000000.0,0.0,22079000000.0,10141000000.0,11938000000.0,74222933482.0,-879000000.0,-2967000000.0,-1430000000.0,3030000000.0,-1796000000.0,-196000000.0,-5345000000.0,221000000.0,4675000000.0,-13000000.0,3542000000.0,3542000000.0,3542000000.0,0.0,0.0,0.089,12483000000.0,5954000000.0,2209000000.0,0.49,6.041,20.955,21.743,13692000000.0,0.0,28.375,1.858,1.858,2910000000.0,10710000000.0,39951000000.0,39951000000.0,0.0,0.101,0.285,0.244,0.157,0.0,12483000000.0,1.0,2615786202.0,2615786202.0,,15.273,23981000000.0,309000000.0,1994000000.0,1550000000.0,9.168,5000000.0
86,PG,MRT,2000-03-31,2000-03-31,2000-03-31,2021-10-19,-1657000000.0,35249000000.0,34671750000.0,11220000000.0,24029000000.0,1.146,4.32,-3340000000.0,1964000000.0,1964000000.0,21748000000.0,3440000000.0,1.059,1.859,13460000000.0,4066000000.0,9394000000.0,13460000000.0,0.0,2480000000.0,0.0,0.022,0.622,6105000000.0,8585000000.0,0.216,8585000000.0,6105000000.0,5441000000.0,1.26,1.195,1.26,12328000000.0,12359750000.0,12328000000.0,86104786298.0,14.0,10.03,1489000000.0,0.522,1.0,17992000000.0,0.453,8907000000.0,664000000.0,27245000000.0,24526750000.0,3800000000.0,193000000.0,193000000.0,0.0,22921000000.0,10593000000.0,12328000000.0,74666786298.0,-291000000.0,-2962000000.0,-2409000000.0,4111000000.0,-1734000000.0,-32000000.0,-5057000000.0,564000000.0,4829000000.0,-31000000.0,3440000000.0,3440000000.0,3440000000.0,0.0,0.0,0.087,12106000000.0,5886000000.0,6527000000.0,0.494,6.057,21.705,22.52,13603000000.0,0.0,28.375,1.879,2.037,2983000000.0,10809000000.0,39740000000.0,39740000000.0,0.0,0.099,0.278,0.249,0.154,0.0,12106000000.0,1.0,2631428592.0,2853400000.0,,13.927,26342000000.0,315000000.0,2001000000.0,560000000.0,9.232,627000000.0
87,PG,MRT,1999-12-31,1999-12-31,1999-12-31,2021-10-19,-1656000000.0,36001000000.0,34077750000.0,12074000000.0,23927000000.0,1.15,4.426,-4716000000.0,2044000000.0,2044000000.0,21322000000.0,3727000000.0,1.037,1.835,13482000000.0,4779000000.0,8703000000.0,13482000000.0,0.0,2388000000.0,0.0,0.011,0.605,6452000000.0,8840000000.0,0.226,8840000000.0,6452000000.0,5800000000.0,1.365,1.295,1.365,12701000000.0,12509000000.0,12701000000.0,154038191468.0,24.0,17.425,348000000.0,0.121,1.0,17866000000.0,0.456,9015000000.0,652000000.0,26783000000.0,23469000000.0,3759000000.0,230000000.0,230000000.0,0.0,23300000000.0,11641000000.0,11659000000.0,144033191468.0,-50000000.0,-3112000000.0,-3173000000.0,4213000000.0,-1712000000.0,620000000.0,-5718000000.0,437000000.0,5064000000.0,-16000000.0,3727000000.0,3727000000.0,3727000000.0,0.0,0.0,0.095,11635000000.0,6231000000.0,6862000000.0,0.443,11.34,38.646,40.147,13389000000.0,0.0,54.8,3.675,4.013,3576000000.0,11284000000.0,39188000000.0,39188000000.0,0.0,0.109,0.298,0.275,0.165,0.0,11635000000.0,1.0,2628342910.0,2869600000.0,,13.656,26986000000.0,401000000.0,2073000000.0,489000000.0,9.404,433000000.0
88,PG,MRT,1999-09-30,1999-09-30,1999-09-30,2021-10-19,-1513000000.0,35324000000.0,33365250000.0,11826000000.0,23498000000.0,1.155,4.303,-3209000000.0,2123000000.0,2123000000.0,21091000000.0,3743000000.0,0.933,1.86,12128000000.0,4916000000.0,7212000000.0,12128000000.0,0.0,2267000000.0,0.0,0.013,0.587,6456000000.0,8723000000.0,0.226,8723000000.0,6456000000.0,5816000000.0,1.37,1.295,1.37,12352000000.0,12540000000.0,12352000000.0,130382251188.0,20.0,14.947,2491000000.0,0.868,1.0,17443000000.0,0.453,8837000000.0,640000000.0,23817000000.0,22516000000.0,3649000000.0,348000000.0,348000000.0,0.0,22972000000.0,12675000000.0,10297000000.0,123295251188.0,-417000000.0,-2934000000.0,-1827000000.0,2547000000.0,-1672000000.0,-952000000.0,-5156000000.0,455000000.0,5700000000.0,-9000000.0,3743000000.0,3743000000.0,3743000000.0,0.0,0.0,0.097,11217000000.0,6226000000.0,7759000000.0,0.428,9.982,32.94,34.215,13279000000.0,0.0,46.875,3.2,3.492,3221000000.0,10880000000.0,38534000000.0,38534000000.0,0.0,0.112,0.298,0.287,0.168,0.0,11217000000.0,1.0,2630298692.0,2870400000.0,,13.425,26487000000.0,576000000.0,2073000000.0,523000000.0,9.228,-849000000.0
89,PG,MRT,1999-06-30,1999-06-30,1999-06-30,2021-10-19,-1606000000.0,32113000000.0,32751500000.0,11358000000.0,20755000000.0,1.164,4.538,-2828000000.0,2294000000.0,2294000000.0,21027000000.0,3763000000.0,1.055,1.663,9381000000.0,3150000000.0,6231000000.0,9381000000.0,0.0,2148000000.0,0.0,0.013,0.57,6488000000.0,8636000000.0,0.227,8636000000.0,6488000000.0,5838000000.0,1.375,1.295,1.375,12058000000.0,12470500000.0,12058000000.0,124310911841.0,19.0,14.395,2716000000.0,1.022,1.0,17098000000.0,0.448,8177000000.0,650000000.0,20262000000.0,22174500000.0,3338000000.0,506000000.0,506000000.0,0.0,20055000000.0,10761000000.0,9294000000.0,117080911841.0,745000000.0,-137000000.0,-2321000000.0,1341000000.0,-1626000000.0,-2606000000.0,-2175000000.0,356000000.0,5544000000.0,-18000000.0,3763000000.0,3763000000.0,3763000000.0,0.0,0.0,0.099,10845000000.0,6253000000.0,2300000000.0,0.415,9.71,31.114,32.047,12626000000.0,0.0,44.065,3.071,3.071,2940000000.0,10778000000.0,38125000000.0,38125000000.0,0.0,0.115,0.302,0.293,0.17,0.0,10845000000.0,1.0,2657004694.0,2657004694.0,,14.349,23936000000.0,621000000.0,2075000000.0,1590000000.0,9.009,597000000.0
90,PG,MRT,1999-03-31,1999-03-31,1999-03-31,2021-10-19,-1491000000.0,32873000000.0,32464750000.0,11755000000.0,21118000000.0,1.169,4.462,-2972000000.0,2255000000.0,2255000000.0,20513000000.0,4036000000.0,1.161,1.543,9485000000.0,3082000000.0,6403000000.0,9485000000.0,0.0,1681000000.0,0.0,0.011,0.554,6705000000.0,8386000000.0,0.221,8386000000.0,6705000000.0,6061000000.0,1.48,1.385,1.48,12925000000.0,12515000000.0,12925000000.0,137318743230.0,20.0,16.375,2240000000.0,0.773,1.0,17438000000.0,0.459,6964000000.0,644000000.0,23014000000.0,22117250000.0,3436000000.0,832000000.0,832000000.0,0.0,19948000000.0,10125000000.0,9823000000.0,130039743230.0,791000000.0,-181000000.0,-1887000000.0,1681000000.0,-1607000000.0,-1813000000.0,-2595000000.0,3000000.0,5212000000.0,-13000000.0,4036000000.0,4036000000.0,4036000000.0,0.0,0.0,0.106,10950000000.0,6488000000.0,7043000000.0,0.374,10.061,32.22,33.088,12944000000.0,0.0,48.97,3.427,3.738,2822000000.0,11685000000.0,37951000000.0,37951000000.0,0.0,0.124,0.322,0.303,0.177,0.0,10950000000.0,1.0,2655498126.0,2896600000.0,,13.102,25909000000.0,631000000.0,2025000000.0,634000000.0,8.945,1630000000.0
91,PG,MRT,1998-12-31,1998-12-31,1998-12-31,2021-10-19,-1117000000.0,33151000000.0,31920500000.0,11986000000.0,21165000000.0,1.178,4.428,-1193000000.0,2094000000.0,2094000000.0,20840000000.0,3957000000.0,1.16,1.585,9373000000.0,2965000000.0,6408000000.0,9373000000.0,0.0,1665000000.0,0.0,0.012,0.538,6553000000.0,8218000000.0,0.219,8218000000.0,6553000000.0,5943000000.0,1.445,1.35,1.445,12825000000.0,12380250000.0,12825000000.0,128244268148.0,20.0,15.605,3842000000.0,1.326,1.0,16761000000.0,0.446,7123000000.0,610000000.0,22971000000.0,21569750000.0,3427000000.0,702000000.0,702000000.0,0.0,20326000000.0,10336000000.0,9990000000.0,121153268148.0,789000000.0,-997000000.0,-780000000.0,1665000000.0,-1544000000.0,-1951000000.0,-2272000000.0,493000000.0,5035000000.0,-23000000.0,3957000000.0,3957000000.0,3957000000.0,0.0,0.0,0.105,10422000000.0,6339000000.0,7371000000.0,0.372,9.447,30.617,31.595,12839000000.0,0.0,45.655,3.222,3.517,3284000000.0,11363000000.0,37601000000.0,37601000000.0,0.0,0.124,0.32,0.304,0.174,0.0,10422000000.0,1.0,2653669218.0,2896600000.0,,12.981,26028000000.0,768000000.0,1986000000.0,660000000.0,8.986,1650000000.0
92,PG,MRT,1998-09-30,1998-09-30,1998-09-30,2021-10-19,-1270000000.0,32869000000.0,31061500000.0,12316000000.0,20553000000.0,1.201,4.151,-2447000000.0,2540000000.0,2540000000.0,20830000000.0,3861000000.0,1.176,1.722,9631000000.0,3277000000.0,6354000000.0,9631000000.0,0.0,1609000000.0,0.0,0.015,0.522,6391000000.0,8000000000.0,0.214,8000000000.0,6391000000.0,5806000000.0,1.405,1.315,1.405,12074000000.0,12203500000.0,12074000000.0,101651528941.0,16.0,12.706,2457000000.0,0.845,1.0,16478000000.0,0.442,7038000000.0,585000000.0,22451000000.0,20892500000.0,3517000000.0,778000000.0,778000000.0,0.0,20795000000.0,10471000000.0,10324000000.0,95154528941.0,481000000.0,-1313000000.0,-2285000000.0,2673000000.0,-1501000000.0,-1113000000.0,-3235000000.0,-30000000.0,4904000000.0,-75000000.0,3861000000.0,3861000000.0,3861000000.0,0.0,0.0,0.103,10288000000.0,6190000000.0,7194000000.0,0.372,7.881,24.645,25.313,12344000000.0,0.0,35.565,2.551,2.773,2950000000.0,10839000000.0,37308000000.0,37308000000.0,0.0,0.124,0.316,0.306,0.171,0.0,10288000000.0,1.0,2675510444.0,2909000000.0,,12.825,25831000000.0,733000000.0,1945000000.0,655000000.0,8.88,1845000000.0
93,PG,MRT,1998-06-30,1998-06-30,1998-06-30,2021-10-19,-1357000000.0,30966000000.0,30252250000.0,10577000000.0,20389000000.0,1.228,4.562,-2559000000.0,1549000000.0,1549000000.0,20896000000.0,3780000000.0,1.143,1.531,8046000000.0,2281000000.0,5765000000.0,8046000000.0,0.0,1598000000.0,0.0,0.011,0.506,6256000000.0,7854000000.0,0.211,7854000000.0,6256000000.0,5708000000.0,1.37,1.28,1.37,12236000000.0,12212250000.0,12236000000.0,128332782857.0,21.0,16.34,2326000000.0,0.867,1.0,16258000000.0,0.438,8180000000.0,548000000.0,20033000000.0,19966250000.0,3284000000.0,857000000.0,857000000.0,0.0,18730000000.0,9250000000.0,9480000000.0,122109782857.0,-801000000.0,-3269000000.0,-1771000000.0,2853000000.0,-1462000000.0,-380000000.0,-5210000000.0,63000000.0,4885000000.0,-96000000.0,3780000000.0,3780000000.0,3780000000.0,0.0,0.0,0.102,10203000000.0,6055000000.0,2051000000.0,0.369,9.98,32.304,33.234,12180000000.0,0.0,45.53,3.287,3.287,2781000000.0,11144000000.0,37154000000.0,37154000000.0,0.0,0.125,0.31,0.313,0.168,0.0,10203000000.0,1.0,2681963164.0,2681963164.0,,13.853,22786000000.0,595000000.0,1928000000.0,1404000000.0,8.496,1327000000.0
94,PG,MRT,1998-03-31,1998-03-31,1998-03-31,2021-10-19,-1275000000.0,30696000000.0,29396750000.0,10818000000.0,19878000000.0,1.253,4.612,-2252000000.0,1464000000.0,1464000000.0,21139000000.0,3705000000.0,1.185,1.478,7687000000.0,2249000000.0,5438000000.0,7687000000.0,0.0,1648000000.0,0.0,0.012,0.492,6192000000.0,7840000000.0,0.213,7840000000.0,6192000000.0,5691000000.0,1.335,1.25,1.335,12386000000.0,12164750000.0,12386000000.0,119469097739.0,19.0,15.238,2921000000.0,1.088,1.0,15686000000.0,0.426,6967000000.0,501000000.0,20824000000.0,19305000000.0,3470000000.0,842000000.0,842000000.0,0.0,18310000000.0,9128000000.0,9182000000.0,113269097739.0,-957000000.0,-3234000000.0,-1851000000.0,2282000000.0,-1428000000.0,-997000000.0,-5071000000.0,-105000000.0,5173000000.0,-62000000.0,3705000000.0,3705000000.0,3705000000.0,0.0,0.0,0.101,9706000000.0,5980000000.0,6879000000.0,0.369,9.145,30.572,31.603,11799000000.0,0.0,42.19,3.076,3.077,2758000000.0,11332000000.0,36825000000.0,36825000000.0,0.0,0.126,0.305,0.321,0.168,0.0,9706000000.0,1.0,2684738036.0,2685400000.0,2685400000.0,13.713,23729000000.0,611000000.0,1986000000.0,482000000.0,8.836,1690000000.0
95,PG,MRT,1997-12-31,1997-12-31,1997-12-31,2021-10-19,-1303000000.0,29715000000.0,28589000000.0,10853000000.0,18862000000.0,1.284,4.509,-2212000000.0,1305000000.0,1305000000.0,20894000000.0,3625000000.0,1.15,1.452,7505000000.0,2918000000.0,4587000000.0,7505000000.0,0.0,1594000000.0,0.0,0.012,0.478,6062000000.0,7656000000.0,0.209,7656000000.0,6062000000.0,5589000000.0,1.305,1.22,1.305,12118000000.0,12156250000.0,12118000000.0,111977015726.0,18.0,14.626,2883000000.0,1.073,1.0,15821000000.0,0.431,6213000000.0,473000000.0,20262000000.0,18754250000.0,3239000000.0,1207000000.0,1207000000.0,0.0,17597000000.0,9440000000.0,8157000000.0,107264015726.0,-884000000.0,-2408000000.0,-1698000000.0,2056000000.0,-1394000000.0,-1036000000.0,-4852000000.0,-484000000.0,5095000000.0,-91000000.0,3625000000.0,3625000000.0,3625000000.0,0.0,0.0,0.099,9974000000.0,5847000000.0,6522000000.0,0.366,8.852,29.59,30.579,11504000000.0,0.0,39.905,2.922,2.921,3009000000.0,11183000000.0,36715000000.0,36715000000.0,0.0,0.127,0.298,0.323,0.165,0.0,9974000000.0,1.0,2687984356.0,2687400000.0,2687400000.0,13.662,23502000000.0,573000000.0,1964000000.0,598000000.0,8.745,1413000000.0
96,PG,MRT,1997-09-30,1997-09-30,1997-09-30,2021-10-19,-991000000.0,29632000000.0,28190250000.0,10907000000.0,18725000000.0,1.285,4.49,-2144000000.0,2059000000.0,2059000000.0,20667000000.0,3523000000.0,1.11,1.447,6772000000.0,2629000000.0,4143000000.0,6772000000.0,0.0,1546000000.0,0.0,0.013,0.464,5893000000.0,7439000000.0,0.205,7439000000.0,5893000000.0,5427000000.0,1.26,1.18,1.26,12109000000.0,12204500000.0,12109000000.0,95989500761.0,16.0,12.904,3467000000.0,1.286,1.0,15549000000.0,0.429,5777000000.0,466000000.0,18746000000.0,18480000000.0,3333000000.0,599000000.0,599000000.0,0.0,17523000000.0,9822000000.0,7701000000.0,93347500761.0,-536000000.0,-2096000000.0,-1651000000.0,1035000000.0,-1362000000.0,-1978000000.0,-4110000000.0,-151000000.0,5611000000.0,-59000000.0,3523000000.0,3523000000.0,3523000000.0,0.0,0.0,0.097,9869000000.0,5680000000.0,7193000000.0,0.368,7.709,26.497,27.433,11421000000.0,0.0,34.565,2.578,2.574,2917000000.0,10899000000.0,36216000000.0,36216000000.0,0.0,0.125,0.289,0.319,0.163,0.0,9869000000.0,1.0,2700636504.0,2696600000.0,2696600000.0,13.43,23855000000.0,630000000.0,1904000000.0,536000000.0,8.846,1085000000.0
97,PG,MRT,1997-06-30,1997-06-30,1997-06-30,2021-10-19,-819000000.0,27544000000.0,27637000000.0,10786000000.0,16758000000.0,1.294,4.428,-2129000000.0,2350000000.0,2350000000.0,20510000000.0,3415000000.0,1.383,1.287,4992000000.0,849000000.0,4143000000.0,4992000000.0,0.0,1487000000.0,0.0,0.013,0.45,5706000000.0,7193000000.0,0.201,7193000000.0,5706000000.0,5249000000.0,1.215,1.14,1.215,12046000000.0,11884000000.0,12046000000.0,98523477810.0,17.0,13.697,3753000000.0,1.379,1.0,15254000000.0,0.427,5000000000.0,457000000.0,17388000000.0,14974500000.0,3087000000.0,760000000.0,760000000.0,0.0,15498000000.0,7798000000.0,7700000000.0,95711477810.0,276000000.0,-150000000.0,-1518000000.0,-660000000.0,-1329000000.0,-3507000000.0,-2068000000.0,-309000000.0,5882000000.0,-31000000.0,3415000000.0,3415000000.0,3415000000.0,0.0,0.0,0.095,9766000000.0,5488000000.0,2203000000.0,0.37,7.945,28.027,29.074,11376000000.0,0.0,35.325,2.676,2.687,2738000000.0,10730000000.0,35764000000.0,35764000000.0,0.0,0.124,0.287,0.381,0.16,0.0,9766000000.0,1.0,2709454432.0,2720600000.0,2720600000.0,13.146,22544000000.0,661000000.0,1834000000.0,1503000000.0,8.286,2988000000.0
98,PG,MRT,1997-03-31,1997-03-31,1997-03-31,2021-10-19,-771000000.0,27465000000.0,,10869000000.0,16596000000.0,,4.543,-2068000000.0,2421000000.0,2421000000.0,20564000000.0,3358000000.0,1.426,1.224,5233000000.0,1232000000.0,4001000000.0,5233000000.0,0.0,1395000000.0,0.0,0.015,0.438,5589000000.0,6984000000.0,0.197,6984000000.0,5589000000.0,5120000000.0,1.19,1.115,1.19,12352000000.0,,12352000000.0,81214559614.0,15.0,11.629,3643000000.0,1.34,1.0,14832000000.0,0.419,4032000000.0,469000000.0,18621000000.0,,3088000000.0,562000000.0,562000000.0,0.0,15113000000.0,7624000000.0,7489000000.0,78002559614.0,399000000.0,-335000000.0,-1062000000.0,-769000000.0,-1298000000.0,-3129000000.0,-2129000000.0,-128000000.0,5711000000.0,-54000000.0,3358000000.0,3358000000.0,3358000000.0,0.0,0.0,0.095,9546000000.0,5286000000.0,6392000000.0,0.368,6.315,23.229,24.118,11074000000.0,0.0,28.7,2.204,2.205,2728000000.0,11141000000.0,35396000000.0,35396000000.0,0.0,,,,0.158,0.0,9546000000.0,1.0,2717859220.0,2719200000.0,2719200000.0,13.017,23433000000.0,705000000.0,1762000000.0,712000000.0,8.618,3245000000.0
99,PG,MRT,1996-12-31,1996-12-31,1996-12-31,2021-10-19,-436000000.0,28120000000.0,,11121000000.0,16999000000.0,,4.522,-2273000000.0,2189000000.0,2189000000.0,20607000000.0,3237000000.0,1.396,1.284,5401000000.0,1118000000.0,4283000000.0,5401000000.0,0.0,1374000000.0,0.0,0.016,0.425,5421000000.0,6795000000.0,0.193,6795000000.0,5421000000.0,4937000000.0,1.143,1.073,1.143,12311000000.0,,12311000000.0,,,,3382000000.0,1.242,1.0,14605000000.0,0.415,4203000000.0,484000000.0,19165000000.0,,3227000000.0,532000000.0,532000000.0,0.0,15809000000.0,7964000000.0,7845000000.0,73124002314.0,521000000.0,-332000000.0,-926000000.0,-850000000.0,-1268000000.0,-3044000000.0,-2048000000.0,-113000000.0,5655000000.0,-42000000.0,3237000000.0,3237000000.0,3237000000.0,0.0,0.0,0.092,9509000000.0,5096000000.0,6846000000.0,0.372,5.94,22.59,23.539,11270000000.0,0.0,26.905,2.077,2.08,2928000000.0,10870000000.0,35212000000.0,35212000000.0,0.0,,,,0.154,0.0,9509000000.0,1.0,2717859220.0,2722400000.0,2722400000.0,12.934,23917000000.0,764000000.0,1700000000.0,698000000.0,8.785,3157000000.0
100,PG,MRT,1996-09-30,1996-09-30,1996-09-30,2021-10-19,,,,,,,,,,,20777000000.0,3129000000.0,,,,,,,,,,0.017,0.412,5259000000.0,,,,5259000000.0,4786000000.0,1.103,1.035,1.103,,,,,,,,,1.0,14383000000.0,0.409,,473000000.0,,,,,,,,,,,,,,,,,,,,,3129000000.0,3129000000.0,3129000000.0,0.0,0.0,0.089,9456000000.0,4927000000.0,,0.374,,,22.099,,0.0,24.375,,1.896,,,35160000000.0,35160000000.0,0.0,,,,0.15,,9456000000.0,1.0,,2735200000.0,,12.855,,,1657000000.0,,,
101,PG,MRT,1996-06-30,1996-06-30,1996-06-30,2021-10-19,0.0,27730000000.0,,10807000000.0,16923000000.0,,4.27,-2179000000.0,2074000000.0,2074000000.0,20938000000.0,3046000000.0,1.381,1.366,0.0,1116000000.0,4670000000.0,0.0,0.0,1358000000.0,0.0,0.018,0.4,5153000000.0,6511000000.0,0.185,6511000000.0,5153000000.0,4669000000.0,1.07,1.005,1.07,11722000000.0,,11722000000.0,,,,1979000000.0,0.721,1.0,14346000000.0,0.407,5270000000.0,484000000.0,12561000000.0,,3130000000.0,446000000.0,446000000.0,0.0,16008000000.0,7825000000.0,8183000000.0,,46000000.0,-358000000.0,-343000000.0,-38000000.0,-1202000000.0,-1583000000.0,-2466000000.0,-331000000.0,4158000000.0,-63000000.0,3046000000.0,3046000000.0,3046000000.0,0.0,0.0,0.086,9531000000.0,4815000000.0,0.0,0.374,,,21.32,11118000000.0,0.0,22.812,,1.775,2841000000.0,10382000000.0,35284000000.0,35284000000.0,0.0,,,,0.146,0.0,9531000000.0,1.0,,2745200000.0,2745200000.0,12.853,22460000000.0,598000000.0,1623000000.0,0.0,8.182,2982000000.0
102,PG,MRT,1996-03-31,1996-03-31,1996-03-31,2021-10-19,,,,,,,,,,,,,,,,,,,,,,0.018,0.388,,,,,,,,,,,,,,,,,,1.0,,,,,,,,,,,,,,,,,,,,,,,,,,,,,,,,,,,,,,,,21.438,,,,,,,,,,,,,,1.0,,2746000000.0,,,,,,,,
103,PG,MRT,1995-12-31,1995-12-31,1995-12-31,2021-10-19,,,,,,,,,,,,,,,,,,,,,,0.018,0.375,,,,,,,,,,,,,,,,,,1.0,,,,,,,,,,,,,,,,,,,,,,,,,,,,,,,,,,,,,,,,20.75,,,,,,,,,,,,,,1.0,,,,,,,,,,
104,PG,MRT,1995-06-30,1995-06-30,1995-06-30,2021-10-19,,,,,,,,-2146000000.0,,,19561000000.0,2645000000.0,,,,,,,,1253000000.0,,0.019,0.35,4488000000.0,5741000000.0,0.171,5741000000.0,4488000000.0,4000000000.0,0.925,0.87,0.925,,,,,,,1422000000.0,0.518,1.0,13921000000.0,0.416,,488000000.0,,,,,,,,,,,-345000000.0,-623000000.0,-48000000.0,-490000000.0,-1062000000.0,-1600000000.0,-2363000000.0,96000000.0,3568000000.0,50000000.0,2645000000.0,2645000000.0,2645000000.0,0.0,0.0,0.079,9677000000.0,4244000000.0,,0.378,,,19.427,,0.0,17.97,,1.473,,,33482000000.0,33482000000.0,0.0,,,,0.134,0.0,9677000000.0,1.0,,2744000000.0,2744000000.0,12.202,,,1355000000.0,,,
