None,ticker,dimension,calendardate,datekey,reportperiod,lastupdated,accoci,assets,assetsavg,assetsc,assetsnc,assetturnover,bvps,capex,cashneq,cashnequsd,cor,consolinc,currentratio,de,debt,debtc,debtnc,debtusd,deferredrev,depamor,deposits,divyield,dps,ebit,ebitda,ebitdamargin,ebitdausd,ebitusd,ebt,eps,epsdil,epsusd,equity,equityavg,equityusd,ev,evebit,evebitda,fcf,fcfps,fxusd,gp,grossmargin,intangibles,intexp,invcap,invcapavg,inventory,investments,investmentsc,investmentsnc,liabilities,liabilitiesc,liabilitiesnc,marketcap,ncf,ncfbus,ncfcommon,ncfdebt,ncfdiv,ncff,ncfi,ncfinv,ncfo,ncfx,netinc,netinccmn,netinccmnusd,netincdis,netincnci,netmargin,opex,opinc,payables,payoutratio,pb,pe,pe1,ppnenet,prefdivis,price,ps,ps1,receivables,retearn,revenue,revenueusd,rnd,roa,roe,roic,ros,sbcomp,sgna,sharefactor,sharesbas,shareswa,shareswadil,sps,tangibles,taxassets,taxexp,taxliabilities,tbvps,workingcapital
0,BXP,MRY,2020-12-31,2020-12-31,2020-12-31,2021-08-06,-49890000.0,22858190000.0,22661970000.0,,,0.122,38.577,-495729000.0,1719329000.0,1719329000.0,1030344000.0,1018691000.0,,2.42,13485963000.0,,,13485963000.0,0.0,685985000.0,0.0,0.041,3.92,1304444000.0,1990429000.0,0.72,1990429000.0,1304444000.0,872727000.0,5.54,5.54,5.54,5996083000.0,6088896000.0,5996083000.0,26432493222.0,20.0,13.28,661111000.0,4.253,1.0,1735342000.0,0.627,0.0,431717000.0,34624824000.0,34312711500.0,0.0,1446216000.0,,,14511681000.0,,,14714496222.0,1027443000.0,-117138000.0,3277000.0,1230957000.0,-688904000.0,484322000.0,-613719000.0,-852000.0,1156840000.0,0.0,872727000.0,872727000.0,872727000.0,0.0,145964000.0,0.316,830020000.0,905322000.0,336264000.0,0.708,2.454,16.86,17.063,17818807000.0,10500000.0,94.53,5.32,5.313,1199913000.0,-509653000.0,2765686000.0,2765686000.0,0.0,0.039,0.143,0.038,0.472,44142000.0,144738000.0,1.0,155659539.0,155432000.0,155517000.0,17.794,22858190000.0,0.0,0.0,0.0,147.062,
1,BXP,MRY,2019-12-31,2019-12-31,2019-12-31,2021-08-06,-48335000.0,21284905000.0,21085839750.0,,,0.14,36.775,-1041806000.0,691886000.0,691886000.0,1084014000.0,651999000.0,,2.333,12236028000.0,,,12236028000.0,0.0,680176000.0,0.0,0.028,3.83,934251000.0,1614427000.0,0.545,1614427000.0,934251000.0,521534000.0,3.31,3.3,3.31,5684687000.0,5727278000.0,5684687000.0,32770901253.0,35.0,20.299,139359000.0,0.902,1.0,1876548000.0,0.634,0.0,412717000.0,32829047000.0,32335964250.0,0.0,1088314000.0,,,13262304000.0,,,21316144253.0,52695000.0,25303000.0,13710000.0,773478000.0,-666294000.0,-113379000.0,-1015091000.0,1412000.0,1181165000.0,0.0,521534000.0,521534000.0,521534000.0,0.0,130465000.0,0.176,830911000.0,1045637000.0,377553000.0,1.157,3.75,40.872,41.65,17622212000.0,10500000.0,137.86,7.2,7.198,1151595000.0,-760523000.0,2960562000.0,2960562000.0,0.0,0.025,0.091,0.029,0.316,40958000.0,151163000.0,1.0,154621676.0,154582000.0,154883000.0,19.152,21284905000.0,0.0,0.0,0.0,137.693,
2,BXP,MRY,2018-12-31,2018-12-31,2018-12-31,2021-08-06,-47741000.0,20256477000.0,19984769250.0,,,0.136,38.097,-652802000.0,639191000.0,639191000.0,1013014000.0,712563000.0,,2.047,11007757000.0,,,11007757000.0,0.0,645649000.0,0.0,0.031,3.5,961015000.0,1606664000.0,0.591,1606664000.0,961015000.0,582847000.0,3.71,3.7,3.71,5883171000.0,5882901250.0,5883171000.0,27848196275.0,29.0,17.333,497443000.0,3.221,1.0,1704062000.0,0.627,0.0,378168000.0,30625043000.0,30163140750.0,0.0,1003975000.0,,,12042509000.0,,,17382278275.0,133822000.0,-425717000.0,-730000.0,714973000.0,-587628000.0,82453000.0,-1098876000.0,-20357000.0,1150245000.0,0.0,582847000.0,582847000.0,582847000.0,0.0,129716000.0,0.215,778565000.0,925497000.0,276645000.0,0.943,2.955,29.823,30.337,16752119000.0,10500000.0,112.55,6.397,6.397,166629000.0,-675534000.0,2717076000.0,2717076000.0,0.0,0.029,0.099,0.032,0.354,40117000.0,131312000.0,1.0,154440500.0,154427000.0,154682000.0,17.595,20256477000.0,0.0,0.0,0.0,131.172,
3,BXP,MRY,2017-12-31,2017-12-31,2017-12-31,2021-08-06,-50429000.0,19372233000.0,19232285000.0,,,0.135,37.706,-1022360000.0,505369000.0,505369000.0,962036000.0,562481000.0,,1.938,10271611000.0,,,10271611000.0,0.0,617547000.0,0.0,0.023,3.05,836920000.0,1454467000.0,0.559,1454467000.0,836920000.0,462439000.0,2.93,2.93,2.93,5813957000.0,5807270500.0,5813957000.0,29724324248.0,36.0,20.437,-110381000.0,-0.716,1.0,1640040000.0,0.63,0.0,374481000.0,29138475000.0,28895675750.0,0.0,649086000.0,,,11269777000.0,,,20066524248.0,85281000.0,141985000.0,241000.0,634721000.0,-526578000.0,55346000.0,-882044000.0,-1669000.0,911979000.0,0.0,462439000.0,462439000.0,462439000.0,0.0,100042000.0,0.178,731930000.0,908110000.0,331500000.0,1.041,3.451,43.393,44.379,16507008000.0,10500000.0,130.03,7.712,7.705,92186000.0,-712343000.0,2602076000.0,2602076000.0,0.0,0.024,0.08,0.029,0.322,35361000.0,113715000.0,1.0,154322266.0,154190000.0,154390000.0,16.876,19372233000.0,0.0,0.0,0.0,125.639,
4,BXP,MRY,2016-12-31,2016-12-31,2016-12-31,2021-08-06,-52251000.0,18851643000.0,18945334250.0,,,0.135,37.643,-836538000.0,420088000.0,420088000.0,921234000.0,569977000.0,,1.887,9796133000.0,,,9796133000.0,0.0,694403000.0,0.0,0.021,2.7,925634000.0,1620037000.0,0.635,1620037000.0,925634000.0,512785000.0,3.27,3.26,3.27,5786295000.0,5748726500.0,5786295000.0,28667244799.0,31.0,17.695,198010000.0,1.288,1.0,1629586000.0,0.639,0.0,412849000.0,28227688000.0,27913681500.0,0.0,799012000.0,,,10919719000.0,,,19341625799.0,-377420000.0,-499648000.0,-271000.0,656920000.0,-671626000.0,-74621000.0,-1337347000.0,-1161000.0,1034548000.0,0.0,512785000.0,512785000.0,512785000.0,0.0,57192000.0,0.201,802019000.0,827567000.0,298524000.0,0.826,3.343,37.719,38.465,15925028000.0,10500000.0,125.78,7.583,7.58,92548000.0,-693694000.0,2550820000.0,2550820000.0,0.0,0.027,0.089,0.033,0.363,32911000.0,105229000.0,1.0,153773460.0,153715000.0,153977000.0,16.594,18851643000.0,0.0,0.0,0.0,122.64,
5,BXP,MRY,2015-12-31,2015-12-31,2015-12-31,2021-08-06,-14114000.0,18351486000.0,18906194750.0,,,0.132,37.202,-29391000.0,797508000.0,797508000.0,904336000.0,799918000.0,,1.833,9188543000.0,,,9188543000.0,0.0,639542000.0,0.0,0.03,3.85,1015302000.0,1654844000.0,0.664,1654844000.0,1015302000.0,583106000.0,3.73,3.72,3.73,5709435000.0,5781625000.0,5709435000.0,28019527731.0,28.0,16.932,770020000.0,5.017,1.0,1586485000.0,0.637,0.0,432196000.0,26742521000.0,27328614000.0,0.0,255604000.0,,,10464559000.0,,,19587117731.0,-1039361000.0,-13680000.0,799000.0,-52260000.0,-1226199000.0,-1558546000.0,-280226000.0,-668909000.0,799411000.0,0.0,583106000.0,583106000.0,583106000.0,0.0,216812000.0,0.234,737120000.0,849365000.0,465095000.0,1.032,3.431,33.591,34.193,15555641000.0,10500000.0,127.54,7.864,7.858,97865000.0,-780952000.0,2490821000.0,2490821000.0,0.0,0.031,0.101,0.037,0.408,29183000.0,96319000.0,1.0,153576272.0,153471000.0,153844000.0,16.23,18351486000.0,0.0,0.0,0.0,119.576,
6,BXP,MRY,2014-12-31,2014-12-31,2014-12-31,2021-08-06,-9304000.0,19886767000.0,19160007000.0,,,0.125,37.216,-2091577000.0,2250400000.0,2250400000.0,864526000.0,526057000.0,,2.085,10086984000.0,,,10086984000.0,0.0,628573000.0,0.0,0.02,2.6,899354000.0,1527927000.0,0.637,1527927000.0,899354000.0,443611000.0,2.83,2.83,2.83,5697298000.0,5703855750.0,5697298000.0,29358336460.0,33.0,19.214,-1396024000.0,-9.119,1.0,1532472000.0,0.639,0.0,455743000.0,27723351000.0,28324661000.0,0.0,212853000.0,,,11878506000.0,,,19702411460.0,-602058000.0,-50561000.0,1923000.0,-1276006000.0,-840264000.0,-632487000.0,-665124000.0,-1780000.0,695553000.0,0.0,443611000.0,443611000.0,443611000.0,0.0,82446000.0,0.185,730650000.0,801822000.0,243263000.0,0.919,3.458,44.414,45.473,15688744000.0,10500000.0,128.69,8.22,8.219,46595000.0,-762464000.0,2396998000.0,2396998000.0,0.0,0.023,0.078,0.032,0.375,28099000.0,98937000.0,1.0,153099786.0,153089000.0,153308000.0,15.658,19886767000.0,0.0,0.0,0.0,129.903,
7,BXP,MRY,2013-12-31,2013-12-31,2013-12-31,2021-08-06,-11556000.0,20176264000.0,18695508750.0,,,0.114,37.721,-848903000.0,2422338000.0,2422338000.0,771403000.0,841440000.0,,2.261,11521508000.0,,,11521508000.0,0.0,565397000.0,0.0,0.048,4.85,1196691000.0,1762088000.0,0.825,1762088000.0,1196691000.0,749811000.0,4.87,4.86,4.87,5741153000.0,5576483750.0,5741153000.0,25184036543.0,21.0,14.292,-70977000.0,-0.466,1.0,1364136000.0,0.639,0.0,446880000.0,29275434000.0,27877379250.0,0.0,156738000.0,,,12981725000.0,,,15344441543.0,1323159000.0,305330000.0,-334000.0,720974000.0,-451118000.0,1077873000.0,-532640000.0,10933000.0,777926000.0,0.0,749811000.0,749811000.0,749811000.0,-4781000.0,91629000.0,0.351,686016000.0,678120000.0,202470000.0,0.996,2.673,20.464,20.61,15817194000.0,8057000.0,100.37,7.185,7.153,59464000.0,-108552000.0,2135539000.0,2135539000.0,0.0,0.04,0.134,0.043,0.56,45155000.0,115329000.0,1.0,152878764.0,152201000.0,152521000.0,14.031,20176264000.0,0.0,0.0,0.0,132.563,
8,BXP,MRY,2012-12-31,2012-12-31,2012-12-31,2021-08-06,-13817000.0,15462321000.0,15024437500.0,,,0.123,33.953,-1272091000.0,1097159000.0,1097159000.0,667208000.0,332139000.0,,1.887,8912369000.0,,,8912369000.0,0.0,454044000.0,0.0,0.022,2.3,700620000.0,1154664000.0,0.625,1154664000.0,700620000.0,289650000.0,1.93,1.92,1.93,5097065000.0,5078406750.0,5097065000.0,23358190592.0,33.0,20.229,-629142000.0,-4.191,1.0,1179978000.0,0.639,0.0,410970000.0,23277531000.0,22459978000.0,0.0,954579000.0,,,9619033000.0,,,15962800592.0,-781230000.0,-2657000.0,247253000.0,12218000.0,-372899000.0,-146147000.0,-1278032000.0,-3284000.0,642949000.0,0.0,289650000.0,289650000.0,289650000.0,-9806000.0,42489000.0,0.157,539657000.0,640321000.0,199102000.0,1.192,3.132,55.111,54.824,11959168000.0,0.0,105.81,8.642,8.599,69555000.0,-109985000.0,1847186000.0,1847186000.0,0.0,0.019,0.057,0.031,0.379,29679000.0,90129000.0,1.0,150862873.0,150120000.0,150711000.0,12.305,15462321000.0,0.0,0.0,0.0,103.0,
9,BXP,MRY,2011-12-31,2011-12-31,2011-12-31,2021-08-06,-16138000.0,14782966000.0,14120862250.0,,,0.122,33.399,-478430000.0,1863540000.0,1863540000.0,598796000.0,313826000.0,,1.914,8704138000.0,,,8704138000.0,0.0,439184000.0,0.0,0.021,2.05,664212000.0,1103396000.0,0.64,1103396000.0,664212000.0,272679000.0,1.87,1.86,1.87,4865998000.0,4786372500.0,4865998000.0,21554458977.0,32.0,19.535,127898000.0,0.878,1.0,1123996000.0,0.652,0.0,391533000.0,21623564000.0,20979378500.0,0.0,959712000.0,,,9313798000.0,,,14703878977.0,1344260000.0,122535000.0,448704000.0,729898000.0,-332597000.0,828028000.0,-90096000.0,-11701000.0,606328000.0,0.0,272679000.0,272679000.0,272679000.0,-10876000.0,41147000.0,0.158,518830000.0,605166000.0,155139000.0,1.096,3.022,53.924,53.262,10746486000.0,0.0,99.6,8.535,8.423,79838000.0,-53080000.0,1722792000.0,1722792000.0,0.0,0.019,0.057,0.032,0.386,29672000.0,87101000.0,1.0,147629307.0,145693000.0,146218000.0,11.825,14782966000.0,0.0,0.0,0.0,101.467,
10,BXP,MRY,2010-12-31,2010-12-31,2010-12-31,2021-08-06,-18436000.0,13348263000.0,12859035500.0,,,0.12,31.359,-850519000.0,786979000.0,786979000.0,523307000.0,190327000.0,,1.905,7786001000.0,,,7786001000.0,0.0,338371000.0,0.0,0.023,2.0,537151000.0,875522000.0,0.567,875522000.0,537151000.0,159072000.0,1.14,1.14,1.14,4372643000.0,4428793500.0,4372643000.0,17937157182.0,33.0,20.487,-474626000.0,-3.404,1.0,1020003000.0,0.661,0.0,378079000.0,20347285000.0,18810833500.0,0.0,1045984000.0,,,8328418000.0,,,12063116182.0,-969985000.0,-12904000.0,22154000.0,163128000.0,-324686000.0,-184604000.0,-1161274000.0,-20351000.0,375893000.0,0.0,159072000.0,159072000.0,159072000.0,-1442000.0,31255000.0,0.103,410931000.0,609072000.0,161592000.0,1.754,2.759,75.834,75.526,10441117000.0,0.0,86.1,7.816,7.779,60813000.0,-24763000.0,1543310000.0,1543310000.0,0.0,0.012,0.036,0.029,0.348,32852000.0,79396000.0,1.0,140105879.0,139440000.0,140057000.0,11.068,13348263000.0,0.0,0.0,0.0,95.728,
11,BXP,MRY,2009-12-31,2009-12-31,2009-12-31,2021-08-06,-21777000.0,12348703000.0,11608270000.0,,,0.131,33.926,-442844000.0,1470800000.0,1470800000.0,525765000.0,274499000.0,,1.625,6719771000.0,,,6719771000.0,0.0,321681000.0,0.0,0.033,2.18,553847000.0,875528000.0,0.577,875528000.0,553847000.0,231014000.0,1.76,1.76,1.76,4446002000.0,4246954250.0,4446002000.0,14510091226.0,26.0,16.573,174532000.0,1.332,1.0,992425000.0,0.654,0.0,322833000.0,17597674000.0,16988501750.0,0.0,773582000.0,,,7223992000.0,,,9303888226.0,1207423000.0,-7835000.0,850624000.0,557208000.0,-357328000.0,1036648000.0,-446601000.0,4078000.0,617376000.0,0.0,231014000.0,231014000.0,231014000.0,0.0,43485000.0,0.152,424894000.0,567531000.0,220089000.0,1.239,2.093,40.274,38.108,9065881000.0,0.0,67.07,6.128,5.789,363240000.0,95433000.0,1518190000.0,1518190000.0,0.0,0.02,0.054,0.033,0.365,26636000.0,75447000.0,1.0,138719073.0,131050000.0,131512000.0,11.585,12348703000.0,0.0,0.0,0.0,94.229,
12,BXP,MRY,2008-12-31,2008-12-31,2008-12-31,2021-08-06,-24291000.0,10917476000.0,10632055500.0,,,0.138,30.747,-453070000.0,263480000.0,263480000.0,515540000.0,130723000.0,,1.79,6092884000.0,,,6092884000.0,0.0,304147000.0,0.0,0.049,2.72,400592000.0,704739000.0,0.48,704739000.0,400592000.0,105270000.0,0.88,0.87,0.88,3688993000.0,3674074750.0,3688993000.0,12665821585.0,32.0,17.972,112241000.0,0.935,1.0,953902000.0,0.649,0.0,295322000.0,16746880000.0,16096716250.0,0.0,794350000.0,,,6602719000.0,,,6644266585.0,-1265411000.0,-896027000.0,37410000.0,675353000.0,-1235767000.0,-510643000.0,-1320079000.0,137697000.0,565311000.0,0.0,105270000.0,105270000.0,105270000.0,0.0,25453000.0,0.072,376512000.0,577390000.0,171791000.0,3.091,1.801,63.116,62.5,8856422000.0,0.0,55.0,4.522,4.491,338743000.0,154953000.0,1469442000.0,1469442000.0,0.0,0.01,0.029,0.025,0.273,23106000.0,72365000.0,1.0,120804847.0,119980000.0,121299000.0,12.247,10917476000.0,0.0,0.0,0.0,90.994,
13,BXP,MRY,2007-12-31,2007-12-31,2007-12-31,2021-08-06,-29191000.0,11192637000.0,11064650000.0,,,0.134,30.872,763118000.0,1693760000.0,1693760000.0,483605000.0,1553381000.0,,1.873,5492166000.0,,,5492166000.0,0.0,288978000.0,0.0,0.095,8.7,1613086000.0,1902064000.0,1.283,1902064000.0,1613086000.0,1310106000.0,10.98,10.8,10.98,3668825000.0,4079415000.0,3668825000.0,14446996148.0,9.0,7.595,1394772000.0,11.737,1.0,998684000.0,0.674,0.0,302980000.0,14991043000.0,14741332250.0,0.0,104256000.0,,,6869920000.0,,,10949761148.0,781133000.0,-4558000.0,23479000.0,651326000.0,-1143470000.0,-425176000.0,574655000.0,-22584000.0,631654000.0,0.0,1310106000.0,1310106000.0,1310106000.0,-7274000.0,243275000.0,0.884,355912000.0,642772000.0,145692000.0,0.792,2.985,8.358,8.362,8718188000.0,0.0,91.81,7.387,7.361,58074000.0,394324000.0,1482289000.0,1482289000.0,0.0,0.118,0.321,0.109,1.088,12358000.0,69882000.0,1.0,119265452.0,118839000.0,120780000.0,12.473,11192637000.0,0.0,0.0,0.0,94.183,
14,BXP,MRY,2006-12-31,2006-12-31,2006-12-31,2021-08-06,-3323000.0,9695022000.0,9468362000.0,,,0.15,28.096,488954000.0,751572000.0,751572000.0,462671000.0,873635000.0,,1.814,4600937000.0,,,4600937000.0,0.0,276759000.0,0.0,0.073,8.12,1171895000.0,1448654000.0,1.022,1448654000.0,1171895000.0,873635000.0,7.62,7.46,7.62,3223226000.0,3386963750.0,3223226000.0,16733133365.0,14.0,11.551,1016933000.0,8.864,1.0,954956000.0,0.674,0.0,298260000.0,13544387000.0,13398804750.0,0.0,83711000.0,,,5848288000.0,,,13070272365.0,464292000.0,23566000.0,63418000.0,40956000.0,-391613000.0,-293443000.0,229756000.0,-282764000.0,527979000.0,0.0,873635000.0,873635000.0,873635000.0,-16103860.0,0.0,0.616,329937000.0,625019000.0,102934000.0,1.066,4.055,14.961,14.682,8160403000.0,0.0,111.88,9.22,9.054,57052000.0,108155000.0,1417627000.0,1417627000.0,0.0,0.092,0.258,0.087,0.827,8578000.0,59375000.0,1.0,116824029.0,114721000.0,117077000.0,12.357,9695022000.0,0.0,0.0,0.0,84.51,
15,BXP,MRY,2005-12-31,2005-12-31,2005-12-31,2021-08-06,-8881000.0,8902368000.0,9077217750.0,,,0.152,26.218,354292000.0,287114000.0,287114000.0,457129000.0,438292000.0,,1.798,4826254000.0,,,4826254000.0,0.0,267641000.0,0.0,0.07,5.19,746383000.0,1014024000.0,0.733,1014024000.0,746383000.0,438292000.0,3.94,3.86,3.94,2917346000.0,2936327250.0,2917346000.0,12784056783.0,17.0,12.607,826541000.0,7.428,1.0,925737000.0,0.669,0.0,308091000.0,13441508000.0,13607585750.0,0.0,90207000.0,,,5245754000.0,,,8340318783.0,22152000.0,2313000.0,45020000.0,-136967000.0,-702989000.0,-806702000.0,356605000.0,0.0,472249000.0,0.0,438292000.0,438292000.0,438292000.0,-15326430.0,0.0,0.317,316450000.0,609287000.0,109823000.0,1.317,2.859,19.029,18.815,7886102000.0,0.0,74.13,6.031,5.965,52668000.0,182105000.0,1382866000.0,1382866000.0,0.0,0.048,0.149,0.055,0.54,7389000.0,55471000.0,1.0,112509359.0,111274000.0,113559000.0,12.428,8902368000.0,0.0,0.0,0.0,80.004,
16,BXP,MRY,2004-12-31,2004-12-31,2004-12-31,2021-08-06,-15637000.0,9063228000.0,8973736000.0,,,0.154,27.58,-170070000.0,264099000.0,264099000.0,465769000.0,284017000.0,,1.819,5011814000.0,,,5011814000.0,0.0,252941000.0,0.0,0.04,2.58,590187000.0,843128000.0,0.608,843128000.0,590187000.0,284017000.0,2.67,2.61,2.67,2936073000.0,2858062250.0,2936073000.0,11836424632.0,20.0,14.039,259436000.0,2.437,1.0,920577000.0,0.664,0.0,306170000.0,13810943000.0,13715694750.0,0.0,80955000.0,,,5340827000.0,,,7058365632.0,216658000.0,-944000.0,422070000.0,-111214000.0,-342815000.0,-41834000.0,-171014000.0,0.0,429506000.0,0.0,284017000.0,284017000.0,284017000.0,-3343710.0,0.0,0.205,303285000.0,617292000.0,94451000.0,0.966,2.404,24.852,24.221,8147858000.0,0.0,64.67,5.091,4.966,25500000.0,325452000.0,1386346000.0,1386346000.0,0.0,0.032,0.099,0.043,0.426,4262000.0,53636000.0,1.0,109144358.0,106458000.0,108762000.0,13.022,9063228000.0,0.0,0.0,0.0,85.134,
17,BXP,MRY,2003-12-31,2003-12-31,2003-12-31,2021-08-06,-16335000.0,8551100000.0,8411179500.0,,,0.153,24.769,101991000.0,44007000.0,44007000.0,440697000.0,365322000.0,,2.217,5004720000.0,,,5004720000.0,0.0,210477000.0,0.0,0.052,2.5,664758000.0,875235000.0,0.682,875235000.0,664758000.0,365322000.0,3.71,3.65,3.71,2400163000.0,2356121000.0,2400163000.0,9556997676.0,14.0,10.919,590266000.0,6.091,1.0,842468000.0,0.657,0.0,299436000.0,13511813000.0,13169390000.0,0.0,88786000.0,,,5320804000.0,,,4702267676.0,-32589000.0,-4495000.0,69028000.0,-362590000.0,-313811000.0,-618360000.0,97496000.0,0.0,488275000.0,0.0,365322000.0,365322000.0,365322000.0,-10924130.0,0.0,0.285,252045000.0,590423000.0,92026000.0,0.674,1.959,12.872,12.989,7981825000.0,0.0,48.19,3.665,3.639,18425000.0,320900000.0,1283165000.0,1283165000.0,0.0,0.043,0.155,0.05,0.518,2220000.0,45359000.0,1.0,97577665.0,96900000.0,98486000.0,13.242,8551100000.0,0.0,0.0,0.0,88.247,
18,BXP,MRY,2002-12-31,2002-12-31,2002-12-31,2021-08-06,-17018000.0,8427203000.0,7892145250.0,,,0.149,23.185,-1013125000.0,97181000.0,97181000.0,396012000.0,444383000.0,,2.511,5147220000.0,,,5147220000.0,0.0,186429000.0,0.0,0.065,2.41,707450000.0,893879000.0,0.761,893879000.0,707450000.0,444383000.0,4.57,4.5,4.57,2159590000.0,1919406500.0,2159590000.0,8950333922.0,13.0,10.013,-575745000.0,-6.181,1.0,777992000.0,0.663,0.0,263067000.0,13477242000.0,12670207250.0,0.0,101905000.0,,,5423032000.0,,,3512434922.0,-42792000.0,-4158000.0,9774000.0,832026000.0,-297331000.0,537111000.0,-1017283000.0,0.0,437380000.0,0.0,444383000.0,440971000.0,440971000.0,-20220000.0,0.0,0.376,225455000.0,552537000.0,73846000.0,0.527,1.626,7.965,8.066,7847778000.0,3412000.0,36.86,2.992,2.924,20458000.0,198586000.0,1174004000.0,1174004000.0,0.0,0.056,0.23,0.056,0.603,1187000.0,47292000.0,1.0,95291235.0,93145000.0,94612000.0,12.604,8427203000.0,0.0,0.0,0.0,90.474,
19,BXP,MRY,2001-12-31,2001-12-31,2001-12-31,2021-08-06,-13868000.0,7253510000.0,6962601500.0,,,0.142,19.489,-1296459000.0,121067000.0,121067000.0,313821000.0,208032000.0,,2.597,4314942000.0,,,4314942000.0,0.0,150163000.0,0.0,0.059,2.25,419423000.0,569586000.0,0.578,569586000.0,419423000.0,208032000.0,2.24,2.19,2.24,1754073000.0,1741517500.0,1754073000.0,7533567582.0,18.0,13.226,-877056000.0,-9.745,1.0,671698000.0,0.682,0.0,211391000.0,11447385000.0,10837284250.0,0.0,102782000.0,,,4554697000.0,,,3449145582.0,-182890000.0,-7163000.0,9943000.0,957123000.0,-276538000.0,701329000.0,-1303622000.0,0.0,419403000.0,0.0,208032000.0,201440000.0,201440000.0,-24512000.0,0.0,0.204,181772000.0,489926000.0,81108000.0,1.004,1.966,17.122,16.964,6738052000.0,6592000.0,38.0,3.5,3.47,43546000.0,-17669000.0,985519000.0,985519000.0,0.0,0.029,0.116,0.039,0.426,578000.0,38312000.0,1.0,90766989.0,90002000.0,92200000.0,10.95,7253510000.0,0.0,0.0,0.0,80.593,
20,BXP,MRY,2000-12-31,2000-12-31,2000-12-31,2021-08-06,-11745000.0,6226470000.0,5773239500.0,,,0.154,23.07,-544294000.0,280957000.0,280957000.0,279671000.0,152998000.0,,2.185,3414891000.0,,,3414891000.0,0.0,133150000.0,0.0,0.047,2.04,370062000.0,503212000.0,0.566,503212000.0,370062000.0,152998000.0,2.05,2.01,2.05,1647727000.0,1231515500.0,1647727000.0,7200403432.0,19.0,14.309,-214820000.0,-3.008,1.0,609960000.0,0.686,0.0,217064000.0,9360404000.0,9142102500.0,0.0,96883000.0,,,3601028000.0,,,3759698432.0,268922000.0,-16582000.0,650144000.0,85149000.0,-209723000.0,502621000.0,-563173000.0,-2297000.0,329474000.0,0.0,152998000.0,146426000.0,146426000.0,-2814000.0,0.0,0.165,167882000.0,442078000.0,57338000.0,0.995,2.282,25.676,21.22,5526060000.0,6572000.0,43.5,4.226,3.492,26852000.0,-13895000.0,889631000.0,889631000.0,0.0,0.025,0.119,0.04,0.416,2170000.0,35659000.0,1.0,86429849.0,71424000.0,72741000.0,12.456,6226470000.0,0.0,0.0,0.0,87.176,
21,BXP,MRY,1999-12-31,1999-12-31,1999-12-31,2021-08-06,0.0,5434772000.0,5186008750.0,,,0.152,15.967,-644819000.0,12035000.0,12035000.0,249268000.0,119776000.0,,3.305,3321584000.0,,,3321584000.0,0.0,120059000.0,0.0,0.056,1.75,325186000.0,445245000.0,0.566,445245000.0,325186000.0,119776000.0,1.72,1.71,1.72,1057564000.0,1024037250.0,1057564000.0,5341221249.0,16.0,11.996,-354792000.0,-5.357,1.0,537296000.0,0.683,0.0,205410000.0,8744321000.0,8291843000.0,0.0,50978000.0,,,3495246000.0,,,2113873249.0,-131000.0,9765000.0,241491000.0,297020000.0,-181493000.0,351396000.0,-641554000.0,-6500000.0,290027000.0,0.0,119776000.0,113947000.0,113947000.0,0.0,0.0,0.145,149514000.0,387782000.0,66780000.0,1.017,1.999,18.551,18.099,5138833000.0,5829000.0,31.13,2.687,2.621,28259000.0,-10893000.0,786564000.0,786564000.0,0.0,0.022,0.111,0.039,0.413,0.0,29455000.0,1.0,67904698.0,66235000.0,66776000.0,11.875,5434772000.0,0.0,0.0,0.0,82.053,
22,BXP,MRY,1998-12-31,1998-12-31,1998-12-31,2021-08-06,0.0,5235087000.0,3462045000.0,,,0.148,15.606,-1697449000.0,12166000.0,12166000.0,150490000.0,93112000.0,,3.382,3088724000.0,,,3088724000.0,0.0,75418000.0,0.0,0.054,1.66,217972000.0,293390000.0,0.571,293390000.0,217972000.0,93112000.0,1.53,1.52,1.53,948481000.0,915223750.0,948481000.0,3869476336.0,18.0,13.189,-1482162000.0,-24.387,1.0,363357000.0,0.707,0.0,124860000.0,8311645000.0,5255106250.0,0.0,466930000.0,,,3207372000.0,,,1937590336.0,-5394000.0,-43644000.0,819103000.0,1269146000.0,-127307000.0,1958534000.0,-2179215000.0,-420143000.0,215287000.0,0.0,93112000.0,93112000.0,93112000.0,0.0,0.0,0.181,97922000.0,265435000.0,42897000.0,1.085,2.043,20.809,19.935,4559809000.0,0.0,30.5,3.771,3.607,40830000.0,-7865000.0,513847000.0,513847000.0,0.0,0.027,0.102,0.041,0.424,0.0,22504000.0,1.0,63527552.0,60776000.0,61308000.0,8.455,5235087000.0,0.0,0.0,0.0,86.137,
23,BXP,MRY,1997-12-31,1997-12-31,1997-12-31,2021-08-06,0.0,1672521000.0,1284516000.0,,,0.113,4.524,-526890000.0,17560000.0,17560000.0,40093000.0,35151000.0,,7.98,1332253000.0,,,1332253000.0,0.0,21719000.0,0.0,0.026,0.845,73415000.0,95134000.0,0.653,95134000.0,73415000.0,35151000.0,0.91,0.9,0.91,175048000.0,-200792000.0,175048000.0,,,,-480744000.0,-12.424,1.0,105550000.0,0.725,0.0,38264000.0,2987214000.0,2658601500.0,0.0,3143000.0,,,1396837000.0,,,2039604995.0,17560000.0,-570000.0,839209000.0,-298171000.0,-17026000.0,491157000.0,-519743000.0,0.0,46146000.0,0.0,35151000.0,35151000.0,35151000.0,0.0,0.0,0.241,28408000.0,77142000.0,23822000.0,0.929,11.652,58.024,36.33,1502282000.0,0.0,33.06,14.004,8.783,24458000.0,2314000.0,145643000.0,145643000.0,0.0,0.027,-0.175,0.028,0.504,0.0,6689000.0,1.0,61694041.0,38694000.0,39108000.0,3.764,1672521000.0,0.0,0.0,0.0,43.224,
24,BXP,MRY,1996-12-31,1996-12-31,1996-12-31,2021-08-06,0.0,896511000.0,909648500.0,,,0.297,,-30238000.0,8998000.0,8998000.0,61295000.0,7279000.0,,-2.555,1442476000.0,,,1442476000.0,0.0,36199000.0,0.0,,0.0,116673000.0,152872000.0,0.566,152872000.0,116673000.0,7279000.0,,,,-576632000.0,-541642500.0,-576632000.0,,,,25669000.0,,1.0,208638000.0,0.773,0.0,109394000.0,2329989000.0,2314158000.0,0.0,0.0,,,1473143000.0,,,,-16869000.0,0.0,0.0,35507000.0,0.0,-38461000.0,-34315000.0,0.0,55907000.0,0.0,7279000.0,7279000.0,7279000.0,0.0,0.0,0.027,46953000.0,161685000.0,13795000.0,,,,,771660000.0,0.0,,,,12049000.0,,269933000.0,269933000.0,0.0,0.008,-0.013,0.05,0.432,0.0,10754000.0,1.0,,,,,896511000.0,0.0,0.0,0.0,,
25,BXP,MRY,1995-12-31,1995-12-31,1995-12-31,2021-08-06,0.0,922786000.0,,,,,,-33960000.0,25867000.0,25867000.0,57938000.0,-3983000.0,,-2.821,1401408000.0,,,1401408000.0,4576000.0,33828000.0,0.0,,0.0,104810000.0,138638000.0,0.557,138638000.0,104810000.0,-3983000.0,,,,-506653000.0,,-506653000.0,,,,-4868000.0,,1.0,190787000.0,0.767,0.0,108793000.0,2298327000.0,,0.0,0.0,,,1429439000.0,,,,-20422000.0,0.0,0.0,-13270000.0,0.0,-12670000.0,-36844000.0,0.0,29092000.0,0.0,-3983000.0,-3983000.0,-3983000.0,0.0,0.0,-0.016,44200000.0,146587000.0,14367000.0,,,,,773810000.0,0.0,,,,14362000.0,,248725000.0,248725000.0,0.0,,,,0.421,0.0,10372000.0,1.0,,,,,922786000.0,0.0,0.0,0.0,,
26,BXP,MRY,1994-12-31,1994-12-31,1994-12-31,2021-08-06,,,,,,,,-11878000.0,,,55716000.0,7171000.0,,,,,,,,33112000.0,,,0.0,104444000.0,137556000.0,0.564,137556000.0,104444000.0,7171000.0,,,,,,,,,,33746000.0,,1.0,188367000.0,0.772,,97273000.0,,,,,,,,,,,-4408000.0,0.0,0.0,-16681000.0,0.0,-31608000.0,-18424000.0,0.0,45624000.0,0.0,7171000.0,7171000.0,7171000.0,0.0,0.0,0.029,43235000.0,145132000.0,,,,,,,0.0,,,,,,244083000.0,244083000.0,0.0,,,,0.428,0.0,10123000.0,1.0,,,,,,,0.0,,,
0,BXP,MRQ,2021-06-30,2021-06-30,2021-06-30,2021-08-06,-43166000.0,22059076000.0,,,,,36.829,-317991000.0,637280000.0,637280000.0,250699000.0,141250000.0,,2.428,13006040000.0,,,13006040000.0,0.0,184538000.0,0.0,0.034,0.98,218022000.0,402560000.0,0.564,402560000.0,218022000.0,111703000.0,0.72,0.71,0.72,5749342000.0,,5749342000.0,29911373537.0,40.0,20.611,90422000.0,0.579,1.0,463108000.0,0.649,0.0,106319000.0,34427836000.0,,0.0,1444024000.0,,,13960103000.0,,,17884548537.0,0.0,-3148000.0,0.0,-3487000.0,0.0,-569030000.0,-321338000.0,-199000.0,408413000.0,,111703000.0,111703000.0,111703000.0,0.0,29547000.0,0.156,225649000.0,237459000.0,305969000.0,1.361,3.111,56.76,59.067,18072453000.0,0.0,114.59,6.42,6.421,1231035000.0,-612247000.0,713807000.0,713807000.0,0.0,,,,,14280000.0,41060000.0,1.0,156074252.0,156107000.0,156519000.0,4.573,22059076000.0,0.0,0.0,0.0,141.307,
1,BXP,MRQ,2021-03-31,2021-03-31,2021-03-31,2021-08-06,-45139000.0,22213552000.0,,,,,37.04,-245414000.0,949183000.0,949183000.0,259440000.0,128147000.0,,2.439,12976008000.0,,,12976008000.0,0.0,178828000.0,0.0,0.039,0.98,208498000.0,387326000.0,0.543,387326000.0,208498000.0,100596000.0,0.59,0.59,0.59,5775641000.0,,5775641000.0,27543513714.0,30.0,17.175,-93351000.0,-0.599,1.0,454255000.0,0.636,0.0,107902000.0,34240377000.0,,0.0,1443258000.0,,,14084526000.0,,,15776879714.0,0.0,1027000.0,0.0,-502739000.0,0.0,-509884000.0,-242273000.0,2114000.0,152063000.0,,100596000.0,100596000.0,100596000.0,0.0,27551000.0,0.141,225360000.0,228895000.0,260875000.0,1.661,2.732,33.388,34.56,17873023000.0,8972000.0,101.26,5.786,5.79,1196337000.0,-570982000.0,713695000.0,713695000.0,0.0,,,,,20090000.0,48464000.0,1.0,155805646.0,155928000.0,156099000.0,4.577,22213552000.0,0.0,0.0,0.0,142.46,
2,BXP,MRQ,2020-12-31,2020-12-31,2020-12-31,2021-08-06,-49890000.0,22858190000.0,,,,,38.515,-217591000.0,1719329000.0,1719329000.0,257372000.0,24905000.0,,2.42,13485963000.0,,,13485963000.0,0.0,168580000.0,0.0,0.041,0.98,122302000.0,290882000.0,0.437,290882000.0,122302000.0,10311000.0,0.05,0.05,0.05,5996083000.0,,5996083000.0,26432493222.0,20.0,13.28,156826000.0,1.007,1.0,407717000.0,0.613,0.0,111991000.0,34624824000.0,,0.0,1446216000.0,,,14511681000.0,,,14714496222.0,-45460000.0,-13887000.0,1000.0,-4373000.0,-172332000.0,-194569000.0,-225308000.0,6170000.0,374417000.0,0.0,10311000.0,10311000.0,10311000.0,0.0,14594000.0,0.016,202352000.0,205365000.0,336264000.0,19.6,2.454,16.86,17.063,17818807000.0,2625000.0,94.53,5.32,5.313,1199913000.0,-509653000.0,665089000.0,665089000.0,0.0,,,,,7990000.0,34062000.0,1.0,155659539.0,155681000.0,155727000.0,4.272,22858190000.0,0.0,0.0,0.0,146.827,
3,BXP,MRQ,2020-09-30,2020-09-30,2020-09-30,2021-08-06,-52622000.0,22959215000.0,,,,,39.382,-216165000.0,1764789000.0,1764789000.0,261425000.0,118060000.0,,2.359,13482786000.0,,,13482786000.0,0.0,166995000.0,0.0,0.049,0.98,203472000.0,370467000.0,0.534,370467000.0,203472000.0,92479000.0,0.58,0.58,0.58,6129568000.0,,6129568000.0,23985443140.0,17.0,11.337,11986000.0,0.077,1.0,431843000.0,0.623,0.0,110993000.0,34677212000.0,,0.0,1515121000.0,,,14458573000.0,,,12497394140.0,-226866000.0,-51496000.0,93000.0,-4318000.0,-172333000.0,-187128000.0,-267889000.0,-228000.0,228151000.0,0.0,92479000.0,92479000.0,92479000.0,0.0,25581000.0,0.133,197521000.0,234322000.0,345959000.0,1.69,2.039,12.433,12.547,17741337000.0,2625000.0,80.3,4.373,4.373,1187408000.0,-364720000.0,693268000.0,693268000.0,0.0,,,,,8253000.0,30758000.0,1.0,155633800.0,155645000.0,155670000.0,4.454,22959215000.0,0.0,0.0,0.0,147.51,
4,BXP,MRQ,2020-06-30,2020-06-30,2020-06-30,2021-08-06,-54921000.0,23000777000.0,,,,,39.785,-74976000.0,1991655000.0,1991655000.0,241760000.0,298580000.0,,2.337,13479704000.0,,,13479704000.0,0.0,178733000.0,0.0,0.043,0.98,376292000.0,555025000.0,0.848,555025000.0,376292000.0,269150000.0,1.71,1.71,1.71,6182067000.0,,6182067000.0,25672548964.0,18.0,12.061,304099000.0,1.957,1.0,413013000.0,0.631,0.0,107142000.0,34488826000.0,,0.0,1476572000.0,,,14447628000.0,,,14042262964.0,1133077000.0,38242000.0,-166000.0,993860000.0,-172275000.0,620242000.0,-46729000.0,-9995000.0,379075000.0,0.0,269150000.0,269150000.0,269150000.0,0.0,29430000.0,0.411,218747000.0,194266000.0,328292000.0,0.573,2.271,13.725,13.862,17668420000.0,2625000.0,90.38,4.828,4.829,1151549000.0,-302511000.0,654773000.0,654773000.0,0.0,,,,,10374000.0,40227000.0,1.0,155369141.0,155386000.0,155407000.0,4.214,23000777000.0,0.0,0.0,0.0,148.023,
5,BXP,MRQ,2020-03-31,2020-03-31,2020-03-31,2021-08-06,-55700000.0,21829698000.0,,,,,39.016,13003000.0,858578000.0,858578000.0,269787000.0,577146000.0,,2.216,12488864000.0,,,12488864000.0,0.0,171677000.0,0.0,0.042,0.98,601712000.0,773389000.0,1.028,773389000.0,601712000.0,500121000.0,3.2,3.2,3.2,6047866000.0,,6047866000.0,25851003479.0,19.0,12.792,188200000.0,1.214,1.0,482769000.0,0.642,0.0,101591000.0,33459984000.0,,0.0,1500033000.0,,,13402961000.0,,,14306861479.0,0.0,-89997000.0,0.0,245788000.0,0.0,245777000.0,-73793000.0,3201000.0,175197000.0,0.0,500121000.0,500121000.0,500121000.0,0.0,77025000.0,0.665,211400000.0,271369000.0,293831000.0,0.306,2.366,15.535,15.712,17518173000.0,2625000.0,92.23,4.789,4.786,1149108000.0,-416740000.0,752556000.0,752556000.0,0.0,,,,,17525000.0,39691000.0,1.0,155121560.0,155011000.0,155258000.0,4.855,21829698000.0,0.0,0.0,0.0,140.827,
6,BXP,MRQ,2019-12-31,2019-12-31,2019-12-31,2021-08-06,-48335000.0,21284905000.0,,,,,36.754,-260081000.0,691886000.0,691886000.0,277237000.0,176009000.0,,2.333,12236028000.0,,,12236028000.0,0.0,170488000.0,0.0,0.028,0.98,246339000.0,416827000.0,0.55,416827000.0,246339000.0,143459000.0,0.91,0.91,0.91,5684687000.0,,5684687000.0,32770901253.0,35.0,20.299,101292000.0,0.655,1.0,480264000.0,0.634,0.0,102880000.0,32829047000.0,,0.0,1088314000.0,,,13262304000.0,,,21316144253.0,-112879000.0,-21893000.0,11148000.0,-32109000.0,-166667000.0,-195627000.0,-278625000.0,3349000.0,361373000.0,0.0,143459000.0,143459000.0,143459000.0,0.0,32550000.0,0.189,205422000.0,274842000.0,377553000.0,1.077,3.75,40.872,41.65,17622212000.0,2625000.0,137.86,7.2,7.198,1151595000.0,-760523000.0,757501000.0,757501000.0,0.0,,,,,7705000.0,34956000.0,1.0,154621676.0,154669000.0,154991000.0,4.898,21284905000.0,0.0,0.0,0.0,137.616,
7,BXP,MRQ,2019-09-30,2019-09-30,2019-09-30,2021-08-06,-51996000.0,21288575000.0,,,,,36.693,-399920000.0,804765000.0,804765000.0,274346000.0,141370000.0,,2.342,12259522000.0,,,12259522000.0,0.0,166470000.0,0.0,0.029,0.95,216867000.0,383337000.0,0.516,383337000.0,216867000.0,110396000.0,0.7,0.7,0.7,5671954000.0,,5671954000.0,31096817465.0,33.0,19.26,-145732000.0,-0.943,1.0,469207000.0,0.631,0.0,106471000.0,32743332000.0,,0.0,987474000.0,,,13285727000.0,,,20041254465.0,-358159000.0,-7736000.0,301000.0,-32511000.0,-166666000.0,-203833000.0,-408514000.0,-858000.0,254188000.0,0.0,110396000.0,110396000.0,110396000.0,0.0,30974000.0,0.148,199976000.0,269231000.0,421269000.0,1.357,3.533,37.87,38.589,17511072000.0,2625000.0,129.66,6.891,6.892,182155000.0,-749666000.0,743553000.0,743553000.0,0.0,,,,,7809000.0,33576000.0,1.0,154567750.0,154577000.0,154820000.0,4.81,21288575000.0,0.0,0.0,0.0,137.721,
8,BXP,MRQ,2019-06-30,2019-06-30,2019-06-30,2021-08-06,-51340000.0,21268275000.0,,,,,36.983,-186170000.0,1162924000.0,1162924000.0,267051000.0,203461000.0,,2.318,12218487000.0,,,12218487000.0,0.0,178019000.0,0.0,0.029,0.95,269300000.0,447319000.0,0.61,447319000.0,269300000.0,166943000.0,1.06,1.06,1.06,5715853000.0,,5715853000.0,30879098843.0,33.0,19.224,172200000.0,1.114,1.0,466690000.0,0.636,0.0,102357000.0,32323838000.0,,0.0,989964000.0,,,13247608000.0,,,19933062843.0,730626000.0,81927000.0,469000.0,844213000.0,-166599000.0,476693000.0,-104437000.0,-194000.0,358370000.0,0.0,166943000.0,166943000.0,166943000.0,0.0,36518000.0,0.228,215302000.0,251388000.0,418429000.0,0.896,3.487,36.875,37.609,17229710000.0,2625000.0,129.0,6.992,6.993,167727000.0,-710592000.0,733741000.0,733741000.0,0.0,,,,,10394000.0,37474000.0,1.0,154519867.0,154555000.0,154874000.0,4.747,21268275000.0,0.0,0.0,0.0,137.61,
9,BXP,MRQ,2019-03-31,2019-03-31,2019-03-31,2021-08-06,-48734000.0,20501604000.0,,,,,37.771,-195635000.0,432298000.0,432298000.0,265380000.0,131159000.0,,2.113,11378334000.0,,,11378334000.0,0.0,165199000.0,0.0,0.027,0.95,201739000.0,366938000.0,0.506,366938000.0,201739000.0,100730000.0,0.63,0.63,0.63,5836618000.0,,5836618000.0,31054259838.0,35.0,20.179,11599000.0,0.075,1.0,460387000.0,0.634,0.0,101009000.0,31447640000.0,,0.0,1028225000.0,,,12331317000.0,,,20685693838.0,-206893000.0,-26995000.0,1792000.0,-6115000.0,-166362000.0,-190612000.0,-223515000.0,-885000.0,207234000.0,0.0,100730000.0,100730000.0,100730000.0,0.0,30429000.0,0.139,210211000.0,250176000.0,328885000.0,1.508,3.544,40.969,41.837,17116764000.0,2625000.0,133.88,7.436,7.437,172462000.0,-728083000.0,725767000.0,725767000.0,0.0,,,,,15050000.0,45157000.0,1.0,154509216.0,154525000.0,154844000.0,4.697,20501604000.0,0.0,0.0,0.0,132.675,
10,BXP,MRQ,2018-12-31,2018-12-31,2018-12-31,2021-08-06,-47741000.0,20256477000.0,,,,,38.087,-27571000.0,639191000.0,639191000.0,261264000.0,185241000.0,,2.047,11007757000.0,,,11007757000.0,0.0,165439000.0,0.0,0.031,0.95,251515000.0,416954000.0,0.591,416954000.0,251515000.0,151137000.0,0.97,0.96,0.97,5883171000.0,,5883171000.0,27848196275.0,29.0,17.333,352047000.0,2.279,1.0,443893000.0,0.629,0.0,100378000.0,30625043000.0,,0.0,1003975000.0,,,12042509000.0,,,17382278275.0,215407000.0,-31642000.0,-397000.0,105610000.0,-166364000.0,-85402000.0,-78809000.0,-19596000.0,379618000.0,0.0,151137000.0,151137000.0,151137000.0,0.0,34104000.0,0.214,195536000.0,248357000.0,276645000.0,0.979,2.955,29.823,30.337,16752119000.0,2625000.0,112.55,6.397,6.397,166629000.0,-675534000.0,705157000.0,705157000.0,0.0,,,,,8417000.0,29902000.0,1.0,154440500.0,154466000.0,154772000.0,4.565,20256477000.0,0.0,0.0,0.0,131.139,
11,BXP,MRQ,2018-09-30,2018-09-30,2018-09-30,2021-08-06,-45137000.0,20137498000.0,,,,,38.051,-205203000.0,423784000.0,423784000.0,256817000.0,150445000.0,,2.03,10889702000.0,,,10889702000.0,0.0,157996000.0,0.0,0.027,0.95,217109000.0,375105000.0,0.547,375105000.0,217109000.0,121743000.0,0.77,0.77,0.77,5876566000.0,,5876566000.0,29002351921.0,32.0,18.806,4578000.0,0.03,1.0,429467000.0,0.626,0.0,95366000.0,30603416000.0,,0.0,956807000.0,,,11931524000.0,,,19007533921.0,-303276000.0,-328825000.0,351000.0,164515000.0,-140510000.0,21209000.0,-534266000.0,-238000.0,209781000.0,0.0,121743000.0,121743000.0,121743000.0,0.0,28702000.0,0.177,191103000.0,238364000.0,408271000.0,1.234,3.234,35.319,36.097,16849143000.0,2625000.0,123.09,7.127,7.127,178502000.0,-677312000.0,686284000.0,686284000.0,0.0,,,,,8457000.0,32193000.0,1.0,154419806.0,154440000.0,154678000.0,4.444,20137498000.0,0.0,0.0,0.0,130.39,
12,BXP,MRQ,2018-06-30,2018-06-30,2018-06-30,2021-08-06,-47695000.0,19961163000.0,,,,,38.162,-285381000.0,727060000.0,727060000.0,246531000.0,160565000.0,,1.994,10721878000.0,,,10721878000.0,0.0,156417000.0,0.0,0.025,0.8,223510000.0,379927000.0,0.572,379927000.0,223510000.0,131306000.0,0.83,0.83,0.83,5892840000.0,,5892840000.0,29244512365.0,32.0,19.098,49687000.0,0.322,1.0,417953000.0,0.629,0.0,92204000.0,29955981000.0,,0.0,712570000.0,,,11747921000.0,,,19360328365.0,271931000.0,-16427000.0,39000.0,380628000.0,-140466000.0,238876000.0,-302013000.0,-205000.0,335068000.0,0.0,131306000.0,131306000.0,131306000.0,0.0,29259000.0,0.198,187329000.0,230624000.0,423911000.0,0.964,3.285,36.094,36.888,16780930000.0,2625000.0,125.42,7.337,7.34,63660000.0,-649747000.0,664484000.0,664484000.0,0.0,,,,,8471000.0,30438000.0,1.0,154363964.0,154415000.0,154571000.0,4.303,19961163000.0,0.0,0.0,0.0,129.27,
13,BXP,MRQ,2018-03-31,2018-03-31,2018-03-31,2021-08-06,-49062000.0,19583939000.0,,,,,38.08,-134647000.0,455129000.0,455129000.0,248402000.0,216312000.0,,1.939,10339313000.0,,,10339313000.0,0.0,165797000.0,0.0,0.025,0.8,268866000.0,434663000.0,0.657,434663000.0,268866000.0,178646000.0,1.14,1.14,1.14,5879028000.0,,5879028000.0,28783968744.0,32.0,18.755,91131000.0,0.59,1.0,412749000.0,0.624,0.0,90220000.0,29468123000.0,,0.0,696071000.0,,,11399849000.0,,,19017726744.0,-50240000.0,-48823000.0,-723000.0,64220000.0,-140288000.0,-92230000.0,-183788000.0,-318000.0,225778000.0,0.0,178646000.0,178646000.0,178646000.0,0.0,37666000.0,0.27,204597000.0,208152000.0,451178000.0,0.702,3.235,35.126,35.82,16641806000.0,2625000.0,123.22,7.228,7.23,73401000.0,-654879000.0,661151000.0,661151000.0,0.0,,,,,14772000.0,38779000.0,1.0,154339610.0,154385000.0,154705000.0,4.282,19583939000.0,0.0,0.0,0.0,126.851,
14,BXP,MRQ,2017-12-31,2017-12-31,2017-12-31,2021-08-06,-50429000.0,19372233000.0,,,,,37.664,-268790000.0,505369000.0,505369000.0,242012000.0,132203000.0,,1.938,10271611000.0,,,10271611000.0,0.0,154259000.0,0.0,0.023,0.8,198250000.0,352509000.0,0.538,352509000.0,198250000.0,106478000.0,0.67,0.67,0.67,5813957000.0,,5813957000.0,29724324248.0,36.0,20.437,58224000.0,0.377,1.0,413217000.0,0.631,0.0,91772000.0,29138475000.0,,0.0,649086000.0,,,11269777000.0,,,20066524248.0,-71465000.0,-19141000.0,0.0,26894000.0,-131678000.0,-110330000.0,-288149000.0,-218000.0,327014000.0,0.0,106478000.0,106478000.0,106478000.0,0.0,25725000.0,0.163,183751000.0,229466000.0,331500000.0,1.194,3.451,43.393,44.379,16507008000.0,2625000.0,130.03,7.712,7.705,92186000.0,-712343000.0,655229000.0,655229000.0,0.0,,,,,8101000.0,29396000.0,1.0,154322266.0,154364000.0,154528000.0,4.245,19372233000.0,0.0,0.0,0.0,125.497,
15,BXP,MRQ,2017-09-30,2017-09-30,2017-09-30,2021-08-06,-51796000.0,19308518000.0,,,,,37.739,-248578000.0,576834000.0,576834000.0,245788000.0,147704000.0,,1.924,10234634000.0,,,10234634000.0,0.0,152164000.0,0.0,0.024,0.75,211994000.0,364158000.0,0.554,364158000.0,211994000.0,119962000.0,0.76,0.76,0.76,5825218000.0,,5825218000.0,28659419942.0,32.0,18.759,-28422000.0,-0.184,1.0,411924000.0,0.626,0.0,92032000.0,28966318000.0,,0.0,639781000.0,,,11208823000.0,,,18962560942.0,37054000.0,202617000.0,422000.0,-5390000.0,-131679000.0,-136885000.0,-46217000.0,-256000.0,220156000.0,0.0,119962000.0,119962000.0,119962000.0,0.0,27742000.0,0.182,178195000.0,233729000.0,424540000.0,0.987,3.255,37.484,38.161,16374447000.0,2625000.0,122.88,7.342,7.343,79750000.0,-692739000.0,657712000.0,657712000.0,0.0,,,,,8023000.0,25792000.0,1.0,154317716.0,154355000.0,154483000.0,4.261,19308518000.0,0.0,0.0,0.0,125.092,
16,BXP,MRQ,2017-06-30,2017-06-30,2017-06-30,2021-08-06,-53161000.0,19281762000.0,,,,,37.712,-256110000.0,539780000.0,539780000.0,238858000.0,167010000.0,,1.928,10236639000.0,,,10236639000.0,0.0,151919000.0,0.0,0.024,0.75,231477000.0,383396000.0,0.584,383396000.0,231477000.0,136334000.0,0.87,0.87,0.87,5814374000.0,,5814374000.0,28460191229.0,33.0,18.345,-131153000.0,-0.851,1.0,418049000.0,0.636,0.0,95143000.0,28978621000.0,,0.0,846149000.0,,,11208410000.0,,,18927529229.0,185597000.0,-23511000.0,2000.0,513757000.0,-131666000.0,340495000.0,-279855000.0,-234000.0,124957000.0,0.0,136334000.0,136334000.0,136334000.0,0.0,30676000.0,0.208,179359000.0,238690000.0,388731000.0,0.862,3.255,40.682,41.561,16234920000.0,2625000.0,123.02,7.421,7.437,88687000.0,-694320000.0,656907000.0,656907000.0,0.0,,,,,8435000.0,27141000.0,1.0,153857334.0,154177000.0,154331000.0,4.261,19281762000.0,0.0,0.0,0.0,125.063,
17,BXP,MRQ,2017-03-31,2017-03-31,2017-03-31,2021-08-06,-50983000.0,18966627000.0,,,,,37.538,-248882000.0,354183000.0,354183000.0,235378000.0,115564000.0,,1.912,9886845000.0,,,9886845000.0,0.0,159205000.0,0.0,0.021,0.75,195242000.0,354447000.0,0.561,354447000.0,195242000.0,99708000.0,0.63,0.63,0.63,5775533000.0,,5775533000.0,29745502995.0,36.0,19.501,-9030000.0,-0.059,1.0,396850000.0,0.628,0.0,95534000.0,28499289000.0,,0.0,819749000.0,,,11044189000.0,,,20369457995.0,-65905000.0,-17980000.0,-183000.0,99460000.0,-131555000.0,-37934000.0,-267823000.0,-961000.0,239852000.0,0.0,99708000.0,99708000.0,99708000.0,0.0,15856000.0,0.158,190625000.0,206225000.0,580437000.0,1.19,3.527,47.58,48.68,16089977000.0,2625000.0,132.41,8.093,8.094,73012000.0,-712270000.0,632228000.0,632228000.0,0.0,,,,,10802000.0,31386000.0,1.0,153836251.0,153860000.0,154214000.0,4.109,18966627000.0,0.0,0.0,0.0,123.272,
18,BXP,MRQ,2016-12-31,2016-12-31,2016-12-31,2021-08-06,-52251000.0,18851643000.0,,,,,37.618,-271968000.0,420088000.0,420088000.0,231834000.0,164894000.0,,1.887,9796133000.0,,,9796133000.0,0.0,178032000.0,0.0,0.021,0.75,247771000.0,425803000.0,0.669,425803000.0,247771000.0,149875000.0,0.96,0.95,0.96,5786295000.0,,5786295000.0,28667244799.0,31.0,17.695,18795000.0,0.122,1.0,404227000.0,0.636,0.0,97896000.0,28227688000.0,,0.0,799012000.0,,,10919719000.0,,,19341625799.0,-73025000.0,47334000.0,-1000.0,-4874000.0,-114364000.0,-130825000.0,-232963000.0,-232000.0,290763000.0,0.0,149875000.0,149875000.0,149875000.0,0.0,15019000.0,0.236,202742000.0,201485000.0,298524000.0,0.781,3.343,37.719,38.465,15925028000.0,2704000.0,125.78,7.583,7.58,92548000.0,-693694000.0,636061000.0,636061000.0,0.0,,,,,7621000.0,25293000.0,1.0,153773460.0,153817000.0,153995000.0,4.135,18851643000.0,0.0,0.0,0.0,122.559,
19,BXP,MRQ,2016-09-30,2016-09-30,2016-09-30,2021-08-06,-73943000.0,18789899000.0,,,,,37.241,-183201000.0,483303000.0,483303000.0,236678000.0,71504000.0,,1.909,9808922000.0,,,9808922000.0,0.0,203748000.0,0.0,0.028,0.65,183983000.0,387731000.0,0.62,387731000.0,183983000.0,79342000.0,0.5,0.5,0.5,5725931000.0,,5725931000.0,29635268209.0,32.0,18.46,-23567000.0,-0.153,1.0,388550000.0,0.621,0.0,104641000.0,28115518000.0,,0.0,798681000.0,,,10930646000.0,,,20946882209.0,-760721000.0,-520942000.0,396000.0,-108461000.0,-114361000.0,-241563000.0,-678792000.0,-271000.0,159634000.0,0.0,79342000.0,79342000.0,79342000.0,0.0,-7838000.0,0.127,230945000.0,157605000.0,547607000.0,1.3,3.658,41.607,42.458,15789203000.0,2589000.0,136.29,8.25,8.253,76258000.0,-725522000.0,625228000.0,625228000.0,0.0,,,,,7643000.0,25165000.0,1.0,153693464.0,153754000.0,154136000.0,4.066,18789899000.0,0.0,0.0,0.0,122.208,
20,BXP,MRQ,2016-06-30,2016-06-30,2016-06-30,2021-08-06,-79748000.0,18963965000.0,,,,,37.308,-282177000.0,1245698000.0,1245698000.0,225916000.0,117357000.0,,1.93,9934084000.0,,,9934084000.0,0.0,153175000.0,0.0,0.029,0.65,204189000.0,357364000.0,0.573,357364000.0,204189000.0,99186000.0,0.63,0.63,0.63,5732897000.0,,5732897000.0,28744673427.0,28.0,17.252,-47006000.0,-0.306,1.0,397630000.0,0.638,0.0,105003000.0,27652351000.0,,0.0,274393000.0,,,11065746000.0,,,20261334427.0,-425634000.0,-15825000.0,-9000.0,-219779000.0,-114334000.0,-344570000.0,-316235000.0,-220000.0,235171000.0,0.0,99186000.0,99186000.0,99186000.0,0.0,18171000.0,0.159,179506000.0,218124000.0,509639000.0,1.032,3.534,33.17,33.734,15740152000.0,2589000.0,131.9,7.965,7.968,84861000.0,-702361000.0,623546000.0,623546000.0,0.0,,,,,7578000.0,25418000.0,1.0,153611330.0,153662000.0,153860000.0,4.058,18963965000.0,0.0,0.0,0.0,123.413,
21,BXP,MRQ,2016-03-31,2016-03-31,2016-03-31,2021-08-06,-56706000.0,19175830000.0,,,,,37.427,-99192000.0,1677027000.0,1677027000.0,226806000.0,216222000.0,,1.956,10160366000.0,,,10160366000.0,0.0,159448000.0,0.0,0.03,0.65,289674000.0,449122000.0,0.674,449122000.0,289674000.0,184365000.0,1.18,1.18,1.18,5749783000.0,,5749783000.0,27937537485.0,27.0,16.757,249788000.0,1.626,1.0,439179000.0,0.659,0.0,105309000.0,27659169000.0,,0.0,256981000.0,,,11246040000.0,,,19518532485.0,881960000.0,-10215000.0,-657000.0,990034000.0,-328567000.0,642337000.0,-109357000.0,-438000.0,348980000.0,0.0,184365000.0,184365000.0,184365000.0,0.0,31857000.0,0.277,188826000.0,250353000.0,474305000.0,0.551,3.395,32.875,33.442,15569424000.0,2618000.0,127.08,7.69,7.691,73759000.0,-699048000.0,665985000.0,665985000.0,0.0,,,,,10069000.0,29353000.0,1.0,153592481.0,153626000.0,153917000.0,4.335,19175830000.0,0.0,0.0,0.0,124.822,
22,BXP,MRQ,2015-12-31,2015-12-31,2015-12-31,2021-08-06,-14114000.0,18351486000.0,,,,,37.169,3832000.0,797508000.0,797508000.0,224530000.0,166738000.0,,1.833,9188543000.0,,,9188543000.0,0.0,164460000.0,0.0,0.03,1.9,246728000.0,411188000.0,0.659,411188000.0,246728000.0,140550000.0,0.9,0.9,0.9,5709435000.0,,5709435000.0,28019527731.0,28.0,16.932,194365000.0,1.265,1.0,399710000.0,0.64,0.0,106178000.0,26742521000.0,,0.0,255604000.0,,,10464559000.0,,,19587117731.0,-663289000.0,-17344000.0,0.0,-35759000.0,-114180000.0,-174795000.0,-679027000.0,-667577000.0,190533000.0,0.0,140550000.0,140550000.0,140550000.0,0.0,26188000.0,0.225,189230000.0,210480000.0,465095000.0,2.111,3.431,33.591,34.193,15555641000.0,2646000.0,127.54,7.864,7.858,97865000.0,-780952000.0,624240000.0,624240000.0,0.0,,,,,6358000.0,24300000.0,1.0,153576272.0,153606000.0,153901000.0,4.064,18351486000.0,0.0,0.0,0.0,119.471,
23,BXP,MRQ,2015-09-30,2015-09-30,2015-09-30,2021-08-06,-20625000.0,18980263000.0,,,,,38.1,25963000.0,1477386000.0,1477386000.0,227921000.0,323271000.0,,1.866,9909796000.0,,,9909796000.0,0.0,153015000.0,0.0,0.022,0.65,295456000.0,448471000.0,0.712,448471000.0,295456000.0,186729000.0,1.2,1.2,1.2,5851915000.0,,5851915000.0,26635266490.0,25.0,15.656,191765000.0,1.249,1.0,401963000.0,0.638,0.0,108727000.0,27412673000.0,,0.0,237174000.0,,,10917504000.0,,,18183116490.0,44256000.0,-5874000.0,467000.0,-8069000.0,-114179000.0,-341182000.0,219636000.0,-207000.0,165802000.0,0.0,186729000.0,186729000.0,186729000.0,0.0,136542000.0,0.296,174213000.0,227750000.0,245200000.0,0.542,3.107,29.334,29.749,15569008000.0,2647000.0,118.4,7.331,7.332,66446000.0,-627054000.0,629884000.0,629884000.0,0.0,,,,,6345000.0,20944000.0,1.0,153573619.0,153595000.0,153786000.0,4.101,18980263000.0,0.0,0.0,0.0,123.573,
24,BXP,MRQ,2015-06-30,2015-06-30,2015-06-30,2021-08-06,1848000.0,19113959000.0,,,,,37.686,-147653000.0,1595309000.0,1595309000.0,222959000.0,100739000.0,,1.905,10047459000.0,,,10047459000.0,0.0,167844000.0,0.0,0.021,0.65,190612000.0,358456000.0,0.58,358456000.0,190612000.0,82078000.0,0.52,0.52,0.52,5782978000.0,,5782978000.0,26982467096.0,27.0,16.316,93977000.0,0.612,1.0,395262000.0,0.639,0.0,108534000.0,27566109000.0,,0.0,230927000.0,,,11019279000.0,,,18568385096.0,278355000.0,-12545000.0,477000.0,-6772000.0,-114156000.0,-139715000.0,176440000.0,-241000.0,241630000.0,0.0,82078000.0,82078000.0,82078000.0,0.0,18661000.0,0.133,190336000.0,204926000.0,231900000.0,1.25,3.211,32.952,33.529,15612331000.0,2618000.0,121.04,7.52,7.522,55183000.0,-711239000.0,618221000.0,618221000.0,0.0,,,,,5469000.0,22284000.0,1.0,153407015.0,153450000.0,153815000.0,4.029,19113959000.0,0.0,0.0,0.0,124.561,
25,BXP,MRQ,2015-03-31,2015-03-31,2015-03-31,2021-08-06,-11907000.0,19179071000.0,,,,,37.735,88467000.0,1652614000.0,1652614000.0,228926000.0,209170000.0,,1.915,10066696000.0,,,10066696000.0,0.0,154223000.0,0.0,0.019,0.65,282528000.0,436751000.0,0.706,436751000.0,282528000.0,173771000.0,1.12,1.11,1.12,5782172000.0,,5782172000.0,29356420613.0,29.0,17.9,289913000.0,1.892,1.0,389550000.0,0.63,0.0,108757000.0,27593153000.0,,0.0,216924000.0,,,11073970000.0,,,21519836613.0,-698683000.0,22083000.0,-145000.0,-1660000.0,-883684000.0,-902854000.0,2725000.0,-884000.0,201446000.0,0.0,173771000.0,173771000.0,173771000.0,0.0,35399000.0,0.281,183341000.0,206209000.0,224086000.0,0.58,3.722,38.389,39.131,15575438000.0,2589000.0,140.48,8.817,8.819,47768000.0,-690993000.0,618476000.0,618476000.0,0.0,,,,,11011000.0,28791000.0,1.0,153187903.0,153230000.0,153873000.0,4.036,19179071000.0,0.0,0.0,0.0,125.165,
26,BXP,MRQ,2014-12-31,2014-12-31,2014-12-31,2021-08-06,-9304000.0,19886767000.0,,,,,37.207,-1751906000.0,2250400000.0,2250400000.0,218616000.0,211425000.0,,2.085,10086984000.0,,,10086984000.0,0.0,162430000.0,0.0,0.02,0.65,295189000.0,457619000.0,0.746,457619000.0,295189000.0,177285000.0,1.14,1.14,1.14,5697298000.0,,5697298000.0,29358336460.0,33.0,19.214,-1526030000.0,-9.966,1.0,395091000.0,0.644,0.0,117904000.0,27723351000.0,,0.0,212853000.0,,,11878506000.0,,,19702411460.0,916415000.0,-3435000.0,393000.0,-539455000.0,-113950000.0,867407000.0,-176868000.0,-238000.0,225876000.0,0.0,177285000.0,177285000.0,177285000.0,0.0,34140000.0,0.289,186242000.0,208849000.0,243263000.0,0.57,3.458,44.414,45.473,15688744000.0,2646000.0,128.69,8.22,8.219,46595000.0,-762464000.0,613707000.0,613707000.0,0.0,,,,,5391000.0,23172000.0,1.0,153099786.0,153125000.0,153548000.0,4.008,19886767000.0,0.0,0.0,0.0,129.873,
27,BXP,MRQ,2014-09-30,2014-09-30,2014-09-30,2021-08-06,-9866000.0,18875160000.0,,,,,37.389,-41848000.0,999825000.0,999825000.0,222764000.0,150975000.0,,2.047,10655750000.0,,,10655750000.0,0.0,157245000.0,0.0,0.042,0.65,243679000.0,400924000.0,0.648,400924000.0,243679000.0,130371000.0,0.83,0.83,0.83,5725026000.0,,5725026000.0,27365411911.0,34.0,19.028,118836000.0,0.776,1.0,396039000.0,0.64,0.0,113308000.0,28531085000.0,,0.0,198983000.0,,,11721440000.0,,,17722626911.0,-189912000.0,284000.0,368000.0,-69823000.0,-113702000.0,-208911000.0,-141685000.0,-204000.0,160684000.0,0.0,130371000.0,130371000.0,130371000.0,0.0,20604000.0,0.211,181236000.0,214803000.0,253600000.0,0.783,3.096,49.549,50.772,15886276000.0,2647000.0,115.76,7.511,7.512,43210000.0,-148566000.0,618803000.0,618803000.0,0.0,,,,,5809000.0,22589000.0,1.0,153098021.0,153120000.0,153273000.0,4.041,18875160000.0,0.0,0.0,0.0,123.27,
28,BXP,MRQ,2014-06-30,2014-06-30,2014-06-30,2021-08-06,-10429000.0,18898533000.0,,,,,37.177,-151737000.0,1095824000.0,1095824000.0,209961000.0,95901000.0,,2.067,10738609000.0,,,10738609000.0,0.0,154628000.0,0.0,0.041,0.65,190122000.0,344750000.0,0.585,344750000.0,190122000.0,79145000.0,0.5,0.5,0.5,5691029000.0,,5691029000.0,27609705962.0,32.0,18.795,33047000.0,0.216,1.0,379833000.0,0.644,0.0,110977000.0,28541318000.0,,0.0,195866000.0,,,11762849000.0,,,18086383962.0,-142997000.0,-47523000.0,1689000.0,-5577000.0,-116282000.0,-128282000.0,-199499000.0,-239000.0,184784000.0,0.0,79145000.0,79145000.0,79145000.0,0.0,16756000.0,0.134,178560000.0,201273000.0,216080000.0,1.3,3.178,47.268,48.237,15894949000.0,2618000.0,118.18,7.822,7.824,51348000.0,-176929000.0,589794000.0,589794000.0,0.0,,,,,6519000.0,23271000.0,1.0,153040988.0,153078000.0,153238000.0,3.853,18898533000.0,0.0,0.0,0.0,123.457,
29,BXP,MRQ,2014-03-31,2014-03-31,2014-03-31,2021-08-06,-10989000.0,18979568000.0,,,,,37.261,-146086000.0,1233813000.0,1233813000.0,213185000.0,67756000.0,,2.074,10757135000.0,,,10757135000.0,0.0,154270000.0,0.0,0.042,0.65,170177000.0,324447000.0,0.565,324447000.0,170177000.0,56623000.0,0.35,0.35,0.35,5702070000.0,,5702070000.0,26622981768.0,22.0,14.652,-21877000.0,-0.143,1.0,361509000.0,0.629,0.0,113554000.0,28502890000.0,,0.0,145382000.0,,,11825385000.0,,,17523811768.0,-1185564000.0,113000.0,-527000.0,-661151000.0,-496330000.0,-1162701000.0,-147072000.0,-1099000.0,124209000.0,0.0,56623000.0,56623000.0,56623000.0,0.0,11133000.0,0.099,184612000.0,176897000.0,218028000.0,1.857,3.073,23.103,23.373,15860776000.0,2589000.0,114.53,7.85,7.851,37812000.0,-153979000.0,574694000.0,574694000.0,0.0,,,,,10380000.0,29905000.0,1.0,153006302.0,153030000.0,153169000.0,3.755,18979568000.0,0.0,0.0,0.0,124.025,
30,BXP,MRQ,2013-12-31,2013-12-31,2013-12-31,2021-08-06,-11556000.0,20176264000.0,,,,,37.572,-81765000.0,2422338000.0,2422338000.0,206076000.0,106312000.0,,2.261,11521508000.0,,,11521508000.0,0.0,155409000.0,0.0,0.048,2.9,212673000.0,368082000.0,0.639,368082000.0,212673000.0,91539000.0,0.6,0.6,0.6,5741153000.0,,5741153000.0,25184036543.0,21.0,14.292,145740000.0,0.954,1.0,370123000.0,0.642,0.0,121134000.0,29275434000.0,,0.0,156738000.0,,,12981725000.0,,,15344441543.0,723862000.0,2795000.0,14000.0,16439000.0,-113678000.0,575552000.0,-79195000.0,-225000.0,227505000.0,0.0,91539000.0,91539000.0,91539000.0,-536000.0,14773000.0,0.159,175131000.0,194992000.0,202470000.0,4.833,2.673,20.464,20.61,15817194000.0,2646000.0,100.37,7.185,7.153,59464000.0,-108552000.0,576199000.0,576199000.0,0.0,,,,,6154000.0,20656000.0,1.0,152878764.0,152804000.0,152941000.0,3.771,20176264000.0,0.0,0.0,0.0,132.04,
31,BXP,MRQ,2013-09-30,2013-09-30,2013-09-30,2021-08-06,-12122000.0,19519708000.0,,,,,37.289,-22833000.0,1694774000.0,1694774000.0,205868000.0,170436000.0,,2.219,11534369000.0,,,11534369000.0,0.0,154193000.0,0.0,0.024,0.65,277497000.0,431690000.0,0.755,431690000.0,277497000.0,155324000.0,1.0,1.0,1.0,5683060000.0,,5683060000.0,26172364183.0,23.0,15.552,192750000.0,1.265,1.0,365613000.0,0.64,0.0,122173000.0,29359303000.0,,0.0,144415000.0,,,12611391000.0,,,16290379183.0,32544000.0,21885000.0,346000.0,-16885000.0,-113989000.0,-181896000.0,-1143000.0,-195000.0,215583000.0,0.0,155324000.0,155324000.0,155324000.0,-1677000.0,15112000.0,0.272,178860000.0,186753000.0,215778000.0,0.65,2.866,22.508,22.745,15826599000.0,2647000.0,106.9,8.025,8.025,55393000.0,246206000.0,571481000.0,571481000.0,0.0,,,,,6537000.0,24841000.0,1.0,152388954.0,152407000.0,152692000.0,3.75,19519708000.0,0.0,0.0,0.0,128.076,
32,BXP,MRQ,2013-06-30,2013-06-30,2013-06-30,2021-08-06,-12689000.0,19462784000.0,,,,,37.021,-312161000.0,1663560000.0,1663560000.0,183353000.0,506761000.0,,2.235,11545545000.0,,,11545545000.0,0.0,134604000.0,0.0,0.024,0.65,558175000.0,692779000.0,1.358,692779000.0,558175000.0,455035000.0,2.95,2.94,2.95,5624848000.0,,5624848000.0,23911100699.0,23.0,15.679,-214752000.0,-1.413,1.0,326680000.0,0.641,0.0,103140000.0,29344769000.0,,0.0,152201000.0,,,12569374000.0,,,16004368699.0,699355000.0,280763000.0,-135000.0,745107000.0,-112511000.0,621257000.0,-19311000.0,12087000.0,97409000.0,0.0,455035000.0,455035000.0,455035000.0,-3315000.0,51726000.0,0.892,158307000.0,168373000.0,212998000.0,0.22,2.845,25.579,25.85,15835914000.0,2618000.0,105.47,8.313,8.323,66039000.0,192492000.0,510033000.0,510033000.0,0.0,,,,,6681000.0,24316000.0,1.0,151743327.0,151938000.0,152490000.0,3.357,19462784000.0,0.0,0.0,0.0,128.097,
33,BXP,MRQ,2013-03-31,2013-03-31,2013-03-31,2021-08-06,-13253000.0,15623279000.0,,,,,34.665,-432144000.0,964786000.0,964786000.0,176106000.0,57931000.0,,1.828,8871518000.0,,,8871518000.0,0.0,121191000.0,0.0,0.024,0.65,148433000.0,269624000.0,0.564,269624000.0,148433000.0,48000000.0,0.32,0.31,0.32,5256874000.0,,5256874000.0,23139881903.0,33.0,19.901,-194715000.0,-1.284,1.0,301720000.0,0.631,0.0,100433000.0,23530011000.0,,0.0,948939000.0,,,9608937000.0,,,15324671903.0,-132602000.0,-113000.0,-559000.0,-23687000.0,-110940000.0,62960000.0,-432991000.0,-734000.0,237429000.0,0.0,48000000.0,48000000.0,48000000.0,747000.0,9931000.0,0.1,173718000.0,128002000.0,210359000.0,2.031,2.915,52.987,52.635,12270705000.0,146000.0,101.06,8.123,8.123,75849000.0,-160697000.0,477826000.0,477826000.0,0.0,,,,,25783000.0,45516000.0,1.0,151639342.0,151646000.0,151952000.0,3.151,15623279000.0,0.0,0.0,0.0,103.025,
34,BXP,MRQ,2012-12-31,2012-12-31,2012-12-31,2021-08-06,-13817000.0,15462321000.0,,,,,33.753,-267095000.0,1097159000.0,1097159000.0,170358000.0,76608000.0,,1.887,8912369000.0,,,8912369000.0,0.0,120550000.0,0.0,0.022,0.65,168208000.0,288758000.0,0.613,288758000.0,168208000.0,65406000.0,0.43,0.43,0.43,5097065000.0,,5097065000.0,23358190592.0,33.0,20.229,-87832000.0,-0.582,1.0,300380000.0,0.638,0.0,102802000.0,23277531000.0,,0.0,954579000.0,,,9619033000.0,,,15962800592.0,-181237000.0,-5347000.0,-149000.0,-4834000.0,-93905000.0,-102580000.0,-257920000.0,-478000.0,179263000.0,0.0,65406000.0,65406000.0,65406000.0,-4210000.0,11202000.0,0.139,134378000.0,166002000.0,199102000.0,1.512,3.132,55.111,54.824,11959168000.0,0.0,105.81,8.642,8.599,69555000.0,-109985000.0,470738000.0,470738000.0,0.0,,,,,4820000.0,17921000.0,1.0,150862873.0,151011000.0,151410000.0,3.117,15462321000.0,0.0,0.0,0.0,102.392,
35,BXP,MRQ,2012-09-30,2012-09-30,2012-09-30,2021-08-06,-14379000.0,15141943000.0,,,,,33.948,-198697000.0,1255468000.0,1255468000.0,172579000.0,65522000.0,,1.826,8650858000.0,,,8650858000.0,0.0,111554000.0,0.0,0.02,0.55,162279000.0,273833000.0,0.587,273833000.0,162279000.0,57249000.0,0.38,0.38,0.38,5119356000.0,,5119356000.0,23868722439.0,32.0,20.232,-66091000.0,-0.438,1.0,294101000.0,0.63,0.0,105030000.0,22537333000.0,,0.0,958688000.0,,,9345416000.0,,,16675893439.0,-448782000.0,-42000.0,-757000.0,-253439000.0,-93725000.0,-367690000.0,-213698000.0,41000.0,132606000.0,0.0,57249000.0,57249000.0,57249000.0,-1550000.0,8273000.0,0.123,133410000.0,160691000.0,193492000.0,1.447,3.257,51.219,50.507,11534066000.0,0.0,110.61,9.235,9.238,45039000.0,-59621000.0,466680000.0,466680000.0,0.0,,,,,6746000.0,21617000.0,1.0,150762982.0,150801000.0,151983000.0,3.095,15141943000.0,0.0,0.0,0.0,100.41,
36,BXP,MRQ,2012-06-30,2012-06-30,2012-06-30,2021-08-06,-14978000.0,15280629000.0,,,,,34.156,-47758000.0,1703378000.0,1703378000.0,167788000.0,134174000.0,,1.855,8896207000.0,,,8896207000.0,0.0,112075000.0,0.0,0.02,0.55,218460000.0,330535000.0,0.701,330535000.0,218460000.0,118559000.0,0.79,0.78,0.79,5134054000.0,,5134054000.0,23574229198.0,32.0,19.96,114061000.0,0.759,1.0,303561000.0,0.644,0.0,99901000.0,22473458000.0,,0.0,964105000.0,,,9523357000.0,,,16235496198.0,1080801000.0,2722000.0,138216000.0,928444000.0,-92957000.0,965286000.0,-46304000.0,-1268000.0,161819000.0,0.0,118559000.0,118559000.0,118559000.0,-218000.0,15615000.0,0.252,130242000.0,173319000.0,163496000.0,0.696,3.162,47.91,47.323,11365172000.0,0.0,108.37,9.077,9.107,43507000.0,-34463000.0,471349000.0,471349000.0,0.0,,,,,6755000.0,19066000.0,1.0,149815412.0,150312000.0,150694000.0,3.136,15280629000.0,0.0,0.0,0.0,101.659,
37,BXP,MRQ,2012-03-31,2012-03-31,2012-03-31,2021-08-06,-15558000.0,14212857000.0,,,,,33.457,-758541000.0,621893000.0,621893000.0,161941000.0,55835000.0,,1.741,7960626000.0,,,7960626000.0,0.0,109865000.0,0.0,0.02,0.55,151691000.0,261556000.0,0.589,261556000.0,151691000.0,48454000.0,0.33,0.33,0.33,4963152000.0,,4963152000.0,22408517510.0,33.0,20.072,-589280000.0,-3.972,1.0,281752000.0,0.635,0.0,103237000.0,21551590000.0,,0.0,959747000.0,,,8641505000.0,,,15567919510.0,-1232012000.0,10000.0,109943000.0,-657953000.0,-92312000.0,-641163000.0,-760110000.0,-1579000.0,169261000.0,0.0,48454000.0,48454000.0,48454000.0,-570000.0,7381000.0,0.109,138185000.0,143567000.0,165441000.0,1.667,3.137,55.495,54.969,11352574000.0,0.0,104.99,8.89,8.894,68275000.0,-70609000.0,443693000.0,443693000.0,0.0,,,,,11358000.0,27619000.0,1.0,148280022.0,148343000.0,148746000.0,2.991,14212857000.0,0.0,0.0,0.0,95.811,
38,BXP,MRQ,2011-12-31,2011-12-31,2011-12-31,2021-08-06,-16138000.0,14782966000.0,,,,,32.933,-195831000.0,1863540000.0,1863540000.0,144444000.0,115443000.0,,1.914,8704138000.0,,,8704138000.0,0.0,109181000.0,0.0,0.021,0.55,204628000.0,313809000.0,0.74,313809000.0,204628000.0,101320000.0,0.69,0.68,0.69,4865998000.0,,4865998000.0,21554458977.0,32.0,19.535,-32362000.0,-0.219,1.0,279496000.0,0.659,0.0,103308000.0,21623564000.0,,0.0,959712000.0,,,9313798000.0,,,14703878977.0,760184000.0,140402000.0,113000.0,747666000.0,-83996000.0,656409000.0,-59694000.0,-4265000.0,163469000.0,0.0,101320000.0,101320000.0,101320000.0,-10936000.0,14123000.0,0.239,129116000.0,150380000.0,155139000.0,0.797,3.022,53.924,53.262,10746486000.0,0.0,99.6,8.535,8.423,79838000.0,-53080000.0,423940000.0,423940000.0,0.0,,,,,5970000.0,26820000.0,1.0,147629307.0,147754000.0,147997000.0,2.869,14782966000.0,0.0,0.0,0.0,100.051,
39,BXP,MRQ,2011-09-30,2011-09-30,2011-09-30,2021-08-06,-16717000.0,13980798000.0,,,,,32.825,-106448000.0,1099783000.0,1099783000.0,159808000.0,80451000.0,,1.77,7950363000.0,,,7950363000.0,0.0,109495000.0,0.0,0.022,0.5,165659000.0,275154000.0,0.612,275154000.0,165659000.0,70542000.0,0.48,0.48,0.48,4825536000.0,,4825536000.0,19947822177.0,37.0,20.735,46310000.0,0.315,1.0,289895000.0,0.645,0.0,95117000.0,20831378000.0,,0.0,1056153000.0,,,8540985000.0,,,13089202177.0,282440000.0,-1151000.0,45067000.0,12065000.0,-83771000.0,-30022000.0,159704000.0,-197000.0,152758000.0,0.0,70542000.0,70542000.0,70542000.0,-20000.0,9909000.0,0.157,126065000.0,163830000.0,172928000.0,1.042,2.712,82.397,81.743,10639176000.0,0.0,89.1,7.765,7.77,47554000.0,-72941000.0,449703000.0,449703000.0,0.0,,,,,5937000.0,16917000.0,1.0,146904626.0,147006000.0,147622000.0,3.059,13980798000.0,0.0,0.0,0.0,95.104,
40,BXP,MRQ,2011-06-30,2011-06-30,2011-06-30,2021-08-06,-17294000.0,13884212000.0,,,,,32.619,-47049000.0,1083023000.0,1083023000.0,149914000.0,69738000.0,,1.785,7941643000.0,,,7941643000.0,0.0,111080000.0,0.0,0.019,0.5,154797000.0,265877000.0,0.613,265877000.0,154797000.0,60214000.0,0.41,0.41,0.41,4757914000.0,,4757914000.0,22340783584.0,42.0,24.21,110768000.0,0.759,1.0,283953000.0,0.654,0.0,94583000.0,20742832000.0,,0.0,1058852000.0,,,8492017000.0,,,15456516584.0,33279000.0,-15484000.0,55027000.0,-21056000.0,-83388000.0,-55461000.0,-69077000.0,-6544000.0,157817000.0,0.0,60214000.0,60214000.0,60214000.0,132000.0,9524000.0,0.139,130341000.0,153612000.0,173257000.0,1.22,3.249,105.88,104.078,10584621000.0,0.0,106.16,9.526,9.544,44470000.0,-69537000.0,433867000.0,433867000.0,0.0,,,,,5909000.0,18721000.0,1.0,145596426.0,145864000.0,146695000.0,2.974,13884212000.0,0.0,0.0,0.0,95.186,
41,BXP,MRQ,2011-03-31,2011-03-31,2011-03-31,2021-08-06,-17867000.0,13835473000.0,,,,,33.049,-129102000.0,1052997000.0,1052997000.0,145369000.0,48194000.0,,1.808,7937264000.0,,,7937264000.0,0.0,109428000.0,0.0,0.021,0.5,139338000.0,248766000.0,0.596,248766000.0,139338000.0,40813000.0,0.29,0.29,0.29,4696042000.0,,4696042000.0,20454869540.0,38.0,22.817,3182000.0,0.022,1.0,271845000.0,0.652,0.0,98525000.0,20719740000.0,,0.0,772322000.0,,,8490362000.0,,,13455847540.0,268357000.0,-1232000.0,348497000.0,-8777000.0,-81442000.0,257102000.0,-121029000.0,-695000.0,132284000.0,0.0,40813000.0,40813000.0,40813000.0,497000.0,7381000.0,0.098,133952000.0,137893000.0,171617000.0,1.724,2.865,91.425,90.333,10597044000.0,0.0,94.85,8.503,8.517,324740000.0,-56479000.0,417214000.0,417214000.0,0.0,,,,,11856000.0,24643000.0,1.0,141864497.0,142095000.0,142504000.0,2.936,13835473000.0,0.0,0.0,0.0,97.368,
42,BXP,MRQ,2010-12-31,2010-12-31,2010-12-31,2021-08-06,-18436000.0,13348263000.0,,,,,31.208,-406801000.0,786979000.0,786979000.0,129446000.0,-12756000.0,,1.905,7786001000.0,,,7786001000.0,0.0,92763000.0,0.0,0.023,0.5,79478000.0,172241000.0,0.447,172241000.0,79478000.0,-12714000.0,-0.09,-0.09,-0.09,4372643000.0,,4372643000.0,17937157182.0,33.0,20.487,-363762000.0,-2.596,1.0,255542000.0,0.664,0.0,92192000.0,20347285000.0,,0.0,1045984000.0,,,8328418000.0,,,12063116182.0,-791126000.0,21372000.0,221000.0,-331248000.0,-81433000.0,-448597000.0,-385568000.0,-139000.0,43039000.0,0.0,-12714000.0,-12714000.0,-12714000.0,-1442000.0,-42000.0,-0.033,108093000.0,147449000.0,161592000.0,-5.556,2.759,75.834,75.526,10441117000.0,0.0,86.1,7.816,7.779,60813000.0,-24763000.0,384988000.0,384988000.0,0.0,,,,,6127000.0,16859000.0,1.0,140105879.0,140115000.0,140606000.0,2.748,13348263000.0,0.0,0.0,0.0,95.266,
43,BXP,MRQ,2010-09-30,2010-09-30,2010-09-30,2021-08-06,-19530000.0,13048836000.0,,,,,31.963,-191825000.0,1570845000.0,1570845000.0,134235000.0,68089000.0,,1.774,7444886000.0,,,7444886000.0,0.0,81133000.0,0.0,0.024,0.5,154771000.0,235904000.0,0.611,235904000.0,154771000.0,57668000.0,0.41,0.41,0.41,4461911000.0,,4461911000.0,17083130785.0,29.0,18.488,-69475000.0,-0.498,1.0,252175000.0,0.653,0.0,97103000.0,18922877000.0,,0.0,800345000.0,,,7915091000.0,,,11582660785.0,-433374000.0,1839000.0,15879000.0,2157000.0,-81208000.0,-65584000.0,-490140000.0,-22654000.0,122350000.0,0.0,57668000.0,57668000.0,57668000.0,0.0,10421000.0,0.149,101093000.0,151082000.0,199534000.0,1.22,2.596,51.432,51.627,9529710000.0,0.0,83.12,7.56,7.573,383655000.0,58051000.0,386410000.0,386410000.0,0.0,,,,,6380000.0,18067000.0,1.0,139348662.0,139595000.0,140193000.0,2.768,13048836000.0,0.0,0.0,0.0,93.476,
44,BXP,MRQ,2010-06-30,2010-06-30,2010-06-30,2021-08-06,-20155000.0,12787701000.0,,,,,31.941,-132486000.0,1728830000.0,1728830000.0,129373000.0,72487000.0,,1.725,7229300000.0,,,7229300000.0,0.0,81400000.0,0.0,0.028,0.5,158167000.0,239567000.0,0.608,239567000.0,158167000.0,61412000.0,0.44,0.44,0.44,4443377000.0,,4443377000.0,15351204190.0,26.0,16.885,17924000.0,0.129,1.0,264468000.0,0.672,0.0,96755000.0,18288171000.0,,0.0,801676000.0,,,7663109000.0,,,9917545190.0,483056000.0,-22000.0,5205000.0,547306000.0,-81094000.0,465266000.0,-132620000.0,-112000.0,150410000.0,0.0,61412000.0,61412000.0,61412000.0,0.0,11075000.0,0.156,99048000.0,165420000.0,177000000.0,1.136,2.232,42.504,42.719,9175766000.0,0.0,71.34,6.512,6.516,368602000.0,70426000.0,393841000.0,393841000.0,0.0,,,,,6334000.0,17648000.0,1.0,139018015.0,139113000.0,139826000.0,2.831,12787701000.0,0.0,0.0,0.0,91.923,
45,BXP,MRQ,2010-03-31,2010-03-31,2010-03-31,2021-08-06,-21145000.0,12251342000.0,,,,,31.938,-119407000.0,1241240000.0,1241240000.0,130253000.0,62507000.0,,1.607,6674899000.0,,,6674899000.0,0.0,83075000.0,0.0,0.027,0.5,144743000.0,227818000.0,0.603,227818000.0,144743000.0,52714000.0,0.38,0.38,0.38,4437243000.0,,4437243000.0,15732551254.0,27.0,17.434,-59313000.0,-0.427,1.0,247818000.0,0.655,0.0,92029000.0,17685001000.0,,0.0,805753000.0,,,7130209000.0,,,10483580254.0,-228541000.0,-36093000.0,849000.0,-55087000.0,-80951000.0,-135689000.0,-152946000.0,2554000.0,60094000.0,0.0,52714000.0,52714000.0,52714000.0,0.0,9793000.0,0.139,102697000.0,145121000.0,189633000.0,1.316,2.363,43.851,42.621,9112760000.0,0.0,75.44,6.903,6.901,372085000.0,78645000.0,378071000.0,378071000.0,0.0,,,,,14011000.0,26822000.0,1.0,138965804.0,138931000.0,139597000.0,2.721,12251342000.0,0.0,0.0,0.0,88.183,
46,BXP,MRQ,2009-12-31,2009-12-31,2009-12-31,2021-08-06,-21777000.0,12348703000.0,,,,,32.022,-118641000.0,1470800000.0,1470800000.0,131905000.0,62746000.0,,1.625,6719771000.0,,,6719771000.0,0.0,79125000.0,0.0,0.033,0.5,141590000.0,220715000.0,0.59,220715000.0,141590000.0,53410000.0,0.38,0.38,0.38,4446002000.0,,4446002000.0,14510091226.0,26.0,16.573,50819000.0,0.366,1.0,241948000.0,0.647,0.0,88180000.0,17597674000.0,,0.0,773582000.0,,,7223992000.0,,,9303888226.0,666827000.0,-675000.0,3797000.0,699321000.0,-80896000.0,615683000.0,-118316000.0,1000000.0,169460000.0,0.0,53410000.0,53410000.0,53410000.0,0.0,9336000.0,0.143,98631000.0,143317000.0,220089000.0,1.316,2.093,40.274,38.108,9065881000.0,0.0,67.07,6.128,5.789,363240000.0,95433000.0,373853000.0,373853000.0,0.0,,,,,6500000.0,19506000.0,1.0,138719073.0,138844000.0,139543000.0,2.693,12348703000.0,0.0,0.0,0.0,88.939,
47,BXP,MRQ,2009-09-30,2009-09-30,2009-09-30,2021-08-06,-22411000.0,11631777000.0,,,,,32.102,-127700000.0,802787000.0,802787000.0,134438000.0,77650000.0,,1.46,6008990000.0,,,6008990000.0,0.0,78181000.0,0.0,0.036,0.5,142885000.0,221066000.0,0.586,221066000.0,142885000.0,65795000.0,0.47,0.47,0.47,4450591000.0,,4450591000.0,14200317963.0,36.0,19.843,3279000.0,0.024,1.0,242865000.0,0.644,0.0,77090000.0,16837980000.0,,0.0,782603000.0,,,6499359000.0,,,9084155963.0,-37139000.0,-3674000.0,3226000.0,39900000.0,-80740000.0,-38798000.0,-129320000.0,2054000.0,130979000.0,0.0,65795000.0,65795000.0,65795000.0,0.0,11855000.0,0.174,98170000.0,144695000.0,229177000.0,1.064,2.041,113.829,117.054,9020214000.0,0.0,65.55,5.993,5.996,341845000.0,111463000.0,377303000.0,377303000.0,0.0,,,,,6483000.0,19989000.0,1.0,138583615.0,138641000.0,139225000.0,2.721,11631777000.0,0.0,0.0,0.0,83.899,
48,BXP,MRQ,2009-06-30,2009-06-30,2009-06-30,2021-08-06,-28464000.0,11580664000.0,,,,,35.477,-105135000.0,841534000.0,841534000.0,130089000.0,80073000.0,,1.453,5957696000.0,,,5957696000.0,0.0,87005000.0,0.0,0.053,0.5,145785000.0,232790000.0,0.598,232790000.0,145785000.0,67152000.0,0.54,0.53,0.54,4444056000.0,,4444056000.0,11734603211.0,32.0,17.065,101666000.0,0.812,1.0,259401000.0,0.666,0.0,78633000.0,16696826000.0,,0.0,783492000.0,,,6455103000.0,,,5785012211.0,675456000.0,-345000.0,843080000.0,-166076000.0,-98040000.0,574706000.0,-106051000.0,-571000.0,206801000.0,0.0,67152000.0,67152000.0,67152000.0,0.0,12921000.0,0.172,105537000.0,153864000.0,223909000.0,0.926,1.302,101.333,106.0,8960285000.0,0.0,47.7,3.866,3.993,348495000.0,115027000.0,389490000.0,389490000.0,0.0,,,,,6559000.0,18532000.0,1.0,121279082.0,125267000.0,125620000.0,3.109,11580664000.0,0.0,0.0,0.0,92.448,
49,BXP,MRQ,2009-03-31,2009-03-31,2009-03-31,2021-08-06,-29202000.0,10871936000.0,,,,,30.078,-91368000.0,163209000.0,163209000.0,129333000.0,54030000.0,,1.808,6112800000.0,,,6112800000.0,0.0,77370000.0,0.0,0.078,0.68,123528000.0,200898000.0,0.532,200898000.0,123528000.0,44598000.0,0.37,0.37,0.37,3647168000.0,,3647168000.0,10256383420.0,28.0,15.217,18768000.0,0.155,1.0,248211000.0,0.657,0.0,78930000.0,16821527000.0,,0.0,790744000.0,,,6594607000.0,,,4247947420.0,-97721000.0,-3141000.0,521000.0,-15937000.0,-97652000.0,-114943000.0,-92914000.0,1595000.0,110136000.0,0.0,44598000.0,44598000.0,44598000.0,0.0,9432000.0,0.118,122556000.0,125655000.0,200269000.0,1.838,1.165,64.933,64.87,8898077000.0,0.0,35.03,2.879,2.879,339116000.0,117082000.0,377544000.0,377544000.0,0.0,,,,,7094000.0,17420000.0,1.0,121265984.0,121256000.0,121468000.0,3.114,10871936000.0,0.0,0.0,0.0,89.661,
50,BXP,MRQ,2008-12-31,2008-12-31,2008-12-31,2021-08-06,-24291000.0,10917476000.0,,,,,30.539,-112511000.0,263480000.0,263480000.0,132325000.0,-112621000.0,,1.79,6092884000.0,,,6092884000.0,0.0,79766000.0,0.0,0.049,0.68,-18878000.0,60888000.0,0.164,60888000.0,-18878000.0,-97740000.0,-0.82,-0.8,-0.82,3688993000.0,,3688993000.0,12665821585.0,32.0,17.972,87117000.0,0.721,1.0,239017000.0,0.644,0.0,78862000.0,16746880000.0,,0.0,794350000.0,,,6602719000.0,,,6644266585.0,185913000.0,-5434000.0,38141000.0,157369000.0,-96943000.0,90523000.0,-104238000.0,1768000.0,199628000.0,0.0,-97740000.0,-97740000.0,-97740000.0,0.0,-14881000.0,-0.263,96318000.0,142699000.0,171791000.0,-0.829,1.801,63.116,62.5,8856422000.0,0.0,55.0,4.522,4.491,338743000.0,154953000.0,371342000.0,371342000.0,0.0,,,,,5572000.0,16552000.0,1.0,120804847.0,120796000.0,121488000.0,3.074,10917476000.0,0.0,0.0,0.0,90.379,
51,BXP,MRQ,2008-09-30,2008-09-30,2008-09-30,2021-08-06,-37445000.0,10873334000.0,,,,,30.417,-236574000.0,89908000.0,89908000.0,134033000.0,52353000.0,,1.808,6111463000.0,,,6111463000.0,0.0,75321000.0,0.0,0.093,0.68,117741000.0,193062000.0,0.539,193062000.0,117741000.0,43079000.0,0.36,0.35,0.36,3644872000.0,,3644872000.0,16553607410.0,27.0,18.18,-121876000.0,-1.017,1.0,223955000.0,0.626,0.0,74662000.0,16894889000.0,,0.0,989556000.0,,,6589291000.0,,,11221472410.0,-56513000.0,-373590000.0,495000.0,511680000.0,-96940000.0,412620000.0,-583831000.0,3272000.0,114698000.0,0.0,43079000.0,43079000.0,43079000.0,0.0,9274000.0,0.12,94079000.0,129876000.0,164986000.0,1.889,3.079,35.888,35.079,8791304000.0,0.0,93.66,7.588,7.589,327554000.0,366482000.0,357988000.0,357988000.0,0.0,,,,,6470000.0,18758000.0,1.0,119810724.0,119832000.0,121369000.0,2.987,10873334000.0,0.0,0.0,0.0,90.738,
52,BXP,MRQ,2008-06-30,2008-06-30,2008-06-30,2021-08-06,-41868000.0,10387925000.0,,,,,30.88,-109741000.0,171754000.0,171754000.0,125552000.0,90125000.0,,1.63,5503889000.0,,,5503889000.0,0.0,74389000.0,0.0,0.096,0.68,144785000.0,219174000.0,0.594,219174000.0,144785000.0,75483000.0,0.63,0.62,0.63,3697997000.0,,3697997000.0,15474867663.0,19.0,14.05,37621000.0,0.314,1.0,243128000.0,0.659,0.0,69302000.0,15720060000.0,,0.0,627068000.0,,,6026615000.0,,,10799318663.0,-682533000.0,-444836000.0,302000.0,-26666000.0,-105494000.0,-108334000.0,-721561000.0,103016000.0,147362000.0,0.0,75483000.0,75483000.0,75483000.0,0.0,14642000.0,0.205,91856000.0,151272000.0,183192000.0,1.079,2.92,21.094,20.836,8619040000.0,0.0,90.22,7.25,7.254,312116000.0,399502000.0,368680000.0,368680000.0,0.0,,,,,5631000.0,17467000.0,1.0,119699830.0,119753000.0,121315000.0,3.079,10387925000.0,0.0,0.0,0.0,86.745,
53,BXP,MRQ,2008-03-31,2008-03-31,2008-03-31,2021-08-06,-53091000.0,10349487000.0,,,,,30.656,5756000.0,852283000.0,852283000.0,123630000.0,100866000.0,,1.646,5527832000.0,,,5527832000.0,0.0,74671000.0,0.0,0.094,0.68,156978000.0,231649000.0,0.624,231649000.0,156978000.0,84482000.0,0.71,0.7,0.71,3664437000.0,,3664437000.0,14799762097.0,18.0,13.063,109379000.0,0.915,1.0,247802000.0,0.667,0.0,72496000.0,15025036000.0,,0.0,176346000.0,,,6030538000.0,,,11001356097.0,-712278000.0,-72167000.0,-1528000.0,32970000.0,-936390000.0,-905452000.0,89551000.0,29641000.0,103623000.0,0.0,84482000.0,84482000.0,84482000.0,0.0,16384000.0,0.227,94259000.0,153543000.0,128769000.0,0.958,3.002,20.417,20.191,8527908000.0,0.0,92.07,7.369,7.371,134580000.0,401410000.0,371432000.0,371432000.0,0.0,,,,,5433000.0,19588000.0,1.0,119489042.0,119536000.0,121022000.0,3.107,10349487000.0,0.0,0.0,0.0,86.581,
54,BXP,MRQ,2007-12-31,2007-12-31,2007-12-31,2021-08-06,-29191000.0,11192637000.0,,,,,30.776,-295906000.0,1693760000.0,1693760000.0,125524000.0,352909000.0,,1.873,5492166000.0,,,5492166000.0,0.0,71655000.0,0.0,0.095,6.66,195016000.0,266671000.0,0.7,266671000.0,195016000.0,109634000.0,0.97,0.96,0.97,3668825000.0,,3668825000.0,14446996148.0,9.0,7.595,-117375000.0,-0.985,1.0,255265000.0,0.67,0.0,85382000.0,14991043000.0,,0.0,104256000.0,,,6869920000.0,,,10949761148.0,-387277000.0,757000.0,8958000.0,-80572000.0,-96339000.0,-86754000.0,-479054000.0,-22584000.0,178531000.0,0.0,109634000.0,109634000.0,109634000.0,-1933510.0,243275000.0,0.288,88015000.0,167250000.0,145692000.0,6.866,2.985,8.358,8.362,8718188000.0,0.0,91.81,7.387,7.361,58074000.0,394324000.0,380789000.0,380789000.0,0.0,,,,,3040000.0,16594000.0,1.0,119265452.0,119211000.0,120840000.0,3.194,11192637000.0,0.0,0.0,0.0,93.889,
55,BXP,MRQ,2007-09-30,2007-09-30,2007-09-30,2021-08-06,-6342000.0,10985621000.0,,,,,36.534,186660000.0,1912033000.0,1912033000.0,119781000.0,242370000.0,,1.353,5409268000.0,,,5409268000.0,0.0,71616000.0,0.0,0.078,0.68,312299000.0,383915000.0,1.042,383915000.0,312299000.0,242370000.0,2.02,1.99,2.02,4347882000.0,,4347882000.0,16079304797.0,10.0,8.699,327927000.0,2.755,1.0,248803000.0,0.675,0.0,69929000.0,14482856000.0,,0.0,102488000.0,,,5884119000.0,,,12367685797.0,8880000.0,-10582000.0,995000.0,-213928000.0,-96262000.0,-308465000.0,176078000.0,0.0,141267000.0,0.0,242370000.0,242370000.0,242370000.0,-1356990.0,0.0,0.658,91105000.0,157698000.0,133714000.0,0.337,2.845,9.726,9.656,8315692000.0,0.0,103.9,8.505,8.503,43199000.0,1065993000.0,368584000.0,368584000.0,0.0,,,,,3047000.0,20189000.0,1.0,119034512.0,119010000.0,120655000.0,3.097,10985621000.0,0.0,0.0,0.0,92.308,
56,BXP,MRQ,2007-06-30,2007-06-30,2007-06-30,2021-08-06,-3338000.0,10994602000.0,,,,,34.998,-82829000.0,1907983000.0,1907983000.0,119415000.0,102344000.0,,1.465,5619602000.0,,,5619602000.0,0.0,74621000.0,0.0,0.08,0.68,176087000.0,250708000.0,0.674,250708000.0,176087000.0,102344000.0,0.86,0.84,0.86,4163344000.0,,4163344000.0,15853387351.0,11.0,9.23,103851000.0,0.873,1.0,252798000.0,0.679,0.0,73743000.0,14706221000.0,,0.0,92944000.0,,,6100215000.0,,,12153918351.0,-131018000.0,14984000.0,645000.0,-120308000.0,-105369000.0,-249853000.0,-67845000.0,0.0,186680000.0,0.0,102344000.0,102344000.0,102344000.0,-1356890.0,0.0,0.275,90212000.0,162586000.0,123910000.0,0.791,2.919,10.687,10.562,8337015000.0,0.0,102.13,8.411,8.407,48398000.0,904417000.0,372213000.0,372213000.0,0.0,,,,,3057000.0,16291000.0,1.0,119004390.0,118961000.0,120984000.0,3.129,10994602000.0,0.0,0.0,0.0,92.422,
57,BXP,MRQ,2007-03-31,2007-03-31,2007-03-31,2021-08-06,-3239000.0,11085740000.0,,,,,35.012,955193000.0,2036670000.0,2036670000.0,118885000.0,854307000.0,,1.504,5736139000.0,,,5736139000.0,0.0,71086000.0,0.0,0.069,0.68,928233000.0,999319000.0,2.77,999319000.0,928233000.0,854307000.0,7.14,6.99,7.14,4137609000.0,,4137609000.0,17813371816.0,9.0,7.956,1080369000.0,9.142,1.0,241818000.0,0.67,0.0,73926000.0,14785209000.0,,0.0,91955000.0,,,6221194000.0,,,13964006816.0,1290548000.0,-9717000.0,12881000.0,1066134000.0,-845500000.0,219896000.0,945476000.0,0.0,125176000.0,0.0,854307000.0,854307000.0,854307000.0,-2624610.0,0.0,2.368,86580000.0,155238000.0,101188000.0,0.095,3.375,8.409,8.303,8308750000.0,0.0,117.4,9.76,9.697,50799000.0,881733000.0,360703000.0,360703000.0,0.0,,,,,3214000.0,16808000.0,1.0,118943840.0,118177000.0,120647000.0,3.052,11085740000.0,0.0,0.0,0.0,93.806,
58,BXP,MRQ,2006-12-31,2006-12-31,2006-12-31,2021-08-06,-3323000.0,9695022000.0,,,,,27.568,-261255000.0,751572000.0,751572000.0,112795000.0,72642000.0,,1.814,4600937000.0,,,4600937000.0,0.0,70452000.0,0.0,0.073,6.08,144065000.0,214517000.0,0.608,214517000.0,144065000.0,72642000.0,0.74,0.72,0.74,3223226000.0,,3223226000.0,16733133365.0,14.0,11.551,-116313000.0,-0.995,1.0,239874000.0,0.68,0.0,71423000.0,13544387000.0,,0.0,83711000.0,,,5848288000.0,,,13070272365.0,-323238000.0,-665000.0,25339000.0,-136080000.0,-95578000.0,-206260000.0,-261920000.0,0.0,144942000.0,0.0,72642000.0,72642000.0,72642000.0,-8875920.0,0.0,0.206,83120000.0,156754000.0,102934000.0,8.216,4.055,14.961,14.682,8160403000.0,0.0,111.88,9.22,9.054,57052000.0,108155000.0,352669000.0,352669000.0,0.0,,,,,2097000.0,16198000.0,1.0,116824029.0,116917000.0,119213000.0,3.016,9695022000.0,0.0,0.0,0.0,82.922,
59,BXP,MRQ,2006-09-30,2006-09-30,2006-09-30,2021-08-06,-807000.0,9777509000.0,,,,,33.063,-157764000.0,1070462000.0,1070462000.0,117515000.0,107962000.0,,1.366,4733323000.0,,,4733323000.0,0.0,71548000.0,0.0,0.026,0.68,181533000.0,253081000.0,0.704,253081000.0,181533000.0,107962000.0,0.93,0.91,0.93,3816529000.0,,3816529000.0,15380191589.0,12.0,10.055,-31437000.0,-0.272,1.0,241982000.0,0.673,0.0,73571000.0,13440370000.0,,0.0,83485000.0,,,5214564000.0,,,11811430589.0,678630000.0,31098000.0,5240000.0,-102253000.0,-94599000.0,-193094000.0,745397000.0,0.0,126327000.0,0.0,107962000.0,107962000.0,107962000.0,-3370970.0,0.0,0.3,83297000.0,158685000.0,103581000.0,0.731,3.095,12.364,12.541,7935166000.0,0.0,103.34,8.581,8.666,42128000.0,749940000.0,359497000.0,359497000.0,0.0,,,,,1950000.0,12739000.0,1.0,114296793.0,115432000.0,117728000.0,3.114,9777509000.0,0.0,0.0,0.0,84.704,
60,BXP,MRQ,2006-06-30,2006-06-30,2006-06-30,2021-08-06,19583000.0,9710516000.0,,,,,31.313,979892000.0,1264640000.0,1264640000.0,115246000.0,625731000.0,,1.489,4833401000.0,,,4833401000.0,0.0,67912000.0,0.0,0.058,0.68,704180000.0,772092000.0,2.157,772092000.0,704180000.0,625731000.0,5.33,5.23,5.33,3569444000.0,,3569444000.0,14960196397.0,12.0,10.138,1153627000.0,10.12,1.0,242665000.0,0.678,0.0,78449000.0,13279277000.0,,0.0,96962000.0,,,5316205000.0,,,10319412397.0,338182000.0,424000.0,30307000.0,408931000.0,-94665000.0,338958000.0,-174511000.0,-282764000.0,173735000.0,0.0,625731000.0,625731000.0,625731000.0,-3243970.0,0.0,1.748,82873000.0,159792000.0,90748000.0,0.128,2.891,11.404,11.56,7685466000.0,0.0,90.4,7.499,7.488,35814000.0,720322000.0,357911000.0,357911000.0,0.0,,,,,1983000.0,15796000.0,1.0,114152792.0,113994000.0,116176000.0,3.14,9710516000.0,0.0,0.0,0.0,85.184,
61,BXP,MRQ,2006-03-31,2006-03-31,2006-03-31,2021-08-06,7541000.0,8690401000.0,,,,,26.119,-71919000.0,55929000.0,55929000.0,117115000.0,67737000.0,,1.707,4696713000.0,,,4696713000.0,0.0,66847000.0,0.0,0.056,0.68,142554000.0,209401000.0,0.603,209401000.0,142554000.0,67737000.0,0.6,0.59,0.6,2938656000.0,,2938656000.0,15041793131.0,20.0,14.826,11056000.0,0.098,1.0,230435000.0,0.663,0.0,74817000.0,13331185000.0,,0.0,98836000.0,,,5016560000.0,,,10502653131.0,-229282000.0,-7291000.0,2532000.0,-129642000.0,-106771000.0,-233047000.0,-79210000.0,0.0,82975000.0,0.0,67737000.0,67737000.0,67737000.0,-619000.0,0.0,0.195,80647000.0,149788000.0,86938000.0,1.133,3.574,23.619,23.608,7840270000.0,0.0,93.25,7.632,7.624,41458000.0,173129000.0,347550000.0,347550000.0,0.0,,,,,2548000.0,14642000.0,1.0,112628988.0,112509000.0,115157000.0,3.089,8690401000.0,0.0,0.0,0.0,77.242,
62,BXP,MRQ,2005-12-31,2005-12-31,2005-12-31,2021-08-06,-8881000.0,8902368000.0,,,,,25.966,127056000.0,287114000.0,287114000.0,95514000.0,153891000.0,,1.798,4826254000.0,,,4826254000.0,0.0,66353000.0,0.0,0.07,0.68,228695000.0,295048000.0,0.947,295048000.0,228695000.0,153891000.0,1.38,1.35,1.38,2917346000.0,,2917346000.0,12784056783.0,17.0,12.607,294632000.0,2.622,1.0,216050000.0,0.693,0.0,74804000.0,13441508000.0,,0.0,90207000.0,,,5245754000.0,,,8340318783.0,-189081000.0,3980000.0,1067000.0,-94674000.0,-429992000.0,-525193000.0,168536000.0,37500000.0,167576000.0,0.0,153891000.0,153891000.0,153891000.0,-14146510.0,0.0,0.494,73576000.0,142474000.0,109823000.0,0.493,2.859,19.029,18.815,7886102000.0,0.0,74.13,6.031,5.965,52668000.0,182105000.0,311564000.0,311564000.0,0.0,,,,,1749000.0,13136000.0,1.0,112509359.0,112351000.0,114651000.0,2.773,8902368000.0,0.0,0.0,0.0,79.237,
63,BXP,MRQ,2005-09-30,2005-09-30,2005-09-30,2021-08-06,-12022000.0,9183888000.0,,,,,25.362,-90837000.0,478129000.0,478129000.0,123372000.0,57551000.0,,1.984,4921867000.0,,,4921867000.0,0.0,65907000.0,0.0,0.073,3.18,133251000.0,199158000.0,0.555,199158000.0,133251000.0,57551000.0,0.51,0.5,0.51,2834808000.0,,2834808000.0,12275861331.0,19.0,13.21,8860000.0,0.079,1.0,235722000.0,0.656,0.0,75700000.0,13627626000.0,,0.0,133811000.0,,,5624003000.0,,,7913363331.0,-56605000.0,-1344000.0,17125000.0,25571000.0,-94104000.0,-51621000.0,-104681000.0,-12500000.0,99697000.0,0.0,57551000.0,57551000.0,57551000.0,-746000.0,0.0,0.16,78987000.0,156735000.0,81730000.0,6.235,2.791,22.829,22.871,7943894000.0,0.0,70.9,5.558,5.566,32463000.0,104559000.0,359094000.0,359094000.0,0.0,,,,,1548000.0,13270000.0,1.0,111613023.0,111776000.0,114090000.0,3.213,9183888000.0,0.0,0.0,0.0,82.163,
64,BXP,MRQ,2005-06-30,2005-06-30,2005-06-30,2021-08-06,-15288000.0,9124624000.0,,,,,27.641,379642000.0,536259000.0,536259000.0,118950000.0,165490000.0,,1.72,4898757000.0,,,4898757000.0,0.0,67219000.0,0.0,0.038,0.68,243723000.0,310942000.0,0.869,310942000.0,243723000.0,165490000.0,1.46,1.43,1.46,3061683000.0,,3061683000.0,12528912820.0,19.0,13.287,500971000.0,4.523,1.0,238985000.0,0.668,0.0,78233000.0,13487122000.0,,0.0,107810000.0,,,5267174000.0,,,7752816820.0,297875000.0,-3699000.0,25952000.0,-106718000.0,-89464000.0,-174397000.0,350943000.0,-25000000.0,121329000.0,0.0,165490000.0,165490000.0,165490000.0,-726920.0,0.0,0.462,81278000.0,157707000.0,92649000.0,0.466,2.532,21.679,21.739,7885352000.0,0.0,70.0,5.445,5.445,28230000.0,404635000.0,357935000.0,357935000.0,0.0,,,,,1787000.0,14252000.0,1.0,110754526.0,110764000.0,113103000.0,3.232,9124624000.0,0.0,0.0,0.0,82.379,
65,BXP,MRQ,2005-03-31,2005-03-31,2005-03-31,2021-08-06,-15463000.0,9097991000.0,,,,,26.605,-61569000.0,234920000.0,234920000.0,119293000.0,61242000.0,,1.837,5011016000.0,,,5011016000.0,0.0,68162000.0,0.0,0.043,0.65,140596000.0,208758000.0,0.589,208758000.0,140596000.0,61242000.0,0.56,0.55,0.56,2931472000.0,,2931472000.0,11395545537.0,19.0,13.332,22078000.0,0.2,1.0,234980000.0,0.663,0.0,79354000.0,13874087000.0,,0.0,79855000.0,,,5383987000.0,,,6647830537.0,-30037000.0,3376000.0,876000.0,38854000.0,-89429000.0,-55491000.0,-58193000.0,0.0,83647000.0,0.0,61242000.0,61242000.0,61242000.0,293000.0,0.0,0.173,82609000.0,152371000.0,105009000.0,1.161,2.268,23.806,23.436,8164971000.0,0.0,60.23,4.718,4.71,27442000.0,314907000.0,354273000.0,354273000.0,0.0,,,,,2305000.0,14813000.0,1.0,110374075.0,110187000.0,112364000.0,3.215,9097991000.0,0.0,0.0,0.0,82.569,
66,BXP,MRQ,2004-12-31,2004-12-31,2004-12-31,2021-08-06,-15637000.0,9063228000.0,,,,,26.849,-56340000.0,264099000.0,264099000.0,117291000.0,62347000.0,,1.819,5011814000.0,,,5011814000.0,0.0,68735000.0,0.0,0.04,0.65,141725000.0,210460000.0,0.597,210460000.0,141725000.0,62347000.0,0.57,0.56,0.57,2936073000.0,,2936073000.0,11836424632.0,20.0,14.039,69502000.0,0.636,1.0,235269000.0,0.667,0.0,79378000.0,13810943000.0,,0.0,80955000.0,,,5340827000.0,,,7058365632.0,25471000.0,4970000.0,41971000.0,-4346000.0,-88584000.0,-49001000.0,-51370000.0,0.0,125842000.0,0.0,62347000.0,62347000.0,62347000.0,-1987970.0,0.0,0.177,83337000.0,151932000.0,94451000.0,1.14,2.404,24.852,24.221,8147858000.0,0.0,64.67,5.091,4.966,25500000.0,325452000.0,352560000.0,352560000.0,0.0,,,,,1096000.0,15541000.0,1.0,109144358.0,109356000.0,111894000.0,3.224,9063228000.0,0.0,0.0,0.0,82.878,
67,BXP,MRQ,2004-09-30,2004-09-30,2004-09-30,2021-08-06,-15812000.0,9012414000.0,,,,,26.701,-47341000.0,238010000.0,238010000.0,122463000.0,68542000.0,,1.842,5016069000.0,,,5016069000.0,0.0,66560000.0,0.0,0.046,0.65,146240000.0,212800000.0,0.593,212800000.0,146240000.0,68542000.0,0.63,0.62,0.63,2892773000.0,,2892773000.0,10734140267.0,18.0,13.022,45737000.0,0.422,1.0,236674000.0,0.659,0.0,77698000.0,13790473000.0,,0.0,88276000.0,,,5328883000.0,,,5995023267.0,-13825000.0,-5200000.0,11913000.0,21275000.0,-88384000.0,-54362000.0,-52541000.0,0.0,93078000.0,0.0,68542000.0,68542000.0,68542000.0,831030.0,0.0,0.191,78482000.0,158192000.0,88124000.0,1.032,2.072,21.262,20.439,8142913000.0,0.0,55.39,4.437,4.441,12936000.0,334736000.0,359137000.0,359137000.0,0.0,,,,,954000.0,13002000.0,1.0,108232953.0,108339000.0,110581000.0,3.315,9012414000.0,0.0,0.0,0.0,83.187,
68,BXP,MRQ,2004-06-30,2004-06-30,2004-06-30,2021-08-06,-15986000.0,8982267000.0,,,,,26.638,-15474000.0,255586000.0,255586000.0,114425000.0,87118000.0,,1.863,4994703000.0,,,4994703000.0,0.0,60853000.0,0.0,0.051,0.65,161907000.0,222760000.0,0.649,222760000.0,161907000.0,87118000.0,0.81,0.79,0.81,2855989000.0,,2855989000.0,10035427194.0,18.0,12.587,107252000.0,1.0,1.0,228695000.0,0.667,0.0,74789000.0,13721384000.0,,0.0,83950000.0,,,5322106000.0,,,5332483194.0,45547000.0,-393000.0,8339000.0,22853000.0,-85108000.0,-61312000.0,-15867000.0,0.0,122726000.0,0.0,87118000.0,87118000.0,87118000.0,-709810.0,0.0,0.254,72859000.0,155836000.0,91790000.0,0.802,1.867,19.721,18.757,8169504000.0,0.0,50.08,4.039,4.067,11637000.0,336704000.0,343120000.0,343120000.0,0.0,,,,,933000.0,12493000.0,1.0,106479297.0,107216000.0,109016000.0,3.2,8982267000.0,0.0,0.0,0.0,83.777,
69,BXP,MRQ,2004-03-31,2004-03-31,2004-03-31,2021-08-06,-16161000.0,8837035000.0,,,,,27.232,-50915000.0,207817000.0,207817000.0,111800000.0,66048000.0,,1.906,4910761000.0,,,4910761000.0,0.0,56793000.0,0.0,0.046,0.63,140353000.0,197146000.0,0.595,197146000.0,140353000.0,66048000.0,0.65,0.64,0.65,2747414000.0,,2747414000.0,10371945463.0,19.0,13.577,36945000.0,0.366,1.0,219729000.0,0.663,0.0,74305000.0,13539979000.0,,0.0,83555000.0,,,5237720000.0,,,5411232463.0,159465000.0,-321000.0,359847000.0,-150996000.0,-80739000.0,122841000.0,-51236000.0,0.0,87860000.0,0.0,66048000.0,66048000.0,66048000.0,-1632960.0,0.0,0.199,68607000.0,151122000.0,110002000.0,0.969,1.97,21.951,21.552,8075498000.0,0.0,54.31,4.168,4.221,14962000.0,319890000.0,331529000.0,331529000.0,0.0,,,,,1279000.0,12600000.0,1.0,99636024.0,100890000.0,103490000.0,3.286,8837035000.0,0.0,0.0,0.0,87.591,
70,BXP,MRQ,2003-12-31,2003-12-31,2003-12-31,2021-08-06,-16335000.0,8551100000.0,,,,,24.502,-187902000.0,44007000.0,44007000.0,105433000.0,60255000.0,,2.217,5004720000.0,,,5004720000.0,0.0,56329000.0,0.0,0.052,0.63,135256000.0,191585000.0,0.604,191585000.0,135256000.0,60255000.0,0.62,0.6,0.62,2400163000.0,,2400163000.0,9556997676.0,14.0,10.919,-38657000.0,-0.395,1.0,212017000.0,0.668,0.0,75001000.0,13511813000.0,,0.0,88786000.0,,,5320804000.0,,,4702267676.0,-14935000.0,-266000.0,19690000.0,84288000.0,-79822000.0,23988000.0,-188168000.0,0.0,149245000.0,0.0,60255000.0,60255000.0,60255000.0,-5936940.0,0.0,0.19,65769000.0,146248000.0,92026000.0,1.016,1.959,12.872,12.989,7981825000.0,0.0,48.19,3.665,3.639,18425000.0,320900000.0,317450000.0,317450000.0,0.0,,,,,451000.0,11749000.0,1.0,97577665.0,97959000.0,99857000.0,3.241,8551100000.0,0.0,0.0,0.0,87.293,
71,BXP,MRQ,2003-09-30,2003-09-30,2003-09-30,2021-08-06,-16509000.0,8408655000.0,,,,,24.461,-94796000.0,65613000.0,65613000.0,118836000.0,56970000.0,,2.182,4920343000.0,,,4920343000.0,0.0,53455000.0,0.0,0.057,0.63,132313000.0,185768000.0,0.566,185768000.0,132313000.0,56970000.0,0.59,0.57,0.59,2381494000.0,,2381494000.0,8873382807.0,10.0,8.295,-5609000.0,-0.058,1.0,209254000.0,0.638,0.0,75343000.0,13263385000.0,,0.0,88632000.0,,,5197382000.0,,,4230874807.0,-120966000.0,-3459000.0,22831000.0,-129452000.0,-80197000.0,-111898000.0,-98255000.0,0.0,89187000.0,0.0,56970000.0,56970000.0,56970000.0,-928990.0,0.0,0.174,64174000.0,145080000.0,69940000.0,1.068,1.777,7.494,7.521,7821703000.0,0.0,43.47,3.285,3.286,21813000.0,322530000.0,328090000.0,328090000.0,0.0,,,,,463000.0,11183000.0,1.0,97328613.0,97360000.0,99183000.0,3.37,8408655000.0,0.0,0.0,0.0,86.367,
72,BXP,MRQ,2003-06-30,2003-06-30,2003-06-30,2021-08-06,-16684000.0,8276209000.0,,,,,24.179,-80405000.0,176774000.0,176774000.0,107248000.0,63236000.0,,2.179,4819282000.0,,,4819282000.0,0.0,50742000.0,0.0,0.056,0.63,138683000.0,189425000.0,0.59,189425000.0,138683000.0,63236000.0,0.66,0.64,0.66,2334004000.0,,2334004000.0,8795346697.0,10.0,8.248,63227000.0,0.655,1.0,213847000.0,0.666,0.0,75447000.0,12918717000.0,,0.0,93904000.0,,,5085147000.0,,,4220455697.0,-225831000.0,-456000.0,16760000.0,-150266000.0,-76919000.0,-288602000.0,-80861000.0,0.0,143632000.0,0.0,63236000.0,63236000.0,63236000.0,-934990.0,0.0,0.197,61351000.0,152496000.0,49299000.0,0.955,1.808,7.288,7.374,7632837000.0,0.0,43.8,3.347,3.353,21185000.0,327222000.0,321095000.0,321095000.0,0.0,,,,,714000.0,11028000.0,1.0,96357436.0,96531000.0,98213000.0,3.326,8276209000.0,0.0,0.0,0.0,85.736,
73,BXP,MRQ,2003-03-31,2003-03-31,2003-03-31,2021-08-06,-16844000.0,8408754000.0,,,,,24.117,465094000.0,405222000.0,405222000.0,109568000.0,185045000.0,,2.269,4980113000.0,,,4980113000.0,0.0,49951000.0,0.0,0.064,0.61,258690000.0,308641000.0,0.972,308641000.0,258690000.0,185045000.0,1.93,1.91,1.93,2308823000.0,,2308823000.0,8685168154.0,10.0,8.337,571305000.0,5.968,1.0,207830000.0,0.655,0.0,73645000.0,12983645000.0,,0.0,101794000.0,,,5239749000.0,,,3635129154.0,329143000.0,-314000.0,9747000.0,-167160000.0,-76873000.0,-241848000.0,464780000.0,0.0,106211000.0,0.0,185045000.0,185045000.0,185045000.0,-2923200.0,0.0,0.583,60871000.0,146959000.0,63319000.0,0.316,1.574,6.37,6.446,7534808000.0,0.0,37.9,2.971,2.966,23193000.0,325114000.0,317398000.0,317398000.0,0.0,,,,,592000.0,11399000.0,1.0,95913698.0,95733000.0,96755000.0,3.315,8408754000.0,0.0,0.0,0.0,87.835,
74,BXP,MRQ,2002-12-31,2002-12-31,2002-12-31,2021-08-06,-17018000.0,8427203000.0,,,,,22.651,302680000.0,97181000.0,97181000.0,112548000.0,259290000.0,,2.511,5147220000.0,,,5147220000.0,0.0,54155000.0,0.0,0.065,0.61,331700000.0,385855000.0,1.2,385855000.0,331700000.0,259290000.0,2.6,2.57,2.6,2159590000.0,,2159590000.0,8950333922.0,13.0,10.013,428470000.0,4.494,1.0,208881000.0,0.65,0.0,72410000.0,13477242000.0,,0.0,101905000.0,,,5423032000.0,,,3512434922.0,26482000.0,-64000.0,-96000.0,-319562000.0,-76551000.0,-401924000.0,302616000.0,0.0,125790000.0,0.0,259290000.0,259290000.0,259290000.0,-10870000.0,0.0,0.807,63047000.0,145834000.0,73846000.0,0.235,1.626,7.965,8.066,7847778000.0,0.0,36.86,2.992,2.924,20458000.0,198586000.0,321429000.0,321429000.0,0.0,,,,,456000.0,12703000.0,1.0,95291235.0,95341000.0,96370000.0,3.371,8427203000.0,0.0,0.0,0.0,88.39,
75,BXP,MRQ,2002-09-30,2002-09-30,2002-09-30,2021-08-06,-13608000.0,8481315000.0,,,,,20.613,-1137290000.0,28793000.0,28793000.0,108642000.0,71667000.0,,2.924,5466692000.0,,,5466692000.0,0.0,45348000.0,0.0,0.064,0.61,137143000.0,182491000.0,0.606,182491000.0,137143000.0,71667000.0,0.75,0.74,0.75,1956296000.0,,1956296000.0,7877819686.0,16.0,12.054,-1024968000.0,-10.8,1.0,192551000.0,0.639,0.0,65476000.0,13919214000.0,,0.0,101819000.0,,,5720790000.0,,,3543735686.0,-52847000.0,-969000.0,7224000.0,1050914000.0,-75391000.0,981147000.0,-1146316000.0,0.0,112322000.0,0.0,71667000.0,71541000.0,71541000.0,-3032000.0,0.0,0.238,53889000.0,138662000.0,69236000.0,0.813,1.811,14.955,14.475,7929782000.0,126000.0,37.2,3.297,3.285,48716000.0,-2532000.0,301193000.0,301193000.0,0.0,,,,,243000.0,9956000.0,1.0,95261712.0,94904000.0,96181000.0,3.174,8481315000.0,0.0,0.0,0.0,89.367,
76,BXP,MRQ,2002-06-30,2002-06-30,2002-06-30,2021-08-06,-13695000.0,7358671000.0,,,,,19.555,-84177000.0,81640000.0,81640000.0,88524000.0,56418000.0,,2.601,4415724000.0,,,4415724000.0,0.0,43982000.0,0.0,0.059,0.61,120784000.0,164766000.0,0.582,164766000.0,120784000.0,56418000.0,0.6,0.59,0.6,1786510000.0,,1786510000.0,7937447867.0,17.0,12.752,7989000.0,0.087,1.0,194799000.0,0.688,0.0,64366000.0,11692755000.0,,0.0,100804000.0,,,4646431000.0,,,3647221867.0,10633000.0,-2290000.0,1171000.0,54437000.0,-72857000.0,-17260000.0,-64273000.0,0.0,92166000.0,0.0,56418000.0,54775000.0,54775000.0,-3207000.0,0.0,0.193,55900000.0,138899000.0,52655000.0,1.017,2.042,16.813,16.715,6811733000.0,1643000.0,39.95,3.475,3.477,31298000.0,-16152000.0,283323000.0,283323000.0,0.0,,,,,245000.0,13564000.0,1.0,91294665.0,91357000.0,93016000.0,3.101,7358671000.0,0.0,0.0,0.0,80.549,
77,BXP,MRQ,2002-03-31,2002-03-31,2002-03-31,2021-08-06,-13868000.0,7301392000.0,,,,,19.523,-94338000.0,71007000.0,71007000.0,86298000.0,57008000.0,,2.589,4361233000.0,,,4361233000.0,0.0,42944000.0,0.0,0.058,0.58,117823000.0,160767000.0,0.6,160767000.0,117823000.0,57008000.0,0.61,0.6,0.61,1775230000.0,,1775230000.0,7800131558.0,18.0,12.989,12764000.0,0.14,1.0,181761000.0,0.678,0.0,60815000.0,11591618000.0,,0.0,98071000.0,,,4596475000.0,,,3583256558.0,-27060000.0,-835000.0,1475000.0,46237000.0,-72532000.0,-24852000.0,-109310000.0,0.0,107102000.0,0.0,57008000.0,55365000.0,55365000.0,-3106000.0,0.0,0.207,52619000.0,129142000.0,56125000.0,0.951,2.018,16.966,16.859,6784552000.0,1643000.0,39.45,3.508,3.512,36846000.0,-15084000.0,268059000.0,268059000.0,0.0,,,,,243000.0,11069000.0,1.0,90830331.0,90932000.0,92783000.0,2.948,7301392000.0,0.0,0.0,0.0,80.295,
78,BXP,MRQ,2001-12-31,2001-12-31,2001-12-31,2021-08-06,-13868000.0,7253510000.0,,,,,19.329,-148265000.0,121067000.0,121067000.0,85853000.0,56928000.0,,2.597,4314942000.0,,,4314942000.0,0.0,40834000.0,0.0,0.059,0.58,104660000.0,145494000.0,0.655,145494000.0,104660000.0,56928000.0,0.61,0.6,0.61,1754073000.0,,1754073000.0,7533567582.0,18.0,13.226,-49372000.0,-0.544,1.0,136378000.0,0.614,0.0,47732000.0,11447385000.0,,0.0,102782000.0,,,4554697000.0,,,3449145582.0,-62944000.0,-8923000.0,-581000.0,127065000.0,-72268000.0,-4649000.0,-157188000.0,0.0,98893000.0,0.0,56928000.0,55280000.0,55280000.0,-22664000.0,0.0,0.249,42794000.0,93584000.0,81108000.0,0.951,1.966,17.122,16.964,6738052000.0,1648000.0,38.0,3.5,3.47,43546000.0,-17669000.0,222231000.0,222231000.0,0.0,,,,,145000.0,8663000.0,1.0,90766989.0,90749000.0,92788000.0,2.449,7253510000.0,0.0,0.0,0.0,79.929,
79,BXP,MRQ,2001-09-30,2001-09-30,2001-09-30,2021-08-06,-13868000.0,7193521000.0,,,,,19.324,-128146000.0,161011000.0,161011000.0,81259000.0,53168000.0,,2.571,4245433000.0,,,4245433000.0,0.0,38314000.0,0.0,0.058,0.58,113104000.0,151418000.0,0.549,151418000.0,113104000.0,53168000.0,0.57,0.56,0.57,1749351000.0,,1749351000.0,7464501393.0,18.0,13.429,-9447000.0,-0.104,1.0,194699000.0,0.706,0.0,59936000.0,11277943000.0,,0.0,94457000.0,,,4496938000.0,,,3452595393.0,-4753000.0,4684000.0,6867000.0,67629000.0,-72003000.0,10000.0,-123462000.0,0.0,118699000.0,0.0,53168000.0,51515000.0,51515000.0,-638000.0,0.0,0.187,48133000.0,146566000.0,71716000.0,1.018,1.974,18.236,17.571,6614951000.0,1653000.0,38.13,3.445,3.445,41087000.0,-20296000.0,275958000.0,275958000.0,0.0,,,,,144000.0,9819000.0,1.0,90548004.0,90529000.0,92534000.0,3.048,7193521000.0,0.0,0.0,0.0,79.461,
80,BXP,MRQ,2001-06-30,2001-06-30,2001-06-30,2021-08-06,-13868000.0,7093296000.0,,,,,19.322,-845233000.0,165764000.0,165764000.0,76639000.0,50686000.0,,2.53,4177670000.0,,,4177670000.0,0.0,36275000.0,0.0,0.053,0.56,106556000.0,142831000.0,0.56,142831000.0,106556000.0,50686000.0,0.55,0.53,0.55,1739792000.0,,1739792000.0,6892464538.0,18.0,12.989,-752642000.0,-8.359,1.0,178445000.0,0.7,0.0,55870000.0,11105202000.0,,0.0,98452000.0,,,4401636000.0,,,3683936538.0,-76055000.0,-1466000.0,2072000.0,727148000.0,-66158000.0,678053000.0,-846699000.0,0.0,92591000.0,0.0,50686000.0,49038000.0,49038000.0,-618000.0,0.0,0.192,46354000.0,132091000.0,61248000.0,1.018,2.117,21.025,19.112,6518096000.0,1648000.0,40.9,3.88,3.879,26337000.0,-19193000.0,255084000.0,255084000.0,0.0,,,,,145000.0,9880000.0,1.0,90071798.0,90042000.0,92307000.0,2.833,7093296000.0,0.0,0.0,0.0,78.778,
81,BXP,MRQ,2001-03-31,2001-03-31,2001-03-31,2021-08-06,-19397000.0,6310079000.0,,,,,19.426,-174815000.0,241819000.0,241819000.0,70070000.0,47250000.0,,2.128,3450347000.0,,,3450347000.0,0.0,34740000.0,0.0,0.055,0.53,95103000.0,129843000.0,0.559,129843000.0,95103000.0,47250000.0,0.51,0.5,0.51,1722854000.0,,1722854000.0,6582942141.0,17.0,12.833,-65595000.0,-0.74,1.0,162176000.0,0.698,0.0,47853000.0,9518607000.0,,0.0,98516000.0,,,3665650000.0,,,3449008141.0,-39138000.0,-1458000.0,1585000.0,35281000.0,-66109000.0,27915000.0,-176273000.0,0.0,109220000.0,0.0,47250000.0,45607000.0,45607000.0,-592000.0,0.0,0.196,44491000.0,117685000.0,58542000.0,1.039,2.002,21.415,18.31,5668035000.0,1643000.0,38.45,3.783,3.741,24443000.0,-15829000.0,232246000.0,232246000.0,0.0,,,,,144000.0,9950000.0,1.0,89701122.0,88688000.0,91171000.0,2.619,6310079000.0,0.0,0.0,0.0,71.149,
82,BXP,MRQ,2000-12-31,2000-12-31,2000-12-31,2021-08-06,-11745000.0,6226470000.0,,,,,20.599,-302613000.0,280957000.0,280957000.0,82305000.0,44815000.0,,2.185,3414891000.0,,,3414891000.0,0.0,36088000.0,0.0,0.047,0.53,95669000.0,131757000.0,0.552,131757000.0,95669000.0,44815000.0,0.54,0.53,0.54,1647727000.0,,1647727000.0,7200403432.0,19.0,14.309,-204137000.0,-2.552,1.0,156500000.0,0.655,0.0,50854000.0,9360404000.0,,0.0,96883000.0,,,3601028000.0,,,3759698432.0,268527000.0,-6235000.0,638423000.0,-95676000.0,-56800000.0,478899000.0,-308848000.0,0.0,98476000.0,0.0,44815000.0,43172000.0,43172000.0,-2814000.0,0.0,0.181,44952000.0,111548000.0,57338000.0,0.981,2.282,25.676,21.22,5526060000.0,1643000.0,43.5,4.226,3.492,26852000.0,-13895000.0,238805000.0,238805000.0,0.0,,,,,2011000.0,9791000.0,1.0,86429849.0,79992000.0,82164000.0,2.985,6226470000.0,0.0,0.0,0.0,77.839,
83,BXP,MRQ,2000-09-30,2000-09-30,2000-09-30,2021-08-06,-4692000.0,5611117000.0,,,,,15.713,-87888000.0,12430000.0,12430000.0,68154000.0,39040000.0,,3.322,3453135000.0,,,3453135000.0,0.0,32436000.0,0.0,0.046,0.53,93792000.0,126228000.0,0.565,126228000.0,93792000.0,39040000.0,0.54,0.52,0.54,1096076000.0,,1096076000.0,6344015447.0,17.0,12.863,-2523000.0,-0.036,1.0,155159000.0,0.695,0.0,54752000.0,9051822000.0,,0.0,87183000.0,,,3640676000.0,,,2955266447.0,6111000.0,-15089000.0,10437000.0,58255000.0,-56345000.0,10502000.0,-89756000.0,-2000.0,85365000.0,0.0,39040000.0,37397000.0,37397000.0,0.0,0.0,0.167,42307000.0,112852000.0,59542000.0,0.981,2.696,21.473,21.257,5228622000.0,1643000.0,42.94,3.453,3.499,40039000.0,-11879000.0,223313000.0,223313000.0,0.0,,,,,53000.0,9871000.0,1.0,68823159.0,69758000.0,70486000.0,3.201,5611117000.0,0.0,0.0,0.0,80.437,
84,BXP,MRQ,2000-06-30,2000-06-30,2000-06-30,2021-08-06,9528000.0,5539054000.0,,,,,15.796,-53152000.0,6319000.0,6319000.0,64035000.0,36523000.0,,3.321,3395068000.0,,,3395068000.0,0.0,32395000.0,0.0,0.049,0.53,92766000.0,125161000.0,0.576,125161000.0,92766000.0,36523000.0,0.51,0.51,0.51,1074177000.0,,1074177000.0,6137634271.0,17.0,12.817,12115000.0,0.178,1.0,153224000.0,0.705,0.0,56243000.0,8927803000.0,,0.0,97769000.0,,,3567426000.0,,,2625570271.0,-12016000.0,4723000.0,1105000.0,31461000.0,-42010000.0,-13445000.0,-63838000.0,-2295000.0,65267000.0,0.0,36523000.0,34880000.0,34880000.0,0.0,0.0,0.161,40984000.0,112240000.0,53922000.0,1.039,2.444,20.569,20.548,5176503000.0,1643000.0,38.63,3.145,3.147,32340000.0,-11670000.0,217259000.0,217259000.0,0.0,,,,,53000.0,8589000.0,1.0,67967131.0,68003000.0,69934000.0,3.195,5539054000.0,0.0,0.0,0.0,81.453,
85,BXP,MRQ,2000-03-31,2000-03-31,2000-03-31,2021-08-06,58563000.0,5716317000.0,,,,,16.309,-100641000.0,18335000.0,18335000.0,65177000.0,32620000.0,,3.339,3530399000.0,,,3530399000.0,0.0,32231000.0,0.0,0.056,0.45,87835000.0,120066000.0,0.571,120066000.0,87835000.0,32620000.0,0.46,0.45,0.46,1108082000.0,,1108082000.0,5471172897.0,16.0,11.861,-20275000.0,-0.298,1.0,145077000.0,0.69,0.0,55215000.0,9228381000.0,,0.0,109564000.0,,,3699409000.0,,,2161623897.0,6300000.0,19000.0,179000.0,91109000.0,-54568000.0,26665000.0,-100731000.0,0.0,80366000.0,0.0,32620000.0,30977000.0,30977000.0,0.0,0.0,0.147,39639000.0,105438000.0,57098000.0,0.978,1.951,18.015,17.771,5346587000.0,1643000.0,31.81,2.671,2.671,34539000.0,-10495000.0,210254000.0,210254000.0,0.0,,,,,53000.0,7408000.0,1.0,67954225.0,67943000.0,68380000.0,3.095,5716317000.0,0.0,0.0,0.0,84.134,
86,BXP,MRQ,1999-12-31,1999-12-31,1999-12-31,2021-08-06,0.0,5434772000.0,,,,,15.57,-90389000.0,12035000.0,12035000.0,64947000.0,36026000.0,,3.305,3321584000.0,,,3321584000.0,0.0,31744000.0,0.0,0.056,0.45,89990000.0,121734000.0,0.593,121734000.0,89990000.0,36026000.0,0.51,0.51,0.51,1057564000.0,,1057564000.0,5341221249.0,16.0,11.996,-27329000.0,-0.402,1.0,140200000.0,0.683,0.0,53964000.0,8744321000.0,,0.0,50978000.0,,,3495246000.0,,,2113873249.0,-38380000.0,-1863000.0,-73000.0,43821000.0,-51042000.0,-10128000.0,-91312000.0,-6500000.0,63060000.0,0.0,36026000.0,34372000.0,34372000.0,0.0,0.0,0.168,39854000.0,100346000.0,66780000.0,0.882,1.999,18.551,18.099,5138833000.0,1654000.0,31.13,2.687,2.621,28259000.0,-10893000.0,205147000.0,205147000.0,0.0,,,,,0.0,8110000.0,1.0,67904698.0,67924000.0,68264000.0,3.02,5434772000.0,0.0,0.0,0.0,80.013,
87,BXP,MRQ,1999-09-30,1999-09-30,1999-09-30,2021-08-06,0.0,5354775000.0,,,,,15.514,-376214000.0,50415000.0,50415000.0,66665000.0,29072000.0,,3.245,3277763000.0,,,3277763000.0,0.0,31078000.0,0.0,0.07,0.45,80840000.0,111918000.0,0.554,111918000.0,80840000.0,29072000.0,0.4,0.4,0.4,1054019000.0,,1054019000.0,4993195423.0,17.0,12.212,-277027000.0,-4.078,1.0,135472000.0,0.67,0.0,51768000.0,8582123000.0,,0.0,35807000.0,,,3419846000.0,,,2083913423.0,18190000.0,6476000.0,46000.0,336347000.0,-46652000.0,288882000.0,-369879000.0,0.0,99187000.0,0.0,29072000.0,27418000.0,27418000.0,0.0,0.0,0.136,38461000.0,97011000.0,49070000.0,1.125,1.977,21.309,20.597,5064050000.0,1654000.0,30.69,2.773,2.775,21420000.0,-14710000.0,202137000.0,202137000.0,0.0,,,,,0.0,7383000.0,1.0,67902034.0,67938000.0,68518000.0,2.975,5354775000.0,0.0,0.0,0.0,78.819,
88,BXP,MRQ,1999-06-30,1999-06-30,1999-06-30,2021-08-06,0.0,5018830000.0,,,,,16.128,-80586000.0,32225000.0,32225000.0,60306000.0,28905000.0,,2.913,2941507000.0,,,2941507000.0,0.0,29443000.0,0.0,0.059,0.425,78124000.0,107567000.0,0.561,107567000.0,78124000.0,28905000.0,0.42,0.41,0.42,1057122000.0,,1057122000.0,5257265407.0,19.0,13.945,-15901000.0,-0.243,1.0,131334000.0,0.685,0.0,49219000.0,7928112000.0,,0.0,42077000.0,,,3079709000.0,,,2280107407.0,-1372000.0,17816000.0,141518000.0,-98387000.0,-41184000.0,1978000.0,-68035000.0,0.0,64685000.0,0.0,28905000.0,27223000.0,27223000.0,0.0,0.0,0.142,36795000.0,94539000.0,61860000.0,1.012,2.157,23.821,24.081,4715764000.0,1682000.0,35.88,3.307,3.411,53059000.0,-11572000.0,191640000.0,191640000.0,0.0,,,,,0.0,7352000.0,1.0,63548144.0,65544000.0,66244000.0,2.924,5018830000.0,0.0,0.0,0.0,76.572,
89,BXP,MRQ,1999-03-31,1999-03-31,1999-03-31,2021-08-06,0.0,4935658000.0,,,,,14.598,-97630000.0,33597000.0,33597000.0,57350000.0,25773000.0,,3.386,3010755000.0,,,3010755000.0,0.0,27794000.0,0.0,0.066,0.425,76232000.0,104026000.0,0.554,104026000.0,76232000.0,25773000.0,0.39,0.39,0.39,927444000.0,,927444000.0,5086331553.0,20.0,14.97,-34535000.0,-0.544,1.0,130290000.0,0.694,0.0,50459000.0,7912816000.0,,0.0,59664000.0,,,3140095000.0,,,2009773553.0,21431000.0,-12664000.0,100000000.0,15239000.0,-42615000.0,70664000.0,-112328000.0,0.0,63095000.0,0.0,25773000.0,24934000.0,24934000.0,0.0,0.0,0.133,34404000.0,95886000.0,51282000.0,1.09,2.167,20.421,20.276,4635170000.0,839000.0,31.63,3.317,3.317,42188000.0,-9936000.0,187640000.0,187640000.0,0.0,,,,,0.0,6610000.0,1.0,63540106.0,63534000.0,64078000.0,2.953,4935658000.0,0.0,0.0,0.0,77.685,
90,BXP,MRQ,1998-12-31,1998-12-31,1998-12-31,2021-08-06,0.0,5235087000.0,,,,,15.103,-529168000.0,12166000.0,12166000.0,53302000.0,18219000.0,,3.382,3088724000.0,,,3088724000.0,0.0,24206000.0,0.0,0.054,0.85,61153000.0,85359000.0,0.502,85359000.0,61153000.0,18219000.0,0.28,0.29,0.28,948481000.0,,948481000.0,3869476336.0,18.0,13.189,-461357000.0,-7.346,1.0,116725000.0,0.687,0.0,42934000.0,8311645000.0,,0.0,466930000.0,,,3207372000.0,,,1937590336.0,-3378000.0,-14651000.0,-223000.0,939834000.0,-38728000.0,898734000.0,-969923000.0,-420143000.0,67811000.0,0.0,18219000.0,18219000.0,18219000.0,0.0,0.0,0.107,29960000.0,86765000.0,42897000.0,3.036,2.043,20.809,19.935,4559809000.0,0.0,30.5,3.771,3.607,40830000.0,-7865000.0,170027000.0,170027000.0,0.0,,,,,0.0,5754000.0,1.0,63527552.0,62801000.0,63000000.0,2.707,5235087000.0,0.0,0.0,0.0,83.36,
91,BXP,MRQ,1998-09-30,1998-09-30,1998-09-30,2021-08-06,0.0,3459332000.0,,,,,15.202,-624851000.0,15544000.0,15544000.0,43255000.0,25341000.0,,2.067,1947430000.0,,,1947430000.0,0.0,21523000.0,0.0,0.058,0.405,58524000.0,80047000.0,0.571,80047000.0,58524000.0,25341000.0,0.4,0.38,0.4,977244000.0,,977244000.0,2976893168.0,16.0,11.712,-594207000.0,-9.243,1.0,96922000.0,0.691,0.0,33183000.0,5391218000.0,,0.0,32136000.0,,,2020073000.0,,,1758280168.0,-93418000.0,-24462000.0,53763000.0,511480000.0,-33802000.0,531182000.0,-655244000.0,0.0,30644000.0,0.0,25341000.0,25341000.0,25341000.0,0.0,0.0,0.181,27652000.0,69270000.0,41502000.0,1.012,1.799,20.149,18.153,3226824000.0,0.0,28.5,4.175,4.351,33160000.0,26637000.0,140177000.0,140177000.0,0.0,,,,,0.0,6129000.0,1.0,61694041.0,64285000.0,65006000.0,2.181,3459332000.0,0.0,0.0,0.0,53.812,
92,BXP,MRQ,1998-06-30,1998-06-30,1998-06-30,2021-08-06,0.0,2637883000.0,,,,,14.169,-232327000.0,108962000.0,108962000.0,27403000.0,29921000.0,,1.612,1327575000.0,,,1327575000.0,0.0,16594000.0,0.0,0.037,0.405,53735000.0,70329000.0,0.651,70329000.0,53735000.0,29921000.0,0.49,0.49,0.49,874727000.0,,874727000.0,3042785394.0,19.0,15.553,-174189000.0,-2.822,1.0,80637000.0,0.746,0.0,23814000.0,3856496000.0,,0.0,7674000.0,,,1410366000.0,,,2097597394.0,-282442000.0,-3721000.0,-105000.0,-68755000.0,-32238000.0,-101098000.0,-239482000.0,0.0,58138000.0,0.0,29921000.0,29921000.0,29921000.0,0.0,0.0,0.277,22394000.0,58243000.0,62120000.0,0.827,2.398,27.729,22.222,2356004000.0,0.0,34.0,6.099,6.103,24767000.0,27020000.0,108040000.0,108040000.0,0.0,,,,,0.0,5800000.0,1.0,61694041.0,61735000.0,62324000.0,1.75,2637883000.0,0.0,0.0,0.0,42.729,
93,BXP,MRQ,1998-03-31,1998-03-31,1998-03-31,2021-08-06,0.0,2515878000.0,,,,,15.851,-311103000.0,391404000.0,391404000.0,26530000.0,19631000.0,,1.625,1336592000.0,,,1336592000.0,0.0,13095000.0,0.0,0.024,0.0,44560000.0,57655000.0,0.603,57655000.0,44560000.0,19631000.0,0.36,0.36,0.36,860443000.0,,860443000.0,3485706303.0,25.0,21.302,-252409000.0,-4.65,1.0,69073000.0,0.722,0.0,24929000.0,3461066000.0,,0.0,3953000.0,,,1398419000.0,,,2171013303.0,373844000.0,-810000.0,765668000.0,-113413000.0,-22539000.0,629716000.0,-314566000.0,0.0,58694000.0,0.0,19631000.0,19631000.0,19631000.0,0.0,0.0,0.205,17916000.0,51157000.0,37834000.0,0.0,2.523,43.218,,1969796000.0,0.0,35.19,7.183,6.32,18853000.0,21945000.0,95603000.0,95603000.0,0.0,,,,,0.0,4821000.0,1.0,61694041.0,54283000.0,54902000.0,1.761,2515878000.0,0.0,0.0,0.0,46.347,
94,BXP,MRQ,1997-12-31,1997-12-31,1997-12-31,2021-08-06,0.0,1672521000.0,,,,,4.524,-160836000.0,17560000.0,17560000.0,22200000.0,12372000.0,,7.98,1332253000.0,,,1332253000.0,0.0,11606000.0,0.0,0.026,0.845,34545000.0,46151000.0,0.597,46151000.0,34545000.0,12372000.0,0.32,0.31,0.32,175048000.0,,175048000.0,,,,-140620000.0,-3.634,1.0,55090000.0,0.713,0.0,22173000.0,2987214000.0,,0.0,3143000.0,,,1396837000.0,,,2039604995.0,-8429000.0,775000.0,0.0,166264000.0,-17026000.0,134304000.0,-162949000.0,0.0,20216000.0,0.0,12372000.0,12372000.0,12372000.0,0.0,0.0,0.16,15131000.0,39959000.0,23822000.0,2.641,11.652,58.024,36.33,1502282000.0,0.0,33.06,14.004,8.783,24458000.0,2314000.0,77290000.0,77290000.0,0.0,,,,,0.0,3525000.0,1.0,61694041.0,38694000.0,40350000.0,1.997,1672521000.0,0.0,0.0,0.0,43.224,
95,BXP,MRQ,1997-09-30,1997-09-30,1997-09-30,2021-08-06,0.0,1295638000.0,,,,,5.052,-338333000.0,25989000.0,25989000.0,16523000.0,13722000.0,,5.213,985614000.0,,,985614000.0,13663000.0,-6941000.0,0.0,0.0,0.0,28441000.0,21500000.0,0.341,21500000.0,28441000.0,13722000.0,0.36,0.35,0.36,195481000.0,,195481000.0,,,,-337629000.0,-8.726,1.0,46466000.0,0.738,0.0,14719000.0,2255263000.0,,0.0,3918000.0,,,1018989000.0,,,2028500068.0,24477000.0,1228000.0,0.0,-477352000.0,0.0,347723000.0,-323950000.0,0.0,704000.0,0.0,13722000.0,13722000.0,13722000.0,0.0,0.0,0.218,12185000.0,34281000.0,16073000.0,0.0,10.377,116.273,,1147871000.0,0.0,32.88,7.789,4.885,13170000.0,22779000.0,62989000.0,62989000.0,0.0,,,,,0.0,2917000.0,1.0,61694041.0,38694000.0,38998000.0,1.628,1295638000.0,0.0,0.0,0.0,33.484,
96,BXP,MRQ,1997-06-30,1997-06-22,1997-06-22,2021-08-06,,,,,,,,-15108000.0,,,13817000.0,4509000.0,,,,,,,,8213000.0,,0.0,0.0,30114000.0,38327000.0,0.578,38327000.0,30114000.0,4509000.0,,,,,,,,,,6430000.0,,1.0,52546000.0,0.792,,25605000.0,,,,,,,,,,,7530000.0,-2140000.0,839209000.0,8956000.0,0.0,4360000.0,-18368000.0,0.0,21538000.0,0.0,4509000.0,4509000.0,4509000.0,0.0,0.0,0.068,10662000.0,41884000.0,,,,,,,0.0,26.38,,,,,66363000.0,66363000.0,0.0,,,,,0.0,2449000.0,1.0,,,,,,,0.0,,,
97,BXP,MRQ,1997-03-31,1997-03-31,1997-03-31,2021-08-06,,,,,,,,-12613000.0,,,14729000.0,96000.0,,,,,,,,8841000.0,,,0.0,27815000.0,36656000.0,0.578,36656000.0,27815000.0,96000.0,,,,,,,,,,-8925000.0,,1.0,48726000.0,0.768,,27719000.0,,,,,,,,,,,-6018000.0,-433000.0,0.0,3961000.0,0.0,4770000.0,-14476000.0,0.0,3688000.0,0.0,96000.0,96000.0,96000.0,0.0,0.0,0.002,11508000.0,37218000.0,,,,,,,0.0,,,,,,63455000.0,63455000.0,0.0,,,,,0.0,2667000.0,1.0,,,,,,,0.0,,,
98,BXP,MRQ,1996-12-31,1996-12-31,1996-12-31,2021-08-06,0.0,896511000.0,,,,,,-15632000.0,8998000.0,8998000.0,15798000.0,-881000.0,,-2.555,1442476000.0,,,1442476000.0,0.0,9191000.0,0.0,,0.0,25886000.0,35077000.0,0.519,35077000.0,25886000.0,-881000.0,,,,-576632000.0,,-576632000.0,,,,9166000.0,,1.0,51816000.0,0.766,0.0,26767000.0,2329989000.0,,0.0,0.0,,,1473143000.0,,,,-3471000.0,0.0,0.0,36802000.0,0.0,-36906000.0,8637000.0,0.0,24798000.0,0.0,-881000.0,-881000.0,-881000.0,0.0,0.0,-0.013,11796000.0,40020000.0,13795000.0,,,,,771660000.0,0.0,,,,12049000.0,,67614000.0,67614000.0,0.0,,,,,0.0,2605000.0,1.0,,,,,896511000.0,0.0,0.0,0.0,,
99,BXP,MRQ,1996-09-30,1996-09-30,1996-09-30,2021-08-06,0.0,896511000.0,,,,,,,8998000.0,8998000.0,,,,-2.555,1442476000.0,,,1442476000.0,7205000.0,,0.0,,0.0,,,,,,,,,,-576632000.0,,-576632000.0,,,,,,1.0,,,0.0,,2329989000.0,,0.0,0.0,,,1473143000.0,,,,,,,,,,,,,,,,,,,,,,13795000.0,,,,,771660000.0,,,,,12049000.0,,,,,,,,,,,1.0,,,,,896511000.0,0.0,,0.0,,
100,BXP,MRQ,1995-12-31,1995-12-31,1995-12-31,2021-08-06,0.0,922786000.0,,,,,,,25867000.0,25867000.0,,,,-2.821,1401408000.0,,,1401408000.0,4576000.0,,0.0,,0.0,,,,,,,,,,-506653000.0,,-506653000.0,,,,,,1.0,,,0.0,,2298327000.0,,0.0,0.0,,,1429439000.0,,,,,,,,,,,,,,,,,,,,,,14367000.0,,,,,773810000.0,,,,,14362000.0,,,,,,,,,,,1.0,,,,,922786000.0,0.0,,0.0,,
0,BXP,MRT,2021-06-30,2021-06-30,2021-06-30,2021-08-06,-43166000.0,22059076000.0,22522508250.0,,,0.124,36.829,-997161000.0,637280000.0,637280000.0,1028936000.0,412362000.0,,2.428,13006040000.0,,,13006040000.0,0.0,698941000.0,0.0,0.034,3.92,752294000.0,1451235000.0,0.521,1451235000.0,752294000.0,315089000.0,1.94,1.93,1.94,5749342000.0,5912658500.0,5749342000.0,29911373537.0,40.0,20.611,165883000.0,1.063,1.0,1756923000.0,0.631,0.0,437205000.0,34427836000.0,34492562250.0,0.0,1444024000.0,,,13960103000.0,,,17884548537.0,-272326000.0,-67504000.0,94000.0,-514917000.0,-344665000.0,-1460611000.0,-1056808000.0,7857000.0,1163044000.0,0.0,315089000.0,315089000.0,315089000.0,0.0,97273000.0,0.113,850882000.0,906041000.0,305969000.0,2.021,3.111,56.76,59.067,18072453000.0,14222000.0,114.59,6.42,6.421,1231035000.0,-612247000.0,2785859000.0,2785859000.0,0.0,0.014,0.053,0.022,0.27,50613000.0,154344000.0,1.0,156074252.0,156107000.0,156519000.0,17.846,22059076000.0,0.0,0.0,0.0,141.307,
1,BXP,MRT,2021-03-31,2021-03-31,2021-03-31,2021-08-06,-45139000.0,22213552000.0,22757933500.0,,,0.12,37.04,-754146000.0,949183000.0,949183000.0,1019997000.0,569692000.0,,2.439,12976008000.0,,,12976008000.0,0.0,693136000.0,0.0,0.039,3.92,910564000.0,1603700000.0,0.588,1603700000.0,910564000.0,472536000.0,2.93,2.93,2.93,5775641000.0,6020839750.0,5775641000.0,27543513714.0,30.0,17.175,379560000.0,2.434,1.0,1706828000.0,0.626,0.0,438028000.0,34240377000.0,34507809750.0,0.0,1443258000.0,,,14084526000.0,,,15776879714.0,860751000.0,-26114000.0,-72000.0,482430000.0,-516940000.0,-271339000.0,-782199000.0,-1939000.0,1133706000.0,,472536000.0,472536000.0,472536000.0,0.0,97156000.0,0.173,843980000.0,862848000.0,260875000.0,1.338,2.732,33.388,34.56,17873023000.0,16847000.0,101.26,5.786,5.79,1196337000.0,-570982000.0,2726825000.0,2726825000.0,0.0,0.021,0.078,0.026,0.334,46707000.0,153511000.0,1.0,155805646.0,155928000.0,156099000.0,17.488,22213552000.0,0.0,0.0,0.0,142.46,
2,BXP,MRT,2020-12-31,2020-12-31,2020-12-31,2021-08-06,-49890000.0,22858190000.0,22661970000.0,,,0.122,38.577,-495729000.0,1719329000.0,1719329000.0,1030344000.0,1018691000.0,,2.42,13485963000.0,,,13485963000.0,0.0,685985000.0,0.0,0.041,3.92,1304444000.0,1990429000.0,0.72,1990429000.0,1304444000.0,872727000.0,5.54,5.54,5.54,5996083000.0,6088896000.0,5996083000.0,26432493222.0,20.0,13.28,661111000.0,4.253,1.0,1735342000.0,0.627,0.0,431717000.0,34624824000.0,34312711500.0,0.0,1446216000.0,,,14511681000.0,,,14714496222.0,1027443000.0,-117138000.0,3277000.0,1230957000.0,-688904000.0,484322000.0,-613719000.0,-852000.0,1156840000.0,0.0,872727000.0,872727000.0,872727000.0,0.0,145964000.0,0.316,830020000.0,905322000.0,336264000.0,0.708,2.454,16.86,17.063,17818807000.0,10500000.0,94.53,5.32,5.313,1199913000.0,-509653000.0,2765686000.0,2765686000.0,0.0,0.039,0.143,0.038,0.472,44142000.0,144738000.0,1.0,155659539.0,155432000.0,155517000.0,17.794,22858190000.0,0.0,0.0,0.0,147.062,
3,BXP,MRT,2020-09-30,2020-09-30,2020-09-30,2021-08-06,-52622000.0,22959215000.0,22268648750.0,,,0.128,39.382,-538219000.0,1764789000.0,1764789000.0,1050209000.0,1169795000.0,,2.359,13482786000.0,,,13482786000.0,0.0,687893000.0,0.0,0.049,3.92,1427815000.0,2115708000.0,0.74,2115708000.0,1427815000.0,1005209000.0,6.4,6.4,6.4,6129568000.0,6011047000.0,6129568000.0,23985443140.0,17.0,11.337,605577000.0,3.891,1.0,1807889000.0,0.633,0.0,422606000.0,34677212000.0,33863767250.0,0.0,1515121000.0,,,14458573000.0,,,12497394140.0,793332000.0,-125144000.0,11075000.0,1203221000.0,-511275000.0,483264000.0,-667036000.0,-3673000.0,1143796000.0,0.0,1005209000.0,1005209000.0,1005209000.0,0.0,164586000.0,0.352,833090000.0,974799000.0,345959000.0,0.613,2.039,12.433,12.547,17741337000.0,10500000.0,80.3,4.373,4.373,1187408000.0,-364720000.0,2858098000.0,2858098000.0,0.0,0.045,0.167,0.042,0.5,43857000.0,145632000.0,1.0,155633800.0,155645000.0,155670000.0,18.363,22959215000.0,0.0,0.0,0.0,147.51,
4,BXP,MRT,2020-06-30,2020-06-30,2020-06-30,2021-08-06,-54921000.0,23000777000.0,21850988750.0,,,0.133,39.785,-721974000.0,1991655000.0,1991655000.0,1063130000.0,1193105000.0,,2.337,13479704000.0,,,13479704000.0,0.0,687368000.0,0.0,0.043,3.89,1441210000.0,2128578000.0,0.732,2128578000.0,1441210000.0,1023126000.0,6.52,6.52,6.52,6182067000.0,5896643500.0,6182067000.0,25672548964.0,18.0,12.061,447859000.0,2.882,1.0,1845253000.0,0.634,0.0,418084000.0,34488826000.0,33380297250.0,0.0,1476572000.0,,,14447628000.0,,,14042262964.0,662039000.0,-81384000.0,11283000.0,1175028000.0,-505608000.0,466559000.0,-807661000.0,-4303000.0,1169833000.0,0.0,1023126000.0,1023126000.0,1023126000.0,0.0,169979000.0,0.352,835545000.0,1009708000.0,328292000.0,0.597,2.271,13.725,13.862,17668420000.0,10500000.0,90.38,4.828,4.829,1151549000.0,-302511000.0,2908383000.0,2908383000.0,0.0,0.047,0.174,0.043,0.496,43413000.0,148450000.0,1.0,155369141.0,155386000.0,155407000.0,18.717,23000777000.0,0.0,0.0,0.0,148.023,
5,BXP,MRT,2020-03-31,2020-03-31,2020-03-31,2021-08-06,-55700000.0,21829698000.0,21417863250.0,,,0.139,39.016,-833168000.0,858578000.0,858578000.0,1088421000.0,1097986000.0,,2.216,12488864000.0,,,12488864000.0,0.0,686654000.0,0.0,0.042,3.86,1334218000.0,2020872000.0,0.676,2020872000.0,1334218000.0,920919000.0,5.87,5.87,5.87,6047866000.0,5780090000.0,6047866000.0,25851003479.0,19.0,12.792,315960000.0,2.038,1.0,1898930000.0,0.636,0.0,413299000.0,33459984000.0,32839050250.0,0.0,1500033000.0,,,13402961000.0,,,14306861479.0,259588000.0,-37699000.0,11918000.0,1025381000.0,-499932000.0,323010000.0,-865369000.0,5498000.0,1149128000.0,0.0,920919000.0,920919000.0,920919000.0,0.0,177067000.0,0.308,832100000.0,1066830000.0,293831000.0,0.658,2.366,15.535,15.712,17518173000.0,10500000.0,92.23,4.789,4.786,1149108000.0,-416740000.0,2987351000.0,2987351000.0,0.0,0.043,0.159,0.041,0.447,43433000.0,145697000.0,1.0,155121560.0,155011000.0,155258000.0,19.272,21829698000.0,0.0,0.0,0.0,140.827,
6,BXP,MRT,2019-12-31,2019-12-31,2019-12-31,2021-08-06,-48335000.0,21284905000.0,21085839750.0,,,0.14,36.775,-1041806000.0,691886000.0,691886000.0,1084014000.0,651999000.0,,2.333,12236028000.0,,,12236028000.0,0.0,680176000.0,0.0,0.028,3.83,934251000.0,1614427000.0,0.545,1614427000.0,934251000.0,521534000.0,3.31,3.3,3.31,5684687000.0,5727278000.0,5684687000.0,32770901253.0,35.0,20.299,139359000.0,0.902,1.0,1876548000.0,0.634,0.0,412717000.0,32829047000.0,32335964250.0,0.0,1088314000.0,,,13262304000.0,,,21316144253.0,52695000.0,25303000.0,13710000.0,773478000.0,-666294000.0,-113379000.0,-1015091000.0,1412000.0,1181165000.0,0.0,521534000.0,521534000.0,521534000.0,0.0,130465000.0,0.176,830911000.0,1045637000.0,377553000.0,1.157,3.75,40.872,41.65,17622212000.0,10500000.0,137.86,7.2,7.198,1151595000.0,-760523000.0,2960562000.0,2960562000.0,0.0,0.025,0.091,0.029,0.316,40958000.0,151163000.0,1.0,154621676.0,154582000.0,154883000.0,19.152,21284905000.0,0.0,0.0,0.0,137.693,
7,BXP,MRT,2019-09-30,2019-09-30,2019-09-30,2021-08-06,-51996000.0,21288575000.0,20828732750.0,,,0.14,36.693,-809296000.0,804765000.0,804765000.0,1068041000.0,661231000.0,,2.342,12259522000.0,,,12259522000.0,0.0,675127000.0,0.0,0.029,3.8,939421000.0,1614548000.0,0.555,1614548000.0,939421000.0,529206000.0,3.36,3.35,3.36,5671954000.0,5776899000.0,5671954000.0,31096817465.0,33.0,19.26,390114000.0,2.524,1.0,1840177000.0,0.633,0.0,410215000.0,32743332000.0,31784963250.0,0.0,987474000.0,,,13285727000.0,,,20041254465.0,380981000.0,15554000.0,2165000.0,911197000.0,-665991000.0,-3154000.0,-815275000.0,-21533000.0,1199410000.0,0.0,529206000.0,529206000.0,529206000.0,0.0,132025000.0,0.182,821025000.0,1019152000.0,421269000.0,1.131,3.533,37.87,38.589,17511072000.0,10500000.0,129.66,6.891,6.892,182155000.0,-749666000.0,2908218000.0,2908218000.0,0.0,0.025,0.092,0.03,0.323,41670000.0,146109000.0,1.0,154567750.0,154577000.0,154820000.0,18.814,21288575000.0,0.0,0.0,0.0,137.721,
8,BXP,MRT,2019-06-30,2019-06-30,2019-06-30,2021-08-06,-51340000.0,21268275000.0,20540963500.0,,,0.139,36.983,-614579000.0,1162924000.0,1162924000.0,1050512000.0,670306000.0,,2.318,12218487000.0,,,12218487000.0,0.0,666653000.0,0.0,0.029,3.8,939663000.0,1606316000.0,0.563,1606316000.0,939663000.0,540553000.0,3.43,3.42,3.43,5715853000.0,5828052000.0,5715853000.0,30879098843.0,33.0,19.224,540424000.0,3.497,1.0,1800437000.0,0.632,0.0,399110000.0,32323838000.0,31249984250.0,0.0,989964000.0,,,13247608000.0,,,19933062843.0,435864000.0,-305535000.0,2215000.0,1108223000.0,-639835000.0,221888000.0,-941027000.0,-20913000.0,1155003000.0,0.0,540553000.0,540553000.0,540553000.0,0.0,129753000.0,0.19,812152000.0,988285000.0,418429000.0,1.108,3.487,36.875,37.609,17229710000.0,10500000.0,129.0,6.992,6.993,167727000.0,-710592000.0,2850949000.0,2850949000.0,0.0,0.026,0.093,0.03,0.33,42318000.0,144726000.0,1.0,154519867.0,154555000.0,154874000.0,18.446,21268275000.0,0.0,0.0,0.0,137.61,
9,BXP,MRT,2019-03-31,2019-03-31,2019-03-31,2021-08-06,-48734000.0,20501604000.0,20214185500.0,,,0.138,37.771,-713790000.0,432298000.0,432298000.0,1029992000.0,627410000.0,,2.113,11378334000.0,,,11378334000.0,0.0,645051000.0,0.0,0.027,3.65,893873000.0,1538924000.0,0.553,1538924000.0,893873000.0,504916000.0,3.2,3.19,3.2,5836618000.0,5872298750.0,5836618000.0,31054259838.0,35.0,20.179,417911000.0,2.704,1.0,1751700000.0,0.63,0.0,388957000.0,31447640000.0,30658020000.0,0.0,1028225000.0,,,12331317000.0,,,20685693838.0,-22831000.0,-403889000.0,1785000.0,644638000.0,-613702000.0,-15929000.0,-1138603000.0,-20924000.0,1131701000.0,0.0,504916000.0,504916000.0,504916000.0,0.0,122494000.0,0.182,784179000.0,967521000.0,328885000.0,1.141,3.544,40.969,41.837,17116764000.0,10500000.0,133.88,7.436,7.437,172462000.0,-728083000.0,2781692000.0,2781692000.0,0.0,0.025,0.086,0.029,0.321,40395000.0,137690000.0,1.0,154509216.0,154525000.0,154844000.0,18.002,20501604000.0,0.0,0.0,0.0,132.675,
10,BXP,MRT,2018-12-31,2018-12-31,2018-12-31,2021-08-06,-47741000.0,20256477000.0,19984769250.0,,,0.136,38.097,-652802000.0,639191000.0,639191000.0,1013014000.0,712563000.0,,2.047,11007757000.0,,,11007757000.0,0.0,645649000.0,0.0,0.031,3.5,961015000.0,1606664000.0,0.591,1606664000.0,961015000.0,582847000.0,3.71,3.7,3.71,5883171000.0,5882901250.0,5883171000.0,27848196275.0,29.0,17.333,497443000.0,3.221,1.0,1704062000.0,0.627,0.0,378168000.0,30625043000.0,30163140750.0,0.0,1003975000.0,,,12042509000.0,,,17382278275.0,133822000.0,-425717000.0,-730000.0,714973000.0,-587628000.0,82453000.0,-1098876000.0,-20357000.0,1150245000.0,0.0,582847000.0,582847000.0,582847000.0,0.0,129716000.0,0.215,778565000.0,925497000.0,276645000.0,0.943,2.955,29.823,30.337,16752119000.0,10500000.0,112.55,6.397,6.397,166629000.0,-675534000.0,2717076000.0,2717076000.0,0.0,0.029,0.099,0.032,0.354,40117000.0,131312000.0,1.0,154440500.0,154427000.0,154682000.0,17.595,20256477000.0,0.0,0.0,0.0,131.172,
11,BXP,MRT,2018-09-30,2018-09-30,2018-09-30,2021-08-06,-45137000.0,20137498000.0,19763708250.0,,,0.135,38.051,-894021000.0,423784000.0,423784000.0,993762000.0,659525000.0,,2.03,10889702000.0,,,10889702000.0,0.0,634469000.0,0.0,0.027,3.35,907735000.0,1542204000.0,0.578,1542204000.0,907735000.0,538173000.0,3.41,3.41,3.41,5876566000.0,5865597750.0,5876566000.0,29002351921.0,32.0,18.806,203620000.0,1.318,1.0,1673386000.0,0.627,0.0,369562000.0,30603416000.0,29791498750.0,0.0,956807000.0,,,11931524000.0,,,19007533921.0,-153050000.0,-413216000.0,-333000.0,636257000.0,-552942000.0,57525000.0,-1308216000.0,-979000.0,1097641000.0,0.0,538173000.0,538173000.0,538173000.0,0.0,121352000.0,0.202,766780000.0,906606000.0,408271000.0,0.982,3.234,35.319,36.097,16849143000.0,10500000.0,123.09,7.127,7.127,178502000.0,-677312000.0,2667148000.0,2667148000.0,0.0,0.027,0.092,0.03,0.34,39801000.0,130806000.0,1.0,154419806.0,154440000.0,154678000.0,17.27,20137498000.0,0.0,0.0,0.0,130.39,
12,BXP,MRT,2018-06-30,2018-06-30,2018-06-30,2021-08-06,-47695000.0,19961163000.0,19556463250.0,,,0.135,38.162,-937396000.0,727060000.0,727060000.0,982733000.0,656784000.0,,1.994,10721878000.0,,,10721878000.0,0.0,628637000.0,0.0,0.025,3.15,902620000.0,1531257000.0,0.58,1531257000.0,902620000.0,536392000.0,3.4,3.4,3.4,5892840000.0,5852760750.0,5892840000.0,29244512365.0,32.0,19.098,170620000.0,1.105,1.0,1655843000.0,0.628,0.0,366228000.0,29955981000.0,29382224250.0,0.0,712570000.0,,,11747921000.0,,,19360328365.0,187280000.0,118226000.0,-262000.0,466352000.0,-544111000.0,-100569000.0,-820167000.0,-997000.0,1108016000.0,0.0,536392000.0,536392000.0,536392000.0,0.0,120392000.0,0.203,753872000.0,901971000.0,423911000.0,0.926,3.285,36.094,36.888,16780930000.0,10500000.0,125.42,7.337,7.34,63660000.0,-649747000.0,2638576000.0,2638576000.0,0.0,0.027,0.092,0.031,0.342,39367000.0,124405000.0,1.0,154363964.0,154415000.0,154571000.0,17.088,19961163000.0,0.0,0.0,0.0,129.27,
13,BXP,MRT,2018-03-31,2018-03-31,2018-03-31,2021-08-06,-49062000.0,19583939000.0,19386613000.0,,,0.136,38.08,-908125000.0,455129000.0,455129000.0,975060000.0,663229000.0,,1.939,10339313000.0,,,10339313000.0,0.0,624139000.0,0.0,0.025,3.1,910587000.0,1534726000.0,0.583,1534726000.0,910587000.0,541420000.0,3.44,3.44,3.44,5879028000.0,5833144250.0,5879028000.0,28783968744.0,32.0,18.755,-10220000.0,-0.066,1.0,1655939000.0,0.629,0.0,369167000.0,29468123000.0,29137884250.0,0.0,696071000.0,,,11399849000.0,,,19017726744.0,100946000.0,111142000.0,-299000.0,599481000.0,-535311000.0,1050000.0,-798009000.0,-1026000.0,897905000.0,0.0,541420000.0,541420000.0,541420000.0,0.0,121809000.0,0.206,745902000.0,910037000.0,451178000.0,0.901,3.235,35.126,35.82,16641806000.0,10500000.0,123.22,7.228,7.23,73401000.0,-654879000.0,2630999000.0,2630999000.0,0.0,0.028,0.093,0.031,0.346,39331000.0,121108000.0,1.0,154339610.0,154385000.0,154705000.0,17.042,19583939000.0,0.0,0.0,0.0,126.851,
14,BXP,MRT,2017-12-31,2017-12-31,2017-12-31,2021-08-06,-50429000.0,19372233000.0,19232285000.0,,,0.135,37.706,-1022360000.0,505369000.0,505369000.0,962036000.0,562481000.0,,1.938,10271611000.0,,,10271611000.0,0.0,617547000.0,0.0,0.023,3.05,836920000.0,1454467000.0,0.559,1454467000.0,836920000.0,462439000.0,2.93,2.93,2.93,5813957000.0,5807270500.0,5813957000.0,29724324248.0,36.0,20.437,-110381000.0,-0.716,1.0,1640040000.0,0.63,0.0,374481000.0,29138475000.0,28895675750.0,0.0,649086000.0,,,11269777000.0,,,20066524248.0,85281000.0,141985000.0,241000.0,634721000.0,-526578000.0,55346000.0,-882044000.0,-1669000.0,911979000.0,0.0,462439000.0,462439000.0,462439000.0,0.0,100042000.0,0.178,731930000.0,908110000.0,331500000.0,1.041,3.451,43.393,44.379,16507008000.0,10500000.0,130.03,7.712,7.705,92186000.0,-712343000.0,2602076000.0,2602076000.0,0.0,0.024,0.08,0.029,0.322,35361000.0,113715000.0,1.0,154322266.0,154190000.0,154390000.0,16.876,19372233000.0,0.0,0.0,0.0,125.639,
15,BXP,MRT,2017-09-30,2017-09-30,2017-09-30,2021-08-06,-51796000.0,19308518000.0,19102137500.0,,,0.135,37.739,-1025538000.0,576834000.0,576834000.0,951858000.0,595172000.0,,1.924,10234634000.0,,,10234634000.0,0.0,641320000.0,0.0,0.024,3.0,886484000.0,1527804000.0,0.592,1527804000.0,886484000.0,505879000.0,3.22,3.21,3.22,5825218000.0,5800355000.0,5825218000.0,28659419942.0,32.0,18.759,-149810000.0,-0.971,1.0,1631050000.0,0.631,0.0,380605000.0,28966318000.0,28667979000.0,0.0,639781000.0,,,11208823000.0,,,18962560942.0,83721000.0,208460000.0,240000.0,602953000.0,-509264000.0,34851000.0,-826858000.0,-1683000.0,875728000.0,0.0,505879000.0,505879000.0,505879000.0,0.0,89293000.0,0.196,750921000.0,880129000.0,424540000.0,0.932,3.255,37.484,38.161,16374447000.0,10579000.0,122.88,7.342,7.343,79750000.0,-692739000.0,2582908000.0,2582908000.0,0.0,0.026,0.087,0.031,0.343,34881000.0,109612000.0,1.0,154317716.0,154355000.0,154483000.0,16.734,19308518000.0,0.0,0.0,0.0,125.092,
16,BXP,MRT,2017-06-30,2017-06-30,2017-06-30,2021-08-06,-53161000.0,19281762000.0,18972482750.0,,,0.134,37.712,-960161000.0,539780000.0,539780000.0,942748000.0,518972000.0,,1.928,10236639000.0,,,10236639000.0,0.0,692904000.0,0.0,0.024,2.9,858473000.0,1551377000.0,0.608,1551377000.0,858473000.0,465259000.0,2.96,2.95,2.96,5814374000.0,5775533250.0,5814374000.0,28460191229.0,33.0,18.345,-144955000.0,-0.94,1.0,1607676000.0,0.63,0.0,393214000.0,28978621000.0,28455279000.0,0.0,846149000.0,,,11208410000.0,,,18927529229.0,-714054000.0,-515099000.0,214000.0,499882000.0,-491946000.0,-69827000.0,-1459433000.0,-1698000.0,815206000.0,0.0,465259000.0,465259000.0,465259000.0,0.0,53713000.0,0.182,803671000.0,804005000.0,388731000.0,0.98,3.255,40.682,41.561,16234920000.0,10543000.0,123.02,7.421,7.437,88687000.0,-694320000.0,2550424000.0,2550424000.0,0.0,0.025,0.081,0.03,0.337,34501000.0,108985000.0,1.0,153857334.0,154177000.0,154331000.0,16.542,19281762000.0,0.0,0.0,0.0,125.063,
17,BXP,MRT,2017-03-31,2017-03-31,2017-03-31,2021-08-06,-50983000.0,18966627000.0,18893033500.0,,,0.133,37.538,-986228000.0,354183000.0,354183000.0,929806000.0,469319000.0,,1.912,9886845000.0,,,9886845000.0,0.0,694160000.0,0.0,0.021,2.8,831185000.0,1525345000.0,0.606,1525345000.0,831185000.0,428111000.0,2.72,2.71,2.72,5775533000.0,5755164000.0,5775533000.0,29745502995.0,36.0,19.501,-60808000.0,-0.395,1.0,1587257000.0,0.631,0.0,403074000.0,28499289000.0,28123711500.0,0.0,819749000.0,,,11044189000.0,,,20369457995.0,-1325285000.0,-507413000.0,203000.0,-233654000.0,-474614000.0,-754892000.0,-1495813000.0,-1684000.0,925420000.0,0.0,428111000.0,428111000.0,428111000.0,0.0,41208000.0,0.17,803818000.0,783439000.0,580437000.0,1.029,3.527,47.58,48.68,16089977000.0,10507000.0,132.41,8.093,8.094,73012000.0,-712270000.0,2517063000.0,2517063000.0,0.0,0.023,0.074,0.03,0.33,33644000.0,107262000.0,1.0,153836251.0,153860000.0,154214000.0,16.359,18966627000.0,0.0,0.0,0.0,123.272,
18,BXP,MRT,2016-12-31,2016-12-31,2016-12-31,2021-08-06,-52251000.0,18851643000.0,18945334250.0,,,0.135,37.643,-836538000.0,420088000.0,420088000.0,921234000.0,569977000.0,,1.887,9796133000.0,,,9796133000.0,0.0,694403000.0,0.0,0.021,2.7,925634000.0,1620037000.0,0.635,1620037000.0,925634000.0,512785000.0,3.27,3.26,3.27,5786295000.0,5748726500.0,5786295000.0,28667244799.0,31.0,17.695,198010000.0,1.288,1.0,1629586000.0,0.639,0.0,412849000.0,28227688000.0,27913681500.0,0.0,799012000.0,,,10919719000.0,,,19341625799.0,-377420000.0,-499648000.0,-271000.0,656920000.0,-671626000.0,-74621000.0,-1337347000.0,-1161000.0,1034548000.0,0.0,512785000.0,512785000.0,512785000.0,0.0,57192000.0,0.201,802019000.0,827567000.0,298524000.0,0.826,3.343,37.719,38.465,15925028000.0,10500000.0,125.78,7.583,7.58,92548000.0,-693694000.0,2550820000.0,2550820000.0,0.0,0.027,0.089,0.033,0.363,32911000.0,105229000.0,1.0,153773460.0,153715000.0,153977000.0,16.594,18851643000.0,0.0,0.0,0.0,122.64,
19,BXP,MRT,2016-09-30,2016-09-30,2016-09-30,2021-08-06,-73943000.0,18789899000.0,18820295000.0,,,0.135,37.241,-560738000.0,483303000.0,483303000.0,913930000.0,571821000.0,,1.909,9808922000.0,,,9808922000.0,0.0,680831000.0,0.0,0.028,3.85,924574000.0,1605405000.0,0.632,1605405000.0,924574000.0,503443000.0,3.21,3.21,3.21,5725931000.0,5729511500.0,5725931000.0,29635268209.0,32.0,18.46,373580000.0,2.43,1.0,1625069000.0,0.64,0.0,421131000.0,28115518000.0,27542389750.0,0.0,798681000.0,,,10930646000.0,,,20946882209.0,-967684000.0,-564326000.0,-270000.0,626035000.0,-671442000.0,-118591000.0,-1783411000.0,-668506000.0,934318000.0,0.0,503443000.0,503443000.0,503443000.0,0.0,68378000.0,0.198,788507000.0,836562000.0,547607000.0,1.199,3.658,41.607,42.458,15789203000.0,10442000.0,136.29,8.25,8.253,76258000.0,-725522000.0,2538999000.0,2538999000.0,0.0,0.027,0.088,0.034,0.364,31648000.0,104236000.0,1.0,153693464.0,153754000.0,154136000.0,16.513,18789899000.0,0.0,0.0,0.0,122.208,
20,BXP,MRT,2016-06-30,2016-06-30,2016-06-30,2021-08-06,-79748000.0,18963965000.0,18867886000.0,,,0.135,37.308,-351574000.0,1245698000.0,1245698000.0,905173000.0,823588000.0,,1.93,9934084000.0,,,9934084000.0,0.0,630098000.0,0.0,0.029,3.85,1036047000.0,1666145000.0,0.655,1666145000.0,1036047000.0,610830000.0,3.91,3.91,3.91,5732897000.0,5761007500.0,5732897000.0,28744673427.0,28.0,17.252,588912000.0,3.833,1.0,1638482000.0,0.644,0.0,425217000.0,27652351000.0,27366678500.0,0.0,274393000.0,,,11065746000.0,,,20261334427.0,-162707000.0,-49258000.0,-199000.0,726427000.0,-671260000.0,-218210000.0,-884983000.0,-668442000.0,940486000.0,0.0,610830000.0,610830000.0,610830000.0,0.0,212758000.0,0.24,731775000.0,906707000.0,509639000.0,0.985,3.534,33.17,33.734,15740152000.0,10500000.0,131.9,7.965,7.968,84861000.0,-702361000.0,2543655000.0,2543655000.0,0.0,0.032,0.106,0.038,0.407,30350000.0,100015000.0,1.0,153611330.0,153662000.0,153860000.0,16.554,18963965000.0,0.0,0.0,0.0,123.413,
21,BXP,MRT,2016-03-31,2016-03-31,2016-03-31,2021-08-06,-56706000.0,19175830000.0,18905384500.0,,,0.134,37.427,-217050000.0,1677027000.0,1677027000.0,902216000.0,806970000.0,,1.956,10160366000.0,,,10160366000.0,0.0,644767000.0,0.0,0.03,3.85,1022470000.0,1667237000.0,0.657,1667237000.0,1022470000.0,593722000.0,3.8,3.8,3.8,5749783000.0,5773527750.0,5749783000.0,27937537485.0,27.0,16.757,729895000.0,4.751,1.0,1636114000.0,0.645,0.0,428748000.0,27659169000.0,27345118000.0,0.0,256981000.0,,,11246040000.0,,,19518532485.0,541282000.0,-45978000.0,287000.0,939434000.0,-671082000.0,-13355000.0,-392308000.0,-668463000.0,946945000.0,0.0,593722000.0,593722000.0,593722000.0,0.0,213248000.0,0.234,742605000.0,893509000.0,474305000.0,1.013,3.395,32.875,33.442,15569424000.0,10529000.0,127.08,7.69,7.691,73759000.0,-699048000.0,2538330000.0,2538330000.0,0.0,0.031,0.103,0.037,0.403,28241000.0,96881000.0,1.0,153592481.0,153626000.0,153917000.0,16.523,19175830000.0,0.0,0.0,0.0,124.822,
22,BXP,MRT,2015-12-31,2015-12-31,2015-12-31,2021-08-06,-14114000.0,18351486000.0,18906194750.0,,,0.132,37.202,-29391000.0,797508000.0,797508000.0,904336000.0,799918000.0,,1.833,9188543000.0,,,9188543000.0,0.0,639542000.0,0.0,0.03,3.85,1015302000.0,1654844000.0,0.664,1654844000.0,1015302000.0,583106000.0,3.73,3.72,3.73,5709435000.0,5781625000.0,5709435000.0,28019527731.0,28.0,16.932,770020000.0,5.017,1.0,1586485000.0,0.637,0.0,432196000.0,26742521000.0,27328614000.0,0.0,255604000.0,,,10464559000.0,,,19587117731.0,-1039361000.0,-13680000.0,799000.0,-52260000.0,-1226199000.0,-1558546000.0,-280226000.0,-668909000.0,799411000.0,0.0,583106000.0,583106000.0,583106000.0,0.0,216812000.0,0.234,737120000.0,849365000.0,465095000.0,1.032,3.431,33.591,34.193,15555641000.0,10500000.0,127.54,7.864,7.858,97865000.0,-780952000.0,2490821000.0,2490821000.0,0.0,0.031,0.101,0.037,0.408,29183000.0,96319000.0,1.0,153576272.0,153471000.0,153844000.0,16.23,18351486000.0,0.0,0.0,0.0,119.576,
23,BXP,MRT,2015-09-30,2015-09-30,2015-09-30,2021-08-06,-20625000.0,18980263000.0,19290015000.0,,,0.129,38.1,-1785129000.0,1477386000.0,1477386000.0,898422000.0,844605000.0,,1.866,9909796000.0,,,9909796000.0,0.0,637512000.0,0.0,0.022,2.6,1063785000.0,1701297000.0,0.686,1701297000.0,1063785000.0,619863000.0,3.98,3.97,3.98,5851915000.0,5778590750.0,5851915000.0,26635266490.0,25.0,15.656,-950375000.0,-6.188,1.0,1581866000.0,0.638,0.0,443922000.0,27412673000.0,27573821500.0,0.0,237174000.0,,,10917504000.0,,,18183116490.0,540343000.0,229000.0,1192000.0,-555956000.0,-1225969000.0,-516344000.0,221933000.0,-1570000.0,834754000.0,0.0,619863000.0,619863000.0,619863000.0,0.0,224742000.0,0.25,734132000.0,847734000.0,245200000.0,0.653,3.107,29.334,29.749,15569008000.0,10500000.0,118.4,7.331,7.332,66446000.0,-627054000.0,2480288000.0,2480288000.0,0.0,0.032,0.107,0.039,0.429,28216000.0,95191000.0,1.0,153573619.0,153595000.0,153786000.0,16.148,18980263000.0,0.0,0.0,0.0,123.573,
24,BXP,MRT,2015-06-30,2015-06-30,2015-06-30,2021-08-06,1848000.0,19113959000.0,19263739250.0,,,0.128,37.686,-1852940000.0,1595309000.0,1595309000.0,893265000.0,672309000.0,,1.905,10047459000.0,,,10047459000.0,0.0,641742000.0,0.0,0.021,2.6,1012008000.0,1653750000.0,0.67,1653750000.0,1012008000.0,563505000.0,3.61,3.6,3.61,5782978000.0,5746868500.0,5782978000.0,26982467096.0,27.0,16.316,-1023304000.0,-6.669,1.0,1575942000.0,0.638,0.0,448503000.0,27566109000.0,27853424500.0,0.0,230927000.0,,,11019279000.0,,,18568385096.0,306175000.0,6387000.0,1093000.0,-617710000.0,-1225492000.0,-384073000.0,-139388000.0,-1567000.0,829636000.0,0.0,563505000.0,563505000.0,563505000.0,0.0,108804000.0,0.228,741155000.0,834787000.0,231900000.0,0.72,3.211,32.952,33.529,15612331000.0,10500000.0,121.04,7.52,7.522,55183000.0,-711239000.0,2469207000.0,2469207000.0,0.0,0.029,0.098,0.036,0.41,27680000.0,96836000.0,1.0,153407015.0,153450000.0,153815000.0,16.091,19113959000.0,0.0,0.0,0.0,124.561,
25,BXP,MRT,2015-03-31,2015-03-31,2015-03-31,2021-08-06,-11907000.0,19179071000.0,19209882750.0,,,0.127,37.735,-1857024000.0,1652614000.0,1652614000.0,880267000.0,667471000.0,,1.915,10066696000.0,,,10066696000.0,0.0,628526000.0,0.0,0.019,2.6,1011518000.0,1640044000.0,0.672,1640044000.0,1011518000.0,560572000.0,3.59,3.58,3.59,5782172000.0,5723881250.0,5782172000.0,29356420613.0,29.0,17.9,-1084234000.0,-7.076,1.0,1560513000.0,0.639,0.0,450946000.0,27593153000.0,28097226750.0,0.0,216924000.0,,,11073970000.0,,,21519836613.0,-115177000.0,-28591000.0,2305000.0,-616515000.0,-1227618000.0,-372640000.0,-515327000.0,-1565000.0,772790000.0,0.0,560572000.0,560572000.0,560572000.0,0.0,106899000.0,0.23,729379000.0,831134000.0,224086000.0,0.724,3.722,38.389,39.131,15575438000.0,10500000.0,140.48,8.817,8.819,47768000.0,-690993000.0,2440780000.0,2440780000.0,0.0,0.029,0.098,0.036,0.414,28730000.0,97823000.0,1.0,153187903.0,153230000.0,153873000.0,15.929,19179071000.0,0.0,0.0,0.0,125.165,
26,BXP,MRT,2014-12-31,2014-12-31,2014-12-31,2021-08-06,-9304000.0,19886767000.0,19160007000.0,,,0.125,37.216,-2091577000.0,2250400000.0,2250400000.0,864526000.0,526057000.0,,2.085,10086984000.0,,,10086984000.0,0.0,628573000.0,0.0,0.02,2.6,899354000.0,1527927000.0,0.637,1527927000.0,899354000.0,443611000.0,2.83,2.83,2.83,5697298000.0,5703855750.0,5697298000.0,29358336460.0,33.0,19.214,-1396024000.0,-9.119,1.0,1532472000.0,0.639,0.0,455743000.0,27723351000.0,28324661000.0,0.0,212853000.0,,,11878506000.0,,,19702411460.0,-602058000.0,-50561000.0,1923000.0,-1276006000.0,-840264000.0,-632487000.0,-665124000.0,-1780000.0,695553000.0,0.0,443611000.0,443611000.0,443611000.0,0.0,82446000.0,0.185,730650000.0,801822000.0,243263000.0,0.919,3.458,44.414,45.473,15688744000.0,10500000.0,128.69,8.22,8.219,46595000.0,-762464000.0,2396998000.0,2396998000.0,0.0,0.023,0.078,0.032,0.375,28099000.0,98937000.0,1.0,153099786.0,153089000.0,153308000.0,15.658,19886767000.0,0.0,0.0,0.0,129.903,
27,BXP,MRT,2014-09-30,2014-09-30,2014-09-30,2021-08-06,-9866000.0,18875160000.0,19232381250.0,,,0.123,37.389,-421436000.0,999825000.0,999825000.0,851986000.0,420944000.0,,2.047,10655750000.0,,,10655750000.0,0.0,621552000.0,0.0,0.042,4.85,816651000.0,1438203000.0,0.61,1438203000.0,816651000.0,357678000.0,2.28,2.28,2.28,5725026000.0,5714819500.0,5725026000.0,27365411911.0,34.0,19.028,275746000.0,1.801,1.0,1507504000.0,0.639,0.0,458973000.0,28531085000.0,28712681750.0,0.0,198983000.0,,,11721440000.0,,,17722626911.0,-794611000.0,-44331000.0,1544000.0,-720112000.0,-839992000.0,-924342000.0,-567451000.0,-1767000.0,697182000.0,0.0,357678000.0,357678000.0,357678000.0,-536000.0,63266000.0,0.152,719539000.0,787965000.0,253600000.0,2.127,3.096,49.549,50.772,15886276000.0,10500000.0,115.76,7.511,7.512,43210000.0,-148566000.0,2359490000.0,2359490000.0,0.0,0.019,0.063,0.028,0.346,28862000.0,96421000.0,1.0,153098021.0,153120000.0,153273000.0,15.409,18875160000.0,0.0,0.0,0.0,123.27,
28,BXP,MRT,2014-06-30,2014-06-30,2014-06-30,2021-08-06,-10429000.0,18898533000.0,19393518250.0,,,0.119,37.177,-402421000.0,1095824000.0,1095824000.0,835090000.0,440405000.0,,2.067,10738609000.0,,,10738609000.0,0.0,618500000.0,0.0,0.041,4.85,850469000.0,1468969000.0,0.635,1468969000.0,850469000.0,382631000.0,2.45,2.45,2.45,5691029000.0,5704328000.0,5691029000.0,27609705962.0,32.0,18.795,349660000.0,2.284,1.0,1477078000.0,0.639,0.0,467838000.0,28541318000.0,28919736250.0,0.0,195866000.0,,,11762849000.0,,,18086383962.0,-572155000.0,-22730000.0,1522000.0,-667174000.0,-840279000.0,-897327000.0,-426909000.0,-1758000.0,752081000.0,0.0,382631000.0,382631000.0,382631000.0,-2213000.0,57774000.0,0.165,717163000.0,759915000.0,216080000.0,1.98,3.178,47.268,48.237,15894949000.0,10500000.0,118.18,7.822,7.824,51348000.0,-176929000.0,2312168000.0,2312168000.0,0.0,0.02,0.067,0.029,0.368,29590000.0,98673000.0,1.0,153040988.0,153078000.0,153238000.0,15.105,18898533000.0,0.0,0.0,0.0,123.457,
29,BXP,MRT,2014-03-31,2014-03-31,2014-03-31,2021-08-06,-10989000.0,18979568000.0,19534581000.0,,,0.114,37.261,-562845000.0,1233813000.0,1233813000.0,808482000.0,851265000.0,,2.074,10757135000.0,,,10757135000.0,0.0,598476000.0,0.0,0.042,4.85,1218522000.0,1816998000.0,0.814,1816998000.0,1218522000.0,758521000.0,4.9,4.89,4.9,5702070000.0,5687782750.0,5702070000.0,26622981768.0,22.0,14.652,101861000.0,0.666,1.0,1423925000.0,0.638,0.0,460001000.0,28502890000.0,29120599000.0,0.0,145382000.0,,,11825385000.0,,,17523811768.0,270197000.0,305556000.0,-302000.0,83510000.0,-836508000.0,-147788000.0,-246721000.0,10568000.0,664706000.0,0.0,758521000.0,758521000.0,758521000.0,-5528000.0,92744000.0,0.34,696910000.0,727015000.0,218028000.0,0.99,3.073,23.103,23.373,15860776000.0,10500000.0,114.53,7.85,7.851,37812000.0,-153979000.0,2232407000.0,2232407000.0,0.0,0.039,0.133,0.042,0.546,29752000.0,99718000.0,1.0,153006302.0,153030000.0,153169000.0,14.588,18979568000.0,0.0,0.0,0.0,124.025,
30,BXP,MRT,2013-12-31,2013-12-31,2013-12-31,2021-08-06,-11556000.0,20176264000.0,18695508750.0,,,0.114,37.721,-848903000.0,2422338000.0,2422338000.0,771403000.0,841440000.0,,2.261,11521508000.0,,,11521508000.0,0.0,565397000.0,0.0,0.048,4.85,1196691000.0,1762088000.0,0.825,1762088000.0,1196691000.0,749811000.0,4.87,4.86,4.87,5741153000.0,5576483750.0,5741153000.0,25184036543.0,21.0,14.292,-70977000.0,-0.466,1.0,1364136000.0,0.639,0.0,446880000.0,29275434000.0,27877379250.0,0.0,156738000.0,,,12981725000.0,,,15344441543.0,1323159000.0,305330000.0,-334000.0,720974000.0,-451118000.0,1077873000.0,-532640000.0,10933000.0,777926000.0,0.0,749811000.0,749811000.0,749811000.0,-4781000.0,91629000.0,0.351,686016000.0,678120000.0,202470000.0,0.996,2.673,20.464,20.61,15817194000.0,8057000.0,100.37,7.185,7.153,59464000.0,-108552000.0,2135539000.0,2135539000.0,0.0,0.04,0.134,0.043,0.56,45155000.0,115329000.0,1.0,152878764.0,152201000.0,152521000.0,14.031,20176264000.0,0.0,0.0,0.0,132.563,
31,BXP,MRT,2013-09-30,2013-09-30,2013-09-30,2021-08-06,-12122000.0,19519708000.0,17517023000.0,,,0.116,37.289,-1034233000.0,1694774000.0,1694774000.0,735685000.0,811736000.0,,2.219,11534369000.0,,,11534369000.0,0.0,530538000.0,0.0,0.024,2.6,1152313000.0,1682851000.0,0.829,1682851000.0,1152313000.0,723765000.0,4.7,4.68,4.7,5683060000.0,5415461750.0,5683060000.0,26172364183.0,23.0,15.552,-304549000.0,-1.998,1.0,1294393000.0,0.638,0.0,428548000.0,29359303000.0,26377903500.0,0.0,144415000.0,,,12611391000.0,,,16290379183.0,418060000.0,297188000.0,-497000.0,699701000.0,-431345000.0,399741000.0,-711365000.0,10680000.0,729684000.0,0.0,723765000.0,723765000.0,723765000.0,-8455000.0,87971000.0,0.357,645263000.0,649130000.0,215778000.0,0.553,2.866,22.508,22.745,15826599000.0,5411000.0,106.9,8.025,8.025,55393000.0,246206000.0,2030078000.0,2030078000.0,0.0,0.041,0.134,0.044,0.568,43821000.0,112594000.0,1.0,152388954.0,152407000.0,152692000.0,13.32,19519708000.0,0.0,0.0,0.0,128.076,
32,BXP,MRT,2013-06-30,2013-06-30,2013-06-30,2021-08-06,-12689000.0,19462784000.0,16422581750.0,,,0.117,37.021,-1210097000.0,1663560000.0,1663560000.0,702396000.0,706822000.0,,2.235,11545545000.0,,,11545545000.0,0.0,487899000.0,0.0,0.024,2.5,1037095000.0,1524994000.0,0.792,1524994000.0,1037095000.0,625690000.0,4.08,4.06,4.08,5624848000.0,5274535750.0,5624848000.0,23911100699.0,23.0,15.679,-563390000.0,-3.708,1.0,1222881000.0,0.635,0.0,411405000.0,29344769000.0,24672411000.0,0.0,152201000.0,,,12569374000.0,,,16004368699.0,-63266000.0,275261000.0,-1600000.0,463147000.0,-411081000.0,213947000.0,-923920000.0,10916000.0,646707000.0,0.0,625690000.0,625690000.0,625690000.0,-8328000.0,81132000.0,0.325,599813000.0,623068000.0,212998000.0,0.613,2.845,25.579,25.85,15835914000.0,2764000.0,105.47,8.313,8.323,66039000.0,192492000.0,1925277000.0,1925277000.0,0.0,0.038,0.119,0.042,0.539,44030000.0,109370000.0,1.0,151743327.0,151938000.0,152490000.0,12.671,19462784000.0,0.0,0.0,0.0,128.097,
33,BXP,MRT,2013-03-31,2013-03-31,2013-03-31,2021-08-06,-13253000.0,15623279000.0,15377043000.0,,,0.123,34.665,-945694000.0,964786000.0,964786000.0,686831000.0,334235000.0,,1.828,8871518000.0,,,8871518000.0,0.0,465370000.0,0.0,0.024,2.4,697380000.0,1162750000.0,0.616,1162750000.0,697380000.0,289214000.0,1.92,1.9,1.92,5256874000.0,5151837250.0,5256874000.0,23139881903.0,33.0,19.901,-234577000.0,-1.547,1.0,1199762000.0,0.636,0.0,408166000.0,23530011000.0,22954583250.0,0.0,948939000.0,,,9608937000.0,,,15324671903.0,318180000.0,-2780000.0,136751000.0,646484000.0,-391527000.0,557976000.0,-950913000.0,-2439000.0,711117000.0,0.0,289214000.0,289214000.0,289214000.0,-5231000.0,45021000.0,0.153,571748000.0,628014000.0,210359000.0,1.25,2.915,52.987,52.635,12270705000.0,146000.0,101.06,8.123,8.123,75849000.0,-160697000.0,1886593000.0,1886593000.0,0.0,0.019,0.056,0.03,0.37,44104000.0,104120000.0,1.0,151639342.0,151646000.0,151952000.0,12.441,15623279000.0,0.0,0.0,0.0,103.025,
34,BXP,MRT,2012-12-31,2012-12-31,2012-12-31,2021-08-06,-13817000.0,15462321000.0,15024437500.0,,,0.123,33.953,-1272091000.0,1097159000.0,1097159000.0,667208000.0,332139000.0,,1.887,8912369000.0,,,8912369000.0,0.0,454044000.0,0.0,0.022,2.3,700620000.0,1154664000.0,0.625,1154664000.0,700620000.0,289650000.0,1.93,1.92,1.93,5097065000.0,5078406750.0,5097065000.0,23358190592.0,33.0,20.229,-629142000.0,-4.191,1.0,1179978000.0,0.639,0.0,410970000.0,23277531000.0,22459978000.0,0.0,954579000.0,,,9619033000.0,,,15962800592.0,-781230000.0,-2657000.0,247253000.0,12218000.0,-372899000.0,-146147000.0,-1278032000.0,-3284000.0,642949000.0,0.0,289650000.0,289650000.0,289650000.0,-9806000.0,42489000.0,0.157,539657000.0,640321000.0,199102000.0,1.192,3.132,55.111,54.824,11959168000.0,0.0,105.81,8.642,8.599,69555000.0,-109985000.0,1847186000.0,1847186000.0,0.0,0.019,0.057,0.031,0.379,29679000.0,90129000.0,1.0,150862873.0,150120000.0,150711000.0,12.305,15462321000.0,0.0,0.0,0.0,103.0,
35,BXP,MRT,2012-09-30,2012-09-30,2012-09-30,2021-08-06,-14379000.0,15141943000.0,14854598750.0,,,0.122,33.948,-1200827000.0,1255468000.0,1255468000.0,646752000.0,370974000.0,,1.826,8650858000.0,,,8650858000.0,0.0,442675000.0,0.0,0.02,2.2,737058000.0,1179733000.0,0.653,1179733000.0,737058000.0,325582000.0,2.19,2.17,2.19,5119356000.0,5020640000.0,5119356000.0,23868722439.0,32.0,20.232,-573672000.0,-3.804,1.0,1158910000.0,0.642,0.0,411476000.0,22537333000.0,22046486250.0,0.0,958688000.0,,,9345416000.0,,,16675893439.0,160191000.0,143092000.0,247515000.0,764718000.0,-362990000.0,612842000.0,-1079806000.0,-7071000.0,627155000.0,0.0,325582000.0,325582000.0,325582000.0,-13274000.0,45392000.0,0.18,530953000.0,627957000.0,193492000.0,1.005,3.257,51.219,50.507,11534066000.0,0.0,110.61,9.235,9.238,45039000.0,-59621000.0,1805662000.0,1805662000.0,0.0,0.022,0.065,0.033,0.408,30829000.0,95122000.0,1.0,150762982.0,150801000.0,151983000.0,11.974,15141943000.0,0.0,0.0,0.0,100.41,
36,BXP,MRT,2012-06-30,2012-06-30,2012-06-30,2021-08-06,-14978000.0,15280629000.0,14564312500.0,,,0.123,34.156,-1108578000.0,1703378000.0,1703378000.0,633981000.0,385903000.0,,1.855,8896207000.0,,,8896207000.0,0.0,440616000.0,0.0,0.02,2.15,740438000.0,1181054000.0,0.66,1181054000.0,740438000.0,338875000.0,2.29,2.27,2.29,5134054000.0,4947185000.0,5134054000.0,23574229198.0,32.0,19.96,-461271000.0,-3.069,1.0,1154704000.0,0.646,0.0,401563000.0,22473458000.0,21619997500.0,0.0,964105000.0,,,9523357000.0,,,16235496198.0,891413000.0,141983000.0,293339000.0,1030222000.0,-353036000.0,950510000.0,-706404000.0,-7309000.0,647307000.0,0.0,338875000.0,338875000.0,338875000.0,-11744000.0,47028000.0,0.189,523608000.0,631096000.0,163496000.0,0.939,3.162,47.91,47.323,11365172000.0,0.0,108.37,9.077,9.107,43507000.0,-34463000.0,1788685000.0,1788685000.0,0.0,0.023,0.068,0.034,0.414,30020000.0,90422000.0,1.0,149815412.0,150312000.0,150694000.0,11.9,15280629000.0,0.0,0.0,0.0,101.659,
37,BXP,MRT,2012-03-31,2012-03-31,2012-03-31,2021-08-06,-15558000.0,14212857000.0,14215208250.0,,,0.123,33.457,-1107869000.0,621893000.0,621893000.0,616107000.0,321467000.0,,1.741,7960626000.0,,,7960626000.0,0.0,439621000.0,0.0,0.02,2.1,676775000.0,1116396000.0,0.638,1116396000.0,676775000.0,280530000.0,1.91,1.9,1.91,4963152000.0,4853150000.0,4963152000.0,22408517510.0,33.0,20.072,-464564000.0,-3.132,1.0,1135096000.0,0.648,0.0,396245000.0,21551590000.0,21187341000.0,0.0,959747000.0,,,8641505000.0,,,15567919510.0,-156109000.0,123777000.0,210150000.0,80722000.0,-343467000.0,-70237000.0,-729177000.0,-12585000.0,643305000.0,0.0,280530000.0,280530000.0,280530000.0,-11394000.0,40937000.0,0.16,523707000.0,611389000.0,165441000.0,1.099,3.137,55.495,54.969,11352574000.0,0.0,104.99,8.89,8.894,68275000.0,-70609000.0,1751203000.0,1751203000.0,0.0,0.02,0.058,0.032,0.386,29174000.0,90077000.0,1.0,148280022.0,148343000.0,148746000.0,11.805,14212857000.0,0.0,0.0,0.0,95.811,
38,BXP,MRT,2011-12-31,2011-12-31,2011-12-31,2021-08-06,-16138000.0,14782966000.0,14120862250.0,,,0.122,33.399,-478430000.0,1863540000.0,1863540000.0,598796000.0,313826000.0,,1.914,8704138000.0,,,8704138000.0,0.0,439184000.0,0.0,0.021,2.05,664212000.0,1103396000.0,0.64,1103396000.0,664212000.0,272679000.0,1.87,1.86,1.87,4865998000.0,4786372500.0,4865998000.0,21554458977.0,32.0,19.535,127898000.0,0.878,1.0,1123996000.0,0.652,0.0,391533000.0,21623564000.0,20979378500.0,0.0,959712000.0,,,9313798000.0,,,14703878977.0,1344260000.0,122535000.0,448704000.0,729898000.0,-332597000.0,828028000.0,-90096000.0,-11701000.0,606328000.0,0.0,272679000.0,272679000.0,272679000.0,-10876000.0,41147000.0,0.158,518830000.0,605166000.0,155139000.0,1.096,3.022,53.924,53.262,10746486000.0,0.0,99.6,8.535,8.423,79838000.0,-53080000.0,1722792000.0,1722792000.0,0.0,0.019,0.057,0.032,0.386,29672000.0,87101000.0,1.0,147629307.0,145693000.0,146218000.0,11.825,14782966000.0,0.0,0.0,0.0,101.467,
39,BXP,MRT,2011-09-30,2011-09-30,2011-09-30,2021-08-06,-16717000.0,13980798000.0,13762186500.0,,,0.122,32.825,-689400000.0,1099783000.0,1099783000.0,584537000.0,185627000.0,,1.77,7950363000.0,,,7950363000.0,0.0,422766000.0,0.0,0.022,2.0,539272000.0,962038000.0,0.571,962038000.0,539272000.0,158855000.0,1.09,1.09,1.09,4825536000.0,4663033750.0,4825536000.0,19947822177.0,37.0,20.735,-203502000.0,-1.384,1.0,1101235000.0,0.653,0.0,380417000.0,20831378000.0,20660308750.0,0.0,1056153000.0,,,8540985000.0,,,13089202177.0,-207050000.0,3505000.0,448812000.0,-349016000.0,-330034000.0,-276978000.0,-415970000.0,-7575000.0,485898000.0,0.0,158855000.0,158855000.0,158855000.0,-833000.0,26772000.0,0.094,498451000.0,602784000.0,172928000.0,1.835,2.712,82.397,81.743,10639176000.0,0.0,89.1,7.765,7.77,47554000.0,-72941000.0,1685772000.0,1685772000.0,0.0,0.012,0.034,0.026,0.32,29829000.0,77140000.0,1.0,146904626.0,147006000.0,147622000.0,11.467,13980798000.0,0.0,0.0,0.0,95.104,
40,BXP,MRT,2011-06-30,2011-06-30,2011-06-30,2021-08-06,-17294000.0,13884212000.0,13529196000.0,,,0.12,32.619,-774777000.0,1083023000.0,1083023000.0,558964000.0,173265000.0,,1.785,7941643000.0,,,7941643000.0,0.0,394404000.0,0.0,0.019,2.0,528384000.0,922788000.0,0.569,922788000.0,528384000.0,145981000.0,1.02,1.02,1.02,4757914000.0,4572127500.0,4757914000.0,22340783584.0,42.0,24.21,-319287000.0,-2.189,1.0,1063515000.0,0.655,0.0,382403000.0,20742832000.0,20183183500.0,0.0,1058852000.0,,,8492017000.0,,,15456516584.0,-922864000.0,6495000.0,419624000.0,-358924000.0,-327471000.0,-312540000.0,-1065814000.0,-30032000.0,455490000.0,0.0,145981000.0,145981000.0,145981000.0,-813000.0,27284000.0,0.09,473479000.0,590036000.0,173257000.0,1.961,3.249,105.88,104.078,10584621000.0,0.0,106.16,9.526,9.544,44470000.0,-69537000.0,1622479000.0,1622479000.0,0.0,0.011,0.032,0.026,0.326,30272000.0,78290000.0,1.0,145596426.0,145864000.0,146695000.0,11.123,13884212000.0,0.0,0.0,0.0,95.186,
41,BXP,MRT,2011-03-31,2011-03-31,2011-03-31,2021-08-06,-17867000.0,13835473000.0,13255068250.0,,,0.119,33.049,-860214000.0,1052997000.0,1052997000.0,538423000.0,176014000.0,,1.808,7937264000.0,,,7937264000.0,0.0,364724000.0,0.0,0.021,2.0,531754000.0,896478000.0,0.567,896478000.0,531754000.0,147179000.0,1.05,1.05,1.05,4696042000.0,4493493250.0,4696042000.0,20454869540.0,38.0,22.817,-412131000.0,-2.9,1.0,1044030000.0,0.66,0.0,384575000.0,20719740000.0,19569518250.0,0.0,772322000.0,,,8490362000.0,,,13455847540.0,-473087000.0,21957000.0,369802000.0,209438000.0,-325177000.0,208187000.0,-1129357000.0,-23600000.0,448083000.0,0.0,147179000.0,147179000.0,147179000.0,-945000.0,28835000.0,0.093,442186000.0,601844000.0,171617000.0,1.905,2.865,91.425,90.333,10597044000.0,0.0,94.85,8.503,8.517,324740000.0,-56479000.0,1582453000.0,1582453000.0,0.0,0.011,0.033,0.027,0.336,30697000.0,77217000.0,1.0,141864497.0,142095000.0,142504000.0,11.137,13835473000.0,0.0,0.0,0.0,97.368,
42,BXP,MRT,2010-12-31,2010-12-31,2010-12-31,2021-08-06,-18436000.0,13348263000.0,12859035500.0,,,0.12,31.359,-850519000.0,786979000.0,786979000.0,523307000.0,190327000.0,,1.905,7786001000.0,,,7786001000.0,0.0,338371000.0,0.0,0.023,2.0,537151000.0,875522000.0,0.567,875522000.0,537151000.0,159072000.0,1.14,1.14,1.14,4372643000.0,4428793500.0,4372643000.0,17937157182.0,33.0,20.487,-474626000.0,-3.404,1.0,1020003000.0,0.661,0.0,378079000.0,20347285000.0,18810833500.0,0.0,1045984000.0,,,8328418000.0,,,12063116182.0,-969985000.0,-12904000.0,22154000.0,163128000.0,-324686000.0,-184604000.0,-1161274000.0,-20351000.0,375893000.0,0.0,159072000.0,159072000.0,159072000.0,-1442000.0,31255000.0,0.103,410931000.0,609072000.0,161592000.0,1.754,2.759,75.834,75.526,10441117000.0,0.0,86.1,7.816,7.779,60813000.0,-24763000.0,1543310000.0,1543310000.0,0.0,0.012,0.036,0.029,0.348,32852000.0,79396000.0,1.0,140105879.0,139440000.0,140057000.0,11.068,13348263000.0,0.0,0.0,0.0,95.728,
43,BXP,MRT,2010-09-30,2010-09-30,2010-09-30,2021-08-06,-19530000.0,13048836000.0,12609145500.0,,,0.122,31.963,-562359000.0,1570845000.0,1570845000.0,525766000.0,265829000.0,,1.774,7444886000.0,,,7444886000.0,0.0,324733000.0,0.0,0.024,2.0,599271000.0,924004000.0,0.603,924004000.0,599271000.0,225204000.0,1.61,1.61,1.61,4461911000.0,4447133250.0,4461911000.0,17083130785.0,29.0,18.488,-60045000.0,-0.43,1.0,1006409000.0,0.657,0.0,374067000.0,18922877000.0,18123430750.0,0.0,800345000.0,,,7915091000.0,,,11582660785.0,487968000.0,-34951000.0,25730000.0,1193697000.0,-324149000.0,879676000.0,-894022000.0,-19212000.0,502314000.0,0.0,225204000.0,225204000.0,225204000.0,0.0,40625000.0,0.147,401469000.0,604940000.0,199534000.0,1.242,2.596,51.432,51.627,9529710000.0,0.0,83.12,7.56,7.573,383655000.0,58051000.0,1532175000.0,1532175000.0,0.0,0.018,0.051,0.033,0.391,33225000.0,82043000.0,1.0,139348662.0,139595000.0,140193000.0,10.976,13048836000.0,0.0,0.0,0.0,93.476,
44,BXP,MRT,2010-06-30,2010-06-30,2010-06-30,2021-08-06,-20155000.0,12787701000.0,12254880750.0,,,0.124,31.941,-498234000.0,1728830000.0,1728830000.0,525969000.0,275390000.0,,1.725,7229300000.0,,,7229300000.0,0.0,321781000.0,0.0,0.028,2.0,587385000.0,909166000.0,0.597,909166000.0,587385000.0,233331000.0,1.67,1.67,1.67,4443377000.0,4444303250.0,4443377000.0,15351204190.0,26.0,16.885,12709000.0,0.091,1.0,997099000.0,0.655,0.0,354054000.0,18288171000.0,17602206500.0,0.0,801676000.0,,,7663109000.0,,,9917545190.0,884203000.0,-40464000.0,13077000.0,1231440000.0,-323681000.0,906462000.0,-533202000.0,5496000.0,510943000.0,0.0,233331000.0,233331000.0,233331000.0,0.0,42059000.0,0.153,398546000.0,598553000.0,177000000.0,1.198,2.232,42.504,42.719,9175766000.0,0.0,71.34,6.512,6.516,368602000.0,70426000.0,1523068000.0,1523068000.0,0.0,0.019,0.053,0.033,0.386,33328000.0,83965000.0,1.0,139018015.0,139113000.0,139826000.0,10.948,12787701000.0,0.0,0.0,0.0,91.923,
45,BXP,MRT,2010-03-31,2010-03-31,2010-03-31,2021-08-06,-21145000.0,12251342000.0,11953121500.0,,,0.127,31.938,-470883000.0,1241240000.0,1241240000.0,526685000.0,282976000.0,,1.607,6674899000.0,,,6674899000.0,0.0,327386000.0,0.0,0.027,2.0,575003000.0,902389000.0,0.594,902389000.0,575003000.0,239071000.0,1.77,1.76,1.77,4437243000.0,4444473000.0,4437243000.0,15732551254.0,27.0,17.434,96451000.0,0.694,1.0,992032000.0,0.653,0.0,335932000.0,17685001000.0,17204370250.0,0.0,805753000.0,,,7130209000.0,,,10483580254.0,1076603000.0,-40787000.0,850952000.0,518058000.0,-340627000.0,1015902000.0,-506633000.0,5037000.0,567334000.0,0.0,239071000.0,239071000.0,239071000.0,0.0,43905000.0,0.157,405035000.0,586997000.0,189633000.0,1.13,2.363,43.851,42.621,9112760000.0,0.0,75.44,6.903,6.901,372085000.0,78645000.0,1518717000.0,1518717000.0,0.0,0.02,0.054,0.033,0.379,33553000.0,84849000.0,1.0,138965804.0,138931000.0,139597000.0,10.931,12251342000.0,0.0,0.0,0.0,88.183,
46,BXP,MRT,2009-12-31,2009-12-31,2009-12-31,2021-08-06,-21777000.0,12348703000.0,11608270000.0,,,0.131,33.926,-442844000.0,1470800000.0,1470800000.0,525765000.0,274499000.0,,1.625,6719771000.0,,,6719771000.0,0.0,321681000.0,0.0,0.033,2.18,553847000.0,875528000.0,0.577,875528000.0,553847000.0,231014000.0,1.76,1.76,1.76,4446002000.0,4246954250.0,4446002000.0,14510091226.0,26.0,16.573,174532000.0,1.332,1.0,992425000.0,0.654,0.0,322833000.0,17597674000.0,16988501750.0,0.0,773582000.0,,,7223992000.0,,,9303888226.0,1207423000.0,-7835000.0,850624000.0,557208000.0,-357328000.0,1036648000.0,-446601000.0,4078000.0,617376000.0,0.0,231014000.0,231014000.0,231014000.0,0.0,43485000.0,0.152,424894000.0,567531000.0,220089000.0,1.239,2.093,40.274,38.108,9065881000.0,0.0,67.07,6.128,5.789,363240000.0,95433000.0,1518190000.0,1518190000.0,0.0,0.02,0.054,0.033,0.365,26636000.0,75447000.0,1.0,138719073.0,131050000.0,131512000.0,11.585,12348703000.0,0.0,0.0,0.0,94.229,
47,BXP,MRT,2009-09-30,2009-09-30,2009-09-30,2021-08-06,-22411000.0,11631777000.0,11250463250.0,,,0.135,32.102,-436714000.0,802787000.0,802787000.0,526185000.0,99132000.0,,1.46,6008990000.0,,,6008990000.0,0.0,322322000.0,0.0,0.036,2.36,393320000.0,715642000.0,0.472,715642000.0,393320000.0,79805000.0,0.56,0.57,0.56,4450591000.0,4057702000.0,4450591000.0,14200317963.0,36.0,19.843,210830000.0,1.521,1.0,989494000.0,0.653,0.0,313515000.0,16837980000.0,16775803250.0,0.0,782603000.0,,,6499359000.0,,,9084155963.0,726509000.0,-12594000.0,884968000.0,15256000.0,-373375000.0,511488000.0,-432523000.0,4846000.0,647544000.0,0.0,79805000.0,79805000.0,79805000.0,0.0,19327000.0,0.053,422581000.0,566913000.0,229177000.0,4.214,2.041,113.829,117.054,9020214000.0,0.0,65.55,5.993,5.996,341845000.0,111463000.0,1515679000.0,1515679000.0,0.0,0.007,0.02,0.023,0.26,25708000.0,72493000.0,1.0,138583615.0,138641000.0,139225000.0,10.932,11631777000.0,0.0,0.0,0.0,83.899,
48,BXP,MRT,2009-06-30,2009-06-30,2009-06-30,2021-08-06,-28464000.0,11580664000.0,11060852500.0,,,0.135,35.477,-545588000.0,841534000.0,841534000.0,525780000.0,73835000.0,,1.453,5957696000.0,,,5957696000.0,0.0,319462000.0,0.0,0.053,2.54,368176000.0,687638000.0,0.46,687638000.0,368176000.0,57089000.0,0.45,0.45,0.45,4444056000.0,3856272250.0,4444056000.0,11734603211.0,32.0,17.065,85675000.0,0.684,1.0,970584000.0,0.649,0.0,311087000.0,16696826000.0,16790030500.0,0.0,783492000.0,,,6455103000.0,,,5785012211.0,707135000.0,-382510000.0,882237000.0,487036000.0,-389575000.0,962906000.0,-887034000.0,6064000.0,631263000.0,0.0,57089000.0,57089000.0,57089000.0,0.0,16746000.0,0.038,418490000.0,552094000.0,223909000.0,5.644,1.302,101.333,106.0,8960285000.0,0.0,47.7,3.866,3.993,348495000.0,115027000.0,1496364000.0,1496364000.0,0.0,0.005,0.015,0.022,0.246,25695000.0,71262000.0,1.0,121279082.0,125267000.0,125620000.0,11.945,11580664000.0,0.0,0.0,0.0,92.448,
49,BXP,MRT,2009-03-31,2009-03-31,2009-03-31,2021-08-06,-29202000.0,10871936000.0,10762667750.0,,,0.137,30.078,-550194000.0,163209000.0,163209000.0,521243000.0,83887000.0,,1.808,6112800000.0,,,6112800000.0,0.0,306846000.0,0.0,0.078,2.72,367176000.0,674022000.0,0.457,674022000.0,367176000.0,65420000.0,0.54,0.54,0.54,3647168000.0,3669757500.0,3647168000.0,10256383420.0,28.0,15.217,21630000.0,0.178,1.0,954311000.0,0.647,0.0,301756000.0,16821527000.0,16545839000.0,0.0,790744000.0,,,6594607000.0,,,4247947420.0,-650854000.0,-827001000.0,39459000.0,626446000.0,-397029000.0,279866000.0,-1502544000.0,109651000.0,571824000.0,0.0,65420000.0,65420000.0,65420000.0,0.0,18467000.0,0.044,404809000.0,549502000.0,200269000.0,5.037,1.165,64.933,64.87,8898077000.0,0.0,35.03,2.879,2.879,339116000.0,117082000.0,1475554000.0,1475554000.0,0.0,0.006,0.018,0.022,0.249,24767000.0,70197000.0,1.0,121265984.0,121256000.0,121468000.0,12.169,10871936000.0,0.0,0.0,0.0,89.661,
50,BXP,MRT,2008-12-31,2008-12-31,2008-12-31,2021-08-06,-24291000.0,10917476000.0,10632055500.0,,,0.138,30.747,-453070000.0,263480000.0,263480000.0,515540000.0,130723000.0,,1.79,6092884000.0,,,6092884000.0,0.0,304147000.0,0.0,0.049,2.72,400592000.0,704739000.0,0.48,704739000.0,400592000.0,105270000.0,0.88,0.87,0.88,3688993000.0,3674074750.0,3688993000.0,12665821585.0,32.0,17.972,112241000.0,0.935,1.0,953902000.0,0.649,0.0,295322000.0,16746880000.0,16096716250.0,0.0,794350000.0,,,6602719000.0,,,6644266585.0,-1265411000.0,-896027000.0,37410000.0,675353000.0,-1235767000.0,-510643000.0,-1320079000.0,137697000.0,565311000.0,0.0,105270000.0,105270000.0,105270000.0,0.0,25453000.0,0.072,376512000.0,577390000.0,171791000.0,3.091,1.801,63.116,62.5,8856422000.0,0.0,55.0,4.522,4.491,338743000.0,154953000.0,1469442000.0,1469442000.0,0.0,0.01,0.029,0.025,0.273,23106000.0,72365000.0,1.0,120804847.0,119980000.0,121299000.0,12.247,10917476000.0,0.0,0.0,0.0,90.994,
51,BXP,MRT,2008-09-30,2008-09-30,2008-09-30,2021-08-06,-37445000.0,10873334000.0,10700845750.0,,,0.138,30.417,-636465000.0,89908000.0,89908000.0,508739000.0,596253000.0,,1.808,6111463000.0,,,6111463000.0,0.0,296036000.0,0.0,0.093,8.7,614520000.0,910556000.0,0.616,910556000.0,614520000.0,312678000.0,2.67,2.63,2.67,3644872000.0,3669032750.0,3644872000.0,16553607410.0,27.0,18.18,-92251000.0,-0.77,1.0,970150000.0,0.656,0.0,301842000.0,16894889000.0,15657757000.0,0.0,989556000.0,,,6589291000.0,,,11221472410.0,-1838601000.0,-889836000.0,8227000.0,437412000.0,-1235163000.0,-687920000.0,-1694895000.0,113345000.0,544214000.0,0.0,312678000.0,312678000.0,312678000.0,-1933510.0,283575000.0,0.211,368209000.0,601941000.0,164986000.0,3.258,3.079,35.888,35.079,8791304000.0,0.0,93.66,7.588,7.589,327554000.0,366482000.0,1478889000.0,1478889000.0,0.0,0.029,0.085,0.039,0.416,20574000.0,72407000.0,1.0,119810724.0,119832000.0,121369000.0,12.341,10873334000.0,0.0,0.0,0.0,90.738,
52,BXP,MRT,2008-06-30,2008-06-30,2008-06-30,2021-08-06,-41868000.0,10387925000.0,10728917500.0,,,0.139,30.88,-213231000.0,171754000.0,171754000.0,494487000.0,786270000.0,,1.63,5503889000.0,,,5503889000.0,0.0,292331000.0,0.0,0.096,8.7,809078000.0,1101409000.0,0.739,1101409000.0,809078000.0,511969000.0,4.33,4.27,4.33,3697997000.0,3844785250.0,3697997000.0,15474867663.0,19.0,14.05,357552000.0,2.986,1.0,994998000.0,0.668,0.0,297109000.0,15720060000.0,15054748750.0,0.0,627068000.0,,,6026615000.0,,,10799318663.0,-1773208000.0,-526828000.0,8727000.0,-288196000.0,-1234485000.0,-1409005000.0,-934986000.0,110073000.0,570783000.0,0.0,511969000.0,511969000.0,511969000.0,-3290500.0,274301000.0,0.344,365235000.0,629763000.0,183192000.0,2.009,2.92,21.094,20.836,8619040000.0,0.0,90.22,7.25,7.254,312116000.0,399502000.0,1489485000.0,1489485000.0,0.0,0.048,0.133,0.054,0.543,17151000.0,73838000.0,1.0,119699830.0,119753000.0,121315000.0,12.438,10387925000.0,0.0,0.0,0.0,86.745,
53,BXP,MRT,2008-03-31,2008-03-31,2008-03-31,2021-08-06,-53091000.0,10349487000.0,10880586750.0,,,0.137,30.656,-186319000.0,852283000.0,852283000.0,488350000.0,798489000.0,,1.646,5527832000.0,,,5527832000.0,0.0,292563000.0,0.0,0.094,8.7,840380000.0,1132943000.0,0.759,1132943000.0,840380000.0,538830000.0,4.56,4.49,4.56,3664437000.0,3961122000.0,3664437000.0,14799762097.0,18.0,13.063,423782000.0,3.545,1.0,1004668000.0,0.673,0.0,301550000.0,15025036000.0,14801289000.0,0.0,176346000.0,,,6030538000.0,,,11001356097.0,-1221693000.0,-67008000.0,9070000.0,-381838000.0,-1234360000.0,-1550524000.0,-281270000.0,7057000.0,610101000.0,0.0,538830000.0,538830000.0,538830000.0,-4647390.0,259659000.0,0.361,363591000.0,641077000.0,128769000.0,1.908,3.002,20.417,20.191,8527908000.0,0.0,92.07,7.369,7.371,134580000.0,401410000.0,1493018000.0,1493018000.0,0.0,0.05,0.136,0.057,0.563,14577000.0,72662000.0,1.0,119489042.0,119536000.0,121022000.0,12.49,10349487000.0,0.0,0.0,0.0,86.581,
54,BXP,MRT,2007-12-31,2007-12-31,2007-12-31,2021-08-06,-29191000.0,11192637000.0,11064650000.0,,,0.134,30.872,763118000.0,1693760000.0,1693760000.0,483605000.0,1553381000.0,,1.873,5492166000.0,,,5492166000.0,0.0,288978000.0,0.0,0.095,8.7,1613086000.0,1902064000.0,1.283,1902064000.0,1613086000.0,1310106000.0,10.98,10.8,10.98,3668825000.0,4079415000.0,3668825000.0,14446996148.0,9.0,7.595,1394772000.0,11.737,1.0,998684000.0,0.674,0.0,302980000.0,14991043000.0,14741332250.0,0.0,104256000.0,,,6869920000.0,,,10949761148.0,781133000.0,-4558000.0,23479000.0,651326000.0,-1143470000.0,-425176000.0,574655000.0,-22584000.0,631654000.0,0.0,1310106000.0,1310106000.0,1310106000.0,-7274000.0,243275000.0,0.884,355912000.0,642772000.0,145692000.0,0.792,2.985,8.358,8.362,8718188000.0,0.0,91.81,7.387,7.361,58074000.0,394324000.0,1482289000.0,1482289000.0,0.0,0.118,0.321,0.109,1.088,12358000.0,69882000.0,1.0,119265452.0,118839000.0,120780000.0,12.473,11192637000.0,0.0,0.0,0.0,94.183,
55,BXP,MRT,2007-09-30,2007-09-30,2007-09-30,2021-08-06,-6342000.0,10985621000.0,10690246250.0,,,0.136,36.534,797769000.0,1912033000.0,1912033000.0,470876000.0,1271663000.0,,1.353,5409268000.0,,,5409268000.0,0.0,287775000.0,0.0,0.078,8.12,1560684000.0,1848459000.0,1.271,1848459000.0,1560684000.0,1271663000.0,10.76,10.54,10.76,4347882000.0,3968015250.0,4347882000.0,16079304797.0,10.0,8.699,1395834000.0,11.729,1.0,983293000.0,0.676,0.0,289021000.0,14482856000.0,14379668250.0,0.0,102488000.0,,,5884119000.0,,,12367685797.0,845172000.0,-5980000.0,39860000.0,595818000.0,-1142709000.0,-544682000.0,791789000.0,0.0,598065000.0,0.0,1271663000.0,1271663000.0,1271663000.0,-14214410.0,0.0,0.874,351017000.0,632276000.0,133714000.0,0.755,2.845,9.726,9.656,8315692000.0,0.0,103.9,8.505,8.503,43199000.0,1065993000.0,1454169000.0,1454169000.0,0.0,0.119,0.32,0.109,1.073,11415000.0,69486000.0,1.0,119034512.0,119010000.0,120655000.0,12.219,10985621000.0,0.0,0.0,0.0,92.308,
56,BXP,MRT,2007-06-30,2007-06-30,2007-06-30,2021-08-06,-3338000.0,10994602000.0,10388218250.0,,,0.139,34.998,453345000.0,1907983000.0,1907983000.0,468610000.0,1137255000.0,,1.465,5619602000.0,,,5619602000.0,0.0,287707000.0,0.0,0.08,8.12,1429918000.0,1717625000.0,1.189,1717625000.0,1429918000.0,1137255000.0,9.67,9.46,9.67,4163344000.0,3835177000.0,4163344000.0,15853387351.0,11.0,9.23,1036470000.0,8.713,1.0,976472000.0,0.676,0.0,292663000.0,14706221000.0,14119046750.0,0.0,92944000.0,,,6100215000.0,,,12153918351.0,1514922000.0,35700000.0,44105000.0,707493000.0,-1141046000.0,-429311000.0,1361108000.0,0.0,583125000.0,0.0,1137255000.0,1137255000.0,1137255000.0,-16228390.0,0.0,0.787,343209000.0,633263000.0,123910000.0,0.84,2.919,10.687,10.562,8337015000.0,0.0,102.13,8.411,8.407,48398000.0,904417000.0,1445082000.0,1445082000.0,0.0,0.109,0.297,0.101,0.99,10318000.0,62036000.0,1.0,119004390.0,118961000.0,120984000.0,12.148,10994602000.0,0.0,0.0,0.0,92.422,
57,BXP,MRT,2007-03-31,2007-03-31,2007-03-31,2021-08-06,-3239000.0,11085740000.0,10067196750.0,,,0.142,35.012,1516066000.0,2036670000.0,2036670000.0,464441000.0,1660642000.0,,1.504,5736139000.0,,,5736139000.0,0.0,280998000.0,0.0,0.069,8.12,1958011000.0,2239009000.0,1.565,2239009000.0,1958011000.0,1660642000.0,14.14,13.85,14.14,4137609000.0,3686702000.0,4137609000.0,17813371816.0,9.0,7.956,2086246000.0,17.654,1.0,966339000.0,0.675,0.0,297369000.0,14785209000.0,13762310750.0,0.0,91955000.0,,,6221194000.0,,,13964006816.0,1984122000.0,21140000.0,73767000.0,1236732000.0,-1130342000.0,159500000.0,1254442000.0,-282764000.0,570180000.0,0.0,1660642000.0,1660642000.0,1660642000.0,-18115470.0,0.0,1.161,335870000.0,630469000.0,101188000.0,0.574,3.375,8.409,8.303,8308750000.0,0.0,117.4,9.76,9.697,50799000.0,881733000.0,1430780000.0,1430780000.0,0.0,0.165,0.45,0.142,1.368,9244000.0,61541000.0,1.0,118943840.0,118177000.0,120647000.0,12.107,11085740000.0,0.0,0.0,0.0,93.806,
58,BXP,MRT,2006-12-31,2006-12-31,2006-12-31,2021-08-06,-3323000.0,9695022000.0,9468362000.0,,,0.15,28.096,488954000.0,751572000.0,751572000.0,462671000.0,873635000.0,,1.814,4600937000.0,,,4600937000.0,0.0,276759000.0,0.0,0.073,8.12,1171895000.0,1448654000.0,1.022,1448654000.0,1171895000.0,873635000.0,7.62,7.46,7.62,3223226000.0,3386963750.0,3223226000.0,16733133365.0,14.0,11.551,1016933000.0,8.864,1.0,954956000.0,0.674,0.0,298260000.0,13544387000.0,13398804750.0,0.0,83711000.0,,,5848288000.0,,,13070272365.0,464292000.0,23566000.0,63418000.0,40956000.0,-391613000.0,-293443000.0,229756000.0,-282764000.0,527979000.0,0.0,873635000.0,873635000.0,873635000.0,-16103860.0,0.0,0.616,329937000.0,625019000.0,102934000.0,1.066,4.055,14.961,14.682,8160403000.0,0.0,111.88,9.22,9.054,57052000.0,108155000.0,1417627000.0,1417627000.0,0.0,0.092,0.258,0.087,0.827,8578000.0,59375000.0,1.0,116824029.0,114721000.0,117077000.0,12.357,9695022000.0,0.0,0.0,0.0,84.51,
59,BXP,MRT,2006-09-30,2006-09-30,2006-09-30,2021-08-06,-807000.0,9777509000.0,9270198500.0,,,0.148,33.063,877265000.0,1070462000.0,1070462000.0,445390000.0,955321000.0,,1.366,4733323000.0,,,4733323000.0,0.0,272660000.0,0.0,0.026,2.72,1256962000.0,1529622000.0,1.111,1529622000.0,1256962000.0,955321000.0,8.24,8.08,8.24,3816529000.0,3310493750.0,3816529000.0,15380191589.0,12.0,10.055,1427878000.0,12.37,1.0,931132000.0,0.676,0.0,301641000.0,13440370000.0,13373085000.0,0.0,83485000.0,,,5214564000.0,,,11811430589.0,598449000.0,28211000.0,39146000.0,82362000.0,-726027000.0,-612376000.0,660212000.0,-245264000.0,550613000.0,0.0,955321000.0,955321000.0,955321000.0,-21380450.0,0.0,0.694,320393000.0,610739000.0,103581000.0,0.33,3.095,12.364,12.541,7935166000.0,0.0,103.34,8.581,8.666,42128000.0,749940000.0,1376522000.0,1376522000.0,0.0,0.103,0.289,0.094,0.913,8230000.0,56313000.0,1.0,114296793.0,115432000.0,117728000.0,11.925,9777509000.0,0.0,0.0,0.0,84.704,
60,BXP,MRT,2006-06-30,2006-06-30,2006-06-30,2021-08-06,19583000.0,9710516000.0,9121793250.0,,,0.151,31.313,944192000.0,1264640000.0,1264640000.0,451247000.0,904910000.0,,1.489,4833401000.0,,,4833401000.0,0.0,267019000.0,0.0,0.058,5.22,1208680000.0,1475699000.0,1.072,1475699000.0,1208680000.0,904910000.0,7.82,7.67,7.82,3569444000.0,3065063500.0,3569444000.0,14960196397.0,12.0,10.138,1468175000.0,12.879,1.0,924872000.0,0.672,0.0,303770000.0,13279277000.0,13419899000.0,0.0,96962000.0,,,5316205000.0,,,10319412397.0,-136786000.0,-4231000.0,51031000.0,210186000.0,-725532000.0,-470903000.0,-189866000.0,-257764000.0,523983000.0,0.0,904910000.0,904910000.0,904910000.0,-18755480.0,0.0,0.658,316083000.0,608789000.0,90748000.0,0.668,2.891,11.404,11.56,7685466000.0,0.0,90.4,7.499,7.488,35814000.0,720322000.0,1376119000.0,1376119000.0,0.0,0.099,0.295,0.09,0.878,7828000.0,56844000.0,1.0,114152792.0,113994000.0,116176000.0,12.072,9710516000.0,0.0,0.0,0.0,85.184,
61,BXP,MRT,2006-03-31,2006-03-31,2006-03-31,2021-08-06,7541000.0,8690401000.0,8975320250.0,,,0.153,26.119,343942000.0,55929000.0,55929000.0,454951000.0,444669000.0,,1.707,4696713000.0,,,4696713000.0,0.0,266326000.0,0.0,0.056,5.22,748223000.0,1014549000.0,0.737,1014549000.0,748223000.0,444669000.0,3.95,3.87,3.95,2938656000.0,2938123250.0,2938656000.0,15041793131.0,20.0,14.826,815519000.0,7.248,1.0,921192000.0,0.669,0.0,303554000.0,13331185000.0,13471860250.0,0.0,98836000.0,,,5016560000.0,,,10502653131.0,-177093000.0,-8354000.0,46676000.0,-305463000.0,-720331000.0,-984258000.0,335588000.0,0.0,471577000.0,0.0,444669000.0,444669000.0,444669000.0,-16238430.0,0.0,0.323,314488000.0,606704000.0,86938000.0,1.322,3.574,23.619,23.608,7840270000.0,0.0,93.25,7.632,7.624,41458000.0,173129000.0,1376143000.0,1376143000.0,0.0,0.05,0.151,0.056,0.544,7632000.0,55300000.0,1.0,112628988.0,112509000.0,115157000.0,12.231,8690401000.0,0.0,0.0,0.0,77.242,
62,BXP,MRT,2005-12-31,2005-12-31,2005-12-31,2021-08-06,-8881000.0,8902368000.0,9077217750.0,,,0.152,26.218,354292000.0,287114000.0,287114000.0,457129000.0,438292000.0,,1.798,4826254000.0,,,4826254000.0,0.0,267641000.0,0.0,0.07,5.19,746383000.0,1014024000.0,0.733,1014024000.0,746383000.0,438292000.0,3.94,3.86,3.94,2917346000.0,2936327250.0,2917346000.0,12784056783.0,17.0,12.607,826541000.0,7.428,1.0,925737000.0,0.669,0.0,308091000.0,13441508000.0,13607585750.0,0.0,90207000.0,,,5245754000.0,,,8340318783.0,22152000.0,2313000.0,45020000.0,-136967000.0,-702989000.0,-806702000.0,356605000.0,0.0,472249000.0,0.0,438292000.0,438292000.0,438292000.0,-15326430.0,0.0,0.317,316450000.0,609287000.0,109823000.0,1.317,2.859,19.029,18.815,7886102000.0,0.0,74.13,6.031,5.965,52668000.0,182105000.0,1382866000.0,1382866000.0,0.0,0.048,0.149,0.055,0.54,7389000.0,55471000.0,1.0,112509359.0,111274000.0,113559000.0,12.428,8902368000.0,0.0,0.0,0.0,80.004,
63,BXP,MRT,2005-09-30,2005-09-30,2005-09-30,2021-08-06,-12022000.0,9183888000.0,9117432750.0,,,0.156,25.362,170896000.0,478129000.0,478129000.0,478906000.0,346630000.0,,1.984,4921867000.0,,,4921867000.0,0.0,270023000.0,0.0,0.073,5.16,659295000.0,929318000.0,0.653,929318000.0,659295000.0,346630000.0,3.1,3.04,3.1,2834808000.0,2941009000.0,2834808000.0,12275861331.0,19.0,13.21,601411000.0,5.381,1.0,944956000.0,0.664,0.0,312665000.0,13627626000.0,13699944500.0,0.0,133811000.0,,,5624003000.0,,,7913363331.0,236704000.0,3303000.0,85924000.0,-46639000.0,-361581000.0,-330510000.0,136699000.0,-37500000.0,430515000.0,0.0,346630000.0,346630000.0,346630000.0,-3167890.0,0.0,0.243,326211000.0,618745000.0,81730000.0,1.665,2.791,22.829,22.871,7943894000.0,0.0,70.9,5.558,5.566,32463000.0,104559000.0,1423862000.0,1423862000.0,0.0,0.038,0.118,0.048,0.463,6736000.0,57876000.0,1.0,111613023.0,111776000.0,114090000.0,12.739,9183888000.0,0.0,0.0,0.0,82.163,
64,BXP,MRT,2005-06-30,2005-06-30,2005-06-30,2021-08-06,-15288000.0,9124624000.0,9074564250.0,,,0.157,27.641,214392000.0,536259000.0,536259000.0,477997000.0,357621000.0,,1.72,4898757000.0,,,4898757000.0,0.0,270676000.0,0.0,0.038,2.63,672284000.0,942960000.0,0.662,942960000.0,672284000.0,357621000.0,3.22,3.16,3.22,3061683000.0,2955500250.0,3061683000.0,12528912820.0,19.0,13.287,638288000.0,5.763,1.0,945908000.0,0.664,0.0,314663000.0,13487122000.0,13740656250.0,0.0,107810000.0,,,5267174000.0,,,7752816820.0,279484000.0,-553000.0,80712000.0,-50935000.0,-355861000.0,-333251000.0,188839000.0,-25000000.0,423896000.0,0.0,357621000.0,357621000.0,357621000.0,-1590860.0,0.0,0.251,325706000.0,620202000.0,92649000.0,0.817,2.532,21.679,21.739,7885352000.0,0.0,70.0,5.445,5.445,28230000.0,404635000.0,1423905000.0,1423905000.0,0.0,0.039,0.121,0.049,0.472,6142000.0,57608000.0,1.0,110754526.0,110764000.0,113103000.0,12.855,9124624000.0,0.0,0.0,0.0,82.379,
65,BXP,MRT,2005-03-31,2005-03-31,2005-03-31,2021-08-06,-15463000.0,9097991000.0,9038975000.0,,,0.156,26.605,-180724000.0,234920000.0,234920000.0,473472000.0,279249000.0,,1.837,5011016000.0,,,5011016000.0,0.0,264310000.0,0.0,0.043,2.6,590468000.0,854778000.0,0.607,854778000.0,590468000.0,279249000.0,2.57,2.52,2.57,2931472000.0,2904076750.0,2931472000.0,11395545537.0,19.0,13.332,244569000.0,2.22,1.0,935618000.0,0.664,0.0,311219000.0,13874087000.0,13799221750.0,0.0,79855000.0,,,5383987000.0,,,6647830537.0,27156000.0,2753000.0,63099000.0,78636000.0,-351505000.0,-220166000.0,-177971000.0,0.0,425293000.0,0.0,279249000.0,279249000.0,279249000.0,-1573750.0,0.0,0.198,317287000.0,618331000.0,105009000.0,1.012,2.268,23.806,23.436,8164971000.0,0.0,60.23,4.718,4.71,27442000.0,314907000.0,1409090000.0,1409090000.0,0.0,0.031,0.096,0.043,0.419,5288000.0,55849000.0,1.0,110374075.0,110187000.0,112364000.0,12.788,9097991000.0,0.0,0.0,0.0,82.569,
66,BXP,MRT,2004-12-31,2004-12-31,2004-12-31,2021-08-06,-15637000.0,9063228000.0,8973736000.0,,,0.154,27.58,-170070000.0,264099000.0,264099000.0,465769000.0,284017000.0,,1.819,5011814000.0,,,5011814000.0,0.0,252941000.0,0.0,0.04,2.58,590187000.0,843128000.0,0.608,843128000.0,590187000.0,284017000.0,2.67,2.61,2.67,2936073000.0,2858062250.0,2936073000.0,11836424632.0,20.0,14.039,259436000.0,2.437,1.0,920577000.0,0.664,0.0,306170000.0,13810943000.0,13715694750.0,0.0,80955000.0,,,5340827000.0,,,7058365632.0,216658000.0,-944000.0,422070000.0,-111214000.0,-342815000.0,-41834000.0,-171014000.0,0.0,429506000.0,0.0,284017000.0,284017000.0,284017000.0,-3343710.0,0.0,0.205,303285000.0,617292000.0,94451000.0,0.966,2.404,24.852,24.221,8147858000.0,0.0,64.67,5.091,4.966,25500000.0,325452000.0,1386346000.0,1386346000.0,0.0,0.032,0.099,0.043,0.426,4262000.0,53636000.0,1.0,109144358.0,106458000.0,108762000.0,13.022,9063228000.0,0.0,0.0,0.0,85.134,
67,BXP,MRT,2004-09-30,2004-09-30,2004-09-30,2021-08-06,-15812000.0,9012414000.0,8845704000.0,,,0.153,26.701,-301632000.0,238010000.0,238010000.0,454121000.0,281963000.0,,1.842,5016069000.0,,,5016069000.0,0.0,240535000.0,0.0,0.046,2.56,583756000.0,824291000.0,0.61,824291000.0,583756000.0,281963000.0,2.71,2.65,2.71,2892773000.0,2724084750.0,2892773000.0,10734140267.0,18.0,13.022,151277000.0,1.396,1.0,897115000.0,0.664,0.0,301793000.0,13790473000.0,13640912250.0,0.0,88276000.0,,,5328883000.0,,,5995023267.0,176252000.0,-6180000.0,399789000.0,-22580000.0,-334053000.0,31155000.0,-307812000.0,0.0,452909000.0,0.0,281963000.0,281963000.0,281963000.0,-7448680.0,0.0,0.209,285717000.0,611398000.0,88124000.0,0.945,2.072,21.262,20.439,8142913000.0,0.0,55.39,4.437,4.441,12936000.0,334736000.0,1351236000.0,1351236000.0,0.0,0.032,0.104,0.043,0.432,3617000.0,49844000.0,1.0,108232953.0,108339000.0,110581000.0,12.472,9012414000.0,0.0,0.0,0.0,83.187,
68,BXP,MRT,2004-06-30,2004-06-30,2004-06-30,2021-08-06,-15986000.0,8982267000.0,8694764250.0,,,0.152,26.638,-349087000.0,255586000.0,255586000.0,450494000.0,270391000.0,,1.863,4994703000.0,,,4994703000.0,0.0,227430000.0,0.0,0.051,2.54,569829000.0,797259000.0,0.604,797259000.0,569829000.0,270391000.0,2.67,2.6,2.67,2855989000.0,2596265000.0,2855989000.0,10035427194.0,18.0,12.587,99931000.0,0.932,1.0,869695000.0,0.659,0.0,299438000.0,13721384000.0,13509140250.0,0.0,83950000.0,,,5322106000.0,,,5332483194.0,69111000.0,-4439000.0,410707000.0,-173307000.0,-325866000.0,-26381000.0,-353526000.0,0.0,449018000.0,0.0,270391000.0,270391000.0,270391000.0,-9208700.0,0.0,0.205,271409000.0,598286000.0,91790000.0,0.951,1.867,19.721,18.757,8169504000.0,0.0,50.08,4.039,4.067,11637000.0,336704000.0,1320189000.0,1320189000.0,0.0,0.031,0.104,0.042,0.432,3126000.0,48025000.0,1.0,106479297.0,107216000.0,109016000.0,12.313,8982267000.0,0.0,0.0,0.0,83.777,
69,BXP,MRT,2004-03-31,2004-03-31,2004-03-31,2021-08-06,-16161000.0,8837035000.0,8518249750.0,,,0.152,27.232,-414018000.0,207817000.0,207817000.0,443317000.0,246509000.0,,1.906,4910761000.0,,,4910761000.0,0.0,217319000.0,0.0,0.046,2.52,546605000.0,763924000.0,0.588,763924000.0,546605000.0,246509000.0,2.52,2.45,2.52,2747414000.0,2465768750.0,2747414000.0,10371945463.0,19.0,13.577,55906000.0,0.554,1.0,854847000.0,0.659,0.0,300096000.0,13539979000.0,13308473500.0,0.0,83555000.0,,,5237720000.0,,,5411232463.0,-202267000.0,-4502000.0,419128000.0,-346426000.0,-317677000.0,-253671000.0,-418520000.0,0.0,469924000.0,0.0,246509000.0,246509000.0,246509000.0,-9433880.0,0.0,0.19,259901000.0,594946000.0,110002000.0,1.0,1.97,21.951,21.552,8075498000.0,0.0,54.31,4.168,4.221,14962000.0,319890000.0,1298164000.0,1298164000.0,0.0,0.029,0.1,0.041,0.421,2907000.0,46560000.0,1.0,99636024.0,100890000.0,103490000.0,12.867,8837035000.0,0.0,0.0,0.0,87.591,
70,BXP,MRT,2003-12-31,2003-12-31,2003-12-31,2021-08-06,-16335000.0,8551100000.0,8411179500.0,,,0.153,24.769,101991000.0,44007000.0,44007000.0,440697000.0,365322000.0,,2.217,5004720000.0,,,5004720000.0,0.0,210477000.0,0.0,0.052,2.5,664758000.0,875235000.0,0.682,875235000.0,664758000.0,365322000.0,3.71,3.65,3.71,2400163000.0,2356121000.0,2400163000.0,9556997676.0,14.0,10.919,590266000.0,6.091,1.0,842468000.0,0.657,0.0,299436000.0,13511813000.0,13169390000.0,0.0,88786000.0,,,5320804000.0,,,4702267676.0,-32589000.0,-4495000.0,69028000.0,-362590000.0,-313811000.0,-618360000.0,97496000.0,0.0,488275000.0,0.0,365322000.0,365322000.0,365322000.0,-10924130.0,0.0,0.285,252045000.0,590423000.0,92026000.0,0.674,1.959,12.872,12.989,7981825000.0,0.0,48.19,3.665,3.639,18425000.0,320900000.0,1283165000.0,1283165000.0,0.0,0.043,0.155,0.05,0.518,2220000.0,45359000.0,1.0,97577665.0,96900000.0,98486000.0,13.242,8551100000.0,0.0,0.0,0.0,88.247,
71,BXP,MRT,2003-09-30,2003-09-30,2003-09-30,2021-08-06,-16509000.0,8408655000.0,8380205250.0,,,0.154,24.461,592573000.0,65613000.0,65613000.0,448200000.0,564541000.0,,2.182,4920343000.0,,,4920343000.0,0.0,208303000.0,0.0,0.057,2.48,861386000.0,1069689000.0,0.83,1069689000.0,861386000.0,564541000.0,5.78,5.69,5.78,2381494000.0,2295977750.0,2381494000.0,8873382807.0,10.0,8.295,1057393000.0,10.861,1.0,839812000.0,0.652,0.0,296845000.0,13263385000.0,13160747250.0,0.0,88632000.0,,,5197382000.0,,,4230874807.0,8828000.0,-4293000.0,49242000.0,-766440000.0,-310540000.0,-1044272000.0,588280000.0,0.0,464820000.0,0.0,564541000.0,564541000.0,564541000.0,-15657180.0,0.0,0.438,249443000.0,590369000.0,69940000.0,0.429,1.777,7.494,7.521,7821703000.0,0.0,43.47,3.285,3.286,21813000.0,322530000.0,1288012000.0,1288012000.0,0.0,0.067,0.246,0.065,0.669,2225000.0,46313000.0,1.0,97328613.0,97360000.0,99183000.0,13.229,8408655000.0,0.0,0.0,0.0,86.367,
72,BXP,MRT,2003-06-30,2003-06-30,2003-06-30,2021-08-06,-16684000.0,8276209000.0,8398370250.0,,,0.15,24.179,-449921000.0,176774000.0,176774000.0,438006000.0,579238000.0,,2.179,4819282000.0,,,4819282000.0,0.0,200196000.0,0.0,0.056,2.46,866216000.0,1066412000.0,0.846,1066412000.0,866216000.0,579238000.0,5.94,5.86,5.94,2334004000.0,2189678250.0,2334004000.0,8795346697.0,10.0,8.248,38034000.0,0.394,1.0,823109000.0,0.653,0.0,286978000.0,12918717000.0,13324704500.0,0.0,93904000.0,,,5085147000.0,,,4220455697.0,76947000.0,-1803000.0,33635000.0,413926000.0,-305734000.0,48773000.0,-459781000.0,0.0,487955000.0,0.0,579238000.0,579112000.0,579112000.0,-17760190.0,0.0,0.459,239158000.0,583951000.0,49299000.0,0.414,1.808,7.288,7.374,7632837000.0,126000.0,43.8,3.347,3.353,21185000.0,327222000.0,1261115000.0,1261115000.0,0.0,0.069,0.264,0.065,0.687,2005000.0,45086000.0,1.0,96357436.0,96531000.0,98213000.0,13.064,8276209000.0,0.0,0.0,0.0,85.736,
73,BXP,MRT,2003-03-31,2003-03-31,2003-03-31,2021-08-06,-16844000.0,8408754000.0,8168985750.0,,,0.15,24.117,-453693000.0,405222000.0,405222000.0,419282000.0,572420000.0,,2.269,4980113000.0,,,4980113000.0,0.0,193436000.0,0.0,0.064,2.44,848317000.0,1041753000.0,0.852,1041753000.0,848317000.0,572420000.0,5.88,5.81,5.88,2308823000.0,2052804750.0,2308823000.0,8685168154.0,10.0,8.337,-17204000.0,-0.18,1.0,804061000.0,0.657,0.0,275897000.0,12983645000.0,13018214000.0,0.0,101794000.0,,,5239749000.0,,,3635129154.0,313411000.0,-3637000.0,18046000.0,618629000.0,-301672000.0,320115000.0,-443193000.0,0.0,436489000.0,0.0,572420000.0,570651000.0,570651000.0,-20032200.0,0.0,0.466,233707000.0,570354000.0,63319000.0,0.415,1.574,6.37,6.446,7534808000.0,1769000.0,37.9,2.971,2.966,23193000.0,325114000.0,1223343000.0,1223343000.0,0.0,0.07,0.278,0.065,0.693,1536000.0,47622000.0,1.0,95913698.0,95733000.0,96755000.0,12.779,8408754000.0,0.0,0.0,0.0,87.835,
74,BXP,MRT,2002-12-31,2002-12-31,2002-12-31,2021-08-06,-17018000.0,8427203000.0,7892145250.0,,,0.149,23.185,-1013125000.0,97181000.0,97181000.0,396012000.0,444383000.0,,2.511,5147220000.0,,,5147220000.0,0.0,186429000.0,0.0,0.065,2.41,707450000.0,893879000.0,0.761,893879000.0,707450000.0,444383000.0,4.57,4.5,4.57,2159590000.0,1919406500.0,2159590000.0,8950333922.0,13.0,10.013,-575745000.0,-6.181,1.0,777992000.0,0.663,0.0,263067000.0,13477242000.0,12670207250.0,0.0,101905000.0,,,5423032000.0,,,3512434922.0,-42792000.0,-4158000.0,9774000.0,832026000.0,-297331000.0,537111000.0,-1017283000.0,0.0,437380000.0,0.0,444383000.0,440971000.0,440971000.0,-20220000.0,0.0,0.376,225455000.0,552537000.0,73846000.0,0.527,1.626,7.965,8.066,7847778000.0,3412000.0,36.86,2.992,2.924,20458000.0,198586000.0,1174004000.0,1174004000.0,0.0,0.056,0.23,0.056,0.603,1187000.0,47292000.0,1.0,95291235.0,93145000.0,94612000.0,12.604,8427203000.0,0.0,0.0,0.0,90.474,
75,BXP,MRT,2002-09-30,2002-09-30,2002-09-30,2021-08-06,-13608000.0,8481315000.0,7598722000.0,,,0.141,20.613,-1464070000.0,28793000.0,28793000.0,369317000.0,242021000.0,,2.924,5466692000.0,,,5466692000.0,0.0,173108000.0,0.0,0.064,2.38,480410000.0,653518000.0,0.608,653518000.0,480410000.0,242021000.0,2.57,2.53,2.57,1956296000.0,1818027250.0,1956296000.0,7877819686.0,16.0,12.054,-1053587000.0,-11.102,1.0,705489000.0,0.656,0.0,238389000.0,13919214000.0,12162743000.0,0.0,101819000.0,,,5720790000.0,,,3543735686.0,-132218000.0,-13017000.0,9289000.0,1278653000.0,-293048000.0,934386000.0,-1477087000.0,0.0,410483000.0,0.0,242021000.0,236961000.0,236961000.0,-32009000.0,0.0,0.22,205202000.0,500287000.0,69236000.0,0.926,1.811,14.955,14.475,7929782000.0,5060000.0,37.2,3.297,3.285,48716000.0,-2532000.0,1074806000.0,1074806000.0,0.0,0.031,0.13,0.039,0.447,876000.0,43252000.0,1.0,95261712.0,94904000.0,96181000.0,11.325,8481315000.0,0.0,0.0,0.0,89.367,
76,BXP,MRT,2002-06-30,2002-06-30,2002-06-30,2021-08-06,-13695000.0,7358671000.0,7276773500.0,,,0.144,19.555,-454926000.0,81640000.0,81640000.0,341934000.0,223522000.0,,2.601,4415724000.0,,,4415724000.0,0.0,166074000.0,0.0,0.059,2.35,456371000.0,622445000.0,0.593,622445000.0,456371000.0,223522000.0,2.39,2.35,2.39,1786510000.0,1766291000.0,1786510000.0,7937447867.0,17.0,12.752,-38066000.0,-0.417,1.0,707637000.0,0.674,0.0,232849000.0,11692755000.0,11502425250.0,0.0,100804000.0,,,4646431000.0,,,3647221867.0,-84124000.0,-7364000.0,8932000.0,295368000.0,-289660000.0,-46751000.0,-454233000.0,0.0,416860000.0,0.0,223522000.0,216935000.0,216935000.0,-29615000.0,0.0,0.207,199446000.0,508191000.0,52655000.0,0.983,2.042,16.813,16.715,6811733000.0,6587000.0,39.95,3.475,3.477,31298000.0,-16152000.0,1049571000.0,1049571000.0,0.0,0.03,0.123,0.04,0.435,777000.0,43115000.0,1.0,91294665.0,91357000.0,93016000.0,11.489,7358671000.0,0.0,0.0,0.0,80.549,
77,BXP,MRT,2002-03-31,2002-03-31,2002-03-31,2021-08-06,-13868000.0,7301392000.0,7210429750.0,,,0.142,19.523,-1215982000.0,71007000.0,71007000.0,330049000.0,217790000.0,,2.589,4361233000.0,,,4361233000.0,0.0,158367000.0,0.0,0.058,2.3,442143000.0,600510000.0,0.588,600510000.0,442143000.0,217790000.0,2.34,2.29,2.34,1775230000.0,1754611500.0,1775230000.0,7800131558.0,18.0,12.989,-798697000.0,-8.783,1.0,691283000.0,0.677,0.0,224353000.0,11591618000.0,11355537000.0,0.0,98071000.0,,,4596475000.0,,,3583256558.0,-170812000.0,-6540000.0,9833000.0,968079000.0,-282961000.0,648562000.0,-1236659000.0,0.0,417285000.0,0.0,217790000.0,211198000.0,211198000.0,-27026000.0,0.0,0.207,189900000.0,501383000.0,56125000.0,0.983,2.018,16.966,16.859,6784552000.0,6592000.0,39.45,3.508,3.512,36846000.0,-15084000.0,1021332000.0,1021332000.0,0.0,0.029,0.12,0.039,0.433,677000.0,39431000.0,1.0,90830331.0,90932000.0,92783000.0,11.232,7301392000.0,0.0,0.0,0.0,80.295,
78,BXP,MRT,2001-12-31,2001-12-31,2001-12-31,2021-08-06,-13868000.0,7253510000.0,6962601500.0,,,0.142,19.489,-1296459000.0,121067000.0,121067000.0,313821000.0,208032000.0,,2.597,4314942000.0,,,4314942000.0,0.0,150163000.0,0.0,0.059,2.25,419423000.0,569586000.0,0.578,569586000.0,419423000.0,208032000.0,2.24,2.19,2.24,1754073000.0,1741517500.0,1754073000.0,7533567582.0,18.0,13.226,-877056000.0,-9.745,1.0,671698000.0,0.682,0.0,211391000.0,11447385000.0,10837284250.0,0.0,102782000.0,,,4554697000.0,,,3449145582.0,-182890000.0,-7163000.0,9943000.0,957123000.0,-276538000.0,701329000.0,-1303622000.0,0.0,419403000.0,0.0,208032000.0,201440000.0,201440000.0,-24512000.0,0.0,0.204,181772000.0,489926000.0,81108000.0,1.004,1.966,17.122,16.964,6738052000.0,6592000.0,38.0,3.5,3.47,43546000.0,-17669000.0,985519000.0,985519000.0,0.0,0.029,0.116,0.039,0.426,578000.0,38312000.0,1.0,90766989.0,90002000.0,92200000.0,10.95,7253510000.0,0.0,0.0,0.0,80.593,
79,BXP,MRT,2001-09-30,2001-09-30,2001-09-30,2021-08-06,-13868000.0,7193521000.0,6705841500.0,,,0.149,19.324,-1450807000.0,161011000.0,161011000.0,310273000.0,195919000.0,,2.571,4245433000.0,,,4245433000.0,0.0,145417000.0,0.0,0.058,2.2,410432000.0,555849000.0,0.555,555849000.0,410432000.0,195919000.0,2.17,2.12,2.17,1749351000.0,1714931000.0,1749351000.0,7464501393.0,18.0,13.429,-1031821000.0,-11.398,1.0,691820000.0,0.69,0.0,214513000.0,11277943000.0,10315539000.0,0.0,94457000.0,,,4496938000.0,,,3452595393.0,148581000.0,-4475000.0,648947000.0,734382000.0,-261070000.0,1184877000.0,-1455282000.0,0.0,418986000.0,0.0,195919000.0,189332000.0,189332000.0,-4662000.0,0.0,0.189,183930000.0,507890000.0,71716000.0,1.014,1.974,18.236,17.571,6614951000.0,6587000.0,38.13,3.445,3.445,41087000.0,-20296000.0,1002093000.0,1002093000.0,0.0,0.028,0.11,0.04,0.41,2444000.0,39440000.0,1.0,90548004.0,90529000.0,92534000.0,11.069,7193521000.0,0.0,0.0,0.0,79.461,
80,BXP,MRT,2001-06-30,2001-06-30,2001-06-30,2021-08-06,-13868000.0,7093296000.0,6310240500.0,,,0.15,19.322,-1410549000.0,165764000.0,165764000.0,297168000.0,181791000.0,,2.53,4177670000.0,,,4177670000.0,0.0,139539000.0,0.0,0.053,2.15,391120000.0,530659000.0,0.559,530659000.0,391120000.0,181791000.0,2.14,2.08,2.14,1739792000.0,1551612250.0,1739792000.0,6892464538.0,18.0,12.989,-1024897000.0,-11.382,1.0,652280000.0,0.687,0.0,209329000.0,11105202000.0,9759008750.0,0.0,98452000.0,,,4401636000.0,,,3683936538.0,159445000.0,-24248000.0,652517000.0,725008000.0,-245412000.0,1195369000.0,-1421576000.0,-2000.0,385652000.0,0.0,181791000.0,175214000.0,175214000.0,-4024000.0,0.0,0.185,178104000.0,474176000.0,61248000.0,1.005,2.117,21.025,19.112,6518096000.0,6577000.0,40.9,3.88,3.879,26337000.0,-19193000.0,949448000.0,949448000.0,0.0,0.028,0.113,0.04,0.412,2353000.0,39492000.0,1.0,90071798.0,90042000.0,92307000.0,10.545,7093296000.0,0.0,0.0,0.0,78.778,
81,BXP,MRT,2001-03-31,2001-03-31,2001-03-31,2021-08-06,-19397000.0,6310079000.0,5921680000.0,,,0.154,19.426,-618468000.0,241819000.0,241819000.0,284564000.0,167628000.0,,2.128,3450347000.0,,,3450347000.0,0.0,135659000.0,0.0,0.055,2.12,377330000.0,512989000.0,0.563,512989000.0,377330000.0,167628000.0,2.1,2.06,2.1,1722854000.0,1385208500.0,1722854000.0,6582942141.0,17.0,12.833,-260140000.0,-2.933,1.0,627059000.0,0.688,0.0,209702000.0,9518607000.0,9214659000.0,0.0,98516000.0,,,3665650000.0,,,3449008141.0,223484000.0,-18059000.0,651550000.0,29321000.0,-221264000.0,503871000.0,-638715000.0,-2297000.0,358328000.0,0.0,167628000.0,161056000.0,161056000.0,-3406000.0,0.0,0.177,172734000.0,454325000.0,58542000.0,1.01,2.002,21.415,18.31,5668035000.0,6572000.0,38.45,3.783,3.741,24443000.0,-15829000.0,911623000.0,911623000.0,0.0,0.027,0.116,0.041,0.414,2261000.0,38201000.0,1.0,89701122.0,88688000.0,91171000.0,10.279,6310079000.0,0.0,0.0,0.0,71.149,
82,BXP,MRT,2000-12-31,2000-12-31,2000-12-31,2021-08-06,-11745000.0,6226470000.0,5773239500.0,,,0.154,23.07,-544294000.0,280957000.0,280957000.0,279671000.0,152998000.0,,2.185,3414891000.0,,,3414891000.0,0.0,133150000.0,0.0,0.047,2.04,370062000.0,503212000.0,0.566,503212000.0,370062000.0,152998000.0,2.05,2.01,2.05,1647727000.0,1231515500.0,1647727000.0,7200403432.0,19.0,14.309,-214820000.0,-3.008,1.0,609960000.0,0.686,0.0,217064000.0,9360404000.0,9142102500.0,0.0,96883000.0,,,3601028000.0,,,3759698432.0,268922000.0,-16582000.0,650144000.0,85149000.0,-209723000.0,502621000.0,-563173000.0,-2297000.0,329474000.0,0.0,152998000.0,146426000.0,146426000.0,-2814000.0,0.0,0.165,167882000.0,442078000.0,57338000.0,0.995,2.282,25.676,21.22,5526060000.0,6572000.0,43.5,4.226,3.492,26852000.0,-13895000.0,889631000.0,889631000.0,0.0,0.025,0.119,0.04,0.416,2170000.0,35659000.0,1.0,86429849.0,71424000.0,72741000.0,12.456,6226470000.0,0.0,0.0,0.0,87.176,
83,BXP,MRT,2000-09-30,2000-09-30,2000-09-30,2021-08-06,-4692000.0,5611117000.0,5575315000.0,,,0.154,15.713,-332070000.0,12430000.0,12430000.0,262313000.0,144209000.0,,3.322,3453135000.0,,,3453135000.0,0.0,128806000.0,0.0,0.046,1.96,364383000.0,493189000.0,0.576,493189000.0,364383000.0,144209000.0,2.02,1.99,2.02,1096076000.0,1083974750.0,1096076000.0,6344015447.0,17.0,12.863,-38012000.0,-0.545,1.0,593660000.0,0.694,0.0,220174000.0,9051822000.0,8988081750.0,0.0,87183000.0,,,3640676000.0,,,2955266447.0,-37985000.0,-12210000.0,11648000.0,224646000.0,-203965000.0,13594000.0,-345637000.0,-8797000.0,294058000.0,0.0,144209000.0,137626000.0,137626000.0,0.0,0.0,0.161,162784000.0,430876000.0,59542000.0,0.97,2.696,21.473,21.257,5228622000.0,6583000.0,42.94,3.453,3.499,40039000.0,-11879000.0,855973000.0,855973000.0,0.0,0.025,0.127,0.041,0.426,159000.0,33978000.0,1.0,68823159.0,69758000.0,70486000.0,12.271,5611117000.0,0.0,0.0,0.0,80.437,
84,BXP,MRT,2000-06-30,2000-06-30,2000-06-30,2021-08-06,9528000.0,5539054000.0,5511229500.0,,,0.151,15.796,-620396000.0,6319000.0,6319000.0,260824000.0,134241000.0,,3.321,3395068000.0,,,3395068000.0,0.0,127448000.0,0.0,0.049,1.88,351431000.0,478879000.0,0.574,478879000.0,351431000.0,134241000.0,1.88,1.87,1.88,1074177000.0,1073460500.0,1074177000.0,6137634271.0,17.0,12.817,-312516000.0,-4.596,1.0,573973000.0,0.688,0.0,217190000.0,8927803000.0,8870657000.0,0.0,97769000.0,,,3567426000.0,,,2625570271.0,-25906000.0,9355000.0,1257000.0,502738000.0,-194272000.0,291974000.0,-625760000.0,-8795000.0,307880000.0,0.0,134241000.0,127647000.0,127647000.0,0.0,0.0,0.153,158938000.0,415035000.0,53922000.0,1.0,2.444,20.569,20.548,5176503000.0,6594000.0,38.63,3.145,3.147,32340000.0,-11670000.0,834797000.0,834797000.0,0.0,0.023,0.119,0.04,0.421,106000.0,31490000.0,1.0,67967131.0,68003000.0,69934000.0,12.276,5539054000.0,0.0,0.0,0.0,81.453,
85,BXP,MRT,2000-03-31,2000-03-31,2000-03-31,2021-08-06,58563000.0,5716317000.0,5381173500.0,,,0.15,16.309,-647830000.0,18335000.0,18335000.0,257095000.0,126623000.0,,3.339,3530399000.0,,,3530399000.0,0.0,124496000.0,0.0,0.056,1.775,336789000.0,461285000.0,0.57,461285000.0,336789000.0,126623000.0,1.79,1.77,1.79,1108082000.0,1069196750.0,1108082000.0,5471172897.0,16.0,11.861,-340532000.0,-5.012,1.0,552083000.0,0.682,0.0,210166000.0,9228381000.0,8620734250.0,0.0,109564000.0,,,3699409000.0,,,2161623897.0,-15262000.0,22448000.0,141670000.0,372890000.0,-193446000.0,307397000.0,-629957000.0,-6500000.0,307298000.0,0.0,126623000.0,119990000.0,119990000.0,0.0,0.0,0.148,154749000.0,397334000.0,57098000.0,0.992,1.951,18.015,17.771,5346587000.0,6633000.0,31.81,2.671,2.671,34539000.0,-10495000.0,809178000.0,809178000.0,0.0,0.022,0.112,0.039,0.416,53000.0,30253000.0,1.0,67954225.0,67943000.0,68380000.0,11.91,5716317000.0,0.0,0.0,0.0,84.134,
86,BXP,MRT,1999-12-31,1999-12-31,1999-12-31,2021-08-06,0.0,5434772000.0,5186008750.0,,,0.152,15.967,-644819000.0,12035000.0,12035000.0,249268000.0,119776000.0,,3.305,3321584000.0,,,3321584000.0,0.0,120059000.0,0.0,0.056,1.75,325186000.0,445245000.0,0.566,445245000.0,325186000.0,119776000.0,1.72,1.71,1.72,1057564000.0,1024037250.0,1057564000.0,5341221249.0,16.0,11.996,-354792000.0,-5.357,1.0,537296000.0,0.683,0.0,205410000.0,8744321000.0,8291843000.0,0.0,50978000.0,,,3495246000.0,,,2113873249.0,-131000.0,9765000.0,241491000.0,297020000.0,-181493000.0,351396000.0,-641554000.0,-6500000.0,290027000.0,0.0,119776000.0,113947000.0,113947000.0,0.0,0.0,0.145,149514000.0,387782000.0,66780000.0,1.017,1.999,18.551,18.099,5138833000.0,5829000.0,31.13,2.687,2.621,28259000.0,-10893000.0,786564000.0,786564000.0,0.0,0.022,0.111,0.039,0.413,0.0,29455000.0,1.0,67904698.0,66235000.0,66776000.0,11.875,5434772000.0,0.0,0.0,0.0,82.053,
87,BXP,MRT,1999-09-30,1999-09-30,1999-09-30,2021-08-06,0.0,5354775000.0,5136087500.0,,,0.146,15.514,-1083598000.0,50415000.0,50415000.0,237623000.0,101969000.0,,3.245,3277763000.0,,,3277763000.0,0.0,112521000.0,0.0,0.07,2.15,296349000.0,408870000.0,0.544,408870000.0,296349000.0,101969000.0,1.49,1.49,1.49,1054019000.0,996766500.0,1054019000.0,4993195423.0,17.0,12.212,-788820000.0,-11.611,1.0,513821000.0,0.684,0.0,194380000.0,8582123000.0,8183674000.0,0.0,35807000.0,,,3419846000.0,,,2083913423.0,34871000.0,-3023000.0,241341000.0,1193033000.0,-169179000.0,1260258000.0,-1520165000.0,-420143000.0,294778000.0,0.0,101969000.0,97794000.0,97794000.0,0.0,0.0,0.13,139620000.0,374201000.0,49070000.0,1.443,1.977,21.309,20.597,5064050000.0,4175000.0,30.69,2.773,2.775,21420000.0,-14710000.0,751444000.0,751444000.0,0.0,0.019,0.098,0.036,0.394,0.0,27099000.0,1.0,67902034.0,67938000.0,68518000.0,11.061,5354775000.0,0.0,0.0,0.0,78.819,
88,BXP,MRT,1999-06-30,1999-06-30,1999-06-30,2021-08-06,0.0,5018830000.0,4662226750.0,,,0.148,16.128,-1332235000.0,32225000.0,32225000.0,214213000.0,98238000.0,,2.913,2941507000.0,,,2941507000.0,0.0,102966000.0,0.0,0.059,2.105,274033000.0,376999000.0,0.547,376999000.0,274033000.0,98238000.0,1.49,1.47,1.49,1057122000.0,977572750.0,1057122000.0,5257265407.0,19.0,13.945,-1106000000.0,-16.874,1.0,475271000.0,0.689,0.0,175795000.0,7928112000.0,7385947750.0,0.0,42077000.0,,,3079709000.0,,,2280107407.0,-76737000.0,-33961000.0,295058000.0,1368166000.0,-156329000.0,1502558000.0,-1805530000.0,-420143000.0,226235000.0,0.0,98238000.0,95717000.0,95717000.0,0.0,0.0,0.139,128811000.0,346460000.0,61860000.0,1.413,2.157,23.821,24.081,4715764000.0,2521000.0,35.88,3.307,3.411,53059000.0,-11572000.0,689484000.0,689484000.0,0.0,0.021,0.098,0.037,0.397,0.0,25845000.0,1.0,63548144.0,65544000.0,66244000.0,10.519,5018830000.0,0.0,0.0,0.0,76.572,
89,BXP,MRT,1999-03-31,1999-03-31,1999-03-31,2021-08-06,0.0,4935658000.0,4066990000.0,,,0.149,14.598,-1483976000.0,33597000.0,33597000.0,181310000.0,99254000.0,,3.386,3010755000.0,,,3010755000.0,0.0,90117000.0,0.0,0.066,2.085,249644000.0,339761000.0,0.561,339761000.0,249644000.0,99254000.0,1.56,1.55,1.56,927444000.0,931974000.0,927444000.0,5086331553.0,20.0,14.97,-1264288000.0,-19.899,1.0,424574000.0,0.701,0.0,150390000.0,7912816000.0,6368043750.0,0.0,59664000.0,,,3140095000.0,,,2009773553.0,-357807000.0,-55498000.0,153435000.0,1397798000.0,-147383000.0,1399482000.0,-1976977000.0,-420143000.0,219688000.0,0.0,99254000.0,98415000.0,98415000.0,0.0,0.0,0.162,114410000.0,310164000.0,51282000.0,1.337,2.167,20.421,20.276,4635170000.0,839000.0,31.63,3.317,3.317,42188000.0,-9936000.0,605884000.0,605884000.0,0.0,0.024,0.106,0.039,0.412,0.0,24293000.0,1.0,63540106.0,63534000.0,64078000.0,9.536,4935658000.0,0.0,0.0,0.0,77.685,
90,BXP,MRT,1998-12-31,1998-12-31,1998-12-31,2021-08-06,0.0,5235087000.0,3462045000.0,,,0.148,15.606,-1697449000.0,12166000.0,12166000.0,150490000.0,93112000.0,,3.382,3088724000.0,,,3088724000.0,0.0,75418000.0,0.0,0.054,1.66,217972000.0,293390000.0,0.571,293390000.0,217972000.0,93112000.0,1.53,1.52,1.53,948481000.0,915223750.0,948481000.0,3869476336.0,18.0,13.189,-1482162000.0,-24.387,1.0,363357000.0,0.707,0.0,124860000.0,8311645000.0,5255106250.0,0.0,466930000.0,,,3207372000.0,,,1937590336.0,-5394000.0,-43644000.0,819103000.0,1269146000.0,-127307000.0,1958534000.0,-2179215000.0,-420143000.0,215287000.0,0.0,93112000.0,93112000.0,93112000.0,0.0,0.0,0.181,97922000.0,265435000.0,42897000.0,1.085,2.043,20.809,19.935,4559809000.0,0.0,30.5,3.771,3.607,40830000.0,-7865000.0,513847000.0,513847000.0,0.0,0.027,0.102,0.041,0.424,0.0,22504000.0,1.0,63527552.0,60776000.0,61308000.0,8.455,5235087000.0,0.0,0.0,0.0,86.137,
91,BXP,MRT,1998-09-30,1998-09-30,1998-09-30,2021-08-06,0.0,3459332000.0,2571403500.0,,,0.164,15.202,-1329117000.0,15544000.0,15544000.0,119388000.0,87265000.0,,2.067,1947430000.0,,,1947430000.0,0.0,62818000.0,0.0,0.058,1.655,191364000.0,254182000.0,0.604,254182000.0,191364000.0,87265000.0,1.57,1.54,1.57,977244000.0,721865500.0,977244000.0,2976893168.0,16.0,11.712,-1161425000.0,-18.067,1.0,301722000.0,0.716,0.0,104099000.0,5391218000.0,3923998500.0,0.0,32136000.0,,,2020073000.0,,,1758280168.0,-10445000.0,-28218000.0,819326000.0,495576000.0,-105605000.0,1194104000.0,-1372241000.0,0.0,167692000.0,0.0,87265000.0,87265000.0,87265000.0,0.0,0.0,0.207,83093000.0,218629000.0,41502000.0,1.054,1.799,20.149,18.153,3226824000.0,0.0,28.5,4.175,4.351,33160000.0,26637000.0,421110000.0,421110000.0,0.0,0.034,0.121,0.049,0.454,0.0,20275000.0,1.0,61694041.0,64285000.0,65006000.0,6.551,3459332000.0,0.0,0.0,0.0,53.812,
92,BXP,MRT,1998-06-30,1998-06-30,1998-06-30,2021-08-06,0.0,2637883000.0,2030480000.0,,,0.169,14.169,-1042599000.0,108962000.0,108962000.0,92656000.0,75646000.0,,1.612,1327575000.0,,,1327575000.0,0.0,34354000.0,0.0,0.037,1.25,161281000.0,195635000.0,0.569,195635000.0,161281000.0,75646000.0,1.53,1.51,1.53,874727000.0,526424750.0,874727000.0,3042785394.0,19.0,15.553,-904847000.0,-14.657,1.0,251266000.0,0.731,0.0,85635000.0,3856496000.0,3140009750.0,0.0,7674000.0,,,1410366000.0,,,2097597394.0,107450000.0,-2528000.0,765563000.0,-493256000.0,-71803000.0,1010645000.0,-1040947000.0,0.0,137752000.0,0.0,75646000.0,75646000.0,75646000.0,0.0,0.0,0.22,67626000.0,183640000.0,62120000.0,0.817,2.398,27.729,22.222,2356004000.0,0.0,34.0,6.099,6.103,24767000.0,27020000.0,343922000.0,343922000.0,0.0,0.037,0.144,0.051,0.469,0.0,17063000.0,1.0,61694041.0,61735000.0,62324000.0,5.571,2637883000.0,0.0,0.0,0.0,42.729,
93,BXP,MRT,1998-03-31,1998-03-31,1998-03-31,2021-08-06,0.0,2515878000.0,,,,,15.851,-825380000.0,391404000.0,391404000.0,79070000.0,50234000.0,,1.625,1336592000.0,,,1336592000.0,0.0,25973000.0,0.0,0.024,0.845,137660000.0,163633000.0,0.541,163633000.0,137660000.0,50234000.0,,,,860443000.0,,860443000.0,3485706303.0,25.0,21.302,-724228000.0,-13.342,1.0,223175000.0,0.738,0.0,87426000.0,3461066000.0,,0.0,3953000.0,,,1398419000.0,,,2171013303.0,397422000.0,-947000.0,1604877000.0,-415545000.0,-39565000.0,1116103000.0,-819833000.0,0.0,101152000.0,0.0,50234000.0,50234000.0,50234000.0,0.0,0.0,0.166,55894000.0,167281000.0,37834000.0,,2.523,43.218,,1969796000.0,0.0,35.19,7.183,6.32,18853000.0,21945000.0,302245000.0,302245000.0,0.0,,,,0.455,0.0,13712000.0,1.0,61694041.0,54283000.0,,5.568,2515878000.0,0.0,0.0,0.0,46.347,
94,BXP,MRT,1997-12-31,1997-12-31,1997-12-31,2021-08-06,0.0,1672521000.0,1284516000.0,,,0.113,4.524,-526890000.0,17560000.0,17560000.0,40093000.0,35151000.0,,7.98,1332253000.0,,,1332253000.0,0.0,21719000.0,0.0,0.026,0.845,73415000.0,95134000.0,0.653,95134000.0,73415000.0,35151000.0,0.91,0.9,0.91,175048000.0,-200792000.0,175048000.0,,,,-480744000.0,-12.424,1.0,105550000.0,0.725,0.0,38264000.0,2987214000.0,2658601500.0,0.0,3143000.0,,,1396837000.0,,,2039604995.0,17560000.0,-570000.0,839209000.0,-298171000.0,-17026000.0,491157000.0,-519743000.0,0.0,46146000.0,0.0,35151000.0,35151000.0,35151000.0,0.0,0.0,0.241,28408000.0,77142000.0,23822000.0,0.929,11.652,58.024,36.33,1502282000.0,0.0,33.06,14.004,8.783,24458000.0,2314000.0,145643000.0,145643000.0,0.0,0.027,-0.175,0.028,0.504,0.0,6689000.0,1.0,61694041.0,38694000.0,39108000.0,3.764,1672521000.0,0.0,0.0,0.0,43.224,
95,BXP,MRT,1997-09-30,1997-09-30,1997-09-30,2021-08-06,0.0,1295638000.0,1096074500.0,,,0.238,5.052,-381686000.0,25989000.0,25989000.0,60867000.0,17446000.0,,5.213,985614000.0,,,985614000.0,13663000.0,19304000.0,0.0,0.0,0.0,112256000.0,131560000.0,0.505,131560000.0,112256000.0,17446000.0,,,,195481000.0,-190575500.0,195481000.0,,,,-330958000.0,-8.553,1.0,199554000.0,0.766,0.0,94810000.0,2255263000.0,2292626000.0,0.0,3918000.0,,,1018989000.0,,,2028500068.0,22518000.0,-1345000.0,839209000.0,-427633000.0,0.0,319947000.0,-348157000.0,0.0,50728000.0,0.0,17446000.0,17446000.0,17446000.0,0.0,0.0,0.067,46151000.0,153403000.0,16073000.0,,10.377,116.273,,1147871000.0,0.0,32.88,7.789,4.885,13170000.0,22779000.0,260421000.0,260421000.0,0.0,0.016,-0.092,0.049,0.431,0.0,10638000.0,1.0,61694041.0,38694000.0,,6.73,1295638000.0,0.0,0.0,0.0,33.484,
96,BXP,MRT,1997-06-30,1997-06-22,1997-06-22,2021-08-06,,,,,,,,,,,,,,,,,,,,,,0.0,0.0,,,,,,,,,,,,,,,,,,1.0,,,,,,,,,,,,,,,,,,,,,,,,,,,,,,,,,,,,,,,,26.38,,,,,,,,,,,,,,1.0,,,,,,,,,,
97,BXP,MRT,1997-03-31,1997-03-31,1997-03-31,2021-08-06,,,,,,,,,,,,,,,,,,,,,,,0.0,,,,,,,,,,,,,,,,,,1.0,,,,,,,,,,,,,,,,,,,,,,,,,,,,,,,,,,,,,,,,,,,,,,,,,,,,,,1.0,,,,,,,,,,
98,BXP,MRT,1996-12-31,1996-12-31,1996-12-31,2021-08-06,0.0,896511000.0,909648500.0,,,0.297,,-30238000.0,8998000.0,8998000.0,61295000.0,7279000.0,,-2.555,1442476000.0,,,1442476000.0,0.0,36199000.0,0.0,,0.0,116673000.0,152872000.0,0.566,152872000.0,116673000.0,7279000.0,,,,-576632000.0,-541642500.0,-576632000.0,,,,25669000.0,,1.0,208638000.0,0.773,0.0,109394000.0,2329989000.0,2314158000.0,0.0,0.0,,,1473143000.0,,,,-16869000.0,0.0,0.0,35507000.0,0.0,-38461000.0,-34315000.0,0.0,55907000.0,0.0,7279000.0,7279000.0,7279000.0,0.0,0.0,0.027,46953000.0,161685000.0,13795000.0,,,,,771660000.0,0.0,,,,12049000.0,,269933000.0,269933000.0,0.0,0.008,-0.013,0.05,0.432,0.0,10754000.0,1.0,,,,,896511000.0,0.0,0.0,0.0,,
99,BXP,MRT,1996-09-30,1996-09-30,1996-09-30,2021-08-06,0.0,896511000.0,,,,,,,8998000.0,8998000.0,,,,-2.555,1442476000.0,,,1442476000.0,7205000.0,,0.0,,,,,,,,,,,,-576632000.0,,-576632000.0,,,,,,1.0,,,0.0,,2329989000.0,,0.0,0.0,,,1473143000.0,,,,,,,,,,,,,,,,,,,,,,13795000.0,,,,,771660000.0,,,,,12049000.0,,,,,,,,,,,1.0,,,,,896511000.0,0.0,,0.0,,
100,BXP,MRT,1995-12-31,1995-12-31,1995-12-31,2021-08-06,0.0,922786000.0,,,,,,-33960000.0,25867000.0,25867000.0,57938000.0,-3983000.0,,-2.821,1401408000.0,,,1401408000.0,4576000.0,33828000.0,0.0,,0.0,104810000.0,138638000.0,0.557,138638000.0,104810000.0,-3983000.0,,,,-506653000.0,,-506653000.0,,,,-4868000.0,,1.0,190787000.0,0.767,0.0,108793000.0,2298327000.0,,0.0,0.0,,,1429439000.0,,,,-20422000.0,0.0,0.0,-13270000.0,0.0,-12670000.0,-36844000.0,0.0,29092000.0,0.0,-3983000.0,-3983000.0,-3983000.0,0.0,0.0,-0.016,44200000.0,146587000.0,14367000.0,,,,,773810000.0,0.0,,,,14362000.0,,248725000.0,248725000.0,0.0,,,,0.421,0.0,10372000.0,1.0,,,,,922786000.0,0.0,0.0,0.0,,
101,BXP,MRT,1994-12-31,1994-12-31,1994-12-31,2021-08-06,,,,,,,,-11878000.0,,,55716000.0,7171000.0,,,,,,,,33112000.0,,,0.0,104444000.0,137556000.0,0.564,137556000.0,104444000.0,7171000.0,,,,,,,,,,33746000.0,,1.0,188367000.0,0.772,,97273000.0,,,,,,,,,,,-4408000.0,0.0,0.0,-16681000.0,0.0,-31608000.0,-18424000.0,0.0,45624000.0,0.0,7171000.0,7171000.0,7171000.0,0.0,0.0,0.029,43235000.0,145132000.0,,,,,,,0.0,,,,,,244083000.0,244083000.0,0.0,,,,0.428,0.0,10123000.0,1.0,,,,,,,0.0,,,
