None,ticker,dimension,calendardate,datekey,reportperiod,lastupdated,accoci,assets,assetsavg,assetsc,assetsnc,assetturnover,bvps,capex,cashneq,cashnequsd,cor,consolinc,currentratio,de,debt,debtc,debtnc,debtusd,deferredrev,depamor,deposits,divyield,dps,ebit,ebitda,ebitdamargin,ebitdausd,ebitusd,ebt,eps,epsdil,epsusd,equity,equityavg,equityusd,ev,evebit,evebitda,fcf,fcfps,fxusd,gp,grossmargin,intangibles,intexp,invcap,invcapavg,inventory,investments,investmentsc,investmentsnc,liabilities,liabilitiesc,liabilitiesnc,marketcap,ncf,ncfbus,ncfcommon,ncfdebt,ncfdiv,ncff,ncfi,ncfinv,ncfo,ncfx,netinc,netinccmn,netinccmnusd,netincdis,netincnci,netmargin,opex,opinc,payables,payoutratio,pb,pe,pe1,ppnenet,prefdivis,price,ps,ps1,receivables,retearn,revenue,revenueusd,rnd,roa,roe,roic,ros,sbcomp,sgna,sharefactor,sharesbas,shareswa,shareswadil,sps,tangibles,taxassets,taxexp,taxliabilities,tbvps,workingcapital
0,MTCH,MRY,2020-12-31,2020-12-31,2020-12-31,2021-08-25,-81454000.0,3046454000.0,4121506750.0,1020212000.0,2026242000.0,0.58,-5.318,-42376000.0,739164000.0,739164000.0,635833000.0,187841000.0,2.04,-3.153,3840930000.0,0.0,3840930000.0,3840930000.0,239088000.0,48796000.0,0.0,0.0,0.0,336226000.0,385022000.0,0.161,385022000.0,336226000.0,161435000.0,0.58,0.49,0.58,-1414417000.0,-535279000.0,-1414417000.0,43336214660.0,129.0,112.555,759806000.0,2.857,1.0,1755436000.0,0.734,1501432000.0,174791000.0,4146752000.0,4063933500.0,0.0,0.0,0.0,0.0,4459829000.0,500036000.0,3959793000.0,40214006660.0,-2401056000.0,-3870550000.0,1577203000.0,586483000.0,0.0,1676887000.0,-4885551000.0,-9115000.0,802182000.0,5426000.0,128561000.0,128561000.0,128561000.0,366070000.0,59280000.0,0.054,1009721000.0,745715000.0,29200000.0,0.0,-28.432,312.801,260.672,107799000.0,0.0,151.19,16.817,16.817,137023000.0,-8422237000.0,2391269000.0,2391269000.0,169811000.0,0.031,-0.24,0.083,0.141,102268000.0,791114000.0,1.0,265983244.0,265983244.0,,8.99,1545022000.0,293487000.0,32874000.0,31795000.0,5.809,520176000.0
1,MTCH,MRY,2019-12-31,2019-12-31,2019-12-31,2021-08-25,-136349000.0,8364803000.0,8032150250.0,3708064000.0,4656739000.0,0.255,34.615,-39035000.0,465676000.0,465676000.0,527184000.0,543820000.0,3.671,1.525,2889626000.0,0.0,2889626000.0,2889626000.0,218843000.0,43082000.0,0.0,0.0,0.0,579926000.0,623008000.0,0.304,623008000.0,579926000.0,439356000.0,2.37,2.08,2.37,2928042000.0,2897159500.0,2928042000.0,21251668644.0,37.0,34.111,898903000.0,10.627,1.0,1524074000.0,0.743,1468163000.0,140570000.0,8310410000.0,4788275250.0,0.0,0.0,0.0,0.0,4466485000.0,1010180000.0,3456305000.0,21072216644.0,1006673000.0,-3759000.0,166520000.0,1212185000.0,0.0,399831000.0,-329528000.0,0.0,937938000.0,-1568000.0,431131000.0,431131000.0,431131000.0,-49187000.0,112689000.0,0.21,878620000.0,645454000.0,20191000.0,0.0,7.197,48.877,105.11,101065000.0,0.0,249.11,10.273,10.273,116459000.0,1689925000.0,2051258000.0,2051258000.0,151960000.0,0.054,0.149,0.121,0.283,89724000.0,683578000.0,1.0,84590007.0,84590007.0,,24.249,6896640000.0,192496000.0,8225000.0,48580000.0,81.53,2697884000.0
2,MTCH,MRY,2018-12-31,2018-12-31,2018-12-31,2021-08-25,-128722000.0,6874585000.0,6378297500.0,2762739000.0,4111846000.0,0.271,34.044,-31397000.0,2131632000.0,2131632000.0,410000000.0,757747000.0,3.127,1.169,2259298000.0,13750000.0,2245548000.0,2259298000.0,360015000.0,36145000.0,0.0,0.0,0.0,732836000.0,768981000.0,0.445,768981000.0,732836000.0,638268000.0,3.48,3.05,3.48,2843125000.0,2628553250.0,2843125000.0,15613158997.0,21.0,20.304,956730000.0,11.456,1.0,1319850000.0,0.763,3358281000.0,94568000.0,2760412000.0,2545016750.0,0.0,358720000.0,123665000.0,235055000.0,3322784000.0,883558000.0,2439226000.0,15286399997.0,500003000.0,1136000.0,12000.0,258260000.0,-105126000.0,-312798000.0,-173439000.0,-3800000.0,988127000.0,-1887000.0,626961000.0,626961000.0,626961000.0,-306643000.0,130786000.0,0.362,770381000.0,549469000.0,74907000.0,0.0,5.377,24.382,52.598,318800000.0,0.0,183.04,8.837,8.837,279189000.0,1258794000.0,1729850000.0,1729850000.0,132030000.0,0.098,0.239,0.288,0.424,66031000.0,602206000.0,1.0,83513986.0,83513986.0,,20.713,3516304000.0,64786000.0,11307000.0,61184000.0,42.104,1879181000.0
3,MTCH,MRY,2017-12-31,2017-12-31,2017-12-31,2021-08-25,-103568000.0,5867810000.0,5203539750.0,2125205000.0,3742605000.0,0.636,29.64,-75523000.0,1630809000.0,1630809000.0,651008000.0,358008000.0,2.657,1.202,1993219000.0,13750000.0,1979469000.0,1993219000.0,342483000.0,116408000.0,0.0,0.0,0.0,119169000.0,235577000.0,0.071,235577000.0,119169000.0,13874000.0,3.81,3.18,3.81,2430028000.0,2168046250.0,2430028000.0,10419119087.0,87.0,44.228,341176000.0,4.161,1.0,2656231000.0,0.803,3222803000.0,105295000.0,2207689000.0,1978522750.0,0.0,69972000.0,4995000.0,64977000.0,2920987000.0,799728000.0,2121259000.0,10025169087.0,273483000.0,39225000.0,-305233000.0,445120000.0,0.0,-196869000.0,42049000.0,75353000.0,416699000.0,11604000.0,304924000.0,304924000.0,304924000.0,0.0,53084000.0,0.092,2467765000.0,188466000.0,76571000.0,0.0,4.126,32.878,32.094,315170000.0,0.0,122.28,3.031,3.031,304027000.0,595038000.0,3307239000.0,3307239000.0,250879000.0,0.059,0.141,0.06,0.036,264618000.0,2100478000.0,1.0,81985354.0,81985354.0,,40.339,2645007000.0,66321000.0,-291050000.0,60694000.0,32.262,1325477000.0
4,MTCH,MRY,2016-12-31,2016-12-31,2016-12-31,2021-08-25,-166123000.0,4645873000.0,4757349500.0,1842735000.0,2803138000.0,0.66,23.575,-78039000.0,1329187000.0,1329187000.0,755730000.0,-16151000.0,2.583,1.41,1602484000.0,20000000.0,1582484000.0,1602484000.0,285615000.0,151102000.0,0.0,0.0,0.0,2896000.0,153998000.0,0.049,153998000.0,2896000.0,-106214000.0,-0.52,-0.52,-0.52,1869222000.0,1903244000.0,1869222000.0,5588694010.0,1930.0,36.291,266199000.0,3.357,1.0,2384152000.0,0.759,2279503000.0,109110000.0,1926279000.0,2041345000.0,0.0,212152000.0,89342000.0,122810000.0,2635203000.0,713388000.0,1921815000.0,5137193010.0,-141474000.0,153825000.0,-308948000.0,-184220000.0,0.0,-492140000.0,12862000.0,-74139000.0,344238000.0,-6434000.0,-41280000.0,-41280000.0,-41280000.0,0.0,25129000.0,-0.013,2416777000.0,-32625000.0,62863000.0,0.0,2.748,-124.448,-124.596,306248000.0,0.0,64.79,1.636,1.636,220138000.0,290114000.0,3139882000.0,3139882000.0,212765000.0,-0.009,-0.022,0.001,0.001,104820000.0,1777543000.0,1.0,79289906.0,79289906.0,,39.6,2366370000.0,2511000.0,-64934000.0,262326000.0,29.845,1129347000.0
5,MTCH,MRY,2015-12-31,2015-12-31,2015-12-31,2021-08-25,-152103000.0,5188691000.0,4312293000.0,1945010000.0,3243681000.0,0.749,21.745,-62049000.0,1481447000.0,1481447000.0,778161000.0,113374000.0,2.531,1.647,1766954000.0,40000000.0,1726954000.0,1766954000.0,258412000.0,202157000.0,0.0,0.023,1.36,222624000.0,424781000.0,0.131,424781000.0,222624000.0,148988000.0,1.44,1.33,1.44,1804526000.0,1804454250.0,1804526000.0,5216888322.0,23.0,12.281,343622000.0,4.141,1.0,2452772000.0,0.759,2686192000.0,73636000.0,2019460000.0,1620248500.0,0.0,176586000.0,39200000.0,137386000.0,2972866000.0,768546000.0,2204320000.0,4983336322.0,491042000.0,-607989000.0,-223431000.0,688950000.0,-113196000.0,678390000.0,-582721000.0,90858000.0,405671000.0,-10298000.0,119472000.0,119472000.0,119472000.0,0.0,-6098000.0,0.037,2273184000.0,179588000.0,86883000.0,0.944,2.762,41.711,41.701,302817000.0,0.0,60.05,1.542,1.542,250077000.0,331394000.0,3230933000.0,3230933000.0,196623000.0,0.028,0.066,0.137,0.069,105450000.0,1860348000.0,1.0,82986450.0,82986450.0,,38.933,2502499000.0,0.0,29516000.0,382465000.0,30.156,1176464000.0
6,MTCH,MRY,2014-12-31,2014-12-31,2014-12-31,2021-08-25,-87700000.0,4256885000.0,4221707250.0,1535888000.0,2720997000.0,0.737,23.77,-57233000.0,990405000.0,990405000.0,860204000.0,409230000.0,2.28,1.136,1080000000.0,0.0,1080000000.0,1080000000.0,194988000.0,119082000.0,0.0,0.019,1.16,506559000.0,625641000.0,0.201,625641000.0,506559000.0,450245000.0,4.98,4.68,4.98,1991953000.0,1837350750.0,1991953000.0,5242568723.0,10.0,8.38,366815000.0,4.377,1.0,2249343000.0,0.723,2246862000.0,56314000.0,1425918000.0,1460475750.0,0.0,275631000.0,160648000.0,114983000.0,2263743000.0,673700000.0,1590043000.0,5094280723.0,-110039000.0,-201003000.0,1609000.0,-383000.0,-97338000.0,-80980000.0,-439794000.0,-178516000.0,424048000.0,-13168000.0,414873000.0,414873000.0,414873000.0,-174673000.0,-5643000.0,0.133,1870616000.0,378727000.0,81163000.0,0.233,2.557,12.279,12.207,302459000.0,0.0,60.79,1.638,1.638,236086000.0,325118000.0,3109547000.0,3109547000.0,160515000.0,0.098,0.226,0.347,0.163,14677000.0,1591019000.0,1.0,83801295.0,83801295.0,,37.106,2010023000.0,0.0,35372000.0,424425000.0,23.986,862188000.0
7,MTCH,MRY,2013-12-31,2013-12-31,2013-12-31,2021-08-25,-13046000.0,4234684000.0,3908050750.0,1475386000.0,2759298000.0,0.774,20.25,-80311000.0,1100444000.0,1100444000.0,977357000.0,283725000.0,2.514,1.485,1080000000.0,0.0,1080000000.0,1080000000.0,158206000.0,118752000.0,0.0,0.014,0.96,453882000.0,572634000.0,0.189,572634000.0,453882000.0,420286000.0,3.42,3.29,3.42,1686736000.0,1672404000.0,1686736000.0,5556556774.0,12.0,9.704,330650000.0,3.97,1.0,2045630000.0,0.677,2120659000.0,33596000.0,1506684000.0,1082966750.0,0.0,185994000.0,6004000.0,179990000.0,2505283000.0,586897000.0,1918386000.0,5718208774.0,350467000.0,-40434000.0,-269291000.0,476757000.0,-79189000.0,17666000.0,-79761000.0,44513000.0,410961000.0,3478000.0,285784000.0,285784000.0,285784000.0,-1926000.0,-2059000.0,0.095,1619427000.0,426203000.0,77653000.0,0.281,3.39,20.009,20.073,293964000.0,0.0,68.651,1.892,1.892,207408000.0,-32735000.0,3022987000.0,3022987000.0,139759000.0,0.073,0.171,0.419,0.15,20114000.0,1360916000.0,1.0,83293889.0,83293889.0,,36.293,2114025000.0,0.0,134502000.0,737132000.0,25.38,888489000.0
8,MTCH,MRY,2012-12-31,2012-12-31,2012-12-31,2021-08-25,-32169000.0,3805828000.0,3571807250.0,1156750000.0,2649078000.0,0.784,18.718,-51201000.0,749977000.0,749977000.0,991688000.0,160796000.0,1.851,1.267,595844000.0,15844000.0,580000000.0,595844000.0,155499000.0,88252000.0,0.0,0.015,0.72,284630000.0,372882000.0,0.133,372882000.0,284630000.0,278481000.0,1.85,1.71,1.85,1655728000.0,1850726500.0,1655728000.0,3772877747.0,13.0,10.118,303326000.0,3.429,1.0,1809245000.0,0.646,2099058000.0,6149000.0,927748000.0,628417500.0,0.0,181882000.0,20604000.0,161278000.0,2098193000.0,624889000.0,1473304000.0,4178812747.0,45824000.0,-400254000.0,-428989000.0,488999000.0,-68163000.0,33520000.0,-341307000.0,120071000.0,354527000.0,2556000.0,159266000.0,159266000.0,159266000.0,9051000.0,1530000.0,0.057,1485677000.0,323568000.0,98314000.0,0.389,2.524,26.238,25.536,270512000.0,0.0,47.242,1.492,1.492,229830000.0,-318519000.0,2800933000.0,2800933000.0,116526000.0,0.045,0.086,0.453,0.102,28524000.0,1280899000.0,1.0,88455458.0,88455458.0,,31.665,1706770000.0,0.0,119215000.0,803348000.0,19.295,531861000.0
9,MTCH,MRY,2011-12-31,2011-12-31,2011-12-31,2021-08-25,-12443000.0,3409865000.0,3412717750.0,1159133000.0,2250732000.0,0.603,23.223,-39954000.0,704153000.0,704153000.0,753889000.0,171577000.0,2.17,0.761,95844000.0,0.0,95844000.0,95844000.0,126297000.0,78776000.0,0.0,0.003,0.12,175616000.0,254392000.0,0.124,254392000.0,175616000.0,170186000.0,2.01,1.85,2.01,1905049000.0,2004631750.0,1905049000.0,2911127894.0,17.0,11.443,332432000.0,4.052,1.0,1305555000.0,0.634,1736631000.0,5430000.0,530740000.0,805643500.0,0.0,339447000.0,165695000.0,173752000.0,1449725000.0,534185000.0,915540000.0,3494594894.0,-37946000.0,-278469000.0,-374980000.0,0.0,-10668000.0,-372233000.0,-25186000.0,305934000.0,372386000.0,-4496000.0,174233000.0,174233000.0,174233000.0,3992000.0,-2656000.0,0.085,1107793000.0,197762000.0,64398000.0,0.06,1.834,20.057,21.194,259588000.0,0.0,42.6,1.697,1.697,177030000.0,-477785000.0,2059444000.0,2059444000.0,90757000.0,0.051,0.087,0.218,0.085,66422000.0,938260000.0,1.0,82032744.0,82032744.0,,25.105,1673234000.0,0.0,-4047000.0,752746000.0,20.397,624948000.0
10,MTCH,MRY,2010-12-31,2010-12-31,2010-12-31,2021-08-25,17546000.0,3329079000.0,3606675750.0,1543985000.0,1785094000.0,0.454,20.423,-39829000.0,742099000.0,742099000.0,593816000.0,94352000.0,4.326,0.624,95844000.0,0.0,95844000.0,95844000.0,78175000.0,91369000.0,0.0,0.0,0.0,131438000.0,222807000.0,0.136,222807000.0,131438000.0,131438000.0,0.93,0.93,0.93,2050068000.0,2577771750.0,2050068000.0,2074600317.0,16.0,9.311,300878000.0,2.997,1.0,1042999000.0,0.637,1234537000.0,0.0,1091414000.0,1217149250.0,0.0,764718000.0,563997000.0,200721000.0,1279011000.0,356873000.0,922138000.0,2880970317.0,-503898000.0,-17333000.0,-513659000.0,0.0,0.0,-717210000.0,-118096000.0,-60433000.0,340707000.0,-1754000.0,99359000.0,99359000.0,99359000.0,37023000.0,-5007000.0,0.061,993204000.0,49795000.0,56375000.0,0.0,1.405,28.996,30.86,267928000.0,0.0,28.7,1.76,1.76,119581000.0,-652018000.0,1636815000.0,1636815000.0,65097000.0,0.028,0.039,0.108,0.08,84280000.0,808706000.0,1.0,100382241.0,100382241.0,,16.306,2094542000.0,0.0,32079000.0,746186000.0,20.866,1187112000.0
11,MTCH,MRY,2009-12-31,2009-12-31,2009-12-31,2021-08-25,24503000.0,3913597000.0,4933698500.0,2000049000.0,1913548000.0,0.273,20.815,-33938000.0,1245997000.0,1245997000.0,429849000.0,-979912000.0,6.89,0.425,95844000.0,0.0,95844000.0,95844000.0,57412000.0,218422000.0,0.0,0.0,0.0,-969348000.0,-750926000.0,-0.558,-750926000.0,-969348000.0,-969348000.0,-7.06,-7.06,-7.06,2746961000.0,3996843500.0,2746961000.0,1392824515.0,-1.0,-1.855,314609000.0,2.384,1.0,916846000.0,0.681,1228667000.0,0.0,1244500000.0,1212150000.0,0.0,760521000.0,487591000.0,272930000.0,1166636000.0,290277000.0,876359000.0,2702750515.0,-498997000.0,-85534000.0,-393556000.0,0.0,0.0,-405797000.0,-422640000.0,-299127000.0,348547000.0,5601000.0,-978822000.0,-978822000.0,-978822000.0,23439000.0,-1090000.0,-0.727,1954833000.0,-1037987000.0,38212000.0,0.0,0.984,-2.761,-2.901,290333000.0,0.0,20.48,2.007,2.007,93474000.0,-751377000.0,1346695000.0,1346695000.0,57843000.0,-0.198,-0.245,-0.8,-0.72,70081000.0,745832000.0,1.0,131970240.0,131970240.0,,10.205,2684930000.0,0.0,9474000.0,728738000.0,20.345,1709772000.0
12,MTCH,MRY,2008-12-31,2008-12-31,2008-12-31,2021-08-25,2180000.0,5251320000.0,8732820500.0,2184618000.0,3066702000.0,0.161,31.536,-58983000.0,1744994000.0,1744994000.0,456950000.0,-164161000.0,7.811,0.186,95844000.0,0.0,95844000.0,95844000.0,50886000.0,110769000.0,0.0,0.0,0.0,-154533000.0,-43764000.0,-0.031,-43764000.0,-154533000.0,-186896000.0,-1.12,-1.08,-1.12,4427536000.0,6321162250.0,4427536000.0,962191124.0,-6.0,-21.986,315082000.0,2.244,1.0,953128000.0,0.676,2297051000.0,32363000.0,1025429000.0,1624438250.0,0.0,246174000.0,125592000.0,120582000.0,823784000.0,279690000.0,544094000.0,2208459124.0,159692000.0,325273000.0,-156154000.0,-519944000.0,0.0,-623632000.0,432294000.0,667663000.0,374065000.0,-23035000.0,-156201000.0,-156201000.0,-156201000.0,306096000.0,-7960000.0,-0.111,997382000.0,-44254000.0,48876000.0,0.0,0.499,-14.139,-14.045,330261000.0,0.0,15.73,1.566,1.566,98402000.0,227445000.0,1410078000.0,1410078000.0,63817000.0,-0.018,-0.025,-0.095,-0.11,85773000.0,791194000.0,1.0,140397910.0,140397910.0,,10.043,2954269000.0,0.0,-30695000.0,403043000.0,21.042,1904928000.0
13,MTCH,MRY,2007-12-31,2007-12-31,2007-12-31,2021-08-25,39814000.0,12590802000.0,12872204750.0,3426237000.0,9164565000.0,0.104,66.477,-112901000.0,1585302000.0,1585302000.0,521744000.0,-146083000.0,1.976,0.467,846632000.0,12090000.0,834542000.0,846632000.0,48110000.0,95594000.0,0.0,0.0,0.0,-82694000.0,12900000.0,0.01,12900000.0,-82694000.0,-141748000.0,-1.01,-1.01,-1.01,8583662000.0,8939247500.0,8583662000.0,6549702110.0,-79.0,507.729,757857000.0,5.869,1.0,810838000.0,0.608,2225694000.0,59054000.0,7892205000.0,3994006750.0,0.0,627811000.0,326788000.0,301023000.0,4007140000.0,1734233000.0,2272907000.0,6951933110.0,157162000.0,-41721000.0,-607140000.0,-7576000.0,0.0,-808721000.0,71849000.0,479033000.0,870758000.0,23276000.0,-144069000.0,-144069000.0,-144069000.0,139672000.0,-2014000.0,-0.108,889342000.0,-78504000.0,41957000.0,0.0,0.81,-48.254,-53.307,334341000.0,0.0,53.84,5.217,5.217,116670000.0,567820000.0,1332582000.0,1332582000.0,61245000.0,-0.011,-0.016,-0.021,-0.062,73585000.0,682833000.0,1.0,129122086.0,129122086.0,,10.32,10365108000.0,0.0,2321000.0,264113000.0,80.274,1692004000.0
14,MTCH,MRY,2006-12-31,2006-12-31,2006-12-31,2021-08-25,76505000.0,13243156000.0,13396913500.0,4137801000.0,9105355000.0,0.075,65.142,-144853000.0,1440235000.0,1440235000.0,369080000.0,187065000.0,1.801,0.515,844628000.0,7580000.0,837048000.0,844628000.0,43004000.0,95132000.0,0.0,0.0,0.0,196481000.0,291613000.0,0.291,291613000.0,196481000.0,138604000.0,-0.17,-0.17,-0.17,8739474000.0,8917908500.0,8739474000.0,10089905499.0,51.0,34.6,682549000.0,5.088,1.0,631513000.0,0.631,2211503000.0,57877000.0,8138633000.0,3970519250.0,0.0,1013688000.0,897742000.0,115946000.0,4503682000.0,2297413000.0,2206269000.0,9970794499.0,441060000.0,171298000.0,-889428000.0,-715000.0,0.0,-899255000.0,481087000.0,514616000.0,827402000.0,31826000.0,187065000.0,187065000.0,187065000.0,-213697000.0,0.0,0.187,742819000.0,-111306000.0,22904000.0,0.0,1.141,53.301,-437.176,304686000.0,0.0,74.32,9.965,9.965,113359000.0,291192000.0,1000593000.0,1000593000.0,37687000.0,0.014,0.021,0.049,0.196,67361000.0,572875000.0,1.0,134160314.0,134160314.0,,7.458,11031653000.0,27000.0,-48461000.0,556454000.0,82.227,1840388000.0
15,MTCH,MRY,2005-12-31,2005-12-31,2005-12-31,2021-08-25,26073000.0,13917765000.0,18409263750.0,4169304000.0,9748461000.0,0.028,62.81,-111856000.0,1080641000.0,1080641000.0,193121000.0,869683000.0,1.867,0.508,1334686000.0,375276000.0,959410000.0,1334686000.0,122842000.0,63824000.0,0.0,0.0,0.0,1108636000.0,1172460000.0,2.24,1172460000.0,1108636000.0,1035074000.0,1.76,1.65,1.76,9230828000.0,11885611250.0,9230828000.0,9074550172.0,8.0,7.74,569552000.0,3.875,1.0,330372000.0,0.631,8780462000.0,73562000.0,3158232000.0,3531075000.0,335884000.0,1982883000.0,1860570000.0,122313000.0,4686937000.0,2233116000.0,2453821000.0,8321073172.0,-12618000.0,1938504000.0,-1868145000.0,-281407000.0,0.0,-2751113000.0,2084235000.0,941410000.0,681408000.0,-27148000.0,869683000.0,861745000.0,861745000.0,-571967000.0,0.0,1.646,482981000.0,-152609000.0,573621000.0,0.0,0.901,9.656,32.17,521131000.0,7938000.0,56.62,15.895,15.895,426697000.0,128076000.0,523493000.0,523493000.0,0.0,0.047,0.073,0.314,2.118,179753000.0,406381000.0,1.0,146963496.0,146963496.0,,3.562,5137303000.0,66691000.0,165391000.0,1782470000.0,34.956,1936188000.0
16,MTCH,MRY,2004-12-31,2004-12-31,2004-12-31,2021-08-25,81051000.0,22398865000.0,22210183500.0,5115767000.0,17283098000.0,0.176,92.98,-155954000.0,1041075000.0,1041075000.0,2173910000.0,164861000.0,1.769,0.534,1359668000.0,562953000.0,796715000.0,1359668000.0,99258000.0,312239000.0,0.0,0.0,0.0,315188000.0,627427000.0,0.16,627427000.0,315188000.0,246821000.0,1.24,1.16,1.24,14605304000.0,14530240250.0,14605304000.0,17314611229.0,55.0,27.596,1084394000.0,6.903,1.0,1737140000.0,0.444,6416127000.0,68367000.0,13408893000.0,7695001000.0,240917000.0,4085021000.0,2616001000.0,1469020000.0,7793561000.0,2892438000.0,4901123000.0,17354233229.0,240081000.0,-234743000.0,-283012000.0,23722000.0,0.0,-254135000.0,-751642000.0,-707343000.0,1240348000.0,5510000.0,164861000.0,151808000.0,151808000.0,63137000.0,0.0,0.039,1576535000.0,160605000.0,436431000.0,0.0,1.188,114.317,89.097,427257000.0,13053000.0,110.48,4.437,4.437,353579000.0,2428760000.0,3911050000.0,3911050000.0,0.0,0.007,0.01,0.041,0.081,172102000.0,1177544000.0,1.0,157080315.0,157080315.0,,24.898,15982738000.0,107220000.0,81960000.0,2187058000.0,101.749,2223329000.0
17,MTCH,MRY,2003-12-31,2003-12-31,2003-12-31,2021-08-25,36896000.0,21568455000.0,19512435750.0,4214976000.0,17353479000.0,0.196,89.06,-138511000.0,790973000.0,790973000.0,2248369000.0,167396000.0,2.244,0.496,1120109000.0,2283000.0,1117826000.0,1120109000.0,83894000.0,327259000.0,0.0,0.0,0.0,223290000.0,550549000.0,0.144,550549000.0,223290000.0,143182000.0,-0.02,-0.02,-0.02,14415585000.0,12226857000.0,14415585000.0,20635395561.0,92.0,37.481,1049769000.0,6.486,1.0,1575120000.0,0.412,6474391000.0,80108000.0,13545019000.0,7797364000.0,215995000.0,3835133000.0,2419735000.0,1415398000.0,7152870000.0,1878181000.0,5274689000.0,21968080561.0,-1134236000.0,-387124000.0,42590000.0,-129412000.0,0.0,-567640000.0,-1769464000.0,-576283000.0,1188280000.0,14588000.0,167396000.0,154341000.0,154341000.0,-156687000.0,0.0,0.04,1436859000.0,138261000.0,373011000.0,0.0,1.524,142.335,-6786.0,392160000.0,13055000.0,135.72,5.746,5.746,272789000.0,2276952000.0,3823489000.0,3823489000.0,0.0,0.008,0.013,0.029,0.058,32404000.0,943911000.0,1.0,161863252.0,161863252.0,,23.622,15094064000.0,62953000.0,-24214000.0,2147806000.0,93.252,2336795000.0
18,MTCH,MRY,2002-12-31,2002-12-31,2002-12-31,2021-08-25,15697000.0,15658992000.0,13190151000.0,4624141000.0,11034851000.0,0.23,82.436,-114140000.0,2038810000.0,2038810000.0,1928926000.0,1953103000.0,2.974,0.974,1236102000.0,24957000.0,1211145000.0,1236102000.0,277928000.0,249018000.0,0.0,0.0,0.0,1972381000.0,2221399000.0,0.733,2221399000.0,1972381000.0,1929558000.0,-0.64,-0.64,-0.64,7931463000.0,7197603500.0,7931463000.0,8676027669.0,4.0,3.906,240046000.0,2.495,1.0,1100449000.0,0.363,7255912000.0,42823000.0,6045747000.0,4248093500.0,192751000.0,3530330000.0,1929058000.0,1601272000.0,7727529000.0,1554625000.0,6172904000.0,8820903669.0,1601677000.0,1425454000.0,145430000.0,637475000.0,0.0,612175000.0,670799000.0,-624367000.0,354186000.0,9775000.0,1953103000.0,1941344000.0,1941344000.0,-93086000.0,0.0,0.641,1137002000.0,-36553000.0,609391000.0,0.0,1.112,4.544,-143.25,430247000.0,11759000.0,91.68,2.912,2.912,308377000.0,2122611000.0,3029375000.0,3029375000.0,0.0,0.147,0.27,0.464,0.651,10005000.0,666936000.0,1.0,96214045.0,96214045.0,,31.486,8403080000.0,2007000.0,-23545000.0,2551131000.0,87.337,3069516000.0
19,MTCH,MRY,2001-12-31,2001-12-31,2001-12-31,2021-08-25,-11605000.0,6527068000.0,9901649250.0,2372877000.0,4154191000.0,0.347,41.859,-127417000.0,401283000.0,401283000.0,2305419000.0,383608000.0,2.392,0.654,577891000.0,33519000.0,544372000.0,577891000.0,75256000.0,416744000.0,0.0,0.0,0.0,438921000.0,855665000.0,0.249,855665000.0,438921000.0,392789000.0,-1.76,-1.76,-1.76,3945501000.0,3734228000.0,3945501000.0,9979003813.0,23.0,11.662,241862000.0,2.566,1.0,1129152000.0,0.329,3300972000.0,46132000.0,2410763000.0,2278645500.0,197354000.0,969756000.0,757665000.0,212091000.0,2581567000.0,991941000.0,1589626000.0,10296691813.0,173053000.0,371554000.0,79004000.0,755000.0,0.0,6954000.0,-521859000.0,-735491000.0,369279000.0,-3663000.0,383608000.0,383608000.0,383608000.0,-37759000.0,0.0,0.112,1269470000.0,-140318000.0,398838000.0,0.0,2.61,26.842,-62.068,398987000.0,0.0,109.24,2.998,2.998,853559000.0,181267000.0,3434571000.0,3434571000.0,0.0,0.039,0.103,0.193,0.128,7608000.0,716123000.0,1.0,94257523.0,94257523.0,,36.438,3226096000.0,39946000.0,9181000.0,398990000.0,34.226,1380936000.0
20,MTCH,MRY,2000-12-31,2000-12-31,2000-12-31,2021-08-25,-10825000.0,5646290000.0,9081067250.0,1034534000.0,4611756000.0,0.326,37.378,-160423000.0,246244000.0,246244000.0,1976973000.0,-147983000.0,1.523,0.641,576514000.0,24748000.0,551766000.0,576514000.0,63999000.0,420148000.0,0.0,0.0,0.0,-58014000.0,362134000.0,0.122,362134000.0,-58014000.0,-104133000.0,-1.92,-1.92,-1.92,3439871000.0,3303448250.0,3439871000.0,7396838098.0,-128.0,20.426,-73102000.0,-0.794,1.0,987639000.0,0.333,3369848000.0,46119000.0,1927335000.0,1762343750.0,227920000.0,298576000.0,127102000.0,171474000.0,2206419000.0,679377000.0,1527042000.0,7156175098.0,-80153000.0,-67413000.0,80735000.0,-34844000.0,0.0,58163000.0,-309216000.0,-69985000.0,87321000.0,-2687000.0,-147983000.0,-147983000.0,-147983000.0,-24415000.0,0.0,-0.05,1337385000.0,-349746000.0,349044000.0,0.0,2.08,-48.358,-40.5,408950000.0,0.0,77.76,2.414,2.414,265998000.0,-202341000.0,2964612000.0,2964612000.0,0.0,-0.016,-0.045,-0.033,-0.02,12740000.0,653108000.0,1.0,92029001.0,92029001.0,,32.214,2276442000.0,32842000.0,43850000.0,42783000.0,24.736,355157000.0
21,MTCH,MRY,1999-12-31,1999-12-31,1999-12-31,2021-08-25,4773000.0,9233227000.0,8875542250.0,1397025000.0,7836202000.0,0.225,32.969,-101697000.0,425176000.0,425176000.0,1318138000.0,-27631000.0,1.375,2.334,585780000.0,10801000.0,574979000.0,585780000.0,83811000.0,205843000.0,0.0,0.0,0.0,57519000.0,263362000.0,0.132,263362000.0,57519000.0,927000.0,-0.84,-0.84,-0.84,2769729000.0,2708064250.0,2769729000.0,9463720903.0,165.0,35.934,-23937000.0,-0.285,1.0,682970000.0,0.341,6745477000.0,56592000.0,1632375000.0,1578550750.0,623344000.0,318800000.0,11512000.0,307288000.0,6463498000.0,1015979000.0,5447519000.0,9283202903.0,-22826000.0,-306265000.0,413611000.0,-256217000.0,0.0,100204000.0,-468318000.0,-69646000.0,77760000.0,-123000.0,-27631000.0,-27631000.0,-27631000.0,-41581000.0,0.0,-0.014,731812000.0,-48842000.0,284607000.0,0.0,3.352,-335.971,-131.548,292489000.0,0.0,110.5,4.639,4.639,441976000.0,-54358000.0,2001108000.0,2001108000.0,0.0,-0.003,-0.01,0.036,0.029,6423000.0,449610000.0,1.0,84010886.0,84010886.0,,23.82,2487750000.0,28919000.0,28558000.0,7954000.0,29.612,381046000.0
22,MTCH,MRY,1998-12-31,1998-12-31,1998-12-31,2021-08-25,8852000.0,8316190000.0,8119603000.0,1295275000.0,7020915000.0,0.34,33.132,-76523000.0,445356000.0,445356000.0,1051876000.0,76874000.0,1.521,2.234,812221000.0,36538000.0,775683000.0,812221000.0,45619000.0,724068000.0,0.0,0.0,0.0,290029000.0,1014097000.0,0.367,1014097000.0,290029000.0,175523000.0,1.08,0.84,1.08,2571405000.0,2346731000.0,2571405000.0,5665435823.0,20.0,5.587,180406000.0,2.324,1.0,1708020000.0,0.619,6342646000.0,114506000.0,1488542000.0,1868186750.0,573398000.0,111897000.0,27737000.0,84160000.0,5744785000.0,851867000.0,4892918000.0,5141001823.0,330682000.0,-1088370000.0,831701000.0,385657000.0,0.0,1297654000.0,-1201912000.0,-29625000.0,256929000.0,-1501000.0,76874000.0,76874000.0,76874000.0,-12982000.0,0.0,0.028,1458116000.0,249904000.0,257507000.0,0.0,1.999,66.876,61.333,255430000.0,0.0,66.24,1.863,1.863,372111000.0,-26727000.0,2759896000.0,2759896000.0,0.0,0.009,0.033,0.155,0.105,8808000.0,555576000.0,1.0,77611742.0,77611742.0,,35.56,1973544000.0,29370000.0,98649000.0,6357000.0,25.428,443408000.0
23,MTCH,MRY,1997-12-31,1997-12-31,1997-12-31,2021-08-25,0.0,2670796000.0,2393514000.0,420682000.0,2250114000.0,0.527,21.566,-45869000.0,116036000.0,116036000.0,645299000.0,13061000.0,1.169,0.845,461264000.0,12918000.0,448346000.0,461264000.0,0.0,77763000.0,0.0,0.0,0.0,85691000.0,163454000.0,0.13,163454000.0,85691000.0,54112000.0,0.24,0.24,0.24,1447354000.0,1303051500.0,1447354000.0,,,,1804000.0,0.027,1.0,616450000.0,0.489,1862128000.0,31579000.0,794155000.0,681564000.0,151100000.0,59780000.0,0.0,59780000.0,1223442000.0,359741000.0,863701000.0,3456276240.0,73430000.0,-13982000.0,7227000.0,8620000.0,0.0,108050000.0,-82293000.0,-39844000.0,47673000.0,0.0,13061000.0,13061000.0,13061000.0,0.0,0.0,0.01,521931000.0,94519000.0,185101000.0,0.0,2.388,264.626,214.583,180121000.0,0.0,51.5,2.739,2.739,96867000.0,-103601000.0,1261749000.0,1261749000.0,0.0,0.005,0.01,0.126,0.068,2128000.0,347058000.0,1.0,67112160.0,67112160.0,,18.801,808668000.0,43497000.0,41051000.0,0.0,12.05,60941000.0
24,MTCH,MRY,1996-12-31,1996-12-31,1996-12-31,2021-08-25,0.0,2116232000.0,,248598000.0,1867634000.0,,,-1143000.0,42606000.0,42606000.0,20974000.0,-6539000.0,0.91,0.826,314336000.0,42906000.0,271430000.0,314336000.0,0.0,18672000.0,0.0,0.0,0.0,7174000.0,25846000.0,0.344,25846000.0,7174000.0,-4667000.0,-0.6,-0.6,-0.6,1158749000.0,,1158749000.0,,,,10825000.0,,1.0,54198000.0,0.721,1545947000.0,11841000.0,568973000.0,,100527000.0,0.0,0.0,0.0,957483000.0,273042000.0,684441000.0,,23466000.0,-1630000.0,1156000.0,-39763000.0,0.0,14120000.0,-2622000.0,-8369000.0,11968000.0,0.0,-6539000.0,-6539000.0,-6539000.0,0.0,0.0,-0.087,50586000.0,3612000.0,95421000.0,0.0,,,-39.583,121975000.0,0.0,23.75,,,56832000.0,-116662000.0,75172000.0,75172000.0,0.0,,,,0.095,1028000.0,33205000.0,1.0,,,,,570285000.0,42768000.0,1872000.0,0.0,,-24444000.0
25,MTCH,MRY,1995-12-31,1995-08-31,1995-08-31,2021-08-25,,,,,,,,-1449000.0,,,614000.0,115000.0,,,,,,,,14674000.0,,0.0,0.0,12216000.0,26890000.0,0.561,26890000.0,12216000.0,1253000.0,0.02,0.02,0.02,,,,,,,15993000.0,,1.0,47304000.0,0.987,,10963000.0,,,,,,,,,,,10170000.0,0.0,5182000.0,-10475000.0,0.0,-5576000.0,-1696000.0,13000.0,17442000.0,0.0,115000.0,115000.0,115000.0,0.0,0.0,0.002,39068000.0,8236000.0,,0.0,,,1815.5,,0.0,36.31,,,,,47918000.0,47918000.0,0.0,,,,0.255,946000.0,24394000.0,1.0,,,,,,,1138000.0,,,
0,MTCH,MRQ,2021-06-30,2021-06-30,2021-06-30,2021-08-25,-104089000.0,4433933000.0,,634476000.0,3799457000.0,,-0.526,-22102000.0,236460000.0,236460000.0,193099000.0,140529000.0,1.098,-32.121,3845555000.0,0.0,3845555000.0,3845555000.0,262968000.0,10303000.0,0.0,0.0,0.0,210434000.0,220737000.0,0.312,220737000.0,210434000.0,178215000.0,0.52,0.46,0.52,-142245000.0,,-142245000.0,46579328862.0,58.0,54.702,226405000.0,0.838,1.0,514661000.0,0.727,3200166000.0,32219000.0,4264895000.0,,0.0,12453000.0,12453000.0,0.0,4569021000.0,577967000.0,3991054000.0,43581780862.0,-609236000.0,-840869000.0,7360000.0,-121000.0,0.0,4934000.0,-862971000.0,0.0,248507000.0,294000.0,140895000.0,140895000.0,140895000.0,-509000.0,-366000.0,0.199,304747000.0,209914000.0,57937000.0,0.0,-306.385,74.08,69.504,129916000.0,0.0,161.25,16.344,16.344,259325000.0,-8107092000.0,707760000.0,707760000.0,52133000.0,,,,,42396000.0,242311000.0,1.0,270274610.0,270274610.0,,2.619,1233767000.0,314029000.0,37320000.0,29476000.0,4.565,56509000.0
1,MTCH,MRQ,2021-03-31,2021-03-31,2021-03-31,2021-08-25,-102030000.0,3214668000.0,,1204238000.0,2010430000.0,,-4.516,-10290000.0,845696000.0,845696000.0,179455000.0,173848000.0,2.563,-3.646,3843244000.0,0.0,3843244000.0,3843244000.0,248201000.0,10670000.0,0.0,0.0,0.0,188341000.0,199011000.0,0.298,199011000.0,188341000.0,156503000.0,0.65,0.57,0.65,-1214591000.0,,-1214591000.0,39746886373.0,53.0,50.48,92018000.0,0.342,1.0,488157000.0,0.731,1480921000.0,31838000.0,4261371000.0,,0.0,0.0,0.0,0.0,4428242000.0,469924000.0,3958318000.0,36951344373.0,106528000.0,0.0,29973000.0,-730000.0,0.0,18695000.0,-10545000.0,0.0,102308000.0,-3930000.0,174250000.0,174250000.0,174250000.0,0.0,-402000.0,0.261,298899000.0,189258000.0,13152000.0,0.0,-30.423,70.744,62.163,106957000.0,0.0,137.38,14.697,14.697,210679000.0,-8248654000.0,667612000.0,667612000.0,55576000.0,,,,,30116000.0,232653000.0,1.0,268971789.0,268971789.0,,2.482,1733747000.0,302688000.0,-17747000.0,29662000.0,6.446,734314000.0
2,MTCH,MRQ,2020-12-31,2020-12-31,2020-12-31,2021-08-25,-81454000.0,3046454000.0,,1020212000.0,2026242000.0,,-5.318,-10000000.0,739164000.0,739164000.0,173263000.0,140179000.0,2.04,-3.153,3840930000.0,0.0,3840930000.0,3840930000.0,239088000.0,11250000.0,0.0,0.0,0.0,209502000.0,220752000.0,0.339,220752000.0,209502000.0,166196000.0,0.64,0.59,0.64,-1414417000.0,,-1414417000.0,43336214660.0,129.0,112.555,259707000.0,0.976,1.0,478144000.0,0.734,1501432000.0,43306000.0,4146752000.0,,0.0,0.0,0.0,0.0,4459829000.0,500036000.0,3959793000.0,40214006660.0,340286000.0,0.0,75874000.0,0.0,0.0,75875000.0,-9997000.0,0.0,269707000.0,4701000.0,140579000.0,140579000.0,140579000.0,0.0,-400000.0,0.216,265562000.0,212582000.0,29200000.0,0.0,-28.432,312.801,260.672,107799000.0,0.0,151.19,16.817,16.817,137023000.0,-8422237000.0,651407000.0,651407000.0,44832000.0,,,,,21621000.0,209480000.0,1.0,265983244.0,265983244.0,,2.449,1545022000.0,293487000.0,25617000.0,31795000.0,5.809,520176000.0
3,MTCH,MRQ,2020-09-30,2020-09-30,2020-09-30,2021-08-25,-108111000.0,2670092000.0,,738159000.0,1931933000.0,,-5.549,-14252000.0,398884000.0,398884000.0,169823000.0,131995000.0,1.512,-2.85,3521092000.0,0.0,3521092000.0,3521092000.0,240954000.0,11680000.0,0.0,0.0,0.0,199338000.0,211018000.0,0.33,211018000.0,199338000.0,156149000.0,0.51,0.46,0.51,-1442934000.0,,-1442934000.0,32169139056.0,114.0,95.66,222305000.0,0.855,1.0,469947000.0,0.735,1478841000.0,43189000.0,3825264000.0,,0.0,0.0,0.0,0.0,4112653000.0,488195000.0,3624458000.0,28770773056.0,269595000.0,-1421801000.0,1501329000.0,-20322000.0,0.0,1476304000.0,-1445143000.0,-9115000.0,236557000.0,1877000.0,132581000.0,132581000.0,132581000.0,-508000.0,-586000.0,0.207,269780000.0,200167000.0,16347000.0,0.0,-19.939,273.765,307.361,106006000.0,0.0,110.65,12.58,12.58,199682000.0,-8631705000.0,639770000.0,639770000.0,39280000.0,,,,,37335000.0,218820000.0,1.0,260016024.0,260016024.0,,2.461,1191251000.0,236500000.0,23568000.0,30868000.0,4.581,249964000.0
4,MTCH,MRQ,2020-06-30,2020-06-30,2020-06-30,2021-08-25,-124312000.0,2334732000.0,,451748000.0,1882984000.0,,-20.104,-8343000.0,129294000.0,129294000.0,148853000.0,106786000.0,0.984,-2.367,3527660000.0,0.0,3527660000.0,3527660000.0,232108000.0,10069000.0,0.0,0.0,0.0,146524000.0,156593000.0,0.282,156593000.0,146524000.0,111773000.0,0.41,0.36,0.41,-1708175000.0,,-1708175000.0,28293771446.0,112.0,93.311,206600000.0,2.432,1.0,406597000.0,0.732,1463094000.0,34751000.0,3810962000.0,,0.0,0.0,0.0,0.0,4042570000.0,459042000.0,3583528000.0,27477742446.0,-2694573000.0,-2448749000.0,0.0,115782000.0,0.0,-69955000.0,-2844405000.0,0.0,214943000.0,4844000.0,74917000.0,74917000.0,74917000.0,34611000.0,31869000.0,0.135,211003000.0,195594000.0,11959000.0,0.0,-16.086,271.906,577.5,101647000.0,0.0,323.4,12.554,12.554,186447000.0,-8764286000.0,555450000.0,555450000.0,41929000.0,,,,,22140000.0,159005000.0,1.0,84965190.0,84965190.0,,6.537,871638000.0,252021000.0,36856000.0,30445000.0,10.259,-7294000.0
5,MTCH,MRQ,2020-03-31,2020-03-31,2020-03-31,2021-08-25,-157285000.0,8434749000.0,,3536309000.0,4898440000.0,,28.603,-9781000.0,2822729000.0,2822729000.0,143894000.0,-174433000.0,3.322,2.054,3638758000.0,13750000.0,3625008000.0,3638758000.0,433728000.0,15797000.0,0.0,0.0,0.0,-219138000.0,-203341000.0,-0.373,-203341000.0,-219138000.0,-251032000.0,-1.11,-1.0,-1.11,2424410000.0,,2424410000.0,15187497277.0,55.0,52.216,71194000.0,0.84,1.0,400748000.0,0.736,3713606000.0,31894000.0,4472756000.0,,0.0,371504000.0,69912000.0,301592000.0,4979925000.0,1064416000.0,3915509000.0,15191470277.0,-316364000.0,0.0,0.0,491023000.0,0.0,194663000.0,-586006000.0,0.0,80975000.0,-5996000.0,-202830000.0,-202830000.0,-202830000.0,331967000.0,28397000.0,-0.372,263376000.0,137372000.0,102367000.0,0.0,6.266,108.817,232.766,373561000.0,0.0,179.23,7.128,7.128,375854000.0,1478885000.0,544642000.0,544642000.0,43770000.0,,,,,21172000.0,203809000.0,1.0,84759640.0,84759640.0,,6.426,4721143000.0,190849000.0,-48202000.0,37796000.0,55.7,2471893000.0
6,MTCH,MRQ,2019-12-31,2019-12-31,2019-12-31,2021-08-25,-136349000.0,8364803000.0,,3708064000.0,4656739000.0,,34.615,-8762000.0,465676000.0,465676000.0,142070000.0,124272000.0,3.671,1.525,2889626000.0,0.0,2889626000.0,2889626000.0,218843000.0,16040000.0,0.0,0.0,0.0,155976000.0,172016000.0,0.314,172016000.0,155976000.0,115396000.0,0.55,0.48,0.55,2928042000.0,,2928042000.0,21251668644.0,37.0,34.111,240410000.0,2.842,1.0,405097000.0,0.74,1468163000.0,40580000.0,8310410000.0,,0.0,0.0,0.0,0.0,4466485000.0,1010180000.0,3456305000.0,21072216644.0,192205000.0,0.0,0.0,0.0,0.0,-135699000.0,77766000.0,0.0,249172000.0,966000.0,100425000.0,100425000.0,100425000.0,-4338000.0,23847000.0,0.184,223748000.0,181349000.0,20191000.0,0.0,7.197,48.877,105.11,101065000.0,0.0,249.11,10.273,10.273,116459000.0,1689925000.0,547167000.0,547167000.0,38397000.0,,,,,18907000.0,169311000.0,1.0,84590007.0,84590007.0,,6.468,6896640000.0,192496000.0,14971000.0,48580000.0,81.53,2697884000.0
7,MTCH,MRQ,2019-09-30,2019-09-30,2019-09-30,2021-08-25,-144604000.0,8304791000.0,,3684294000.0,4620497000.0,,34.369,-9422000.0,2946180000.0,2946180000.0,138225000.0,159772000.0,3.555,1.553,3125632000.0,13750000.0,3111882000.0,3125632000.0,414325000.0,9174000.0,0.0,0.0,0.0,168777000.0,177951000.0,0.329,177951000.0,168777000.0,129784000.0,0.71,0.63,0.71,2897274000.0,,2897274000.0,18374953233.0,29.0,32.178,323537000.0,3.838,1.0,403268000.0,0.745,3456688000.0,38993000.0,3991274000.0,,0.0,491154000.0,157174000.0,333980000.0,4499030000.0,1036281000.0,3462749000.0,18374631233.0,-205800000.0,0.0,0.0,-1454000.0,0.0,-261242000.0,-274622000.0,0.0,332959000.0,-2895000.0,128544000.0,128544000.0,128544000.0,-21981000.0,31228000.0,0.237,228032000.0,175236000.0,100858000.0,0.0,6.342,35.17,335.338,539461000.0,0.0,217.97,25.65,25.65,355924000.0,1589500000.0,541493000.0,541493000.0,36609000.0,,,,,20805000.0,182249000.0,1.0,84298900.0,84298900.0,,6.423,4848103000.0,170299000.0,1240000.0,57954000.0,57.511,2648013000.0
8,MTCH,MRQ,2019-06-30,2019-06-30,2019-06-30,2021-08-25,-125705000.0,8299105000.0,,3914087000.0,4385018000.0,,35.476,5004000.0,3151959000.0,3151959000.0,126665000.0,146791000.0,4.105,1.493,3152281000.0,13750000.0,3138531000.0,3152281000.0,402218000.0,-23855000.0,0.0,0.0,0.0,168088000.0,144233000.0,0.29,144233000.0,168088000.0,134543000.0,0.62,0.55,0.62,2983461000.0,,2983461000.0,18422520180.0,30.0,31.367,257870000.0,3.066,1.0,371308000.0,0.746,3521380000.0,33545000.0,3824585000.0,,0.0,263707000.0,161749000.0,101958000.0,4455508000.0,953462000.0,3502046000.0,18293873180.0,934565000.0,-2676000.0,166520000.0,1132619000.0,0.0,870432000.0,-188279000.0,-83760000.0,252866000.0,-454000.0,113467000.0,113467000.0,113467000.0,-27565000.0,33324000.0,0.228,199999000.0,171309000.0,104392000.0,0.0,6.132,33.897,128.716,541840000.0,0.0,217.53,14.298,14.298,365495000.0,1460956000.0,497973000.0,497973000.0,32680000.0,,,,,-17432000.0,158155000.0,1.0,84098162.0,84098162.0,,5.921,4777725000.0,115988000.0,21076000.0,59543000.0,56.811,2960625000.0
9,MTCH,MRQ,2019-03-31,2019-03-31,2019-03-31,2021-08-25,-126719000.0,7159902000.0,,2829898000.0,4330004000.0,,33.182,-25855000.0,2217337000.0,2217337000.0,260071000.0,112985000.0,3.117,1.291,2345984000.0,13750000.0,2332234000.0,2345984000.0,386943000.0,41723000.0,0.0,0.0,0.0,56234000.0,97957000.0,0.089,97957000.0,56234000.0,25091000.0,1.06,0.91,1.06,2779861000.0,,2779861000.0,17729800178.0,25.0,23.355,77086000.0,0.92,1.0,845772000.0,0.765,3353897000.0,31143000.0,3026832000.0,,0.0,274997000.0,40401000.0,234596000.0,3588566000.0,907820000.0,2680746000.0,17602134178.0,85703000.0,-1083000.0,0.0,81020000.0,0.0,-73660000.0,55607000.0,83760000.0,102941000.0,815000.0,88695000.0,88695000.0,88695000.0,0.0,24290000.0,0.08,765899000.0,79873000.0,83535000.0,0.0,6.332,27.308,57.095,498446000.0,0.0,210.11,9.563,9.563,345686000.0,1347489000.0,1105843000.0,1105843000.0,88700000.0,,,,,67444000.0,635476000.0,1.0,83775804.0,83775804.0,,13.2,3806005000.0,129304000.0,-63604000.0,59079000.0,45.431,1922078000.0
10,MTCH,MRQ,2018-12-31,2018-12-31,2018-12-31,2021-08-25,-128722000.0,6874585000.0,,2762739000.0,4111846000.0,,34.044,28716000.0,2131632000.0,2131632000.0,-247424000.0,217477000.0,3.127,1.169,2259298000.0,13750000.0,2245548000.0,2259298000.0,360015000.0,-81135000.0,0.0,0.0,0.0,232043000.0,150908000.0,-0.106,150908000.0,232043000.0,218946000.0,-1.74,-1.5,-1.74,2843125000.0,,2843125000.0,15613158997.0,21.0,20.304,345143000.0,4.133,1.0,-1181515000.0,0.827,3358281000.0,13097000.0,2760412000.0,,0.0,358720000.0,123665000.0,235055000.0,3322784000.0,883558000.0,2439226000.0,15286399997.0,461924000.0,-9859000.0,82903000.0,269468000.0,-105126000.0,47058000.0,100119000.0,230286000.0,316427000.0,-1680000.0,191752000.0,191752000.0,191752000.0,-306643000.0,25725000.0,-0.134,-1299765000.0,118250000.0,74907000.0,0.0,5.377,24.382,52.598,318800000.0,0.0,183.04,8.837,8.837,279189000.0,1258794000.0,-1428939000.0,-1428939000.0,-98092000.0,,,,,-105975000.0,-1120538000.0,1.0,83513986.0,83513986.0,,-17.11,3516304000.0,64786000.0,27194000.0,61184000.0,42.104,1879181000.0
11,MTCH,MRQ,2018-09-30,2018-09-30,2018-09-30,2021-08-25,-112855000.0,6372347000.0,,2472894000.0,3899453000.0,,31.249,-20417000.0,1670984000.0,1670984000.0,237238000.0,171577000.0,2.768,1.17,1997743000.0,13750000.0,1983993000.0,1997743000.0,381397000.0,39077000.0,0.0,0.0,0.0,155142000.0,194219000.0,0.176,194219000.0,155142000.0,127532000.0,1.75,1.49,1.75,2600482000.0,,2600482000.0,18386028569.0,31.0,24.445,271481000.0,3.262,1.0,867354000.0,0.785,3196323000.0,27610000.0,2609278000.0,,0.0,426170000.0,208555000.0,217615000.0,3043755000.0,893505000.0,2150250000.0,18034836569.0,26585000.0,968000.0,-75022000.0,-3801000.0,0.0,-157151000.0,-107911000.0,-88509000.0,291898000.0,-251000.0,145774000.0,145774000.0,145774000.0,0.0,25803000.0,0.132,694522000.0,172832000.0,76193000.0,0.0,6.935,38.535,38.7,308465000.0,0.0,216.72,4.389,4.389,347158000.0,1067042000.0,1104592000.0,1104592000.0,77740000.0,,,,,55363000.0,577705000.0,1.0,83217223.0,83217223.0,,13.274,3176024000.0,84817000.0,-18242000.0,60102000.0,38.165,1579389000.0
12,MTCH,MRQ,2018-06-30,2018-06-30,2018-06-30,2021-08-25,-112717000.0,6235284000.0,,2346772000.0,3888512000.0,,30.783,-24895000.0,1644829000.0,1644829000.0,218224000.0,280854000.0,2.775,1.164,1996021000.0,13750000.0,1982271000.0,1996021000.0,375138000.0,38993000.0,0.0,0.0,0.0,277077000.0,316070000.0,0.298,316070000.0,277077000.0,249721000.0,2.61,2.32,2.61,2576079000.0,,2576079000.0,13098430228.0,36.0,25.95,202899000.0,2.425,1.0,840898000.0,0.794,3214647000.0,27356000.0,2526149000.0,,0.0,337767000.0,120410000.0,217357000.0,2998336000.0,845680000.0,2152656000.0,12761268228.0,-15221000.0,31307000.0,-7869000.0,-3776000.0,0.0,-119555000.0,-120758000.0,-127422000.0,227794000.0,-2702000.0,218353000.0,218353000.0,218353000.0,0.0,62501000.0,0.206,672461000.0,168437000.0,79107000.0,0.0,4.954,25.427,25.122,306602000.0,0.0,152.49,3.329,3.329,343576000.0,921268000.0,1059122000.0,1059122000.0,75445000.0,,,,,57561000.0,558023000.0,1.0,83685935.0,83685935.0,,12.656,3020637000.0,62245000.0,31368000.0,59492000.0,36.095,1501092000.0
13,MTCH,MRQ,2018-03-31,2018-03-31,2018-03-31,2021-08-25,-74950000.0,6030974000.0,,2222932000.0,3808042000.0,,30.179,-14801000.0,1657537000.0,1657537000.0,201962000.0,87839000.0,2.68,1.182,1994699000.0,14120000.0,1980579000.0,1994699000.0,374339000.0,39210000.0,0.0,0.0,0.0,68574000.0,107784000.0,0.108,107784000.0,68574000.0,42069000.0,0.86,0.71,0.86,2494527000.0,,2494527000.0,13288600807.0,83.0,46.266,137207000.0,1.66,1.0,793113000.0,0.797,3254415000.0,26505000.0,2284228000.0,,0.0,87542000.0,5630000.0,81912000.0,2948583000.0,829493000.0,2119090000.0,12926190807.0,26715000.0,-21280000.0,0.0,-3631000.0,0.0,-83150000.0,-44889000.0,-18155000.0,152008000.0,2746000.0,71082000.0,71082000.0,71082000.0,0.0,16757000.0,0.071,703163000.0,89950000.0,79588000.0,0.0,5.182,36.953,36.367,301865000.0,0.0,156.38,3.65,3.65,325263000.0,702915000.0,995075000.0,995075000.0,76937000.0,,,,,59082000.0,587016000.0,1.0,82658849.0,82658849.0,,12.038,2776559000.0,84108000.0,-29013000.0,60014000.0,33.591,1393439000.0
14,MTCH,MRQ,2017-12-31,2017-12-31,2017-12-31,2021-08-25,-103568000.0,5867810000.0,,2125205000.0,3742605000.0,,29.64,-19004000.0,1630809000.0,1630809000.0,199727000.0,23349000.0,2.657,1.202,1993219000.0,13750000.0,1979469000.0,1993219000.0,342483000.0,38767000.0,0.0,0.0,0.0,95302000.0,134069000.0,0.141,134069000.0,95302000.0,64563000.0,0.38,0.36,0.38,2430028000.0,,2430028000.0,10419119087.0,87.0,44.228,99894000.0,1.218,1.0,750858000.0,0.79,3222803000.0,30739000.0,2207689000.0,,0.0,69972000.0,4995000.0,64977000.0,2920987000.0,799728000.0,2121259000.0,10025169087.0,377838000.0,-16882000.0,23650000.0,404347000.0,0.0,295931000.0,-39194000.0,-4983000.0,118898000.0,2203000.0,32804000.0,32804000.0,32804000.0,0.0,-9455000.0,0.035,656498000.0,94360000.0,76571000.0,0.0,4.126,32.878,32.094,315170000.0,0.0,122.28,3.031,3.031,304027000.0,595038000.0,950585000.0,950585000.0,70044000.0,,,,,57256000.0,547687000.0,1.0,81985354.0,81985354.0,,11.595,2645007000.0,66321000.0,31759000.0,60694000.0,32.262,1325477000.0
15,MTCH,MRQ,2017-09-30,2017-09-30,2017-09-30,2021-08-25,-99513000.0,5540955000.0,,1726903000.0,3814052000.0,,30.455,-14698000.0,1255317000.0,1255317000.0,166290000.0,225639000.0,2.067,1.084,1649267000.0,0.0,1649267000.0,1649267000.0,343413000.0,21629000.0,0.0,0.0,0.0,-74801000.0,-53172000.0,-0.064,-53172000.0,-74801000.0,-99837000.0,2.22,1.79,2.22,2428921000.0,,2428921000.0,9428196481.0,57.0,34.009,125389000.0,1.572,1.0,662144000.0,0.799,3161692000.0,25036000.0,1937687000.0,,0.0,120806000.0,0.0,120806000.0,2632252000.0,835526000.0,1796726000.0,9377502481.0,-266787000.0,-14426000.0,-272459000.0,72363000.0,0.0,-392920000.0,-17881000.0,11000000.0,140087000.0,3927000.0,179643000.0,179643000.0,179643000.0,0.0,45996000.0,0.217,680733000.0,-18589000.0,104806000.0,0.0,3.861,25.062,25.232,320277000.0,0.0,117.58,2.96,2.96,271209000.0,562234000.0,828434000.0,828434000.0,70645000.0,,,,,134472000.0,588459000.0,1.0,79754231.0,79754231.0,,10.387,2379263000.0,129879000.0,-279480000.0,69313000.0,29.832,891377000.0
16,MTCH,MRQ,2017-06-30,2017-06-30,2017-06-30,2021-08-25,-136738000.0,4786067000.0,,2013181000.0,2772886000.0,,24.975,-30664000.0,1522300000.0,1522300000.0,139033000.0,80557000.0,2.944,1.329,1572994000.0,0.0,1572994000.0,1572994000.0,279099000.0,26963000.0,0.0,0.0,0.0,71576000.0,98539000.0,0.128,98539000.0,71576000.0,46848000.0,0.84,0.7,0.84,1965177000.0,,1965177000.0,8303462069.0,25.0,18.423,59187000.0,0.752,1.0,628354000.0,0.819,2263270000.0,24728000.0,1889676000.0,,0.0,137039000.0,14984000.0,122055000.0,2612095000.0,683815000.0,1928280000.0,8123518069.0,120165000.0,25402000.0,0.0,-5000000.0,0.0,19300000.0,9542000.0,13941000.0,89851000.0,1472000.0,66268000.0,66268000.0,66268000.0,0.0,14289000.0,0.086,552719000.0,75635000.0,66194000.0,0.0,4.134,34.177,34.644,306144000.0,0.0,103.24,2.618,2.618,219946000.0,382591000.0,767387000.0,767387000.0,55430000.0,,,,,38915000.0,470326000.0,1.0,78685762.0,78685762.0,,9.753,2522797000.0,0.0,-19420000.0,282661000.0,32.062,1329366000.0
17,MTCH,MRQ,2017-03-31,2017-03-31,2017-03-31,2021-08-25,-147345000.0,4619327000.0,,1886322000.0,2733005000.0,,23.773,-11157000.0,1397038000.0,1397038000.0,145958000.0,28463000.0,2.776,1.407,1576982000.0,5000000.0,1571982000.0,1576982000.0,272371000.0,29049000.0,0.0,0.0,0.0,27092000.0,56141000.0,0.074,56141000.0,27092000.0,2300000.0,0.34,0.29,0.34,1848059000.0,,1848059000.0,6004041069.0,-782.0,42.027,56706000.0,0.729,1.0,614875000.0,0.808,2240837000.0,24792000.0,1879039000.0,,0.0,153517000.0,33992000.0,119525000.0,2600598000.0,679395000.0,1921203000.0,5730744069.0,42267000.0,45131000.0,-56424000.0,-26590000.0,0.0,-119180000.0,89582000.0,55395000.0,67863000.0,4002000.0,26209000.0,26209000.0,26209000.0,0.0,2254000.0,0.034,577815000.0,37060000.0,83003000.0,0.0,3.101,-245.396,-237.806,291721000.0,0.0,73.72,1.86,1.86,218504000.0,316323000.0,760833000.0,760833000.0,54760000.0,,,,,33975000.0,494006000.0,1.0,77736626.0,77736626.0,,9.787,2378490000.0,0.0,-23909000.0,275355000.0,30.597,1206927000.0
18,MTCH,MRQ,2016-12-31,2016-12-31,2016-12-31,2021-08-25,-166123000.0,4645873000.0,,1842735000.0,2803138000.0,,23.575,-15300000.0,1329187000.0,1329187000.0,212468000.0,114117000.0,2.583,1.41,1602484000.0,20000000.0,1582484000.0,1602484000.0,285615000.0,34719000.0,0.0,0.0,0.0,140999000.0,175718000.0,0.217,175718000.0,140999000.0,114511000.0,1.26,1.26,1.26,1869222000.0,,1869222000.0,5588694010.0,1930.0,36.291,134679000.0,1.699,1.0,598694000.0,0.738,2279503000.0,26488000.0,1926279000.0,,0.0,212152000.0,89342000.0,122810000.0,2635203000.0,713388000.0,1921815000.0,5137193010.0,150189000.0,45813000.0,-31913000.0,-42901000.0,0.0,-111409000.0,119274000.0,83108000.0,149979000.0,-7655000.0,102051000.0,102051000.0,102051000.0,0.0,12066000.0,0.126,485874000.0,112820000.0,62863000.0,0.0,2.748,-124.448,-124.596,306248000.0,0.0,64.79,1.636,1.636,220138000.0,290114000.0,811162000.0,811162000.0,50398000.0,,,,,22210000.0,400757000.0,1.0,79289906.0,79289906.0,,10.23,2366370000.0,2511000.0,12460000.0,262326000.0,29.845,1129347000.0
19,MTCH,MRQ,2016-09-30,2016-09-30,2016-09-30,2021-08-25,-122684000.0,4671160000.0,,1799530000.0,2871630000.0,,23.422,-27606000.0,1189784000.0,1189784000.0,179131000.0,52340000.0,2.561,1.449,1641285000.0,0.0,1641285000.0,1641285000.0,284227000.0,32218000.0,0.0,0.005,0.0,88106000.0,120324000.0,0.157,120324000.0,88106000.0,60988000.0,0.54,0.49,0.54,1863866000.0,,1863866000.0,5430390156.0,-37.0,63.327,83459000.0,1.049,1.0,584971000.0,0.766,2324852000.0,27118000.0,2095220000.0,,0.0,304717000.0,177862000.0,126855000.0,2700961000.0,702589000.0,1998372000.0,4971115156.0,-56200000.0,6801000.0,-62400000.0,-70209000.0,0.0,-44393000.0,-125383000.0,-105325000.0,111065000.0,2511000.0,43162000.0,43162000.0,43162000.0,0.0,9178000.0,0.056,499387000.0,85584000.0,72268000.0,0.0,2.667,-28.377,-28.525,317277000.0,0.0,62.47,1.564,1.564,199328000.0,188063000.0,764102000.0,764102000.0,49704000.0,,,,,23661000.0,417465000.0,1.0,79576039.0,79576039.0,,9.602,2346308000.0,0.0,17826000.0,286683000.0,29.485,1096941000.0
20,MTCH,MRQ,2016-06-30,2016-06-30,2016-06-30,2021-08-25,-117407000.0,4660022000.0,,1792868000.0,2867154000.0,,22.911,-19043000.0,1245984000.0,1245984000.0,170397000.0,-190542000.0,2.59,1.522,1705259000.0,50000000.0,1655259000.0,1705259000.0,285733000.0,54550000.0,0.0,0.012,0.0,-263871000.0,-209321000.0,-0.281,-209321000.0,-263871000.0,-291515000.0,-2.45,-2.45,-2.45,1814450000.0,,1814450000.0,4858400406.0,-43.0,42.063,24790000.0,0.313,1.0,575042000.0,0.771,2332937000.0,27644000.0,2094154000.0,,0.0,206526000.0,79208000.0,127318000.0,2761089000.0,692206000.0,2068883000.0,4458692406.0,7320000.0,10366000.0,-63778000.0,-28198000.0,0.0,-130548000.0,95040000.0,103282000.0,43833000.0,-1005000.0,-194775000.0,-194775000.0,-194775000.0,0.0,4233000.0,-0.261,827488000.0,-252446000.0,61749000.0,0.0,2.457,-29.193,-29.021,306999000.0,0.0,56.3,1.371,1.371,189491000.0,144901000.0,745439000.0,745439000.0,53565000.0,,,,,27764000.0,444006000.0,1.0,79195247.0,79195247.0,,9.413,2327085000.0,0.0,-96740000.0,292821000.0,29.384,1100662000.0
21,MTCH,MRQ,2016-03-31,2016-03-31,2016-03-31,2021-08-25,-110964000.0,5052343000.0,,1884329000.0,3168014000.0,,24.865,-16090000.0,1326164000.0,1326164000.0,193734000.0,7934000.0,2.425,1.417,1725872000.0,65000000.0,1660872000.0,1725872000.0,273123000.0,29615000.0,0.0,0.022,0.0,37662000.0,67277000.0,0.082,67277000.0,37662000.0,9802000.0,0.1,0.09,0.1,2065438000.0,,2065438000.0,4217465164.0,20.0,10.107,23271000.0,0.28,1.0,625445000.0,0.764,2625382000.0,27860000.0,2049727000.0,,0.0,236011000.0,106316000.0,129695000.0,2925832000.0,776942000.0,2148890000.0,3910699164.0,-242783000.0,90845000.0,-150857000.0,-42912000.0,0.0,-205790000.0,-76069000.0,-155204000.0,39361000.0,-285000.0,8282000.0,8282000.0,8282000.0,0.0,-348000.0,0.01,604028000.0,21417000.0,96503000.0,0.0,1.893,38.586,38.276,304963000.0,0.0,47.08,1.193,1.193,234546000.0,339676000.0,819179000.0,819179000.0,59098000.0,,,,,31185000.0,515315000.0,1.0,83064978.0,83064978.0,,9.862,2426961000.0,0.0,1520000.0,384401000.0,29.218,1107387000.0
22,MTCH,MRQ,2015-12-31,2015-12-31,2015-12-31,2021-08-25,-152103000.0,5188691000.0,,1945010000.0,3243681000.0,,21.745,-17491000.0,1481447000.0,1481447000.0,214084000.0,-31389000.0,2.531,1.647,1766954000.0,40000000.0,1726954000.0,1766954000.0,258412000.0,116160000.0,0.0,0.023,0.34,-8689000.0,107471000.0,0.127,107471000.0,-8689000.0,-37055000.0,-0.38,-0.38,-0.38,1804526000.0,,1804526000.0,5216888322.0,23.0,12.281,204073000.0,2.459,1.0,634644000.0,0.748,2686192000.0,28366000.0,2019460000.0,,0.0,176586000.0,39200000.0,137386000.0,2972866000.0,768546000.0,2204320000.0,4983336322.0,714999000.0,-573254000.0,16766000.0,768950000.0,-28249000.0,1069486000.0,-574054000.0,16137000.0,221564000.0,-2187000.0,-31849000.0,-31849000.0,-31849000.0,-11000.0,460000.0,-0.038,640074000.0,-5430000.0,86883000.0,-0.895,2.762,41.711,41.701,302817000.0,0.0,60.05,1.542,1.542,250077000.0,331394000.0,848728000.0,848728000.0,58077000.0,,,,,82728000.0,451781000.0,1.0,82986450.0,82986450.0,,10.227,2502499000.0,0.0,-5206000.0,382465000.0,30.156,1176464000.0
23,MTCH,MRQ,2015-09-30,2015-09-30,2015-09-30,2021-08-25,-144488000.0,4027318000.0,,1246246000.0,2781072000.0,,22.253,-17742000.0,766448000.0,766448000.0,199377000.0,65043000.0,1.907,1.183,1000000000.0,0.0,1000000000.0,1000000000.0,237947000.0,27963000.0,0.0,0.021,0.34,122113000.0,150076000.0,0.179,150076000.0,122113000.0,106121000.0,0.79,0.74,0.79,1845191000.0,,1845191000.0,5836187146.0,16.0,12.194,80586000.0,0.972,1.0,639184000.0,0.762,2229062000.0,15992000.0,1378351000.0,,0.0,192762000.0,53937000.0,138825000.0,2182127000.0,653457000.0,1528670000.0,5412596146.0,110039000.0,2348000.0,-19541000.0,-80000000.0,-28218000.0,-129563000.0,144197000.0,166082000.0,98328000.0,-2976000.0,65611000.0,65611000.0,65611000.0,-17000.0,-568000.0,0.078,552054000.0,87130000.0,68448000.0,0.43,2.933,24.437,24.539,299078000.0,0.0,65.275,1.685,1.685,246978000.0,391492000.0,838561000.0,838561000.0,46859000.0,,,,,14327000.0,477232000.0,1.0,82919895.0,82919895.0,,10.113,1798256000.0,0.0,40510000.0,440967000.0,21.687,592789000.0
24,MTCH,MRQ,2015-06-30,2015-06-30,2015-06-30,2021-08-25,-130295000.0,4075058000.0,,1322762000.0,2752296000.0,,22.12,-13940000.0,656409000.0,656409000.0,177963000.0,57732000.0,1.85,1.245,1080000000.0,80000000.0,1000000000.0,1080000000.0,232673000.0,29911000.0,0.0,0.017,0.34,62551000.0,92462000.0,0.12,92462000.0,62551000.0,47337000.0,0.72,0.68,0.72,1815386000.0,,1815386000.0,6945952546.0,13.0,10.851,75649000.0,0.922,1.0,593169000.0,0.769,2250912000.0,15214000.0,1532880000.0,,0.0,364908000.0,233523000.0,131385000.0,2259672000.0,714857000.0,1544815000.0,6537549546.0,-15188000.0,-31489000.0,-10317000.0,0.0,-28054000.0,-23957000.0,-86897000.0,-41136000.0,89589000.0,6320000.0,59305000.0,59305000.0,59305000.0,153000.0,-1573000.0,0.077,530400000.0,62769000.0,79434000.0,0.472,3.601,13.544,13.782,297158000.0,0.0,79.66,2.071,2.071,223106000.0,354099000.0,771132000.0,771132000.0,46430000.0,,,,,6330000.0,454059000.0,1.0,82068159.0,82068159.0,,9.396,1824146000.0,0.0,-11968000.0,457456000.0,22.227,607905000.0
25,MTCH,MRQ,2015-03-31,2015-03-31,2015-03-31,2021-08-25,-143273000.0,3958105000.0,,1293943000.0,2664162000.0,,20.828,-12876000.0,671597000.0,671597000.0,186737000.0,21988000.0,2.068,1.258,1080000000.0,0.0,1080000000.0,1080000000.0,214476000.0,28123000.0,0.0,0.019,0.34,46649000.0,74772000.0,0.097,74772000.0,46649000.0,32585000.0,0.32,0.3,0.32,1752714000.0,,1752714000.0,5767352503.0,12.0,9.576,-16686000.0,-0.198,1.0,585775000.0,0.758,2190453000.0,14064000.0,1550303000.0,,0.0,329300000.0,205621000.0,123679000.0,2205391000.0,625752000.0,1579639000.0,5677757503.0,-318808000.0,-5594000.0,-210339000.0,0.0,-28675000.0,-237576000.0,-65967000.0,-50225000.0,-3810000.0,-11455000.0,26405000.0,26405000.0,26405000.0,-125000.0,-4417000.0,0.034,550656000.0,35119000.0,83446000.0,1.062,3.239,14.006,13.94,297956000.0,0.0,67.47,1.807,1.807,232464000.0,322848000.0,772512000.0,772512000.0,45257000.0,,,,,2065000.0,477276000.0,1.0,84152327.0,84152327.0,,9.18,1767652000.0,0.0,6180000.0,437084000.0,21.005,668191000.0
26,MTCH,MRQ,2014-12-31,2014-12-31,2014-12-31,2021-08-25,-87700000.0,4256885000.0,,1535888000.0,2720997000.0,,23.77,-18200000.0,990405000.0,990405000.0,215545000.0,68611000.0,2.28,1.136,1080000000.0,0.0,1080000000.0,1080000000.0,194988000.0,33038000.0,0.0,0.019,0.34,128281000.0,161319000.0,0.194,161319000.0,128281000.0,114086000.0,0.83,0.77,0.83,1991953000.0,,1991953000.0,5242568723.0,10.0,8.38,111187000.0,1.327,1.0,615209000.0,0.741,2246862000.0,14195000.0,1425918000.0,,0.0,275631000.0,160648000.0,114983000.0,2263743000.0,673700000.0,1590043000.0,5094280723.0,58693000.0,43193000.0,6432000.0,-383000.0,-28833000.0,-21942000.0,-40898000.0,-50925000.0,129387000.0,-7880000.0,70172000.0,70172000.0,70172000.0,-625000.0,-1561000.0,0.084,504837000.0,110372000.0,81163000.0,0.41,2.557,12.279,12.207,302459000.0,0.0,60.79,1.638,1.638,236086000.0,325118000.0,830754000.0,830754000.0,42163000.0,,,,,12500000.0,429636000.0,1.0,83801295.0,83801295.0,,9.913,2010023000.0,0.0,43914000.0,424425000.0,23.986,862188000.0
27,MTCH,MRQ,2014-09-30,2014-09-30,2014-09-30,2021-08-25,-46768000.0,4238410000.0,,1455279000.0,2783131000.0,,23.685,-12476000.0,931712000.0,931712000.0,224695000.0,325991000.0,2.226,1.145,1080000000.0,0.0,1080000000.0,1080000000.0,208973000.0,30584000.0,0.0,0.016,0.34,281005000.0,311589000.0,0.398,311589000.0,281005000.0,266996000.0,3.91,3.68,3.91,1975028000.0,,1975028000.0,5587849227.0,11.0,9.1,133414000.0,1.6,1.0,557536000.0,0.713,2310695000.0,14009000.0,1422310000.0,,0.0,236284000.0,119049000.0,117235000.0,2261585000.0,653693000.0,1607892000.0,5495175227.0,-55614000.0,-140816000.0,9000000.0,0.0,-28419000.0,-12601000.0,-179063000.0,-35508000.0,145890000.0,-9826000.0,326812000.0,326812000.0,326812000.0,-175730000.0,-821000.0,0.418,456583000.0,100953000.0,74908000.0,0.087,2.782,13.034,13.05,300955000.0,0.0,65.9,1.83,1.83,235035000.0,283523000.0,782231000.0,782231000.0,40691000.0,,,,,8901000.0,385308000.0,1.0,83386574.0,83386574.0,,9.381,1927715000.0,0.0,-59816000.0,457331000.0,23.118,801586000.0
28,MTCH,MRQ,2014-06-30,2014-06-30,2014-06-30,2021-08-25,-9906000.0,4167478000.0,,1477432000.0,2690046000.0,,20.146,-16836000.0,987326000.0,987326000.0,210730000.0,-18863000.0,2.514,1.49,1080000000.0,0.0,1080000000.0,1080000000.0,184423000.0,28663000.0,0.0,0.014,0.24,25939000.0,54602000.0,0.072,54602000.0,25939000.0,11893000.0,-0.22,-0.22,-0.22,1672928000.0,,1672928000.0,5825520646.0,16.0,12.403,89294000.0,1.075,1.0,545585000.0,0.721,2191011000.0,14046000.0,1481411000.0,,0.0,201098000.0,81611000.0,119487000.0,2492651000.0,587730000.0,1904921000.0,5748831646.0,-15985000.0,-25399000.0,-14743000.0,0.0,-20082000.0,-33615000.0,-91265000.0,-51374000.0,106130000.0,2922000.0,-17996000.0,-17996000.0,-17996000.0,868000.0,-867000.0,-0.024,449895000.0,95690000.0,58569000.0,-1.091,3.436,29.981,29.97,291289000.0,0.0,69.23,1.931,1.931,223436000.0,-14846000.0,756315000.0,756315000.0,38845000.0,,,,,7866000.0,382387000.0,1.0,83039602.0,83039602.0,,9.108,1976467000.0,0.0,29889000.0,748365000.0,23.801,889702000.0
29,MTCH,MRQ,2014-03-31,2014-03-31,2014-03-31,2021-08-25,-7697000.0,4224056000.0,,1471076000.0,2752980000.0,,20.793,-9721000.0,1003311000.0,1003311000.0,209234000.0,33491000.0,2.449,1.47,1080000000.0,0.0,1080000000.0,1080000000.0,175897000.0,26797000.0,0.0,0.013,0.24,71334000.0,98131000.0,0.133,98131000.0,71334000.0,57270000.0,0.44,0.41,0.44,1709494000.0,,1709494000.0,5849012495.0,13.0,10.527,32920000.0,0.4,1.0,531013000.0,0.717,2187838000.0,14064000.0,1512264000.0,,0.0,223825000.0,39543000.0,184282000.0,2512832000.0,600643000.0,1912189000.0,5869456495.0,-97133000.0,-77981000.0,920000.0,0.0,-20004000.0,-12822000.0,-128568000.0,-40709000.0,42641000.0,1616000.0,35885000.0,35885000.0,35885000.0,814000.0,-2394000.0,0.048,459301000.0,71712000.0,67516000.0,0.545,3.433,21.898,22.102,291111000.0,0.0,71.39,1.943,1.943,241017000.0,3150000.0,740247000.0,740247000.0,38816000.0,,,,,-14590000.0,393688000.0,1.0,82216788.0,82216788.0,,9.004,2036218000.0,0.0,21385000.0,744598000.0,24.766,870433000.0
30,MTCH,MRQ,2013-12-31,2013-12-31,2013-12-31,2021-08-25,-13046000.0,4234684000.0,,1475386000.0,2759298000.0,,20.25,-16197000.0,1100444000.0,1100444000.0,199830000.0,78853000.0,2.514,1.485,1080000000.0,0.0,1080000000.0,1080000000.0,158206000.0,28964000.0,0.0,0.014,0.24,120783000.0,149747000.0,0.207,149747000.0,120783000.0,110131000.0,0.92,0.88,0.92,1686736000.0,,1686736000.0,5556556774.0,12.0,9.704,70434000.0,0.846,1.0,524625000.0,0.724,2120659000.0,10652000.0,1506684000.0,,0.0,185994000.0,6004000.0,179990000.0,2505283000.0,586897000.0,1918386000.0,5718208774.0,358792000.0,-977000.0,-107371000.0,492601000.0,-20307000.0,286829000.0,-13277000.0,16330000.0,86631000.0,2743000.0,76917000.0,76917000.0,76917000.0,-24000.0,1936000.0,0.106,411673000.0,112952000.0,77653000.0,0.261,3.39,20.009,20.073,293964000.0,0.0,68.651,1.892,1.892,207408000.0,-32735000.0,724455000.0,724455000.0,35358000.0,,,,,7696000.0,347351000.0,1.0,83293889.0,83293889.0,,8.698,2114025000.0,0.0,33214000.0,737132000.0,25.38,888489000.0
31,MTCH,MRQ,2013-09-30,2013-09-30,2013-09-30,2021-08-25,-6625000.0,3804782000.0,,1129921000.0,2674861000.0,,20.911,-16295000.0,741652000.0,741652000.0,248856000.0,95635000.0,1.878,1.162,580000000.0,0.0,580000000.0,580000000.0,161950000.0,26521000.0,0.0,0.018,0.24,140689000.0,167210000.0,0.221,167210000.0,140689000.0,133066000.0,1.17,1.13,1.17,1735056000.0,,1735056000.0,4437525466.0,11.0,8.306,79772000.0,0.961,1.0,508016000.0,0.671,2131076000.0,7623000.0,910503000.0,,0.0,190510000.0,26340000.0,164170000.0,2016786000.0,601551000.0,1415235000.0,4536250466.0,62927000.0,-2544000.0,1608000.0,0.0,-20002000.0,-70824000.0,32138000.0,40630000.0,96067000.0,5624000.0,96940000.0,96940000.0,96940000.0,-3914000.0,-1305000.0,0.128,386012000.0,122004000.0,72966000.0,0.205,2.614,18.174,18.346,290470000.0,0.0,54.67,1.481,1.481,209949000.0,-109652000.0,756872000.0,756872000.0,35232000.0,,,,,11482000.0,324259000.0,1.0,82975132.0,82975132.0,,9.122,1673706000.0,0.0,36126000.0,737281000.0,20.171,528370000.0
32,MTCH,MRQ,2013-06-30,2013-06-30,2013-06-30,2021-08-25,-32187000.0,3812491000.0,,1070735000.0,2741756000.0,,19.485,-14181000.0,678725000.0,678725000.0,272822000.0,57472000.0,1.753,1.306,580000000.0,0.0,580000000.0,580000000.0,164667000.0,35173000.0,0.0,0.02,0.24,105364000.0,140537000.0,0.176,140537000.0,105364000.0,97706000.0,0.7,0.67,0.7,1631305000.0,,1631305000.0,3889648831.0,11.0,8.547,121720000.0,1.454,1.0,526589000.0,0.659,2130476000.0,7658000.0,972634000.0,,0.0,204586000.0,7775000.0,196811000.0,2129957000.0,610656000.0,1519301000.0,3983405831.0,4968000.0,-7719000.0,-75475000.0,0.0,-17451000.0,-84442000.0,-46478000.0,-23972000.0,135901000.0,77000.0,58290000.0,58290000.0,58290000.0,1068000.0,-818000.0,0.073,419893000.0,106696000.0,83294000.0,0.343,2.442,20.599,20.96,289493000.0,0.0,47.58,1.318,1.318,235950000.0,-206592000.0,799411000.0,799411000.0,34052000.0,,,,,803000.0,350668000.0,1.0,83720173.0,83720173.0,,9.549,1682015000.0,0.0,39416000.0,809073000.0,20.091,460079000.0
33,MTCH,MRQ,2013-03-31,2013-03-31,2013-03-31,2021-08-25,-44096000.0,3780246000.0,,1055682000.0,2724564000.0,,19.422,-33638000.0,673757000.0,673757000.0,255849000.0,51765000.0,1.785,1.279,580000000.0,0.0,580000000.0,580000000.0,169480000.0,28094000.0,0.0,0.019,0.24,87046000.0,115140000.0,0.155,115140000.0,87046000.0,79383000.0,0.64,0.61,0.64,1636519000.0,,1636519000.0,3610661124.0,12.0,8.895,58724000.0,0.697,1.0,486400000.0,0.655,2153004000.0,7663000.0,942046000.0,,0.0,163564000.0,5814000.0,157750000.0,2093756000.0,591439000.0,1502317000.0,3764794124.0,-76220000.0,-29194000.0,-88053000.0,-15844000.0,-21429000.0,-113897000.0,-52144000.0,11525000.0,92362000.0,-4966000.0,53637000.0,53637000.0,53637000.0,944000.0,-1872000.0,0.072,401849000.0,84551000.0,78168000.0,0.375,2.3,21.1,21.585,293282000.0,0.0,44.68,1.297,1.297,235181000.0,-264882000.0,742249000.0,742249000.0,35117000.0,,,,,133000.0,338638000.0,1.0,84261283.0,84261283.0,,8.809,1627242000.0,0.0,25746000.0,796658000.0,19.312,464243000.0
34,MTCH,MRQ,2012-12-31,2012-12-31,2012-12-31,2021-08-25,-32169000.0,3805828000.0,,1156750000.0,2649078000.0,,18.718,-18838000.0,749977000.0,749977000.0,268809000.0,41938000.0,1.851,1.267,595844000.0,15844000.0,580000000.0,595844000.0,155499000.0,32704000.0,0.0,0.015,0.24,78641000.0,111345000.0,0.146,111345000.0,78641000.0,76594000.0,0.47,0.43,0.47,1655728000.0,,1655728000.0,3772877747.0,13.0,10.118,12082000.0,0.137,1.0,496442000.0,0.649,2099058000.0,2047000.0,927748000.0,,0.0,181882000.0,20604000.0,161278000.0,2098193000.0,624889000.0,1473304000.0,4178812747.0,248198000.0,-23131000.0,-315018000.0,488999000.0,-24468000.0,172396000.0,46279000.0,85907000.0,30920000.0,209000.0,40739000.0,40739000.0,40739000.0,2470000.0,1199000.0,0.053,411148000.0,85294000.0,98314000.0,0.511,2.524,26.238,25.536,270512000.0,0.0,47.242,1.492,1.492,229830000.0,-318519000.0,765251000.0,765251000.0,33898000.0,,,,,-13248000.0,344546000.0,1.0,88455458.0,88455458.0,,8.651,1706770000.0,0.0,35855000.0,803348000.0,19.295,531861000.0
35,MTCH,MRQ,2012-09-30,2012-09-30,2012-09-30,2021-08-25,-11891000.0,3582575000.0,,988227000.0,2594348000.0,,22.252,-12010000.0,501779000.0,501779000.0,262275000.0,40561000.0,1.581,0.812,95844000.0,15844000.0,80000000.0,95844000.0,159498000.0,18362000.0,0.0,0.012,0.24,69714000.0,88076000.0,0.123,88076000.0,69714000.0,68323000.0,0.46,0.43,0.46,1948394000.0,,1948394000.0,3847015145.0,15.0,11.172,106070000.0,1.211,1.0,452195000.0,0.633,2048318000.0,1391000.0,503253000.0,,0.0,308654000.0,138926000.0,169728000.0,1581939000.0,625069000.0,956870000.0,4558367145.0,-305417000.0,-356712000.0,-56417000.0,0.0,-21998000.0,-71136000.0,-355248000.0,13135000.0,118080000.0,4024000.0,40717000.0,40717000.0,40717000.0,5624000.0,-156000.0,0.057,374162000.0,78033000.0,86810000.0,0.522,2.34,27.248,26.561,272317000.0,0.0,52.06,1.731,1.731,220735000.0,-359258000.0,714470000.0,714470000.0,27596000.0,,,,,14218000.0,328204000.0,1.0,87559876.0,87559876.0,,8.16,1534257000.0,0.0,27606000.0,784582000.0,17.522,363158000.0
36,MTCH,MRQ,2012-06-30,2012-06-30,2012-06-30,2021-08-25,-15560000.0,3546348000.0,,1279221000.0,2267127000.0,,23.779,-10720000.0,807196000.0,807196000.0,237304000.0,43460000.0,2.099,0.8,95844000.0,15844000.0,80000000.0,95844000.0,159681000.0,18030000.0,0.0,0.008,0.12,73330000.0,91360000.0,0.134,91360000.0,73330000.0,71966000.0,0.5,0.47,0.5,1942916000.0,,1942916000.0,3197540414.0,14.0,10.273,135757000.0,1.662,1.0,443308000.0,0.651,1713080000.0,1364000.0,512373000.0,,0.0,330204000.0,138597000.0,191607000.0,1553908000.0,609543000.0,944365000.0,3725792414.0,183100000.0,-10144000.0,66097000.0,0.0,-11124000.0,59985000.0,-20104000.0,5110000.0,146477000.0,-2897000.0,43332000.0,43332000.0,43332000.0,4641000.0,128000.0,0.064,345832000.0,97476000.0,71592000.0,0.24,1.918,19.451,20.088,255926000.0,0.0,45.6,1.53,1.53,205156000.0,-399975000.0,680612000.0,680612000.0,26911000.0,,,,,6088000.0,300891000.0,1.0,81705974.0,81705974.0,,8.33,1833268000.0,0.0,28634000.0,779903000.0,22.437,669678000.0
37,MTCH,MRQ,2012-03-31,2012-03-31,2012-03-31,2021-08-25,18453000.0,3352478000.0,,1077649000.0,2274829000.0,,22.836,-9633000.0,624096000.0,624096000.0,223571000.0,34837000.0,2.053,0.779,95844000.0,15844000.0,80000000.0,95844000.0,145916000.0,19156000.0,0.0,0.005,0.12,62945000.0,82101000.0,0.128,82101000.0,62945000.0,61598000.0,0.42,0.38,0.42,1855868000.0,,1855868000.0,3381278106.0,17.0,11.803,49417000.0,0.608,1.0,417029000.0,0.651,1729143000.0,1347000.0,570296000.0,,0.0,358502000.0,151549000.0,206953000.0,1446258000.0,524787000.0,921471000.0,3989587106.0,-80057000.0,-10267000.0,-123651000.0,0.0,-10573000.0,-127725000.0,-12234000.0,15919000.0,59050000.0,1220000.0,34478000.0,34478000.0,34478000.0,-3684000.0,359000.0,0.054,354264000.0,62765000.0,58400000.0,0.286,2.15,20.927,21.915,255701000.0,0.0,49.09,1.781,1.781,181804000.0,-443307000.0,640600000.0,640600000.0,23482000.0,,,,,21466000.0,311626000.0,1.0,81270872.0,81270872.0,,7.882,1623335000.0,0.0,27120000.0,767521000.0,19.974,552862000.0
38,MTCH,MRQ,2011-12-31,2011-12-31,2011-12-31,2021-08-25,-12443000.0,3409865000.0,,1159133000.0,2250732000.0,,23.223,-12608000.0,704153000.0,704153000.0,211057000.0,46164000.0,2.17,0.761,95844000.0,0.0,95844000.0,95844000.0,126297000.0,26208000.0,0.0,0.003,0.12,56593000.0,82801000.0,0.139,82801000.0,56593000.0,51163000.0,0.58,0.53,0.58,1905049000.0,,1905049000.0,2911127894.0,17.0,11.443,90212000.0,1.1,1.0,385886000.0,0.646,1736631000.0,5430000.0,530740000.0,,0.0,339447000.0,165695000.0,173752000.0,1449725000.0,534185000.0,915540000.0,3494594894.0,24842000.0,0.0,-47459000.0,0.0,-10668000.0,-63891000.0,-10967000.0,2902000.0,102820000.0,-2082000.0,48766000.0,48766000.0,48766000.0,-4366000.0,-2602000.0,0.082,330431000.0,55455000.0,64398000.0,0.207,1.834,20.057,21.194,259588000.0,0.0,42.6,1.697,1.697,177030000.0,-477785000.0,596943000.0,596943000.0,34199000.0,,,,,369000.0,270024000.0,1.0,82032744.0,82032744.0,,7.277,1673234000.0,0.0,2397000.0,752746000.0,20.397,624948000.0
39,MTCH,MRQ,2011-09-30,2011-09-30,2011-09-30,2021-08-25,12137000.0,3378833000.0,,1124141000.0,2254692000.0,,22.664,-7997000.0,679311000.0,679311000.0,188642000.0,64051000.0,2.279,0.706,95844000.0,0.0,95844000.0,95844000.0,104844000.0,22022000.0,0.0,0.0,0.0,32970000.0,54992000.0,0.106,54992000.0,32970000.0,32970000.0,0.77,0.69,0.77,1925633000.0,,1925633000.0,2833302341.0,13.0,9.515,104409000.0,1.229,1.0,328242000.0,0.635,1735929000.0,0.0,566159000.0,,0.0,363308000.0,185681000.0,177627000.0,1358836000.0,493278000.0,865558000.0,3360324341.0,56445000.0,-198501000.0,-224323000.0,0.0,0.0,-223029000.0,175531000.0,386338000.0,112406000.0,-3997000.0,64973000.0,64973000.0,64973000.0,3922000.0,-922000.0,0.126,281502000.0,46740000.0,59029000.0,0.0,1.745,15.818,17.5,260003000.0,0.0,39.55,1.756,1.756,154401000.0,-526551000.0,516884000.0,516884000.0,21556000.0,,,,,22885000.0,237924000.0,1.0,84963953.0,84963953.0,,6.084,1642904000.0,0.0,-32003000.0,732787000.0,19.336,630863000.0
40,MTCH,MRQ,2011-06-30,2011-06-30,2011-06-30,2021-08-25,62224000.0,3429862000.0,,1149091000.0,2280771000.0,,23.26,-11055000.0,622866000.0,622866000.0,181472000.0,43142000.0,2.834,0.64,95844000.0,0.0,95844000.0,95844000.0,90412000.0,14650000.0,0.0,0.0,0.0,51942000.0,66592000.0,0.137,66592000.0,51942000.0,51942000.0,0.47,0.44,0.47,2090770000.0,,2090770000.0,2678279075.0,13.0,9.15,92213000.0,1.026,1.0,303932000.0,0.626,1323298000.0,0.0,1174050000.0,,0.0,544906000.0,288997000.0,255909000.0,1339092000.0,405492000.0,933600000.0,3431030075.0,-225729000.0,-31699000.0,-102117000.0,0.0,0.0,-93932000.0,-232904000.0,-182983000.0,103268000.0,-295000.0,42424000.0,42424000.0,42424000.0,2488000.0,718000.0,0.087,245701000.0,58231000.0,47252000.0,0.0,1.641,20.798,22.994,261118000.0,0.0,38.17,1.896,1.896,126887000.0,-591524000.0,485404000.0,485404000.0,17280000.0,,,,,23007000.0,213771000.0,1.0,89888134.0,89888134.0,,5.4,2106564000.0,0.0,9518000.0,761705000.0,23.435,743599000.0
41,MTCH,MRQ,2011-03-31,2011-03-31,2011-03-31,2021-08-25,20843000.0,3432311000.0,,1567335000.0,1864976000.0,,23.704,-8294000.0,848595000.0,848595000.0,172718000.0,18220000.0,3.874,0.637,95844000.0,0.0,95844000.0,95844000.0,92658000.0,15896000.0,0.0,0.0,0.0,34111000.0,50007000.0,0.109,50007000.0,34111000.0,34111000.0,0.2,0.19,0.2,2097075000.0,,2097075000.0,2088072461.0,12.0,7.838,45598000.0,0.515,1.0,287495000.0,0.625,1323316000.0,0.0,951625000.0,,0.0,668069000.0,468890000.0,199179000.0,1335236000.0,404619000.0,930617000.0,2734327461.0,106496000.0,-48269000.0,-1081000.0,0.0,0.0,8619000.0,43154000.0,99677000.0,53892000.0,1878000.0,18070000.0,18070000.0,18070000.0,1948000.0,150000.0,0.039,250159000.0,37336000.0,57943000.0,0.0,1.304,20.086,23.594,262569000.0,0.0,30.907,1.591,1.591,131735000.0,-633948000.0,460213000.0,460213000.0,17722000.0,,,,,20161000.0,216541000.0,1.0,88468089.0,88468089.0,,5.202,2108995000.0,0.0,16041000.0,754875000.0,23.839,1162716000.0
42,MTCH,MRQ,2010-12-31,2010-12-31,2010-12-31,2021-08-25,17546000.0,3329079000.0,,1543985000.0,1785094000.0,,20.423,-8502000.0,742099000.0,742099000.0,174096000.0,83196000.0,4.326,0.624,95844000.0,0.0,95844000.0,95844000.0,78175000.0,34121000.0,0.0,0.0,0.0,92069000.0,126190000.0,0.28,126190000.0,92069000.0,92069000.0,0.82,0.82,0.82,2050068000.0,,2050068000.0,2074600317.0,16.0,9.311,124129000.0,1.237,1.0,277331000.0,0.614,1234537000.0,0.0,1091414000.0,,0.0,764718000.0,563997000.0,200721000.0,1279011000.0,356873000.0,922138000.0,2880970317.0,-160115000.0,-11354000.0,10902000.0,0.0,0.0,-199246000.0,-90492000.0,-70262000.0,132631000.0,-1088000.0,86964000.0,86964000.0,86964000.0,24915000.0,-3768000.0,0.193,298778000.0,-21447000.0,56375000.0,0.0,1.405,28.996,30.86,267928000.0,0.0,28.7,1.76,1.76,119581000.0,-652018000.0,451427000.0,451427000.0,19044000.0,,,,,24629000.0,217581000.0,1.0,100382241.0,100382241.0,,4.497,2094542000.0,0.0,5105000.0,746186000.0,20.866,1187112000.0
43,MTCH,MRQ,2010-09-30,2010-09-30,2010-09-30,2021-08-25,7929000.0,3612198000.0,,1631578000.0,1980620000.0,,25.352,-7814000.0,902214000.0,902214000.0,147933000.0,17645000.0,5.13,0.362,95844000.0,0.0,95844000.0,95844000.0,72694000.0,16900000.0,0.0,0.0,0.0,33025000.0,49925000.0,0.121,49925000.0,33025000.0,33025000.0,0.17,0.16,0.17,2651693000.0,,2651693000.0,1928360457.0,-2.0,-2.349,68687000.0,0.657,1.0,265033000.0,0.642,1309360000.0,0.0,1178431000.0,,0.0,681105000.0,471215000.0,209890000.0,960505000.0,318037000.0,642468000.0,2747685457.0,-12955000.0,10702000.0,-151645000.0,0.0,0.0,-150045000.0,60131000.0,57243000.0,76501000.0,3566000.0,17509000.0,17509000.0,17509000.0,4795000.0,136000.0,0.042,227349000.0,37684000.0,43292000.0,0.0,1.036,-2.746,-3.664,282143000.0,0.0,26.27,1.804,1.804,113251000.0,-738982000.0,412966000.0,412966000.0,16892000.0,,,,,17058000.0,193557000.0,1.0,104594041.0,104594041.0,,3.948,2302838000.0,0.0,15516000.0,467130000.0,22.017,1313541000.0
44,MTCH,MRQ,2010-06-30,2010-06-30,2010-06-30,2021-08-25,3098000.0,3714912000.0,,1725073000.0,1989839000.0,,24.769,-12023000.0,915169000.0,915169000.0,140638000.0,12835000.0,5.278,0.353,95844000.0,0.0,95844000.0,95844000.0,67308000.0,21381000.0,0.0,0.0,0.0,18904000.0,40285000.0,0.102,40285000.0,18904000.0,18904000.0,0.12,0.12,0.12,2746534000.0,,2746534000.0,1579741770.0,-2.0,-2.005,63004000.0,0.568,1.0,253606000.0,0.643,1307959000.0,0.0,1260790000.0,,0.0,768065000.0,551784000.0,216281000.0,968378000.0,326838000.0,641540000.0,2436169770.0,-37103000.0,-6922000.0,-129233000.0,0.0,0.0,-129036000.0,20041000.0,36742000.0,75027000.0,-1004000.0,13591000.0,13591000.0,13591000.0,2586000.0,-756000.0,0.034,228973000.0,24633000.0,42981000.0,0.0,0.887,-2.445,-3.06,288177000.0,0.0,21.97,1.684,1.684,104971000.0,-756491000.0,394244000.0,394244000.0,14369000.0,,,,,21048000.0,193223000.0,1.0,110886198.0,110886198.0,,3.555,2406953000.0,0.0,5313000.0,461874000.0,21.707,1398235000.0
45,MTCH,MRQ,2010-03-31,2010-03-31,2010-03-31,2021-08-25,14621000.0,3770514000.0,,1800998000.0,1969516000.0,,24.561,-11490000.0,952272000.0,952272000.0,131149000.0,-19324000.0,5.839,0.317,95844000.0,0.0,95844000.0,95844000.0,64594000.0,18967000.0,0.0,0.0,0.0,-12560000.0,6407000.0,0.017,6407000.0,-12560000.0,-12560000.0,-0.16,-0.16,-0.16,2862792000.0,,2862792000.0,1505031087.0,-2.0,-2.036,45058000.0,0.387,1.0,247029000.0,0.653,1267675000.0,0.0,1337962000.0,,0.0,820000000.0,575132000.0,244868000.0,907722000.0,308449000.0,599273000.0,2655184087.0,-293725000.0,-9759000.0,-243683000.0,0.0,0.0,-238883000.0,-107776000.0,-84156000.0,56548000.0,-3228000.0,-18705000.0,-18705000.0,-18705000.0,4727000.0,-619000.0,-0.049,238104000.0,8925000.0,58318000.0,0.0,0.927,-2.74,-3.245,291429000.0,0.0,22.78,1.906,1.906,109422000.0,-770082000.0,378178000.0,378178000.0,14792000.0,,,,,21545000.0,204345000.0,1.0,116557686.0,116557686.0,,3.245,2502839000.0,0.0,6145000.0,457608000.0,21.473,1492549000.0
46,MTCH,MRQ,2009-12-31,2009-12-31,2009-12-31,2021-08-25,24503000.0,3913597000.0,,2000049000.0,1913548000.0,,20.815,-5084000.0,1245997000.0,1245997000.0,106387000.0,-1012963000.0,6.89,0.425,95844000.0,0.0,95844000.0,95844000.0,57412000.0,143731000.0,0.0,0.0,0.0,-1061260000.0,-917529000.0,-2.714,-917529000.0,-1061260000.0,-1057190000.0,-7.3,-7.3,-7.3,2746961000.0,,2746961000.0,1392824515.0,-1.0,-1.855,198085000.0,1.501,1.0,231676000.0,0.685,1228667000.0,-4070000.0,1244500000.0,,0.0,760521000.0,487591000.0,272930000.0,1166636000.0,290277000.0,876359000.0,2702750515.0,-159773000.0,6829000.0,-207051000.0,0.0,0.0,-206771000.0,-131375000.0,-136952000.0,203169000.0,-88000.0,-1012931000.0,-1012931000.0,-1012931000.0,19967000.0,-32000.0,-2.996,1247567000.0,-1015891000.0,38212000.0,0.0,0.984,-2.761,-2.901,290333000.0,0.0,20.48,2.007,2.007,93474000.0,-751377000.0,338063000.0,338063000.0,12751000.0,,,,,21394000.0,166909000.0,1.0,131970240.0,131970240.0,,2.562,2684930000.0,0.0,-44259000.0,728738000.0,20.345,1709772000.0
47,MTCH,MRQ,2009-09-30,2009-09-30,2009-09-30,2021-08-25,21943000.0,5184004000.0,,2083616000.0,3100388000.0,,32.705,-10238000.0,1405770000.0,1405770000.0,106029000.0,21298000.0,7.814,0.197,95844000.0,0.0,95844000.0,95844000.0,54544000.0,25539000.0,0.0,0.0,0.0,57296000.0,82835000.0,0.246,82835000.0,57296000.0,55951000.0,0.16,0.16,0.16,4330276000.0,,4330276000.0,1160629000.0,3.0,2.307,32677000.0,0.247,1.0,230548000.0,0.685,2309387000.0,1345000.0,1298040000.0,,0.0,629940000.0,361274000.0,268666000.0,853728000.0,266651000.0,587077000.0,2673207000.0,-202652000.0,-73873000.0,-110497000.0,0.0,0.0,-124974000.0,-120792000.0,-37885000.0,42915000.0,199000.0,21682000.0,21682000.0,21682000.0,2514000.0,-384000.0,0.064,223427000.0,7121000.0,43377000.0,0.0,0.617,10.222,10.739,304402000.0,0.0,20.19,2.018,2.018,91578000.0,261554000.0,336577000.0,336577000.0,12972000.0,,,,,16515000.0,179917000.0,1.0,132402526.0,132402526.0,,2.542,2874617000.0,0.0,34269000.0,436698000.0,21.711,1816965000.0
48,MTCH,MRQ,2009-06-30,2009-06-30,2009-06-30,2021-08-25,40874000.0,5263493000.0,,2151739000.0,3111754000.0,,29.428,-10036000.0,1608422000.0,1608422000.0,106721000.0,40397000.0,7.215,0.195,95844000.0,0.0,95844000.0,95844000.0,50286000.0,24923000.0,0.0,0.0,0.0,64217000.0,89140000.0,0.262,89140000.0,64217000.0,62956000.0,0.28,0.28,0.28,4402937000.0,,4402937000.0,704426230.0,3.0,2.009,44255000.0,0.296,1.0,233324000.0,0.686,2224659000.0,1261000.0,1228044000.0,,0.0,589571000.0,253967000.0,335604000.0,860556000.0,298212000.0,562344000.0,2401377230.0,-184373000.0,-6953000.0,-195610000.0,0.0,0.0,-194794000.0,-49096000.0,-31432000.0,54291000.0,5226000.0,40813000.0,40813000.0,40813000.0,2196000.0,-416000.0,0.12,229417000.0,3907000.0,49628000.0,0.0,0.545,10.672,9.969,307542000.0,0.0,16.05,1.769,1.769,90189000.0,239872000.0,340045000.0,340045000.0,16422000.0,,,,,13592000.0,187872000.0,1.0,149618519.0,149618519.0,,2.273,3038834000.0,0.0,22143000.0,411779000.0,20.311,1853527000.0
49,MTCH,MRQ,2009-03-31,2009-03-31,2009-03-31,2021-08-25,-8714000.0,5373700000.0,,2324121000.0,3049579000.0,,31.978,-8580000.0,1792795000.0,1792795000.0,112922000.0,-28644000.0,7.423,0.192,95844000.0,0.0,95844000.0,95844000.0,59518000.0,24229000.0,0.0,0.0,0.0,-29601000.0,-5372000.0,-0.016,-5372000.0,-29601000.0,-31065000.0,-0.19,-0.19,-0.19,4507200000.0,,4507200000.0,497479907.0,-2.0,-3.472,39592000.0,0.281,1.0,219088000.0,0.66,2285636000.0,1464000.0,1078016000.0,,0.0,357749000.0,216528000.0,141221000.0,866500000.0,313097000.0,553403000.0,2146629907.0,47801000.0,-11537000.0,119602000.0,0.0,0.0,120742000.0,-121377000.0,-92858000.0,48172000.0,264000.0,-28386000.0,-28386000.0,-28386000.0,-1238000.0,-258000.0,-0.085,252212000.0,-33124000.0,54238000.0,0.0,0.476,-9.042,-9.012,313196000.0,0.0,15.23,1.565,1.565,91762000.0,199059000.0,332010000.0,332010000.0,18088000.0,,,,,18580000.0,206534000.0,1.0,140947466.0,140947466.0,,2.356,3088064000.0,0.0,-2679000.0,406814000.0,21.909,2011024000.0
50,MTCH,MRQ,2008-12-31,2008-12-31,2008-12-31,2021-08-25,2180000.0,5251320000.0,,2184618000.0,3066702000.0,,31.536,-7635000.0,1744994000.0,1744994000.0,99751000.0,220652000.0,7.811,0.186,95844000.0,0.0,95844000.0,95844000.0,50886000.0,34686000.0,0.0,0.0,0.0,301792000.0,336478000.0,1.065,336478000.0,301792000.0,300295000.0,1.63,1.67,1.63,4427536000.0,,4427536000.0,962191124.0,-6.0,-21.986,-55346000.0,-0.394,1.0,216227000.0,0.684,2297051000.0,1497000.0,1025429000.0,,0.0,246174000.0,125592000.0,120582000.0,823784000.0,279690000.0,544094000.0,2208459124.0,402882000.0,-4580000.0,2210000.0,-5001000.0,0.0,-89000.0,458048000.0,476980000.0,-47711000.0,-7366000.0,227417000.0,227417000.0,227417000.0,10639000.0,-6765000.0,0.72,220301000.0,-4074000.0,48876000.0,0.0,0.499,-14.139,-14.045,330261000.0,0.0,15.73,1.566,1.566,98402000.0,227445000.0,315978000.0,315978000.0,6932000.0,,,,,9599000.0,159086000.0,1.0,140397910.0,140397910.0,,2.251,2954269000.0,0.0,72878000.0,403043000.0,21.042,1904928000.0
51,MTCH,MRQ,2008-09-30,2008-09-30,2008-09-30,2021-08-25,-28792000.0,5083140000.0,,1767732000.0,3315408000.0,,32.652,-15612000.0,1342112000.0,1342112000.0,119764000.0,-15218000.0,4.368,0.224,95844000.0,0.0,95844000.0,95844000.0,50474000.0,25624000.0,0.0,0.0,0.0,-95170000.0,-69546000.0,-0.188,-69546000.0,-95170000.0,-100172000.0,-0.11,-0.11,-0.11,4153606000.0,,4153606000.0,1672347526.0,-2.0,-2.351,98944000.0,0.778,1.0,249516000.0,0.676,2321587000.0,5002000.0,1110570000.0,,0.0,378354000.0,121515000.0,256839000.0,929534000.0,404715000.0,524819000.0,2200697526.0,-89879000.0,317323000.0,-8462000.0,-514943000.0,0.0,-461685000.0,287000000.0,14474000.0,114556000.0,-29750000.0,-14837000.0,-14837000.0,-14837000.0,13951000.0,-381000.0,-0.04,272154000.0,-22638000.0,60325000.0,0.0,0.53,-2.921,-4.663,335537000.0,0.0,17.3,1.494,1.494,118149000.0,28000.0,369280000.0,369280000.0,18379000.0,,,,,38677000.0,222013000.0,1.0,127207950.0,127207950.0,,2.903,2761553000.0,0.0,-85335000.0,382275000.0,21.709,1363017000.0
52,MTCH,MRQ,2008-06-30,2008-06-30,2008-06-30,2021-08-25,96975000.0,12028299000.0,,2826829000.0,9201470000.0,,64.642,-19888000.0,1441322000.0,1441322000.0,107156000.0,-422081000.0,1.771,0.469,912972000.0,77773000.0,835199000.0,912972000.0,190073000.0,25138000.0,0.0,0.0,0.0,-429985000.0,-404847000.0,-1.143,-404847000.0,-429985000.0,-443871000.0,-3.02,-3.02,-3.02,8189499000.0,,8189499000.0,4581910298.0,-7.0,-7.534,137766000.0,1.087,1.0,247008000.0,0.697,7758766000.0,13886000.0,2144910000.0,,348303000.0,664546000.0,230701000.0,433845000.0,3838800000.0,1596273000.0,2242527000.0,4885194298.0,197941000.0,17247000.0,1704000.0,0.0,0.0,-2127000.0,41041000.0,79536000.0,157654000.0,1373000.0,-421597000.0,-421597000.0,-421597000.0,337445000.0,-484000.0,-1.19,253442000.0,-6434000.0,744254000.0,0.0,0.597,-7.311,-10.801,655695000.0,0.0,38.56,3.395,3.395,427693000.0,199039000.0,354164000.0,354164000.0,17054000.0,,,,,18611000.0,208179000.0,1.0,126690724.0,126690724.0,,2.796,4269533000.0,94704000.0,-22274000.0,1204540000.0,33.7,1230556000.0
53,MTCH,MRQ,2008-03-31,2008-03-31,2008-03-31,2021-08-25,44238000.0,12568523000.0,,2810321000.0,9758202000.0,,67.413,-15848000.0,1246663000.0,1246663000.0,137835000.0,52486000.0,1.622,0.476,943379000.0,93374000.0,850005000.0,943379000.0,199472000.0,25321000.0,0.0,0.0,0.0,68830000.0,94151000.0,0.254,94151000.0,68830000.0,56852000.0,0.38,0.38,0.38,8514008000.0,,8514008000.0,4581205216.0,-88.0,6004.201,133718000.0,1.059,1.0,232821000.0,0.628,8316073000.0,11978000.0,2216844000.0,,351411000.0,761514000.0,260492000.0,501022000.0,4054515000.0,1732322000.0,2322193000.0,5243785216.0,-351252000.0,-4717000.0,-151606000.0,0.0,0.0,-159731000.0,-353795000.0,96673000.0,149566000.0,12708000.0,52816000.0,52816000.0,52816000.0,-55939000.0,-330000.0,0.142,243929000.0,-11108000.0,808337000.0,0.0,0.616,-34.498,-244.235,660646000.0,0.0,41.52,2.035,2.035,508291000.0,620636000.0,370656000.0,370656000.0,21452000.0,,,,,18886000.0,194360000.0,1.0,126295405.0,126295405.0,,2.935,4252450000.0,94373000.0,4036000.0,1259637000.0,33.671,1077999000.0
54,MTCH,MRQ,2007-12-31,2007-12-31,2007-12-31,2021-08-25,39814000.0,12590802000.0,,3426237000.0,9164565000.0,,66.477,-35132000.0,1585302000.0,1585302000.0,132693000.0,-371907000.0,1.976,0.467,846632000.0,12090000.0,834542000.0,846632000.0,48110000.0,25336000.0,0.0,0.0,0.0,-356559000.0,-331223000.0,-0.874,-331223000.0,-356559000.0,-370937000.0,-0.96,-0.96,-0.96,8583662000.0,,8583662000.0,6549702110.0,-79.0,507.729,237205000.0,1.837,1.0,246187000.0,0.65,2225694000.0,14378000.0,7892205000.0,,0.0,627811000.0,326788000.0,301023000.0,4007140000.0,1734233000.0,2272907000.0,6951933110.0,206709000.0,-70000.0,-86138000.0,1000.0,0.0,-79922000.0,20490000.0,106011000.0,272337000.0,-6196000.0,-369893000.0,-369893000.0,-369893000.0,372677000.0,-2014000.0,-0.976,280356000.0,-34169000.0,41957000.0,0.0,0.81,-48.254,-53.307,334341000.0,0.0,53.84,5.217,5.217,116670000.0,567820000.0,378880000.0,378880000.0,61245000.0,,,,,21225000.0,210362000.0,1.0,129122086.0,129122086.0,,2.934,10365108000.0,0.0,-1044000.0,264113000.0,80.274,1692004000.0
55,MTCH,MRQ,2007-09-30,2007-09-30,2007-09-30,2021-08-25,85944000.0,12861285000.0,,3124094000.0,9737191000.0,,68.725,25284000.0,1402583000.0,1402583000.0,140644000.0,70471000.0,1.888,0.424,1000352000.0,176961000.0,823391000.0,1000352000.0,162863000.0,-62782000.0,0.0,0.0,0.0,96522000.0,33740000.0,0.101,33740000.0,96522000.0,81603000.0,0.03,0.03,0.03,9031431000.0,,9031431000.0,7805465296.0,40.0,64.886,219050000.0,1.667,1.0,194717000.0,0.581,8409831000.0,14919000.0,2394332000.0,,402095000.0,1049691000.0,561662000.0,488029000.0,3829854000.0,1654891000.0,2174963000.0,7798114296.0,352894000.0,143855000.0,-219155000.0,138379000.0,0.0,-290165000.0,427991000.0,473702000.0,193766000.0,21302000.0,70471000.0,70471000.0,70471000.0,-65553000.0,0.0,0.21,193024000.0,1693000.0,698363000.0,0.0,0.863,32.91,-134.864,646412000.0,0.0,59.34,64.224,64.224,515830000.0,971235000.0,335361000.0,335361000.0,0.0,,,,,1601000.0,146549000.0,1.0,131414127.0,131414127.0,,2.552,4451454000.0,34120000.0,11132000.0,1214591000.0,33.873,1469203000.0
56,MTCH,MRQ,2007-06-30,2007-06-30,2007-06-30,2021-08-25,62469000.0,12922131000.0,,3104541000.0,9817590000.0,,69.635,-51698000.0,1050325000.0,1050325000.0,779284000.0,94603000.0,1.917,0.416,1057676000.0,245849000.0,811827000.0,1057676000.0,171163000.0,64965000.0,0.0,0.0,0.0,139130000.0,204095000.0,0.137,204095000.0,139130000.0,123531000.0,0.38,0.36,0.38,9126893000.0,,9126893000.0,9089113036.0,38.0,30.586,313139000.0,2.389,1.0,712751000.0,0.478,8432500000.0,15599000.0,2877320000.0,,347646000.0,1587895000.0,1004843000.0,583052000.0,3795238000.0,1619662000.0,2175576000.0,9072482036.0,-195468000.0,-130930000.0,8031000.0,-197151000.0,0.0,-178700000.0,-386144000.0,-217547000.0,364837000.0,4539000.0,94603000.0,94603000.0,94603000.0,-40000000.0,0.0,0.063,646113000.0,66638000.0,589284000.0,0.0,0.994,37.579,-6922.0,622666000.0,0.0,69.22,7.575,7.575,459512000.0,899471000.0,1492035000.0,1492035000.0,0.0,,,,,26533000.0,527413000.0,1.0,131067351.0,131067351.0,,11.384,4489631000.0,46751000.0,28928000.0,1226593000.0,34.254,1484879000.0
57,MTCH,MRQ,2007-03-31,2007-03-31,2007-03-31,2021-08-25,78200000.0,13114601000.0,,3685493000.0,9429108000.0,,69.251,-51355000.0,1250632000.0,1250632000.0,771315000.0,60750000.0,1.983,0.455,1267263000.0,432053000.0,835210000.0,1267263000.0,164585000.0,68075000.0,0.0,0.0,0.0,113255000.0,181330000.0,0.122,181330000.0,113255000.0,98239000.0,0.42,0.4,0.42,9015004000.0,,9015004000.0,9578079153.0,45.0,33.445,-11537000.0,-0.089,1.0,718816000.0,0.482,8460794000.0,15016000.0,2812170000.0,,391779000.0,1372563000.0,1197503000.0,175060000.0,4099597000.0,1858268000.0,2241329000.0,9818140153.0,-206973000.0,-54576000.0,-309878000.0,51195000.0,0.0,-259934000.0,9512000.0,116867000.0,39818000.0,3631000.0,60750000.0,60750000.0,60750000.0,-103000.0,0.0,0.041,633370000.0,85446000.0,691592000.0,0.0,1.089,48.936,-7542.0,623030000.0,0.0,75.42,8.633,8.633,584314000.0,803499000.0,1490131000.0,1490131000.0,0.0,,,,,24226000.0,534373000.0,1.0,130179530.0,130179530.0,,11.447,4653807000.0,50742000.0,37489000.0,1227015000.0,35.749,1827225000.0
58,MTCH,MRQ,2006-12-31,2006-12-31,2006-12-31,2021-08-25,76505000.0,13243156000.0,,4137801000.0,9105355000.0,,65.142,18998000.0,1440235000.0,1440235000.0,-1733346000.0,11129000.0,1.801,0.515,844628000.0,7580000.0,837048000.0,844628000.0,43004000.0,-145783000.0,0.0,0.0,0.0,-153087000.0,-298870000.0,0.094,-298870000.0,-153087000.0,-165374000.0,-1.27,-1.23,-1.27,8739474000.0,,8739474000.0,10089905499.0,51.0,34.6,333966000.0,2.489,1.0,-1462760000.0,0.458,2211503000.0,12287000.0,8138633000.0,,0.0,1013688000.0,897742000.0,115946000.0,4503682000.0,2297413000.0,2206269000.0,9970794499.0,359283000.0,251446000.0,-12154000.0,49800000.0,0.0,-7306000.0,43122000.0,-179979000.0,314968000.0,8499000.0,11129000.0,11129000.0,11129000.0,-208187000.0,0.0,-0.003,-1093106000.0,-369654000.0,22904000.0,0.0,1.141,53.301,-437.176,304686000.0,0.0,74.32,9.965,9.965,113359000.0,291192000.0,-3196106000.0,-3196106000.0,37687000.0,,,,,-3411000.0,-905089000.0,1.0,134160314.0,134160314.0,,-23.823,11031653000.0,27000.0,-176503000.0,556454000.0,82.227,1840388000.0
59,MTCH,MRQ,2006-09-30,2006-09-30,2006-09-30,2021-08-25,51470000.0,13170596000.0,,3463735000.0,9706861000.0,,63.996,-53623000.0,1096795000.0,1096795000.0,707133000.0,74945000.0,1.617,0.508,1215906000.0,344332000.0,871574000.0,1215906000.0,148769000.0,67589000.0,0.0,0.0,0.0,143018000.0,210607000.0,0.149,210607000.0,143018000.0,128259000.0,0.46,0.44,0.46,8735291000.0,,8735291000.0,7987443089.0,24.0,20.43,88279000.0,0.647,1.0,704536000.0,0.499,8774024000.0,14759000.0,2373630000.0,,425943000.0,1283884000.0,1137570000.0,146314000.0,4435305000.0,2142053000.0,2293252000.0,7851354089.0,8191000.0,-22267000.0,-329454000.0,-27877000.0,0.0,-355404000.0,216759000.0,299616000.0,141902000.0,4934000.0,74945000.0,74945000.0,74945000.0,-7088000.0,0.0,0.053,596575000.0,107961000.0,665520000.0,0.0,0.899,27.789,479.333,610399000.0,0.0,57.52,9.052,9.052,546252000.0,304012000.0,1411669000.0,1411669000.0,0.0,,,,,18092000.0,484779000.0,1.0,136497811.0,136497811.0,,10.342,4396572000.0,76119000.0,53314000.0,1665547000.0,32.21,1321682000.0
60,MTCH,MRQ,2006-06-30,2006-06-30,2006-06-30,2021-08-25,42767000.0,13429928000.0,,3655587000.0,9774341000.0,,61.374,-51069000.0,1093435000.0,1093435000.0,718599000.0,53808000.0,1.66,0.505,1229524000.0,371461000.0,858063000.0,1229524000.0,144913000.0,81322000.0,0.0,0.0,0.0,111991000.0,193313000.0,0.135,193313000.0,111991000.0,96228000.0,0.38,0.36,0.38,8924327000.0,,8924327000.0,7827663443.0,28.0,21.448,210131000.0,1.445,1.0,713024000.0,0.498,8843919000.0,15763000.0,2520271000.0,,364734000.0,1586963000.0,1449615000.0,137348000.0,4505601000.0,2201827000.0,2303774000.0,7703711443.0,-25733000.0,-972000.0,-452427000.0,-14606000.0,0.0,-447768000.0,146614000.0,196953000.0,261200000.0,14221000.0,53808000.0,53808000.0,53808000.0,4121000.0,0.0,0.038,631516000.0,81508000.0,658602000.0,0.0,0.863,27.946,-378.429,593476000.0,0.0,52.98,8.559,8.559,485989000.0,229067000.0,1431623000.0,1431623000.0,0.0,,,,,28714000.0,511900000.0,1.0,145407917.0,145407917.0,,9.846,4586009000.0,86916000.0,42420000.0,1737162000.0,31.539,1453760000.0
61,MTCH,MRQ,2006-03-31,2006-03-31,2006-03-31,2021-08-25,32052000.0,13743974000.0,,3927857000.0,9816117000.0,,62.9,-59159000.0,1136312000.0,1136312000.0,740109000.0,47183000.0,1.831,0.482,1260264000.0,378286000.0,881978000.0,1260264000.0,140539000.0,92004000.0,0.0,0.0,0.0,95626000.0,187630000.0,0.129,187630000.0,95626000.0,80470000.0,0.3,0.28,0.3,9272542000.0,,9272542000.0,8942870643.0,8.0,7.772,50173000.0,0.34,1.0,709094000.0,0.489,8873674000.0,15156000.0,2849543000.0,,343014000.0,1793318000.0,1661023000.0,132295000.0,4471432000.0,2144709000.0,2326723000.0,8688825643.0,99319000.0,-56909000.0,-95393000.0,-8032000.0,0.0,-88777000.0,74592000.0,198026000.0,109332000.0,4172000.0,47183000.0,47183000.0,47183000.0,-767000.0,0.0,0.033,637940000.0,71154000.0,590957000.0,0.0,0.937,10.344,29.47,587883000.0,0.0,58.94,10.34,10.34,508652000.0,175259000.0,1449203000.0,1449203000.0,0.0,,,,,23966000.0,503862000.0,1.0,147418148.0,147418148.0,,9.831,4870300000.0,101254000.0,33287000.0,1768762000.0,33.037,1783148000.0
62,MTCH,MRQ,2005-12-31,2005-12-31,2005-12-31,2021-08-25,26073000.0,13917765000.0,,4169304000.0,9748461000.0,,62.81,63406000.0,1080641000.0,1080641000.0,-1996221000.0,106600000.0,1.867,0.508,1334686000.0,375276000.0,959410000.0,1334686000.0,122842000.0,-178143000.0,0.0,0.0,0.0,-22435000.0,-200578000.0,0.059,-200578000.0,-22435000.0,-37891000.0,-1.02,-0.95,-1.02,9230828000.0,,9230828000.0,9074550172.0,8.0,7.74,446776000.0,3.04,1.0,-1428929000.0,0.417,8780462000.0,15456000.0,3158232000.0,,335884000.0,1982883000.0,1860570000.0,122313000.0,4686937000.0,2233116000.0,2453821000.0,8321073172.0,77682000.0,556006000.0,-427080000.0,-528707000.0,0.0,-812904000.0,512311000.0,588994000.0,383370000.0,-5095000.0,106600000.0,106600000.0,106600000.0,-359014000.0,0.0,-0.031,-1136469000.0,-292460000.0,573621000.0,0.0,0.901,9.656,32.17,521131000.0,0.0,56.62,15.895,15.895,426697000.0,128076000.0,-3425150000.0,-3425150000.0,0.0,,,,,38553000.0,-887964000.0,1.0,146963496.0,146963496.0,,-23.306,5137303000.0,66691000.0,-144491000.0,1782470000.0,34.956,1936188000.0
63,MTCH,MRQ,2005-09-30,2005-09-30,2005-09-30,2021-08-25,33211000.0,14710345000.0,,4785064000.0,9925281000.0,,61.292,-58167000.0,1026823000.0,1026823000.0,786101000.0,69489000.0,1.766,0.553,1780300000.0,817325000.0,962975000.0,1780300000.0,123146000.0,87873000.0,0.0,0.0,0.0,96730000.0,184603000.0,0.128,184603000.0,96730000.0,76291000.0,0.2,0.2,0.2,9473333000.0,,9473333000.0,6858878387.0,6.0,4.784,-680914000.0,-4.405,1.0,658333000.0,0.456,8967937000.0,20439000.0,3786314000.0,,428599000.0,2607004000.0,2519843000.0,87161000.0,5237012000.0,2709571000.0,2527441000.0,7836197387.0,-1363012000.0,43179000.0,-296889000.0,67400000.0,0.0,-833155000.0,85293000.0,93058000.0,-622747000.0,7597000.0,69489000.0,68077000.0,68077000.0,-34383000.0,0.0,0.047,639084000.0,19249000.0,579264000.0,0.0,0.827,11.048,14.322,536876000.0,1412000.0,50.7,1.596,1.596,497822000.0,15009000.0,1444434000.0,1444434000.0,0.0,,,,,102184000.0,517875000.0,1.0,154560106.0,154560106.0,,9.345,5742408000.0,123261000.0,6802000.0,1974693000.0,37.153,2075493000.0
64,MTCH,MRQ,2005-06-30,2005-06-30,2005-06-30,2021-08-25,32777000.0,21783573000.0,,6563918000.0,15219655000.0,,94.991,-79672000.0,2561453000.0,2561453000.0,770432000.0,621382000.0,1.348,0.529,1584134000.0,789862000.0,794272000.0,1584134000.0,879318000.0,75733000.0,0.0,0.0,0.0,903291000.0,979024000.0,0.714,979024000.0,903291000.0,883841000.0,2.52,2.34,2.52,14245024000.0,,14245024000.0,13906724080.0,12.0,10.113,309242000.0,2.062,1.0,601384000.0,0.438,14281253000.0,19450000.0,1654311000.0,,388129000.0,2690971000.0,2571261000.0,119710000.0,7538549000.0,4870690000.0,2667859000.0,14408262080.0,538856000.0,1350606000.0,-1156453000.0,19447000.0,0.0,-1148940000.0,1317356000.0,59404000.0,388914000.0,-18474000.0,621382000.0,618119000.0,618119000.0,-133018000.0,0.0,0.451,535764000.0,65620000.0,1257888000.0,0.0,1.011,19.719,27.295,576826000.0,3263000.0,96.08,3.257,3.257,611298000.0,3115828000.0,1371816000.0,1371816000.0,0.0,,,,,22548000.0,435123000.0,1.0,149961096.0,149961096.0,,9.148,7502320000.0,170450000.0,262459000.0,2973983000.0,50.028,1693228000.0
65,MTCH,MRQ,2005-03-31,2005-03-31,2005-03-31,2021-08-25,40034000.0,23225372000.0,,6074571000.0,17150801000.0,,91.997,-37423000.0,2010711000.0,2010711000.0,632809000.0,72212000.0,1.674,0.592,1509173000.0,723651000.0,785522000.0,1509173000.0,826127000.0,78361000.0,0.0,0.0,0.0,131761000.0,210122000.0,0.185,210122000.0,131761000.0,113544000.0,0.14,0.14,0.14,14593260000.0,,14593260000.0,14293746851.0,36.0,21.43,494448000.0,3.117,1.0,503336000.0,0.443,13568925000.0,18217000.0,5525443000.0,,248168000.0,4038762000.0,2537175000.0,1501587000.0,8632112000.0,3629466000.0,5002646000.0,14130597851.0,733856000.0,-11287000.0,12277000.0,160453000.0,0.0,43886000.0,169275000.0,199954000.0,531871000.0,-11176000.0,72212000.0,68949000.0,68949000.0,-44897000.0,0.0,0.061,447017000.0,56319000.0,1184865000.0,0.0,0.968,77.43,58.605,507162000.0,3263000.0,89.08,3.13,3.13,588875000.0,2497709000.0,1136145000.0,1136145000.0,0.0,,,,,16468000.0,342578000.0,1.0,158628175.0,158628175.0,,7.162,9656447000.0,150740000.0,41332000.0,2662688000.0,60.875,2445105000.0
66,MTCH,MRQ,2004-12-31,2004-12-31,2004-12-31,2021-08-25,81051000.0,22398865000.0,,5115767000.0,17283098000.0,,92.98,-35506000.0,1041075000.0,1041075000.0,468369000.0,-42603000.0,1.769,0.534,1359668000.0,562953000.0,796715000.0,1359668000.0,99258000.0,64952000.0,0.0,0.0,0.0,-4968000.0,59984000.0,0.063,59984000.0,-4968000.0,-14252000.0,0.68,0.62,0.68,14605304000.0,,14605304000.0,17314611229.0,55.0,27.596,859411000.0,5.471,1.0,489589000.0,0.511,6416127000.0,9284000.0,13408893000.0,,240917000.0,4085021000.0,2616001000.0,1469020000.0,7793561000.0,2892438000.0,4901123000.0,17354233229.0,14753000.0,-62372000.0,52438000.0,24782000.0,0.0,91506000.0,54518000.0,-192827000.0,894917000.0,-4470000.0,-42603000.0,-45867000.0,-45867000.0,161683000.0,0.0,-0.048,393074000.0,96515000.0,436431000.0,0.0,1.188,114.317,89.097,427257000.0,3264000.0,110.48,4.437,4.437,353579000.0,2428760000.0,957958000.0,957958000.0,0.0,,,,,124341000.0,405470000.0,1.0,157080315.0,157080315.0,,6.099,15982738000.0,107220000.0,28351000.0,2187058000.0,101.749,2223329000.0
67,MTCH,MRQ,2004-09-30,2004-09-30,2004-09-30,2021-08-25,23888000.0,22034408000.0,,4388071000.0,17646337000.0,,91.642,-20819000.0,1166541000.0,1166541000.0,545211000.0,92741000.0,2.044,0.522,1126919000.0,4869000.0,1122050000.0,1126919000.0,572914000.0,6565000.0,0.0,0.0,0.0,119412000.0,125977000.0,0.132,125977000.0,119412000.0,98956000.0,0.18,0.18,0.18,14474739000.0,,14474739000.0,13780325626.0,28.0,18.363,-639604000.0,-4.049,1.0,412082000.0,0.43,14003100000.0,20456000.0,5844884000.0,,272898000.0,3775868000.0,2243191000.0,1532677000.0,7559669000.0,2146802000.0,5412867000.0,13912143626.0,-96816000.0,114557000.0,-151936000.0,-331000.0,0.0,-159638000.0,-347220000.0,-441051000.0,-618785000.0,13477000.0,92741000.0,89478000.0,89478000.0,-58204000.0,0.0,0.093,395302000.0,16780000.0,990481000.0,0.0,0.961,39.7,95.739,490823000.0,3263000.0,88.08,4.396,4.396,492771000.0,2474627000.0,957293000.0,957293000.0,0.0,,,,,-76549000.0,258803000.0,1.0,157948951.0,157948951.0,,6.061,8031308000.0,34972000.0,6215000.0,2553861000.0,50.847,2241269000.0
68,MTCH,MRQ,2004-06-30,2004-06-30,2004-06-30,2021-08-25,6679000.0,22164125000.0,,4709957000.0,17454168000.0,,90.758,-65414000.0,1243505000.0,1243505000.0,667594000.0,73196000.0,1.94,0.533,1111687000.0,5843000.0,1105844000.0,1111687000.0,705455000.0,118855000.0,0.0,0.0,0.0,152070000.0,270925000.0,0.185,270925000.0,152070000.0,132613000.0,0.52,0.48,0.52,14456465000.0,,14456465000.0,18823429201.0,44.0,23.308,282666000.0,1.775,1.0,795706000.0,0.544,13899217000.0,19457000.0,5705378000.0,,230191000.0,3975975000.0,2515018000.0,1460957000.0,7707660000.0,2427712000.0,5279948000.0,19203434201.0,-290081000.0,-282199000.0,-223466000.0,-330000.0,0.0,-232762000.0,-418007000.0,-62583000.0,348080000.0,-2286000.0,73196000.0,69934000.0,69934000.0,20585000.0,0.0,0.048,686436000.0,109270000.0,1021431000.0,0.0,1.328,68.665,140.186,480725000.0,3262000.0,120.56,5.031,5.031,452735000.0,2385149000.0,1463300000.0,1463300000.0,0.0,,,,,55342000.0,471423000.0,1.0,159285287.0,159285287.0,,9.187,8264908000.0,66132000.0,59417000.0,2597758000.0,51.887,2282245000.0
69,MTCH,MRQ,2004-03-31,2004-03-31,2004-03-31,2021-08-25,43500000.0,22243336000.0,,4933036000.0,17310300000.0,,92.206,-34215000.0,1517297000.0,1517297000.0,694747000.0,41527000.0,2.138,0.525,1137292000.0,2970000.0,1134322000.0,1137292000.0,726342000.0,121867000.0,0.0,0.0,0.0,89364000.0,211231000.0,0.146,211231000.0,89364000.0,69971000.0,0.24,0.2,0.24,14584453000.0,,14584453000.0,20204465211.0,45.0,25.125,581921000.0,3.679,1.0,749078000.0,0.519,13735515000.0,19393000.0,5820849000.0,,216746000.0,3895276000.0,2431917000.0,1463359000.0,7658883000.0,2306967000.0,5351916000.0,20011936211.0,612225000.0,-4729000.0,39952000.0,-399000.0,0.0,46759000.0,-40933000.0,-10882000.0,616136000.0,-1211000.0,41527000.0,38263000.0,38263000.0,1333000.0,0.0,0.027,709970000.0,39108000.0,993364000.0,0.0,1.372,66.119,124.039,459014000.0,3264000.0,126.52,5.157,5.157,458282000.0,2315215000.0,1443825000.0,1443825000.0,0.0,,,,,68968000.0,481834000.0,1.0,158172117.0,158172117.0,,9.128,8507821000.0,62357000.0,28444000.0,2697337000.0,53.788,2626069000.0
70,MTCH,MRQ,2003-12-31,2003-12-31,2003-12-31,2021-08-25,36896000.0,21568455000.0,,4214976000.0,17353479000.0,,89.06,-8374000.0,790973000.0,790973000.0,-261744000.0,156018000.0,2.244,0.496,1120109000.0,2283000.0,1117826000.0,1120109000.0,83894000.0,8282000.0,0.0,0.0,0.0,134028000.0,142310000.0,-0.203,142310000.0,134028000.0,121179000.0,-0.02,0.02,-0.02,14415585000.0,,14415585000.0,20635395561.0,92.0,37.481,34883000.0,0.216,1.0,-438282000.0,0.626,6474391000.0,12849000.0,13545019000.0,,215995000.0,3835133000.0,2419735000.0,1415398000.0,7152870000.0,1878181000.0,5274689000.0,21968080561.0,-232839000.0,-28282000.0,-453796000.0,-719000.0,0.0,-546332000.0,185250000.0,894171000.0,43257000.0,1994000.0,156018000.0,152755000.0,152755000.0,-123407000.0,0.0,-0.218,-354929000.0,-83353000.0,373011000.0,0.0,1.524,142.335,-6786.0,392160000.0,3263000.0,135.72,5.746,5.746,272789000.0,2276952000.0,-700026000.0,-700026000.0,0.0,,,,,-73790000.0,-273398000.0,1.0,161863252.0,161863252.0,,-4.325,15094064000.0,62953000.0,-34839000.0,2147806000.0,93.252,2336795000.0
71,MTCH,MRQ,2003-09-30,2003-09-30,2003-09-30,2021-08-25,29989000.0,21747621000.0,,5376274000.0,16371347000.0,,89.03,-43159000.0,2457802000.0,2457802000.0,883575000.0,21980000.0,2.605,0.476,1125117000.0,1295000.0,1123822000.0,1125117000.0,472839000.0,127404000.0,0.0,0.0,0.0,55737000.0,183141000.0,0.114,183141000.0,55737000.0,35096000.0,0.12,0.08,0.12,14730187000.0,,14730187000.0,19970039397.0,133.0,41.651,163124000.0,0.986,1.0,726695000.0,0.451,12826719000.0,20641000.0,5524758000.0,,258173000.0,3484205000.0,2059723000.0,1424482000.0,7017434000.0,2063459000.0,4953975000.0,21958683397.0,-287928000.0,35308000.0,-596358000.0,-66257000.0,0.0,-681752000.0,190360000.0,197948000.0,206283000.0,-54000.0,21980000.0,18716000.0,18716000.0,348000.0,0.0,0.012,715832000.0,10863000.0,926534000.0,0.0,1.491,149.952,-7.406,443598000.0,3264000.0,132.72,5.104,5.104,392068000.0,2124197000.0,1610270000.0,1610270000.0,0.0,,,,,81552000.0,458912000.0,1.0,165451201.0,165451201.0,,9.733,8920902000.0,69013000.0,13116000.0,2345190000.0,53.919,3312815000.0
72,MTCH,MRQ,2003-06-30,2003-06-30,2003-06-30,2021-08-25,41061000.0,18513624000.0,,5851004000.0,12662620000.0,,97.657,-53240000.0,1423399000.0,1423399000.0,839656000.0,96194000.0,2.94,0.679,1193053000.0,1531000.0,1191522000.0,1193053000.0,508013000.0,97255000.0,0.0,0.0,0.0,170217000.0,267472000.0,0.175,267472000.0,170217000.0,147877000.0,0.68,0.64,0.68,11026031000.0,,11026031000.0,16331990084.0,153.0,39.009,409845000.0,3.63,1.0,686855000.0,0.45,9080923000.0,22340000.0,7212347000.0,,204299000.0,4986780000.0,3581175000.0,1405605000.0,7487593000.0,1990008000.0,5497585000.0,17762327084.0,308172000.0,-27263000.0,1090705000.0,46427000.0,0.0,764693000.0,-929226000.0,-851063000.0,463085000.0,10837000.0,96194000.0,92930000.0,92930000.0,-38265000.0,0.0,0.061,575101000.0,111754000.0,870997000.0,0.0,1.611,194.989,-8.569,446458000.0,3264000.0,157.32,4.582,4.582,375825000.0,2105481000.0,1526511000.0,1526511000.0,0.0,,,,,14431000.0,403883000.0,1.0,112905715.0,112905715.0,,13.52,9432701000.0,120750000.0,51683000.0,2471262000.0,83.545,3860996000.0
73,MTCH,MRQ,2003-03-31,2003-03-31,2003-03-31,2021-08-25,22067000.0,16220043000.0,,4625096000.0,11594947000.0,,70.467,-33738000.0,2636367000.0,2636367000.0,786882000.0,-106796000.0,2.552,0.857,1206030000.0,16875000.0,1189155000.0,1206030000.0,423346000.0,94318000.0,0.0,0.0,0.0,-136692000.0,-42374000.0,-0.031,-42374000.0,-136692000.0,-160970000.0,-0.92,-0.92,-0.92,8735625000.0,,8735625000.0,11402276011.0,5.0,4.514,441917000.0,3.565,1.0,599852000.0,0.433,8069957000.0,24278000.0,4907332000.0,,192169000.0,2590631000.0,1229303000.0,1361328000.0,7484418000.0,1812417000.0,5672001000.0,13284280011.0,-921641000.0,-366887000.0,2039000.0,-108863000.0,0.0,-104249000.0,-1215848000.0,-817339000.0,475655000.0,1811000.0,-106796000.0,-110060000.0,-110060000.0,4637000.0,0.0,-0.079,500855000.0,98997000.0,596611000.0,0.0,1.521,5.855,35.72,430381000.0,3264000.0,107.16,3.842,3.842,383014000.0,2012551000.0,1386734000.0,1386734000.0,0.0,,,,,10211000.0,353097000.0,1.0,123966779.0,123966779.0,,11.186,8150086000.0,11178000.0,-54174000.0,2456958000.0,65.744,2812679000.0
74,MTCH,MRQ,2002-12-31,2002-12-31,2002-12-31,2021-08-25,15697000.0,15658992000.0,,4624141000.0,11034851000.0,,82.436,-6736000.0,2038810000.0,2038810000.0,-56074000.0,148116000.0,2.974,0.974,1236102000.0,24957000.0,1211145000.0,1236102000.0,277928000.0,10644000.0,0.0,0.0,0.0,60574000.0,71218000.0,-0.322,71218000.0,60574000.0,49073000.0,-17.8,-17.76,-17.8,7931463000.0,,7931463000.0,8676027669.0,4.0,3.906,-276666000.0,-2.876,1.0,-165436000.0,0.747,7255912000.0,11501000.0,6045747000.0,,192751000.0,3530330000.0,1929058000.0,1601272000.0,7727529000.0,1554625000.0,6172904000.0,8820903669.0,1904641000.0,-270733000.0,22178000.0,677578000.0,0.0,633143000.0,1419380000.0,1712997000.0,-269930000.0,1927000.0,148116000.0,144852000.0,144852000.0,-87111000.0,0.0,-0.654,7706000.0,-173142000.0,609391000.0,0.0,1.112,4.544,-143.25,430247000.0,3264000.0,91.68,2.912,2.912,308377000.0,2122611000.0,-221510000.0,-221510000.0,0.0,,,,,3000.0,-95737000.0,1.0,96214045.0,96214045.0,,-2.302,8403080000.0,2007000.0,-99043000.0,2551131000.0,87.337,3069516000.0
75,MTCH,MRQ,2002-09-30,2002-09-30,2002-09-30,2021-08-25,11774000.0,14702148000.0,,3874374000.0,10827774000.0,,69.389,-34380000.0,689344000.0,689344000.0,706065000.0,-33364000.0,2.296,0.891,544468000.0,36231000.0,508237000.0,544468000.0,307832000.0,109614000.0,0.0,0.0,0.0,12740000.0,122354000.0,0.103,122354000.0,12740000.0,2688000.0,-0.32,-0.32,-0.32,7776217000.0,,7776217000.0,6004269677.0,3.0,2.723,151197000.0,1.349,1.0,479091000.0,0.404,7009378000.0,10052000.0,5860331000.0,,216909000.0,4093017000.0,2470615000.0,1622402000.0,6925931000.0,1687563000.0,5238368000.0,8687442677.0,-2544222000.0,-645895000.0,2842000.0,-4187000.0,3658000.0,382000.0,-2730410000.0,-2070877000.0,185577000.0,-32000.0,-33364000.0,-36628000.0,-36628000.0,6725000.0,0.0,-0.031,441201000.0,37890000.0,566167000.0,0.0,1.117,4.994,3.602,434264000.0,3264000.0,77.52,2.079,2.079,316615000.0,1977758000.0,1185156000.0,1185156000.0,0.0,,,,,2930000.0,281655000.0,1.0,112067114.0,112067114.0,,10.575,7692770000.0,74850000.0,36052000.0,2415009000.0,68.644,2186811000.0
76,MTCH,MRQ,2002-06-30,2002-06-30,2002-06-30,2021-08-25,10031000.0,14409106000.0,,4344068000.0,10065038000.0,,75.575,-44993000.0,3231720000.0,3231720000.0,673851000.0,2273840000.0,2.701,0.845,548547000.0,41225000.0,507322000.0,548547000.0,323395000.0,69439000.0,0.0,0.0,0.0,2305328000.0,2374767000.0,2.145,2374767000.0,2305328000.0,2295451000.0,22.04,22.04,22.04,7808489000.0,,7808489000.0,8550558409.0,4.0,3.251,379589000.0,3.674,1.0,433217000.0,0.391,6216953000.0,9877000.0,3900824000.0,,195345000.0,2065299000.0,420361000.0,1644938000.0,6600617000.0,1608156000.0,4992461000.0,9691552409.0,762701000.0,1490416000.0,20071000.0,-36891000.0,-1691000.0,387000.0,476704000.0,-958096000.0,424582000.0,7846000.0,2273840000.0,2270576000.0,2270576000.0,7262000.0,0.0,2.051,390815000.0,42402000.0,517903000.0,0.0,1.241,4.398,4.433,424301000.0,3264000.0,93.8,2.53,2.53,291789000.0,2014387000.0,1107068000.0,1107068000.0,0.0,,,,,3264000.0,258745000.0,1.0,103321454.0,103321454.0,,10.715,8192153000.0,77616000.0,21611000.0,2415160000.0,79.288,2735912000.0
77,MTCH,MRQ,2002-03-31,2002-03-31,2002-03-31,2021-08-25,-15251000.0,7990358000.0,,2713488000.0,5276870000.0,,55.956,-28031000.0,1721620000.0,1721620000.0,617779000.0,-435489000.0,1.987,0.515,580013000.0,35512000.0,544501000.0,580013000.0,274832000.0,59321000.0,0.0,0.0,0.0,-408106000.0,-348785000.0,-0.359,-348785000.0,-408106000.0,-419539000.0,0.04,-0.04,0.04,5274245000.0,,5274245000.0,11660558023.0,283.0,28.188,-14445000.0,-0.153,1.0,354166000.0,0.364,4297567000.0,11433000.0,1185472000.0,,189888000.0,421667000.0,226214000.0,195453000.0,2716113000.0,1365712000.0,1350401000.0,11978246023.0,731191000.0,851666000.0,100339000.0,975000.0,-1967000.0,-21737000.0,757759000.0,-55757000.0,13586000.0,34000.0,-435489000.0,-437456000.0,-437456000.0,-21930000.0,0.0,-0.45,326383000.0,27783000.0,431033000.0,0.0,2.271,-439.117,-102.484,407713000.0,1967000.0,127.08,3.34,3.34,274493000.0,-105387000.0,971945000.0,971945000.0,0.0,,,,,3808000.0,250254000.0,1.0,94257523.0,94257523.0,,10.312,3692791000.0,131312000.0,15950000.0,168586000.0,39.178,1347776000.0
78,MTCH,MRQ,2001-12-31,2001-12-31,2001-12-31,2021-08-25,-11605000.0,6527068000.0,,2372877000.0,4154191000.0,,41.859,-37842000.0,401283000.0,401283000.0,606756000.0,-56949000.0,2.392,0.654,577891000.0,33519000.0,544372000.0,577891000.0,75256000.0,96701000.0,0.0,0.0,0.0,-39685000.0,57016000.0,0.062,57016000.0,-39685000.0,-51331000.0,-0.24,-0.24,-0.24,3945501000.0,,3945501000.0,9979003813.0,23.0,11.662,131808000.0,1.398,1.0,307461000.0,0.336,3300972000.0,11646000.0,2410763000.0,,197354000.0,969756000.0,757665000.0,212091000.0,2581567000.0,991941000.0,1589626000.0,10296691813.0,-482483000.0,-6044000.0,7353000.0,-9278000.0,0.0,-57371000.0,-690176000.0,-637411000.0,169650000.0,-237000.0,-56949000.0,-56949000.0,-56949000.0,34496000.0,0.0,-0.062,266633000.0,40828000.0,398838000.0,0.0,2.61,26.842,-62.068,398987000.0,0.0,109.24,2.998,2.998,853559000.0,181267000.0,914217000.0,914217000.0,0.0,,,,,2177000.0,144045000.0,1.0,94257523.0,94257523.0,,9.699,3226096000.0,39946000.0,5618000.0,398990000.0,34.226,1380936000.0
79,MTCH,MRQ,2001-09-30,2001-09-30,2001-09-30,2021-08-25,-15359000.0,11687907000.0,,2908751000.0,8779156000.0,,42.528,-40368000.0,905044000.0,905044000.0,570526000.0,427576000.0,1.751,1.926,587356000.0,41772000.0,545584000.0,587356000.0,141736000.0,109381000.0,0.0,0.0,0.0,437586000.0,546967000.0,0.653,546967000.0,437586000.0,426698000.0,-0.68,-0.68,-0.68,3993871000.0,,3993871000.0,6706880324.0,20.0,28.438,11227000.0,0.12,1.0,267313000.0,0.319,7345565000.0,10888000.0,2363124000.0,,964173000.0,373986000.0,143996000.0,229990000.0,7694036000.0,1661530000.0,6032506000.0,6754140324.0,267443000.0,188803000.0,13016000.0,2237000.0,0.0,21157000.0,65046000.0,-73784000.0,51595000.0,-711000.0,427576000.0,427576000.0,427576000.0,-22433000.0,0.0,0.51,347244000.0,-79931000.0,372816000.0,0.0,1.691,18.747,-26.836,419825000.0,0.0,71.92,3.071,3.071,1281711000.0,238215000.0,837839000.0,837839000.0,0.0,,,,,1268000.0,201142000.0,1.0,93911851.0,93911851.0,,8.922,4342342000.0,59211000.0,-878000.0,129963000.0,46.238,1247221000.0
80,MTCH,MRQ,2001-06-30,2001-06-30,2001-06-30,2021-08-25,-18269000.0,10811257000.0,,2036836000.0,8774421000.0,,38.044,-27529000.0,635489000.0,635489000.0,574743000.0,39551000.0,1.593,2.052,588229000.0,35657000.0,552572000.0,588229000.0,143492000.0,107002000.0,0.0,0.0,0.0,51466000.0,158468000.0,0.184,158468000.0,51466000.0,39427000.0,-0.36,-0.36,-0.36,3542751000.0,,3542751000.0,10735193184.0,-153.0,5246.917,50787000.0,0.545,1.0,287110000.0,0.333,7419236000.0,12039000.0,2066301000.0,,875936000.0,275140000.0,101714000.0,173426000.0,7268506000.0,1278460000.0,5990046000.0,10429764184.0,323211000.0,252226000.0,29786000.0,-29741000.0,0.0,67000.0,178023000.0,-39242000.0,78316000.0,307000.0,39551000.0,39551000.0,39551000.0,-23582000.0,0.0,0.046,334801000.0,-47691000.0,356631000.0,0.0,2.944,-119.139,-50.0,426805000.0,0.0,112.0,4.22,4.22,727494000.0,-189360000.0,861853000.0,861853000.0,0.0,,,,,1308000.0,184605000.0,1.0,93122894.0,93122894.0,,9.255,3392021000.0,114210000.0,-124000.0,113005000.0,36.425,758376000.0
81,MTCH,MRQ,2001-03-31,2001-03-31,2001-03-31,2021-08-25,-18607000.0,10580365000.0,,1592875000.0,8987490000.0,,37.54,-21678000.0,309691000.0,309691000.0,550082000.0,-26570000.0,1.352,2.063,615120000.0,28685000.0,586435000.0,615120000.0,142369000.0,103660000.0,0.0,0.0,0.0,-10446000.0,93214000.0,0.114,93214000.0,-10446000.0,-22005000.0,-0.48,-0.48,-0.48,3454789000.0,,3454789000.0,9053360112.0,-87.0,58.403,48040000.0,0.522,1.0,270580000.0,0.33,7432940000.0,11559000.0,2274394000.0,,901332000.0,291926000.0,81223000.0,210703000.0,7125576000.0,1178460000.0,5947116000.0,8812697112.0,64882000.0,-63431000.0,28849000.0,37537000.0,0.0,43101000.0,-74752000.0,14946000.0,69718000.0,-3022000.0,-26570000.0,-26570000.0,-26570000.0,-26240000.0,0.0,-0.032,324108000.0,-53528000.0,336604000.0,0.0,2.551,-56.619,-43.527,434127000.0,0.0,95.76,3.212,3.212,677399000.0,-228911000.0,820662000.0,820662000.0,0.0,,,,,2855000.0,189645000.0,1.0,92029001.0,92029001.0,,8.917,3147425000.0,51765000.0,4565000.0,108148000.0,34.2,414415000.0
82,MTCH,MRQ,2000-12-31,2000-12-31,2000-12-31,2021-08-25,-10825000.0,5646290000.0,,1034534000.0,4611756000.0,,37.378,-58092000.0,246244000.0,246244000.0,505419000.0,-80285000.0,1.523,0.641,576514000.0,24748000.0,551766000.0,576514000.0,63999000.0,-423964000.0,0.0,0.0,0.0,-138846000.0,-562810000.0,1.753,-562810000.0,-138846000.0,-122959000.0,-1.16,-1.16,-1.16,3439871000.0,,3439871000.0,7396838098.0,-128.0,20.426,-273049000.0,-2.967,1.0,-826441000.0,2.574,3369848000.0,-15887000.0,1927335000.0,,227920000.0,298576000.0,127102000.0,171474000.0,2206419000.0,679377000.0,1527042000.0,7156175098.0,-19225000.0,67283000.0,2848000.0,-3129000.0,0.0,353000.0,53285000.0,24705000.0,-214957000.0,1446000.0,-80285000.0,-80285000.0,-80285000.0,-65822000.0,0.0,0.25,-314568000.0,-511873000.0,349044000.0,0.0,2.08,-48.358,-40.5,408950000.0,0.0,77.76,2.414,2.414,265998000.0,-202341000.0,-321022000.0,-321022000.0,0.0,,,,,5349000.0,-40229000.0,1.0,92029001.0,92029001.0,,-3.488,2276442000.0,32842000.0,-42674000.0,42783000.0,24.736,355157000.0
83,MTCH,MRQ,2000-09-30,2000-09-30,2000-09-30,2021-08-25,-15867000.0,10611093000.0,,1716687000.0,8894406000.0,,38.056,-40096000.0,359079000.0,359079000.0,523087000.0,-20239000.0,1.429,2.03,599742000.0,27293000.0,572449000.0,599742000.0,129232000.0,285620000.0,0.0,0.0,0.0,27554000.0,313174000.0,0.282,313174000.0,27554000.0,7213000.0,-0.24,-0.24,-0.24,3501933000.0,,3501933000.0,8217624764.0,415.0,19.612,-22663000.0,-0.246,1.0,586670000.0,0.529,7773464000.0,20341000.0,1877271000.0,,792520000.0,280220000.0,77198000.0,203022000.0,7109160000.0,1201021000.0,5908139000.0,8075679764.0,-98180000.0,-10043000.0,-10983000.0,1492000.0,0.0,-14427000.0,-81880000.0,-15084000.0,17433000.0,-3104000.0,-20239000.0,-20239000.0,-20239000.0,14367000.0,0.0,-0.018,563828000.0,22842000.0,294558000.0,0.0,2.306,-94.514,-57.737,475404000.0,0.0,87.76,2.8,2.8,619016000.0,-122056000.0,1109757000.0,1109757000.0,0.0,,,,,1235000.0,243519000.0,1.0,92020052.0,92020052.0,,12.06,2837629000.0,18254000.0,27452000.0,21872000.0,30.837,515666000.0
84,MTCH,MRQ,2000-06-30,2000-06-30,2000-06-30,2021-08-25,-5192000.0,10462407000.0,,1616641000.0,8845766000.0,,39.149,-36547000.0,457133000.0,457133000.0,502929000.0,-28555000.0,1.376,1.957,599078000.0,24315000.0,574763000.0,599078000.0,100827000.0,293835000.0,0.0,0.0,0.0,17601000.0,311436000.0,0.275,311436000.0,17601000.0,-4557000.0,-0.32,-0.32,-0.32,3538192000.0,,3538192000.0,7934329499.0,259.0,21.02,67350000.0,0.745,1.0,631427000.0,0.557,7718345000.0,22158000.0,1710996000.0,,619734000.0,335370000.0,70548000.0,264822000.0,6924215000.0,1175011000.0,5749204000.0,7815894499.0,-22464000.0,-113133000.0,117501000.0,-35709000.0,0.0,83914000.0,-191302000.0,-30380000.0,103897000.0,-967000.0,-28555000.0,-28555000.0,-28555000.0,15235000.0,0.0,-0.025,574162000.0,57265000.0,319095000.0,0.0,2.209,-107.236,-63.588,460393000.0,0.0,86.48,3.004,3.004,560303000.0,-101785000.0,1134356000.0,1134356000.0,0.0,,,,,5166000.0,235623000.0,1.0,90378058.0,90378058.0,,12.551,2744062000.0,18548000.0,23998000.0,792000.0,30.362,441630000.0
85,MTCH,MRQ,2000-03-31,2000-03-31,2000-03-31,2021-08-25,3801000.0,9604479000.0,,1596620000.0,8007859000.0,,32.369,-25688000.0,480449000.0,480449000.0,445538000.0,-18872000.0,1.345,2.513,598884000.0,23432000.0,575452000.0,598884000.0,107420000.0,264657000.0,0.0,0.0,0.0,33816000.0,298473000.0,0.287,298473000.0,33816000.0,16201000.0,-0.24,-0.24,-0.24,2733797000.0,,2733797000.0,7782991846.0,211.0,28.214,155260000.0,1.838,1.0,595983000.0,0.572,7001883000.0,17615000.0,1533773000.0,,632196000.0,322172000.0,68340000.0,253832000.0,6870682000.0,1187258000.0,5683424000.0,7621450846.0,59716000.0,-11520000.0,-28631000.0,2502000.0,0.0,-11677000.0,-89319000.0,-49226000.0,180948000.0,-62000.0,-18872000.0,-18872000.0,-18872000.0,11773000.0,0.0,-0.018,513964000.0,82019000.0,298336000.0,0.0,2.788,-141.018,-77.793,372289000.0,0.0,90.24,3.395,3.395,512266000.0,-73230000.0,1041521000.0,1041521000.0,0.0,,,,,990000.0,215529000.0,1.0,84457567.0,84457567.0,,12.332,2602596000.0,0.0,35073000.0,19661000.0,30.815,409362000.0
86,MTCH,MRQ,1999-12-31,1999-12-31,1999-12-31,2021-08-25,4773000.0,9233227000.0,,1397025000.0,7836202000.0,,32.969,-13902000.0,425176000.0,425176000.0,550176000.0,-17778000.0,1.375,2.334,585780000.0,10801000.0,574979000.0,585780000.0,83811000.0,-444909000.0,0.0,0.0,0.0,-59163000.0,-504072000.0,1.254,-504072000.0,-59163000.0,-54522000.0,-0.72,-0.72,-0.72,2769729000.0,,2769729000.0,9463720903.0,165.0,35.934,-185574000.0,-2.209,1.0,-952138000.0,2.369,6745477000.0,-4641000.0,1632375000.0,,623344000.0,318800000.0,11512000.0,307288000.0,6463498000.0,1015979000.0,5447519000.0,9283202903.0,36498000.0,57665000.0,7519000.0,81419000.0,0.0,52829000.0,-111923000.0,-159131000.0,-171672000.0,-387000.0,-17778000.0,-17778000.0,-17778000.0,-41581000.0,0.0,0.044,-752036000.0,-200102000.0,284607000.0,0.0,3.352,-335.971,-131.548,292489000.0,0.0,110.5,4.639,4.639,441976000.0,-54358000.0,-401962000.0,-401962000.0,0.0,,,,,2669000.0,-259022000.0,1.0,84010886.0,84010886.0,,-4.785,2487750000.0,28919000.0,-36744000.0,7954000.0,29.612,381046000.0
87,MTCH,MRQ,1999-09-30,1999-09-30,1999-09-30,2021-08-25,-1237000.0,9158426000.0,,1306222000.0,7852204000.0,,33.349,-35130000.0,386032000.0,386032000.0,279813000.0,-7680000.0,1.313,2.288,566550000.0,16329000.0,550221000.0,566550000.0,90726000.0,233185000.0,0.0,0.0,0.0,38437000.0,271622000.0,0.328,271622000.0,38437000.0,17267000.0,-0.08,-0.08,-0.08,2785074000.0,,2785074000.0,7104689681.0,35.0,6.628,24682000.0,0.296,1.0,547859000.0,0.662,6844263000.0,21170000.0,1499853000.0,,665243000.0,289398000.0,0.0,289398000.0,6373352000.0,994828000.0,5378524000.0,6472183681.0,129307000.0,-3090000.0,376298000.0,-322164000.0,0.0,61883000.0,6873000.0,36864000.0,59812000.0,739000.0,-7680000.0,-7680000.0,-7680000.0,0.0,0.0,-0.009,509527000.0,38332000.0,249331000.0,0.0,2.324,157.935,133.621,303234000.0,0.0,77.5,2.006,2.006,391588000.0,-36580000.0,827672000.0,827672000.0,0.0,,,,,1567000.0,256691000.0,1.0,83512048.0,83512048.0,,9.911,2314163000.0,0.0,24947000.0,21410000.0,27.711,311394000.0
88,MTCH,MRQ,1999-06-30,1999-06-30,1999-06-30,2021-08-25,22770000.0,8713931000.0,,1198401000.0,7515530000.0,,32.985,-37193000.0,256725000.0,256725000.0,227348000.0,-9716000.0,1.094,2.271,889231000.0,137731000.0,751500000.0,889231000.0,85078000.0,186076000.0,0.0,0.0,0.0,23752000.0,209828000.0,0.27,209828000.0,23752000.0,4139000.0,-0.12,-0.12,-0.12,2664136000.0,,2664136000.0,6777126546.0,32.0,6.564,92004000.0,1.139,1.0,550081000.0,0.708,6592841000.0,19613000.0,1658593000.0,,578844000.0,317186000.0,31352000.0,285834000.0,6049795000.0,1095003000.0,4954792000.0,6480926546.0,-252102000.0,-356419000.0,17579000.0,-7692000.0,0.0,9887000.0,-391842000.0,2204000.0,129197000.0,656000.0,-9716000.0,-9716000.0,-9716000.0,0.0,0.0,-0.012,498360000.0,51721000.0,298060000.0,0.0,2.433,147.929,133.733,283042000.0,0.0,80.24,2.132,2.132,450810000.0,-28900000.0,777429000.0,777429000.0,0.0,,,,,801000.0,242956000.0,1.0,80769274.0,80769274.0,,9.625,2121090000.0,0.0,13855000.0,28584000.0,26.261,103398000.0
89,MTCH,MRQ,1999-03-31,1999-03-31,1999-03-31,2021-08-25,21147000.0,8396585000.0,,1371135000.0,7025450000.0,,32.806,-15472000.0,508827000.0,508827000.0,248442000.0,7543000.0,1.608,2.213,805027000.0,42387000.0,762640000.0,805027000.0,0.0,231491000.0,0.0,0.0,0.0,54493000.0,285984000.0,0.392,285984000.0,54493000.0,34043000.0,0.08,0.08,0.08,2613318000.0,,2613318000.0,6072182167.0,25.0,5.62,44951000.0,0.564,1.0,480505000.0,0.659,6316467000.0,20450000.0,1523382000.0,,564296000.0,129229000.0,30386000.0,98843000.0,5783267000.0,852936000.0,4930331000.0,5705317167.0,63471000.0,-4421000.0,12215000.0,-7780000.0,0.0,-24395000.0,28574000.0,50417000.0,60423000.0,-1131000.0,7543000.0,7543000.0,7543000.0,0.0,0.0,0.01,419298000.0,61207000.0,219664000.0,0.0,2.183,113.006,105.324,259447000.0,0.0,71.62,1.924,1.924,368176000.0,-19184000.0,728947000.0,728947000.0,0.0,,,,,1386000.0,156528000.0,1.0,79660949.0,79660949.0,,9.151,2080118000.0,38389000.0,26500000.0,21435000.0,26.112,518199000.0
90,MTCH,MRQ,1998-12-31,1998-12-31,1998-12-31,2021-08-25,8852000.0,8316190000.0,,1295275000.0,7020915000.0,,33.132,-12283000.0,445356000.0,445356000.0,518686000.0,50833000.0,1.521,2.234,812221000.0,36538000.0,775683000.0,812221000.0,45619000.0,217551000.0,0.0,0.0,0.0,86877000.0,304428000.0,0.341,304428000.0,86877000.0,76690000.0,0.7,0.56,0.7,2571405000.0,,2571405000.0,5665435823.0,20.0,5.587,97915000.0,1.262,1.0,374193000.0,0.419,6342646000.0,10187000.0,1488542000.0,,573398000.0,111897000.0,27737000.0,84160000.0,5744785000.0,851867000.0,4892918000.0,5141001823.0,154487000.0,-32379000.0,20683000.0,-57158000.0,0.0,117608000.0,-53053000.0,-3994000.0,110198000.0,222000.0,50833000.0,50833000.0,50833000.0,-12982000.0,0.0,0.057,284535000.0,89658000.0,257507000.0,0.0,1.999,66.876,61.333,255430000.0,0.0,66.24,1.863,1.863,372111000.0,-26727000.0,892879000.0,892879000.0,0.0,,,,,4916000.0,24458000.0,1.0,77611742.0,77611742.0,,11.504,1973544000.0,29370000.0,25857000.0,6357000.0,25.428,443408000.0
91,MTCH,MRQ,1998-09-30,1998-09-30,1998-09-30,2021-08-25,5753000.0,8266957000.0,,1087988000.0,7178969000.0,,31.697,-27308000.0,292231000.0,292231000.0,192531000.0,-4849000.0,1.013,2.365,816665000.0,68564000.0,748101000.0,816665000.0,0.0,184976000.0,0.0,0.0,0.0,47260000.0,232236000.0,0.363,232236000.0,47260000.0,11770000.0,-0.06,-0.06,-0.06,2456764000.0,,2456764000.0,4220759429.0,19.0,5.563,-21888000.0,-0.282,1.0,447983000.0,0.699,6352103000.0,35490000.0,1365727000.0,,647542000.0,145265000.0,0.0,145265000.0,5810193000.0,1073561000.0,4736632000.0,3015514429.0,156353000.0,280622000.0,396873000.0,-426793000.0,0.0,-103707000.0,254906000.0,-16266000.0,5420000.0,-266000.0,-4849000.0,-4849000.0,-4849000.0,0.0,0.0,-0.008,397981000.0,50002000.0,250240000.0,0.0,1.227,102.761,77.76,248741000.0,0.0,38.88,1.336,1.335,286237000.0,-77560000.0,640514000.0,640514000.0,0.0,,,,,1828000.0,162051000.0,1.0,77559528.0,77508500.0,77508500.0,8.264,1914854000.0,109771000.0,16619000.0,0.0,24.705,14427000.0
92,MTCH,MRQ,1998-06-30,1998-06-30,1998-06-30,2021-08-25,15375000.0,8181829000.0,,881677000.0,7300152000.0,,36.103,-17930000.0,135878000.0,135878000.0,176295000.0,-3040000.0,0.998,2.317,1341123000.0,56557000.0,1284566000.0,1341123000.0,0.0,201645000.0,0.0,0.0,0.0,56097000.0,257742000.0,0.366,257742000.0,56097000.0,14421000.0,-0.04,-0.04,-0.04,2466397000.0,,2466397000.0,5108766583.0,25.0,9.0,63407000.0,0.928,1.0,527098000.0,0.749,6482424000.0,41676000.0,2021476000.0,,571924000.0,122307000.0,0.0,122307000.0,5715432000.0,883174000.0,4832258000.0,3372649583.0,-26313000.0,-21860000.0,412508000.0,-480270000.0,0.0,-67762000.0,-38431000.0,2294000.0,81337000.0,-1457000.0,-3040000.0,-3040000.0,-3040000.0,0.0,0.0,-0.004,451623000.0,75475000.0,272057000.0,0.0,1.367,89.436,81.032,242183000.0,0.0,50.24,1.736,1.766,284038000.0,-72710000.0,703393000.0,703393000.0,0.0,,,,,1564000.0,200873000.0,1.0,67130764.0,68315500.0,68315500.0,10.296,1699405000.0,111262000.0,17461000.0,0.0,24.876,-1497000.0
93,MTCH,MRQ,1998-03-31,1998-03-31,1998-03-31,2021-08-25,0.0,7713436000.0,,910399000.0,6803037000.0,,30.755,-19002000.0,162191000.0,162191000.0,164364000.0,33931000.0,1.091,3.076,1898308000.0,35399000.0,1862909000.0,1898308000.0,0.0,119896000.0,0.0,0.0,0.0,99796000.0,219692000.0,0.42,219692000.0,99796000.0,72643000.0,0.56,0.34,0.56,1892358000.0,,1892358000.0,4002840720.0,24.0,11.783,40972000.0,0.666,1.0,358747000.0,0.686,6018127000.0,27153000.0,2597002000.0,,564838000.0,0.0,0.0,0.0,5821078000.0,834424000.0,4986654000.0,3657612720.0,46155000.0,-1314753000.0,1637000.0,1349878000.0,0.0,1351515000.0,-1365334000.0,-11659000.0,59974000.0,0.0,33931000.0,33931000.0,33931000.0,0.0,0.0,0.065,323977000.0,34770000.0,212006000.0,0.0,1.933,84.624,75.694,234447000.0,0.0,54.5,2.43,2.228,283392000.0,-69670000.0,523111000.0,523111000.0,0.0,,,,,500000.0,168376000.0,1.0,67112160.0,61531000.0,106250500.0,8.502,1695309000.0,100486000.0,38712000.0,0.0,27.552,75975000.0
94,MTCH,MRQ,1997-12-31,1997-12-31,1997-12-31,2021-08-25,0.0,2670796000.0,,420682000.0,2250114000.0,,21.566,-15268000.0,116036000.0,116036000.0,181140000.0,3303000.0,1.169,0.845,461264000.0,12918000.0,448346000.0,461264000.0,0.0,24965000.0,0.0,0.0,0.0,24079000.0,49044000.0,0.126,49044000.0,24079000.0,14601000.0,0.04,0.06,0.04,1447354000.0,,1447354000.0,,,,14802000.0,0.221,1.0,209116000.0,0.536,1862128000.0,9478000.0,794155000.0,,151100000.0,59780000.0,0.0,59780000.0,1223442000.0,359741000.0,863701000.0,3456276240.0,9915000.0,-7633000.0,-7765000.0,21262000.0,0.0,16037000.0,-36192000.0,-30693000.0,30070000.0,0.0,3303000.0,3303000.0,3303000.0,0.0,0.0,0.008,181421000.0,27695000.0,185101000.0,0.0,2.388,264.626,214.583,180121000.0,0.0,51.5,2.739,2.739,96867000.0,-103601000.0,390256000.0,390256000.0,0.0,,,,,505000.0,347058000.0,1.0,67112160.0,67112160.0,,5.815,808668000.0,43497000.0,11298000.0,0.0,12.05,60941000.0
95,MTCH,MRQ,1997-09-30,1997-09-30,1997-09-30,2021-08-25,,,,,,,,-14072000.0,,,156041000.0,3516000.0,,,,,,,,19971000.0,,0.0,0.0,21205000.0,41176000.0,0.126,41176000.0,21205000.0,12594000.0,0.06,0.06,0.06,,,,,,,-13090000.0,-0.238,1.0,170215000.0,0.522,,8611000.0,,,,,,,,,,,75326000.0,0.0,2600000.0,520000.0,0.0,92783000.0,-18439000.0,-4367000.0,982000.0,0.0,3516000.0,3516000.0,3516000.0,0.0,0.0,0.011,147530000.0,22685000.0,,0.0,,,,,0.0,40.62,,,,,326256000.0,326256000.0,0.0,,,,,1623000.0,0.0,1.0,,55010000.0,59497000.0,5.931,,,9078000.0,,,
96,MTCH,MRQ,1997-06-30,1997-06-30,1997-06-30,2021-08-25,,,,,,,,-7360000.0,,,149503000.0,2472000.0,,,,,,,,11328000.0,,0.0,0.0,18486000.0,29814000.0,0.112,29814000.0,18486000.0,12018000.0,0.06,0.04,0.06,,,,,,,-20277000.0,-0.414,1.0,116182000.0,0.437,,6468000.0,,,,,,,,,,,-10767000.0,-6349000.0,11586000.0,17372000.0,0.0,28958000.0,-26808000.0,-13440000.0,-12917000.0,0.0,2472000.0,2472000.0,2472000.0,0.0,0.0,0.009,95452000.0,20730000.0,,0.0,,,,,0.0,31.25,,,,,265685000.0,265685000.0,0.0,,,,,0.0,0.0,1.0,,48976000.0,51949000.0,5.425,,,9546000.0,,,
97,MTCH,MRQ,1997-03-31,1997-03-31,1997-03-31,2021-08-25,,,,,,,,-9169000.0,,,158614000.0,3770000.0,,,,,,,,21499000.0,,0.0,0.0,21920000.0,43419000.0,0.155,43419000.0,21920000.0,14899000.0,0.08,0.08,0.08,,,,,,,20369000.0,0.402,1.0,120937000.0,0.433,,7021000.0,,,,,,,,,,,-1044000.0,0.0,806000.0,-30534000.0,0.0,-29728000.0,-854000.0,8656000.0,29538000.0,0.0,3770000.0,3770000.0,3770000.0,0.0,0.0,0.013,97528000.0,23409000.0,,0.0,,,,,0.0,25.38,,,,,279551000.0,279551000.0,0.0,,,,,0.0,0.0,1.0,,50623000.0,50623000.0,5.522,,,11129000.0,,,
98,MTCH,MRQ,1996-12-31,1996-12-31,1996-12-31,2021-08-25,0.0,2116232000.0,,248598000.0,1867634000.0,,,,42606000.0,42606000.0,,,0.91,0.826,314336000.0,42906000.0,271430000.0,314336000.0,0.0,,0.0,0.0,0.0,,,,,,,,,,1158749000.0,,1158749000.0,,,,,,1.0,,,1545947000.0,,568973000.0,,100527000.0,0.0,0.0,0.0,957483000.0,273042000.0,684441000.0,,,,,,,,,,,,,,,,,,,,95421000.0,,,,-39.583,121975000.0,,23.75,,,56832000.0,-116662000.0,,,,,,,,,,1.0,,,,,570285000.0,42768000.0,,0.0,,-24444000.0
99,MTCH,MRQ,1995-12-31,1995-12-31,1995-12-31,2021-08-25,,,,,,,,-97000.0,,,193000.0,-2882000.0,,,,,,,,4701000.0,,0.0,0.0,208000.0,4909000.0,0.307,4909000.0,208000.0,-3255000.0,-0.3,-0.3,-0.3,,,,,,,2485000.0,,1.0,15787000.0,0.988,,3463000.0,,,,,,,,,,,-3070000.0,0.0,188000.0,-6089000.0,0.0,-5901000.0,249000.0,346000.0,2582000.0,0.0,-2882000.0,-2882000.0,-2882000.0,0.0,0.0,-0.18,16467000.0,-680000.0,,0.0,,,,,0.0,34.75,,,,,15980000.0,15980000.0,0.0,,,,,332000.0,9163000.0,1.0,,,,,,,-373000.0,,,
0,MTCH,MRT,2021-06-30,2021-06-30,2021-06-30,2021-08-25,-104089000.0,4433933000.0,3341286750.0,634476000.0,3799457000.0,0.798,-0.526,-56644000.0,236460000.0,236460000.0,715640000.0,586551000.0,1.098,-32.121,3845555000.0,0.0,3845555000.0,3845555000.0,262968000.0,43903000.0,0.0,0.0,0.0,807615000.0,851518000.0,0.319,851518000.0,807615000.0,657063000.0,2.32,2.08,2.32,-142245000.0,-1053546750.0,-142245000.0,46579328862.0,58.0,54.702,800435000.0,2.962,1.0,1950909000.0,0.732,3200166000.0,150552000.0,4264895000.0,4124570500.0,0.0,12453000.0,12453000.0,0.0,4569021000.0,577967000.0,3991054000.0,43581780862.0,107173000.0,-2262670000.0,1614536000.0,-21173000.0,0.0,1575808000.0,-2328656000.0,-9115000.0,857079000.0,2942000.0,588305000.0,588305000.0,588305000.0,-1017000.0,-1754000.0,0.221,1138988000.0,811921000.0,57937000.0,0.0,-306.385,74.08,69.504,129916000.0,0.0,161.25,16.344,16.344,259325000.0,-8107092000.0,2666549000.0,2666549000.0,191821000.0,0.176,-0.558,0.196,0.303,131468000.0,903264000.0,1.0,270274610.0,270274610.0,,9.866,1233767000.0,314029000.0,68758000.0,29476000.0,4.565,56509000.0
1,MTCH,MRT,2021-03-31,2021-03-31,2021-03-31,2021-08-25,-102030000.0,3214668000.0,2816486500.0,1204238000.0,2010430000.0,0.893,-4.516,-42885000.0,845696000.0,845696000.0,671394000.0,552808000.0,2.563,-3.646,3843244000.0,0.0,3843244000.0,3843244000.0,248201000.0,43669000.0,0.0,0.0,0.0,743705000.0,787374000.0,0.313,787374000.0,743705000.0,590621000.0,2.21,1.98,2.21,-1214591000.0,-1445029250.0,-1214591000.0,39746886373.0,53.0,50.48,780630000.0,2.902,1.0,1842845000.0,0.733,1480921000.0,153084000.0,4261371000.0,4011087250.0,0.0,0.0,0.0,0.0,4428242000.0,469924000.0,3958318000.0,36951344373.0,-1978164000.0,-3870550000.0,1607176000.0,94730000.0,0.0,1500919000.0,-4310090000.0,-9115000.0,823515000.0,7492000.0,522327000.0,522327000.0,522327000.0,34103000.0,30481000.0,0.208,1045244000.0,797601000.0,13152000.0,0.0,-30.423,70.744,62.163,106957000.0,0.0,137.38,14.697,14.697,210679000.0,-8248654000.0,2514239000.0,2514239000.0,181617000.0,0.185,-0.361,0.185,0.296,111212000.0,819958000.0,1.0,268971789.0,268971789.0,,9.348,1733747000.0,302688000.0,68294000.0,29662000.0,6.446,734314000.0
2,MTCH,MRT,2020-12-31,2020-12-31,2020-12-31,2021-08-25,-81454000.0,3046454000.0,4121506750.0,1020212000.0,2026242000.0,0.58,-5.318,-42376000.0,739164000.0,739164000.0,635833000.0,187841000.0,2.04,-3.153,3840930000.0,0.0,3840930000.0,3840930000.0,239088000.0,48796000.0,0.0,0.0,0.0,336226000.0,385022000.0,0.161,385022000.0,336226000.0,161435000.0,0.58,0.49,0.58,-1414417000.0,-535279000.0,-1414417000.0,43336214660.0,129.0,112.555,759806000.0,2.857,1.0,1755436000.0,0.734,1501432000.0,174791000.0,4146752000.0,4063933500.0,0.0,0.0,0.0,0.0,4459829000.0,500036000.0,3959793000.0,40214006660.0,-2401056000.0,-3870550000.0,1577203000.0,586483000.0,0.0,1676887000.0,-4885551000.0,-9115000.0,802182000.0,5426000.0,128561000.0,128561000.0,128561000.0,366070000.0,59280000.0,0.054,1009721000.0,745715000.0,29200000.0,0.0,-28.432,312.801,260.672,107799000.0,0.0,151.19,16.817,16.817,137023000.0,-8422237000.0,2391269000.0,2391269000.0,169811000.0,0.031,-0.24,0.083,0.141,102268000.0,791114000.0,1.0,265983244.0,265983244.0,,8.99,1545022000.0,293487000.0,32874000.0,31795000.0,5.809,520176000.0
3,MTCH,MRT,2020-09-30,2020-09-30,2020-09-30,2021-08-25,-108111000.0,2670092000.0,5451094000.0,738159000.0,1931933000.0,0.42,-5.549,-41138000.0,398884000.0,398884000.0,604640000.0,188620000.0,1.512,-2.85,3521092000.0,0.0,3521092000.0,3521092000.0,240954000.0,53586000.0,0.0,0.0,0.0,282700000.0,336286000.0,0.147,336286000.0,282700000.0,132286000.0,0.36,0.3,0.36,-1442934000.0,550335750.0,-1442934000.0,32169139056.0,114.0,95.66,740509000.0,2.848,1.0,1682389000.0,0.736,1478841000.0,150414000.0,3825264000.0,5104848000.0,0.0,0.0,0.0,0.0,4112653000.0,488195000.0,3624458000.0,28770773056.0,-2549137000.0,-3870550000.0,1501329000.0,586483000.0,0.0,1465313000.0,-4797788000.0,-9115000.0,781647000.0,1691000.0,105093000.0,105093000.0,105093000.0,361732000.0,83527000.0,0.046,967907000.0,714482000.0,16347000.0,0.0,-19.939,273.765,307.361,106006000.0,0.0,110.65,12.58,12.58,199682000.0,-8631705000.0,2287029000.0,2287029000.0,163376000.0,0.019,0.191,0.055,0.124,99554000.0,750945000.0,1.0,260016024.0,260016024.0,,8.796,1191251000.0,236500000.0,27193000.0,30868000.0,4.581,249964000.0
4,MTCH,MRT,2020-06-30,2020-06-30,2020-06-30,2021-08-25,-124312000.0,2334732000.0,6859768750.0,451748000.0,1882984000.0,0.319,-20.104,-36308000.0,129294000.0,129294000.0,573042000.0,216397000.0,0.984,-2.367,3527660000.0,0.0,3527660000.0,3527660000.0,232108000.0,51080000.0,0.0,0.0,0.0,252139000.0,303219000.0,0.139,303219000.0,252139000.0,105921000.0,0.56,0.47,0.56,-1708175000.0,1635387750.0,-1708175000.0,28293771446.0,112.0,93.311,841741000.0,9.907,1.0,1615710000.0,0.738,1463094000.0,146218000.0,3810962000.0,5146350500.0,0.0,0.0,0.0,0.0,4042570000.0,459042000.0,3583528000.0,27477742446.0,-3024532000.0,-2448749000.0,0.0,605351000.0,0.0,-272233000.0,-3627267000.0,0.0,878049000.0,-3081000.0,101056000.0,101056000.0,101056000.0,340259000.0,115341000.0,0.046,926159000.0,689551000.0,11959000.0,0.0,-16.086,271.906,577.5,101647000.0,0.0,323.4,12.554,12.554,186447000.0,-8764286000.0,2188752000.0,2188752000.0,160705000.0,0.015,0.062,0.049,0.115,83024000.0,714374000.0,1.0,84965190.0,84965190.0,,25.761,871638000.0,252021000.0,4865000.0,30445000.0,10.259,-7294000.0
5,MTCH,MRT,2020-03-31,2020-03-31,2020-03-31,2021-08-25,-157285000.0,8434749000.0,8350862000.0,3536309000.0,4898440000.0,0.255,28.603,-22961000.0,2822729000.0,2822729000.0,550854000.0,256402000.0,3.322,2.054,3638758000.0,13750000.0,3625008000.0,3638758000.0,433728000.0,17156000.0,0.0,0.0,0.0,273703000.0,290859000.0,0.136,290859000.0,273703000.0,128691000.0,0.77,0.66,0.77,2424410000.0,2808296750.0,2424410000.0,15187497277.0,55.0,52.216,893011000.0,10.536,1.0,1580421000.0,0.742,3713606000.0,145012000.0,4472756000.0,5149756250.0,0.0,371504000.0,69912000.0,301592000.0,4979925000.0,1064416000.0,3915509000.0,15191470277.0,604606000.0,-2676000.0,166520000.0,1622188000.0,0.0,668154000.0,-971141000.0,-83760000.0,915972000.0,-8379000.0,139606000.0,139606000.0,139606000.0,278083000.0,116796000.0,0.066,915155000.0,665266000.0,102367000.0,0.0,6.266,108.817,232.766,373561000.0,0.0,179.23,7.128,7.128,375854000.0,1478885000.0,2131275000.0,2131275000.0,151456000.0,0.017,0.05,0.053,0.128,43452000.0,713524000.0,1.0,84759640.0,84759640.0,,25.145,4721143000.0,190849000.0,-10915000.0,37796000.0,55.7,2471893000.0
6,MTCH,MRT,2019-12-31,2019-12-31,2019-12-31,2021-08-25,-136349000.0,8364803000.0,8032150250.0,3708064000.0,4656739000.0,0.255,34.615,-39035000.0,465676000.0,465676000.0,527184000.0,543820000.0,3.671,1.525,2889626000.0,0.0,2889626000.0,2889626000.0,218843000.0,43082000.0,0.0,0.0,0.0,579926000.0,623008000.0,0.304,623008000.0,579926000.0,439356000.0,2.37,2.08,2.37,2928042000.0,2897159500.0,2928042000.0,21251668644.0,37.0,34.111,898903000.0,10.627,1.0,1524074000.0,0.743,1468163000.0,140570000.0,8310410000.0,4788275250.0,0.0,0.0,0.0,0.0,4466485000.0,1010180000.0,3456305000.0,21072216644.0,1006673000.0,-3759000.0,166520000.0,1212185000.0,0.0,399831000.0,-329528000.0,0.0,937938000.0,-1568000.0,431131000.0,431131000.0,431131000.0,-49187000.0,112689000.0,0.21,878620000.0,645454000.0,20191000.0,0.0,7.197,48.877,105.11,101065000.0,0.0,249.11,10.273,10.273,116459000.0,1689925000.0,2051258000.0,2051258000.0,151960000.0,0.054,0.149,0.121,0.283,89724000.0,683578000.0,1.0,84590007.0,84590007.0,,24.249,6896640000.0,192496000.0,8225000.0,48580000.0,81.53,2697884000.0
7,MTCH,MRT,2019-09-30,2019-09-30,2019-09-30,2021-08-25,-144604000.0,8304791000.0,7659595750.0,3684294000.0,4620497000.0,0.094,34.369,-1557000.0,2946180000.0,2946180000.0,277537000.0,637025000.0,3.555,1.553,3125632000.0,13750000.0,3111882000.0,3125632000.0,414325000.0,-54093000.0,0.0,0.0,0.0,625142000.0,571049000.0,0.797,571049000.0,625142000.0,508364000.0,0.65,0.59,0.65,2897274000.0,2875930250.0,2897274000.0,18374953233.0,29.0,32.178,1003636000.0,11.906,1.0,438833000.0,0.613,3456688000.0,116778000.0,3991274000.0,3400775750.0,0.0,491154000.0,157174000.0,333980000.0,4499030000.0,1036281000.0,3462749000.0,18374631233.0,1276392000.0,-13618000.0,249423000.0,1481653000.0,-105126000.0,582588000.0,-307175000.0,230286000.0,1005193000.0,-4214000.0,522458000.0,522458000.0,522458000.0,-356189000.0,114567000.0,0.729,-105835000.0,544668000.0,100858000.0,0.0,6.342,35.17,335.338,539461000.0,0.0,217.97,25.65,25.65,355924000.0,1589500000.0,716370000.0,716370000.0,59897000.0,0.068,0.182,0.184,0.873,-35158000.0,-144658000.0,1.0,84298900.0,84298900.0,,8.498,4848103000.0,170299000.0,-14094000.0,57954000.0,57.511,2648013000.0
8,MTCH,MRT,2019-06-30,2019-06-30,2019-06-30,2021-08-25,-125705000.0,8299105000.0,7176484750.0,3914087000.0,4385018000.0,0.178,35.476,-12552000.0,3151959000.0,3151959000.0,376550000.0,648830000.0,4.105,1.493,3152281000.0,13750000.0,3138531000.0,3152281000.0,402218000.0,-24190000.0,0.0,0.0,0.0,611507000.0,587317000.0,0.459,587317000.0,611507000.0,506112000.0,1.69,1.45,1.69,2983461000.0,2801732250.0,2983461000.0,18422520180.0,30.0,31.367,951580000.0,11.315,1.0,902919000.0,0.706,3521380000.0,105395000.0,3824585000.0,3055276750.0,0.0,263707000.0,161749000.0,101958000.0,4455508000.0,953462000.0,3502046000.0,18293873180.0,1508777000.0,-12650000.0,174401000.0,1479306000.0,-105126000.0,686679000.0,-140464000.0,141777000.0,964132000.0,-1570000.0,539688000.0,539688000.0,539688000.0,-334208000.0,109142000.0,0.422,360655000.0,542264000.0,104392000.0,0.0,6.132,33.897,128.716,541840000.0,0.0,217.53,14.298,14.298,365495000.0,1460956000.0,1279469000.0,1279469000.0,101028000.0,0.075,0.193,0.2,0.478,-600000.0,250798000.0,1.0,84098162.0,84098162.0,,15.214,4777725000.0,115988000.0,-33576000.0,59543000.0,56.811,2960625000.0
9,MTCH,MRT,2019-03-31,2019-03-31,2019-03-31,2021-08-25,-126719000.0,7159902000.0,6660529500.0,2829898000.0,4330004000.0,0.276,33.182,-42451000.0,2217337000.0,2217337000.0,468109000.0,782893000.0,3.117,1.291,2345984000.0,13750000.0,2332234000.0,2345984000.0,386943000.0,38658000.0,0.0,0.0,0.0,720496000.0,759154000.0,0.412,759154000.0,720496000.0,621290000.0,3.68,3.22,3.68,2779861000.0,2699886750.0,2779861000.0,17729800178.0,25.0,23.355,896609000.0,10.702,1.0,1372509000.0,0.746,3353897000.0,99206000.0,3026832000.0,2730667750.0,0.0,274997000.0,40401000.0,234596000.0,3588566000.0,907820000.0,2680746000.0,17602134178.0,558991000.0,21333000.0,12000.0,342911000.0,-105126000.0,-303308000.0,-72943000.0,98115000.0,939060000.0,-3818000.0,644574000.0,644574000.0,644574000.0,-306643000.0,138319000.0,0.35,833117000.0,539392000.0,83535000.0,0.0,6.332,27.308,57.095,498446000.0,0.0,210.11,9.563,9.563,345686000.0,1347489000.0,1840618000.0,1840618000.0,143793000.0,0.097,0.239,0.264,0.391,74393000.0,650666000.0,1.0,83775804.0,83775804.0,,21.971,3806005000.0,129304000.0,-23284000.0,59079000.0,45.431,1922078000.0
10,MTCH,MRT,2018-12-31,2018-12-31,2018-12-31,2021-08-25,-128722000.0,6874585000.0,6378297500.0,2762739000.0,4111846000.0,0.271,34.044,-31397000.0,2131632000.0,2131632000.0,410000000.0,757747000.0,3.127,1.169,2259298000.0,13750000.0,2245548000.0,2259298000.0,360015000.0,36145000.0,0.0,0.0,0.0,732836000.0,768981000.0,0.445,768981000.0,732836000.0,638268000.0,3.48,3.05,3.48,2843125000.0,2628553250.0,2843125000.0,15613158997.0,21.0,20.304,956730000.0,11.456,1.0,1319850000.0,0.763,3358281000.0,94568000.0,2760412000.0,2545016750.0,0.0,358720000.0,123665000.0,235055000.0,3322784000.0,883558000.0,2439226000.0,15286399997.0,500003000.0,1136000.0,12000.0,258260000.0,-105126000.0,-312798000.0,-173439000.0,-3800000.0,988127000.0,-1887000.0,626961000.0,626961000.0,626961000.0,-306643000.0,130786000.0,0.362,770381000.0,549469000.0,74907000.0,0.0,5.377,24.382,52.598,318800000.0,0.0,183.04,8.837,8.837,279189000.0,1258794000.0,1729850000.0,1729850000.0,132030000.0,0.098,0.239,0.288,0.424,66031000.0,602206000.0,1.0,83513986.0,83513986.0,,20.713,3516304000.0,64786000.0,11307000.0,61184000.0,42.104,1879181000.0
11,MTCH,MRT,2018-09-30,2018-09-30,2018-09-30,2021-08-25,-112855000.0,6372347000.0,6126603750.0,2472894000.0,3899453000.0,0.671,31.249,-79117000.0,1670984000.0,1670984000.0,857151000.0,563619000.0,2.768,1.17,1997743000.0,13750000.0,1983993000.0,1997743000.0,381397000.0,156047000.0,0.0,0.0,0.0,596095000.0,752142000.0,0.183,752142000.0,596095000.0,483885000.0,5.6,4.88,5.6,2600482000.0,2525279000.0,2600482000.0,18386028569.0,31.0,24.445,711481000.0,8.55,1.0,3252223000.0,0.791,3196323000.0,112210000.0,2609278000.0,2406836000.0,0.0,426170000.0,208555000.0,217615000.0,3043755000.0,893505000.0,2150250000.0,18034836569.0,415917000.0,-5887000.0,-59241000.0,393139000.0,0.0,-63925000.0,-312752000.0,-239069000.0,790598000.0,1996000.0,468013000.0,468013000.0,468013000.0,0.0,95606000.0,0.114,2726644000.0,525579000.0,76193000.0,0.0,6.935,38.535,38.7,308465000.0,0.0,216.72,4.389,4.389,347158000.0,1067042000.0,4109374000.0,4109374000.0,300166000.0,0.076,0.185,0.248,0.145,229262000.0,2270431000.0,1.0,83217223.0,83217223.0,,49.381,3176024000.0,84817000.0,15872000.0,60102000.0,38.165,1579389000.0
12,MTCH,MRT,2018-06-30,2018-06-30,2018-06-30,2021-08-25,-112717000.0,6235284000.0,5918755750.0,2346772000.0,3888512000.0,0.648,30.783,-73398000.0,1644829000.0,1644829000.0,786203000.0,617681000.0,2.775,1.164,1996021000.0,13750000.0,1982271000.0,1996021000.0,375138000.0,138599000.0,0.0,0.0,0.0,366152000.0,504751000.0,0.132,504751000.0,366152000.0,256516000.0,6.07,5.18,6.07,2576079000.0,2482388750.0,2576079000.0,13098430228.0,36.0,25.95,565389000.0,6.756,1.0,3047013000.0,0.795,3214647000.0,109636000.0,2526149000.0,2238938250.0,0.0,337767000.0,120410000.0,217357000.0,2998336000.0,845680000.0,2152656000.0,12761268228.0,122545000.0,-21281000.0,-256678000.0,469303000.0,0.0,-299694000.0,-222722000.0,-139560000.0,638787000.0,6174000.0,501882000.0,501882000.0,501882000.0,0.0,115799000.0,0.131,2712855000.0,334158000.0,79107000.0,0.0,4.954,25.427,25.122,306602000.0,0.0,152.49,3.329,3.329,343576000.0,921268000.0,3833216000.0,3833216000.0,293071000.0,0.085,0.202,0.164,0.096,308371000.0,2281185000.0,1.0,83685935.0,83685935.0,,45.805,3020637000.0,62245000.0,-245366000.0,59492000.0,36.095,1501092000.0
13,MTCH,MRT,2018-03-31,2018-03-31,2018-03-31,2021-08-25,-74950000.0,6030974000.0,5556451500.0,2222932000.0,3808042000.0,0.637,30.179,-79167000.0,1657537000.0,1657537000.0,707012000.0,417384000.0,2.68,1.182,1994699000.0,14120000.0,1980579000.0,1994699000.0,374339000.0,126569000.0,0.0,0.0,0.0,160651000.0,287220000.0,0.081,287220000.0,160651000.0,53643000.0,4.3,3.56,4.3,2494527000.0,2329663250.0,2494527000.0,13288600807.0,83.0,46.266,421677000.0,5.101,1.0,2834469000.0,0.8,3254415000.0,107008000.0,2284228000.0,2079820000.0,0.0,87542000.0,5630000.0,81912000.0,2948583000.0,829493000.0,2119090000.0,12926190807.0,257931000.0,-27186000.0,-248809000.0,468079000.0,0.0,-160839000.0,-92422000.0,1803000.0,500844000.0,10348000.0,349797000.0,349797000.0,349797000.0,0.0,67587000.0,0.099,2593113000.0,241356000.0,79588000.0,0.0,5.182,36.953,36.367,301865000.0,0.0,156.38,3.65,3.65,325263000.0,702915000.0,3541481000.0,3541481000.0,273056000.0,0.063,0.15,0.077,0.045,289725000.0,2193488000.0,1.0,82658849.0,82658849.0,,42.845,2776559000.0,84108000.0,-296154000.0,60014000.0,33.591,1393439000.0
14,MTCH,MRT,2017-12-31,2017-12-31,2017-12-31,2021-08-25,-103568000.0,5867810000.0,5203539750.0,2125205000.0,3742605000.0,0.636,29.64,-75523000.0,1630809000.0,1630809000.0,651008000.0,358008000.0,2.657,1.202,1993219000.0,13750000.0,1979469000.0,1993219000.0,342483000.0,116408000.0,0.0,0.0,0.0,119169000.0,235577000.0,0.071,235577000.0,119169000.0,13874000.0,3.81,3.18,3.81,2430028000.0,2168046250.0,2430028000.0,10419119087.0,87.0,44.228,341176000.0,4.161,1.0,2656231000.0,0.803,3222803000.0,105295000.0,2207689000.0,1978522750.0,0.0,69972000.0,4995000.0,64977000.0,2920987000.0,799728000.0,2121259000.0,10025169087.0,273483000.0,39225000.0,-305233000.0,445120000.0,0.0,-196869000.0,42049000.0,75353000.0,416699000.0,11604000.0,304924000.0,304924000.0,304924000.0,0.0,53084000.0,0.092,2467765000.0,188466000.0,76571000.0,0.0,4.126,32.878,32.094,315170000.0,0.0,122.28,3.031,3.031,304027000.0,595038000.0,3307239000.0,3307239000.0,250879000.0,0.059,0.141,0.06,0.036,264618000.0,2100478000.0,1.0,81985354.0,81985354.0,,40.339,2645007000.0,66321000.0,-291050000.0,60694000.0,32.262,1325477000.0
15,MTCH,MRT,2017-09-30,2017-09-30,2017-09-30,2021-08-25,-99513000.0,5540955000.0,4898055500.0,1726903000.0,3814052000.0,0.647,30.455,-71819000.0,1255317000.0,1255317000.0,663749000.0,448776000.0,2.067,1.084,1649267000.0,0.0,1649267000.0,1649267000.0,343413000.0,112360000.0,0.0,0.0,0.0,164866000.0,277226000.0,0.088,277226000.0,164866000.0,63822000.0,4.66,4.04,4.66,2428921000.0,2027844750.0,2428921000.0,9428196481.0,57.0,34.009,375961000.0,4.714,1.0,2504067000.0,0.79,3161692000.0,101044000.0,1937687000.0,1908170250.0,0.0,120806000.0,0.0,120806000.0,2632252000.0,835526000.0,1796726000.0,9377502481.0,45834000.0,101920000.0,-360796000.0,-2128000.0,0.0,-604209000.0,200517000.0,163444000.0,447780000.0,1746000.0,374171000.0,374171000.0,374171000.0,0.0,74605000.0,0.118,2297141000.0,206926000.0,104806000.0,0.0,3.861,25.062,25.232,320277000.0,0.0,117.58,2.96,2.96,271209000.0,562234000.0,3167816000.0,3167816000.0,231233000.0,0.076,0.185,0.086,0.052,229572000.0,1953548000.0,1.0,79754231.0,79754231.0,,39.72,2379263000.0,129879000.0,-310349000.0,69313000.0,29.832,891377000.0
16,MTCH,MRT,2017-06-30,2017-06-30,2017-06-30,2021-08-25,-136738000.0,4786067000.0,4680606750.0,2013181000.0,2772886000.0,0.663,24.975,-84727000.0,1522300000.0,1522300000.0,676590000.0,275477000.0,2.944,1.329,1572994000.0,0.0,1572994000.0,1572994000.0,279099000.0,122949000.0,0.0,0.0,0.0,327773000.0,450722000.0,0.145,450722000.0,327773000.0,224647000.0,2.98,2.74,2.98,1965177000.0,1886581000.0,1965177000.0,8303462069.0,25.0,18.423,334031000.0,4.245,1.0,2426894000.0,0.782,2263270000.0,103126000.0,1889676000.0,1947553500.0,0.0,137039000.0,14984000.0,122055000.0,2612095000.0,683815000.0,1928280000.0,8123518069.0,256421000.0,123147000.0,-150737000.0,-144700000.0,0.0,-255682000.0,93015000.0,47119000.0,418758000.0,330000.0,237690000.0,237690000.0,237690000.0,0.0,37787000.0,0.077,2115795000.0,311099000.0,66194000.0,0.0,4.134,34.177,34.644,306144000.0,0.0,103.24,2.618,2.618,219946000.0,382591000.0,3103484000.0,3103484000.0,210292000.0,0.051,0.126,0.168,0.106,118761000.0,1782554000.0,1.0,78685762.0,78685762.0,,39.441,2522797000.0,0.0,-13043000.0,282661000.0,32.062,1329366000.0
17,MTCH,MRT,2017-03-31,2017-03-31,2017-03-31,2021-08-25,-147345000.0,4619327000.0,4649095500.0,1886322000.0,2733005000.0,0.663,23.773,-73106000.0,1397038000.0,1397038000.0,707954000.0,4378000.0,2.776,1.407,1576982000.0,5000000.0,1571982000.0,1576982000.0,272371000.0,150536000.0,0.0,0.0,0.0,-7674000.0,142862000.0,0.046,142862000.0,-7674000.0,-113716000.0,-0.31,-0.41,-0.31,1848059000.0,1848899250.0,1848059000.0,6004041069.0,-782.0,42.027,299634000.0,3.854,1.0,2373582000.0,0.77,2240837000.0,106042000.0,1879039000.0,1998673000.0,0.0,153517000.0,33992000.0,119525000.0,2600598000.0,679395000.0,1921203000.0,5730744069.0,143576000.0,108111000.0,-214515000.0,-167898000.0,0.0,-405530000.0,178513000.0,136460000.0,372740000.0,-2147000.0,-23353000.0,-23353000.0,-23353000.0,0.0,27731000.0,-0.008,2390564000.0,-16982000.0,83003000.0,0.0,3.101,-245.396,-237.806,291721000.0,0.0,73.72,1.86,1.86,218504000.0,316323000.0,3081536000.0,3081536000.0,208427000.0,-0.005,-0.013,-0.004,-0.002,107610000.0,1756234000.0,1.0,77736626.0,77736626.0,,39.641,2378490000.0,0.0,-90363000.0,275355000.0,30.597,1206927000.0
18,MTCH,MRT,2016-12-31,2016-12-31,2016-12-31,2021-08-25,-166123000.0,4645873000.0,4757349500.0,1842735000.0,2803138000.0,0.66,23.575,-78039000.0,1329187000.0,1329187000.0,755730000.0,-16151000.0,2.583,1.41,1602484000.0,20000000.0,1582484000.0,1602484000.0,285615000.0,151102000.0,0.0,0.0,0.0,2896000.0,153998000.0,0.049,153998000.0,2896000.0,-106214000.0,-0.52,-0.52,-0.52,1869222000.0,1903244000.0,1869222000.0,5588694010.0,1930.0,36.291,266199000.0,3.357,1.0,2384152000.0,0.759,2279503000.0,109110000.0,1926279000.0,2041345000.0,0.0,212152000.0,89342000.0,122810000.0,2635203000.0,713388000.0,1921815000.0,5137193010.0,-141474000.0,153825000.0,-308948000.0,-184220000.0,0.0,-492140000.0,12862000.0,-74139000.0,344238000.0,-6434000.0,-41280000.0,-41280000.0,-41280000.0,0.0,25129000.0,-0.013,2416777000.0,-32625000.0,62863000.0,0.0,2.748,-124.448,-124.596,306248000.0,0.0,64.79,1.636,1.636,220138000.0,290114000.0,3139882000.0,3139882000.0,212765000.0,-0.009,-0.022,0.001,0.001,104820000.0,1777543000.0,1.0,79289906.0,79289906.0,,39.6,2366370000.0,2511000.0,-64934000.0,262326000.0,29.845,1129347000.0
19,MTCH,MRT,2016-09-30,2016-09-30,2016-09-30,2021-08-25,-122684000.0,4671160000.0,4893054000.0,1799530000.0,2871630000.0,0.649,23.422,-80230000.0,1189784000.0,1189784000.0,757346000.0,-161657000.0,2.561,1.449,1641285000.0,0.0,1641285000.0,1641285000.0,284227000.0,232543000.0,0.0,0.005,0.34,-146792000.0,85751000.0,0.027,85751000.0,-146792000.0,-257780000.0,-2.19,-2.25,-2.19,1863866000.0,1887070000.0,1863866000.0,5430390156.0,-37.0,63.327,335593000.0,4.217,1.0,2420102000.0,0.762,2324852000.0,110988000.0,2095220000.0,2064640250.0,0.0,304717000.0,177862000.0,126855000.0,2700961000.0,702589000.0,1998372000.0,4971115156.0,423336000.0,-465242000.0,-260269000.0,627631000.0,-28249000.0,688755000.0,-680466000.0,-141110000.0,415823000.0,-966000.0,-175180000.0,-175180000.0,-175180000.0,-11000.0,13523000.0,-0.055,2570977000.0,-150875000.0,72268000.0,-0.155,2.667,-28.377,-28.525,317277000.0,0.0,62.47,1.564,1.564,199328000.0,188063000.0,3177448000.0,3177448000.0,220444000.0,-0.036,-0.093,-0.071,-0.046,165338000.0,1828567000.0,1.0,79576039.0,79576039.0,,39.93,2346308000.0,0.0,-82600000.0,286683000.0,29.485,1096941000.0
20,MTCH,MRT,2016-06-30,2016-06-30,2016-06-30,2021-08-25,-117407000.0,4660022000.0,4732093500.0,1792868000.0,2867154000.0,0.687,22.911,-70366000.0,1245984000.0,1245984000.0,777592000.0,-148954000.0,2.59,1.522,1705259000.0,50000000.0,1655259000.0,1705259000.0,285733000.0,228288000.0,0.0,0.012,0.68,-112785000.0,115503000.0,0.036,115503000.0,-112785000.0,-212647000.0,-1.94,-2.0,-1.94,1814450000.0,1882401250.0,1814450000.0,4858400406.0,-43.0,42.063,332720000.0,4.201,1.0,2474315000.0,0.761,2332937000.0,99862000.0,2094154000.0,1885423000.0,0.0,206526000.0,79208000.0,127318000.0,2761089000.0,692206000.0,2068883000.0,4458692406.0,589575000.0,-469695000.0,-217410000.0,617840000.0,-56467000.0,603585000.0,-410886000.0,130297000.0,403086000.0,-6453000.0,-152731000.0,-152731000.0,-152731000.0,-28000.0,3777000.0,-0.047,2623644000.0,-149329000.0,61749000.0,-0.351,2.457,-29.193,-29.021,306999000.0,0.0,56.3,1.371,1.371,189491000.0,144901000.0,3251907000.0,3251907000.0,217599000.0,-0.032,-0.081,-0.06,-0.035,156004000.0,1888334000.0,1.0,79195247.0,79195247.0,,41.062,2327085000.0,0.0,-59916000.0,292821000.0,29.384,1100662000.0
21,MTCH,MRT,2016-03-31,2016-03-31,2016-03-31,2021-08-25,-110964000.0,5052343000.0,4585852500.0,1884329000.0,3168014000.0,0.715,24.865,-65263000.0,1326164000.0,1326164000.0,785158000.0,99320000.0,2.425,1.417,1725872000.0,65000000.0,1660872000.0,1725872000.0,273123000.0,203649000.0,0.0,0.022,1.02,213637000.0,417286000.0,0.127,417286000.0,213637000.0,126205000.0,1.23,1.13,1.23,2065438000.0,1882635250.0,2065438000.0,4217465164.0,20.0,10.107,383579000.0,4.618,1.0,2492442000.0,0.76,2625382000.0,87432000.0,2049727000.0,1745104500.0,0.0,236011000.0,106316000.0,129695000.0,2925832000.0,776942000.0,2148890000.0,3910699164.0,567067000.0,-511550000.0,-163949000.0,646038000.0,-84521000.0,710176000.0,-592823000.0,-14121000.0,448842000.0,872000.0,101349000.0,101349000.0,101349000.0,125000.0,-2029000.0,0.031,2326556000.0,165886000.0,96503000.0,0.829,1.893,38.586,38.276,304963000.0,0.0,47.08,1.193,1.193,234546000.0,339676000.0,3277600000.0,3277600000.0,210464000.0,0.022,0.054,0.122,0.065,134570000.0,1898387000.0,1.0,83064978.0,83064978.0,,39.458,2426961000.0,0.0,24856000.0,384401000.0,29.218,1107387000.0
22,MTCH,MRT,2015-12-31,2015-12-31,2015-12-31,2021-08-25,-152103000.0,5188691000.0,4312293000.0,1945010000.0,3243681000.0,0.749,21.745,-62049000.0,1481447000.0,1481447000.0,778161000.0,113374000.0,2.531,1.647,1766954000.0,40000000.0,1726954000.0,1766954000.0,258412000.0,202157000.0,0.0,0.023,1.36,222624000.0,424781000.0,0.131,424781000.0,222624000.0,148988000.0,1.44,1.33,1.44,1804526000.0,1804454250.0,1804526000.0,5216888322.0,23.0,12.281,343622000.0,4.141,1.0,2452772000.0,0.759,2686192000.0,73636000.0,2019460000.0,1620248500.0,0.0,176586000.0,39200000.0,137386000.0,2972866000.0,768546000.0,2204320000.0,4983336322.0,491042000.0,-607989000.0,-223431000.0,688950000.0,-113196000.0,678390000.0,-582721000.0,90858000.0,405671000.0,-10298000.0,119472000.0,119472000.0,119472000.0,0.0,-6098000.0,0.037,2273184000.0,179588000.0,86883000.0,0.944,2.762,41.711,41.701,302817000.0,0.0,60.05,1.542,1.542,250077000.0,331394000.0,3230933000.0,3230933000.0,196623000.0,0.028,0.066,0.137,0.069,105450000.0,1860348000.0,1.0,82986450.0,82986450.0,,38.933,2502499000.0,0.0,29516000.0,382465000.0,30.156,1176464000.0
23,MTCH,MRT,2015-09-30,2015-09-30,2015-09-30,2021-08-25,-144488000.0,4027318000.0,4079341500.0,1246246000.0,2781072000.0,0.788,22.253,-62758000.0,766448000.0,766448000.0,779622000.0,213374000.0,1.907,1.183,1000000000.0,0.0,1000000000.0,1000000000.0,237947000.0,119035000.0,0.0,0.021,1.36,359594000.0,478629000.0,0.149,478629000.0,359594000.0,300129000.0,2.66,2.49,2.66,1845191000.0,1851311000.0,1845191000.0,5836187146.0,16.0,12.194,250736000.0,3.024,1.0,2433337000.0,0.757,2229062000.0,59465000.0,1378351000.0,1471863000.0,0.0,192762000.0,53937000.0,138825000.0,2182127000.0,653457000.0,1528670000.0,5412596146.0,-165264000.0,8458000.0,-233765000.0,-80383000.0,-113780000.0,-413038000.0,-49565000.0,23796000.0,313494000.0,-15991000.0,221493000.0,221493000.0,221493000.0,-614000.0,-8119000.0,0.069,2137947000.0,295390000.0,68448000.0,0.511,2.933,24.437,24.539,299078000.0,0.0,65.275,1.685,1.685,246978000.0,391492000.0,3212959000.0,3212959000.0,180709000.0,0.054,0.12,0.244,0.112,35222000.0,1838203000.0,1.0,82919895.0,82919895.0,,38.748,1798256000.0,0.0,78636000.0,440967000.0,21.687,592789000.0
24,MTCH,MRT,2015-06-30,2015-06-30,2015-06-30,2021-08-25,-130295000.0,4075058000.0,4132114500.0,1322762000.0,2752296000.0,0.764,22.12,-57492000.0,656409000.0,656409000.0,804940000.0,474322000.0,1.85,1.245,1080000000.0,80000000.0,1000000000.0,1080000000.0,232673000.0,121656000.0,0.0,0.017,1.36,518486000.0,640142000.0,0.203,640142000.0,518486000.0,461004000.0,5.78,5.43,5.78,1815386000.0,1883770250.0,1815386000.0,6945952546.0,13.0,10.851,303564000.0,3.699,1.0,2351689000.0,0.745,2250912000.0,57482000.0,1532880000.0,1482852750.0,0.0,364908000.0,233523000.0,131385000.0,2259672000.0,714857000.0,1544815000.0,6537549546.0,-330917000.0,-134706000.0,-205224000.0,-383000.0,-113981000.0,-296076000.0,-372825000.0,-177794000.0,361056000.0,-22841000.0,482694000.0,482694000.0,482694000.0,-176327000.0,-8372000.0,0.153,2042476000.0,309213000.0,79434000.0,0.235,3.601,13.544,13.782,297158000.0,0.0,79.66,2.071,2.071,223106000.0,354099000.0,3156629000.0,3156629000.0,174541000.0,0.117,0.256,0.35,0.164,29796000.0,1746279000.0,1.0,82068159.0,82068159.0,,38.464,1824146000.0,0.0,-21690000.0,457456000.0,22.227,607905000.0
25,MTCH,MRT,2015-03-31,2015-03-31,2015-03-31,2021-08-25,-143273000.0,3958105000.0,4155219500.0,1293943000.0,2664162000.0,0.756,20.828,-60388000.0,671597000.0,671597000.0,837707000.0,397727000.0,2.068,1.258,1080000000.0,0.0,1080000000.0,1080000000.0,214476000.0,120408000.0,0.0,0.019,1.26,481874000.0,602282000.0,0.192,602282000.0,481874000.0,425560000.0,4.84,4.53,4.84,1752714000.0,1848155750.0,1752714000.0,5767352503.0,12.0,9.576,317209000.0,3.769,1.0,2304105000.0,0.733,2190453000.0,56314000.0,1550303000.0,1469985500.0,0.0,329300000.0,205621000.0,123679000.0,2205391000.0,625752000.0,1579639000.0,5677757503.0,-331714000.0,-128616000.0,-209650000.0,-383000.0,-106009000.0,-305734000.0,-377193000.0,-188032000.0,377597000.0,-26239000.0,405393000.0,405393000.0,405393000.0,-175612000.0,-7666000.0,0.129,1961971000.0,342134000.0,83446000.0,0.26,3.239,14.006,13.94,297956000.0,0.0,67.47,1.807,1.807,232464000.0,322848000.0,3141812000.0,3141812000.0,166956000.0,0.098,0.219,0.328,0.153,31332000.0,1674607000.0,1.0,84152327.0,84152327.0,,37.335,1767652000.0,0.0,20167000.0,437084000.0,21.005,668191000.0
26,MTCH,MRT,2014-12-31,2014-12-31,2014-12-31,2021-08-25,-87700000.0,4256885000.0,4221707250.0,1535888000.0,2720997000.0,0.737,23.77,-57233000.0,990405000.0,990405000.0,860204000.0,409230000.0,2.28,1.136,1080000000.0,0.0,1080000000.0,1080000000.0,194988000.0,119082000.0,0.0,0.019,1.16,506559000.0,625641000.0,0.201,625641000.0,506559000.0,450245000.0,4.98,4.68,4.98,1991953000.0,1837350750.0,1991953000.0,5242568723.0,10.0,8.38,366815000.0,4.377,1.0,2249343000.0,0.723,2246862000.0,56314000.0,1425918000.0,1460475750.0,0.0,275631000.0,160648000.0,114983000.0,2263743000.0,673700000.0,1590043000.0,5094280723.0,-110039000.0,-201003000.0,1609000.0,-383000.0,-97338000.0,-80980000.0,-439794000.0,-178516000.0,424048000.0,-13168000.0,414873000.0,414873000.0,414873000.0,-174673000.0,-5643000.0,0.133,1870616000.0,378727000.0,81163000.0,0.233,2.557,12.279,12.207,302459000.0,0.0,60.79,1.638,1.638,236086000.0,325118000.0,3109547000.0,3109547000.0,160515000.0,0.098,0.226,0.347,0.163,14677000.0,1591019000.0,1.0,83801295.0,83801295.0,,37.106,2010023000.0,0.0,35372000.0,424425000.0,23.986,862188000.0
27,MTCH,MRT,2014-09-30,2014-09-30,2014-09-30,2021-08-25,-46768000.0,4238410000.0,4216157000.0,1455279000.0,2783131000.0,0.712,23.685,-55230000.0,931712000.0,931712000.0,844489000.0,419472000.0,2.226,1.145,1080000000.0,0.0,1080000000.0,1080000000.0,208973000.0,115008000.0,0.0,0.016,1.06,499061000.0,614069000.0,0.204,614069000.0,499061000.0,446290000.0,5.05,4.75,5.05,1975028000.0,1761046500.0,1975028000.0,5587849227.0,11.0,9.1,326062000.0,3.91,1.0,2158759000.0,0.719,2310695000.0,52771000.0,1422310000.0,1480667250.0,0.0,236284000.0,119049000.0,117235000.0,2261585000.0,653693000.0,1607892000.0,5495175227.0,190060000.0,-245173000.0,-112194000.0,492601000.0,-88812000.0,227791000.0,-412173000.0,-111261000.0,381292000.0,-2545000.0,421618000.0,421618000.0,421618000.0,-174072000.0,-2146000.0,0.14,1777452000.0,381307000.0,74908000.0,0.21,2.782,13.034,13.05,300955000.0,0.0,65.9,1.83,1.83,235035000.0,283523000.0,3003248000.0,3003248000.0,153710000.0,0.1,0.239,0.337,0.166,9873000.0,1508734000.0,1.0,83386574.0,83386574.0,,36.016,1927715000.0,0.0,24672000.0,457331000.0,23.118,801586000.0
28,MTCH,MRT,2014-06-30,2014-06-30,2014-06-30,2021-08-25,-9906000.0,4167478000.0,4107750000.0,1477432000.0,2690046000.0,0.725,20.146,-59049000.0,987326000.0,987326000.0,868650000.0,189116000.0,2.514,1.49,1080000000.0,0.0,1080000000.0,1080000000.0,184423000.0,110945000.0,0.0,0.014,0.96,358745000.0,469690000.0,0.158,469690000.0,358745000.0,312360000.0,2.31,2.2,2.31,1672928000.0,1701053500.0,1672928000.0,5825520646.0,16.0,12.403,272420000.0,3.281,1.0,2109239000.0,0.708,2191011000.0,46385000.0,1481411000.0,1352715500.0,0.0,201098000.0,81611000.0,119487000.0,2492651000.0,587730000.0,1904921000.0,5748831646.0,308601000.0,-106901000.0,-119586000.0,492601000.0,-80395000.0,169568000.0,-200972000.0,-35123000.0,331469000.0,12905000.0,191746000.0,191746000.0,191746000.0,-2256000.0,-2630000.0,0.064,1706881000.0,402358000.0,58569000.0,0.416,3.436,29.981,29.97,291289000.0,0.0,69.23,1.931,1.931,223436000.0,-14846000.0,2977889000.0,2977889000.0,148251000.0,0.047,0.113,0.265,0.12,12454000.0,1447685000.0,1.0,83039602.0,83039602.0,,35.861,1976467000.0,0.0,120614000.0,748365000.0,23.801,889702000.0
29,MTCH,MRT,2014-03-31,2014-03-31,2014-03-31,2021-08-25,-7697000.0,4224056000.0,4019003250.0,1471076000.0,2752980000.0,0.752,20.793,-56394000.0,1003311000.0,1003311000.0,930742000.0,265451000.0,2.449,1.47,1080000000.0,0.0,1080000000.0,1080000000.0,175897000.0,117455000.0,0.0,0.013,0.96,438170000.0,555625000.0,0.184,555625000.0,438170000.0,398173000.0,3.23,3.09,3.23,1709494000.0,1690647750.0,1709494000.0,5849012495.0,13.0,10.527,304846000.0,3.708,1.0,2090243000.0,0.692,2187838000.0,39997000.0,1512264000.0,1225521250.0,0.0,223825000.0,39543000.0,184282000.0,2512832000.0,600643000.0,1912189000.0,5869456495.0,329554000.0,-89221000.0,-180318000.0,492601000.0,-77764000.0,118741000.0,-156185000.0,-7721000.0,361240000.0,10060000.0,268032000.0,268032000.0,268032000.0,-2056000.0,-2581000.0,0.089,1676879000.0,413364000.0,67516000.0,0.297,3.433,21.898,22.102,291111000.0,0.0,71.39,1.943,1.943,241017000.0,3150000.0,3020985000.0,3020985000.0,143458000.0,0.067,0.159,0.358,0.145,5391000.0,1415966000.0,1.0,82216788.0,82216788.0,,36.744,2036218000.0,0.0,130141000.0,744598000.0,24.766,870433000.0
30,MTCH,MRT,2013-12-31,2013-12-31,2013-12-31,2021-08-25,-13046000.0,4234684000.0,3908050750.0,1475386000.0,2759298000.0,0.774,20.25,-80311000.0,1100444000.0,1100444000.0,977357000.0,283725000.0,2.514,1.485,1080000000.0,0.0,1080000000.0,1080000000.0,158206000.0,118752000.0,0.0,0.014,0.96,453882000.0,572634000.0,0.189,572634000.0,453882000.0,420286000.0,3.42,3.29,3.42,1686736000.0,1672404000.0,1686736000.0,5556556774.0,12.0,9.704,330650000.0,3.97,1.0,2045630000.0,0.677,2120659000.0,33596000.0,1506684000.0,1082966750.0,0.0,185994000.0,6004000.0,179990000.0,2505283000.0,586897000.0,1918386000.0,5718208774.0,350467000.0,-40434000.0,-269291000.0,476757000.0,-79189000.0,17666000.0,-79761000.0,44513000.0,410961000.0,3478000.0,285784000.0,285784000.0,285784000.0,-1926000.0,-2059000.0,0.095,1619427000.0,426203000.0,77653000.0,0.281,3.39,20.009,20.073,293964000.0,0.0,68.651,1.892,1.892,207408000.0,-32735000.0,3022987000.0,3022987000.0,139759000.0,0.073,0.171,0.419,0.15,20114000.0,1360916000.0,1.0,83293889.0,83293889.0,,36.293,2114025000.0,0.0,134502000.0,737132000.0,25.38,888489000.0
31,MTCH,MRT,2013-09-30,2013-09-30,2013-09-30,2021-08-25,-6625000.0,3804782000.0,3800836750.0,1129921000.0,2674861000.0,0.806,20.911,-82952000.0,741652000.0,741652000.0,1046336000.0,246810000.0,1.878,1.162,580000000.0,0.0,580000000.0,580000000.0,161950000.0,122492000.0,0.0,0.018,0.96,411740000.0,534232000.0,0.174,534232000.0,411740000.0,386749000.0,2.98,2.84,2.98,1735056000.0,1664652000.0,1735056000.0,4437525466.0,11.0,8.306,272298000.0,3.282,1.0,2017447000.0,0.658,2131076000.0,24991000.0,910503000.0,938232750.0,0.0,190510000.0,26340000.0,164170000.0,2016786000.0,601551000.0,1415235000.0,4536250466.0,239873000.0,-62588000.0,-476938000.0,473155000.0,-83350000.0,-96767000.0,-20205000.0,114090000.0,355250000.0,944000.0,249606000.0,249606000.0,249606000.0,568000.0,-2796000.0,0.081,1618902000.0,398545000.0,72966000.0,0.322,2.614,18.174,18.346,290470000.0,0.0,54.67,1.481,1.481,209949000.0,-109652000.0,3063783000.0,3063783000.0,138299000.0,0.066,0.15,0.439,0.134,-830000.0,1358111000.0,1.0,82975132.0,82975132.0,,36.924,1673706000.0,0.0,137143000.0,737281000.0,20.171,528370000.0
32,MTCH,MRT,2013-06-30,2013-06-30,2013-06-30,2021-08-25,-32187000.0,3812491000.0,3745285000.0,1070735000.0,2741756000.0,0.807,19.485,-78667000.0,678725000.0,678725000.0,1059755000.0,191736000.0,1.753,1.306,580000000.0,0.0,580000000.0,580000000.0,164667000.0,114333000.0,0.0,0.02,0.96,340765000.0,455098000.0,0.151,455098000.0,340765000.0,322006000.0,2.27,2.14,2.27,1631305000.0,1717986500.0,1631305000.0,3889648831.0,11.0,8.547,298596000.0,3.567,1.0,1961626000.0,0.649,2130476000.0,18759000.0,972634000.0,836420250.0,0.0,204586000.0,7775000.0,196811000.0,2129957000.0,610656000.0,1519301000.0,3983405831.0,-128471000.0,-416756000.0,-534963000.0,473155000.0,-85346000.0,-97079000.0,-407591000.0,86595000.0,377263000.0,-656000.0,193383000.0,193383000.0,193383000.0,10106000.0,-1647000.0,0.064,1607052000.0,354574000.0,83294000.0,0.423,2.442,20.599,20.96,289493000.0,0.0,47.58,1.318,1.318,235950000.0,-206592000.0,3021381000.0,3021381000.0,130663000.0,0.052,0.113,0.407,0.113,1906000.0,1362056000.0,1.0,83720173.0,83720173.0,,36.089,1682015000.0,0.0,128623000.0,809073000.0,20.091,460079000.0
33,MTCH,MRT,2013-03-31,2013-03-31,2013-03-31,2021-08-25,-44096000.0,3780246000.0,3678749250.0,1055682000.0,2724564000.0,0.789,19.422,-75206000.0,673757000.0,673757000.0,1024237000.0,177724000.0,1.785,1.279,580000000.0,0.0,580000000.0,580000000.0,169480000.0,97190000.0,0.0,0.019,0.84,308731000.0,405921000.0,0.14,405921000.0,308731000.0,296266000.0,2.07,1.94,2.07,1636519000.0,1795889250.0,1636519000.0,3610661124.0,12.0,8.895,312633000.0,3.71,1.0,1878345000.0,0.647,2153004000.0,12465000.0,942046000.0,721355000.0,0.0,163564000.0,5814000.0,157750000.0,2093756000.0,591439000.0,1502317000.0,3764794124.0,49661000.0,-419181000.0,-393391000.0,473155000.0,-79019000.0,47348000.0,-381217000.0,115677000.0,387839000.0,-3630000.0,178425000.0,178425000.0,178425000.0,13679000.0,-701000.0,0.061,1532991000.0,345354000.0,78168000.0,0.406,2.3,21.1,21.585,293282000.0,0.0,44.68,1.297,1.297,235181000.0,-264882000.0,2902582000.0,2902582000.0,123522000.0,0.049,0.099,0.428,0.106,7191000.0,1312279000.0,1.0,84261283.0,84261283.0,,34.447,1627242000.0,0.0,117841000.0,796658000.0,19.312,464243000.0
34,MTCH,MRT,2012-12-31,2012-12-31,2012-12-31,2021-08-25,-32169000.0,3805828000.0,3571807250.0,1156750000.0,2649078000.0,0.784,18.718,-51201000.0,749977000.0,749977000.0,991688000.0,160796000.0,1.851,1.267,595844000.0,15844000.0,580000000.0,595844000.0,155499000.0,88252000.0,0.0,0.015,0.72,284630000.0,372882000.0,0.133,372882000.0,284630000.0,278481000.0,1.85,1.71,1.85,1655728000.0,1850726500.0,1655728000.0,3772877747.0,13.0,10.118,303326000.0,3.429,1.0,1809245000.0,0.646,2099058000.0,6149000.0,927748000.0,628417500.0,0.0,181882000.0,20604000.0,161278000.0,2098193000.0,624889000.0,1473304000.0,4178812747.0,45824000.0,-400254000.0,-428989000.0,488999000.0,-68163000.0,33520000.0,-341307000.0,120071000.0,354527000.0,2556000.0,159266000.0,159266000.0,159266000.0,9051000.0,1530000.0,0.057,1485677000.0,323568000.0,98314000.0,0.389,2.524,26.238,25.536,270512000.0,0.0,47.242,1.492,1.492,229830000.0,-318519000.0,2800933000.0,2800933000.0,116526000.0,0.045,0.086,0.453,0.102,28524000.0,1280899000.0,1.0,88455458.0,88455458.0,,31.665,1706770000.0,0.0,119215000.0,803348000.0,19.295,531861000.0
35,MTCH,MRT,2012-09-30,2012-09-30,2012-09-30,2021-08-25,-11891000.0,3582575000.0,3472816500.0,988227000.0,2594348000.0,0.758,22.252,-44971000.0,501779000.0,501779000.0,934207000.0,165022000.0,1.581,0.812,95844000.0,15844000.0,80000000.0,95844000.0,159498000.0,81756000.0,0.0,0.012,0.6,262582000.0,344338000.0,0.131,344338000.0,262582000.0,253050000.0,1.96,1.81,1.96,1948394000.0,1913056750.0,1948394000.0,3847015145.0,15.0,11.172,381456000.0,4.357,1.0,1698418000.0,0.645,2048318000.0,9532000.0,503253000.0,529165500.0,0.0,308654000.0,138926000.0,169728000.0,1581939000.0,625069000.0,956870000.0,4558367145.0,-177532000.0,-377123000.0,-161430000.0,0.0,-54363000.0,-202767000.0,-398553000.0,37066000.0,426427000.0,265000.0,167293000.0,167293000.0,167293000.0,2215000.0,-2271000.0,0.064,1404689000.0,293729000.0,86810000.0,0.306,2.34,27.248,26.561,272317000.0,0.0,52.06,1.731,1.731,220735000.0,-359258000.0,2632625000.0,2632625000.0,112188000.0,0.048,0.087,0.496,0.1,42141000.0,1210745000.0,1.0,87559876.0,87559876.0,,30.067,1534257000.0,0.0,85757000.0,784582000.0,17.522,363158000.0
36,MTCH,MRT,2012-06-30,2012-06-30,2012-06-30,2021-08-25,-15560000.0,3546348000.0,3421881000.0,1279221000.0,2267127000.0,0.712,23.779,-40958000.0,807196000.0,807196000.0,860574000.0,188512000.0,2.099,0.8,95844000.0,15844000.0,80000000.0,95844000.0,159681000.0,85416000.0,0.0,0.008,0.36,225838000.0,311254000.0,0.128,311254000.0,225838000.0,217697000.0,2.27,2.07,2.27,1942916000.0,1907366500.0,1942916000.0,3197540414.0,14.0,10.273,379795000.0,4.648,1.0,1574465000.0,0.647,1713080000.0,8141000.0,512373000.0,544892000.0,0.0,330204000.0,138597000.0,191607000.0,1553908000.0,609543000.0,944365000.0,3725792414.0,184330000.0,-218912000.0,-329336000.0,0.0,-32365000.0,-354660000.0,132226000.0,410269000.0,420753000.0,-7756000.0,191549000.0,191549000.0,191549000.0,513000.0,-3037000.0,0.079,1312029000.0,262436000.0,71592000.0,0.159,1.918,19.451,20.088,255926000.0,0.0,45.6,1.53,1.53,205156000.0,-399975000.0,2435039000.0,2435039000.0,106148000.0,0.056,0.1,0.414,0.093,50808000.0,1120465000.0,1.0,81705974.0,81705974.0,,29.802,1833268000.0,0.0,26148000.0,779903000.0,22.437,669678000.0
37,MTCH,MRT,2012-03-31,2012-03-31,2012-03-31,2021-08-25,18453000.0,3352478000.0,3392759500.0,1077649000.0,2274829000.0,0.66,22.836,-41293000.0,624096000.0,624096000.0,804742000.0,188194000.0,2.053,0.779,95844000.0,15844000.0,80000000.0,95844000.0,145916000.0,82036000.0,0.0,0.005,0.24,204450000.0,286486000.0,0.128,286486000.0,204450000.0,197673000.0,2.24,2.04,2.24,1855868000.0,1944330000.0,1855868000.0,3381278106.0,17.0,11.803,336251000.0,4.137,1.0,1435089000.0,0.641,1729143000.0,6777000.0,570296000.0,710311250.0,0.0,358502000.0,151549000.0,206953000.0,1446258000.0,524787000.0,921471000.0,3989587106.0,-224499000.0,-240467000.0,-497550000.0,0.0,-21241000.0,-508577000.0,-80574000.0,222176000.0,377544000.0,-5154000.0,190641000.0,190641000.0,190641000.0,-1640000.0,-2447000.0,0.085,1211898000.0,223191000.0,58400000.0,0.107,2.15,20.927,21.915,255701000.0,0.0,49.09,1.781,1.781,181804000.0,-443307000.0,2239831000.0,2239831000.0,96517000.0,0.056,0.098,0.288,0.091,67727000.0,1033345000.0,1.0,81270872.0,81270872.0,,27.56,1623335000.0,0.0,7032000.0,767521000.0,19.974,552862000.0
38,MTCH,MRT,2011-12-31,2011-12-31,2011-12-31,2021-08-25,-12443000.0,3409865000.0,3412717750.0,1159133000.0,2250732000.0,0.603,23.223,-39954000.0,704153000.0,704153000.0,753889000.0,171577000.0,2.17,0.761,95844000.0,0.0,95844000.0,95844000.0,126297000.0,78776000.0,0.0,0.003,0.12,175616000.0,254392000.0,0.124,254392000.0,175616000.0,170186000.0,2.01,1.85,2.01,1905049000.0,2004631750.0,1905049000.0,2911127894.0,17.0,11.443,332432000.0,4.052,1.0,1305555000.0,0.634,1736631000.0,5430000.0,530740000.0,805643500.0,0.0,339447000.0,165695000.0,173752000.0,1449725000.0,534185000.0,915540000.0,3494594894.0,-37946000.0,-278469000.0,-374980000.0,0.0,-10668000.0,-372233000.0,-25186000.0,305934000.0,372386000.0,-4496000.0,174233000.0,174233000.0,174233000.0,3992000.0,-2656000.0,0.085,1107793000.0,197762000.0,64398000.0,0.06,1.834,20.057,21.194,259588000.0,0.0,42.6,1.697,1.697,177030000.0,-477785000.0,2059444000.0,2059444000.0,90757000.0,0.051,0.087,0.218,0.085,66422000.0,938260000.0,1.0,82032744.0,82032744.0,,25.105,1673234000.0,0.0,-4047000.0,752746000.0,20.397,624948000.0
39,MTCH,MRT,2011-09-30,2011-09-30,2011-09-30,2021-08-25,12137000.0,3378833000.0,3392521250.0,1124141000.0,2254692000.0,0.564,22.664,-35848000.0,679311000.0,679311000.0,716928000.0,208609000.0,2.279,0.706,95844000.0,0.0,95844000.0,95844000.0,104844000.0,86689000.0,0.0,0.0,0.0,211092000.0,297781000.0,0.156,297781000.0,211092000.0,211092000.0,2.26,2.14,2.26,1925633000.0,2040886500.0,1925633000.0,2833302341.0,13.0,9.515,366349000.0,4.312,1.0,1197000000.0,0.625,1735929000.0,0.0,566159000.0,945812000.0,0.0,363308000.0,185681000.0,177627000.0,1358836000.0,493278000.0,865558000.0,3360324341.0,-222903000.0,-289823000.0,-316619000.0,0.0,0.0,-507588000.0,-104711000.0,232770000.0,402197000.0,-3502000.0,212431000.0,212431000.0,212431000.0,33273000.0,-3822000.0,0.111,1076140000.0,120860000.0,59029000.0,0.0,1.745,15.818,17.5,260003000.0,0.0,39.55,1.756,1.756,154401000.0,-526551000.0,1913928000.0,1913928000.0,75602000.0,0.063,0.104,0.223,0.11,90682000.0,885817000.0,1.0,84963953.0,84963953.0,,22.526,1642904000.0,0.0,-1339000.0,732787000.0,19.336,630863000.0
40,MTCH,MRT,2011-06-30,2011-06-30,2011-06-30,2021-08-25,62224000.0,3429862000.0,3450862500.0,1149091000.0,2280771000.0,0.525,23.26,-35665000.0,622866000.0,622866000.0,676219000.0,162203000.0,2.834,0.64,95844000.0,0.0,95844000.0,95844000.0,90412000.0,81567000.0,0.0,0.0,0.0,211147000.0,292714000.0,0.162,292714000.0,211147000.0,211147000.0,1.66,1.61,1.66,2090770000.0,2222401500.0,2090770000.0,2678279075.0,13.0,9.15,330627000.0,3.678,1.0,1133791000.0,0.626,1323298000.0,0.0,1174050000.0,1098880000.0,0.0,544906000.0,288997000.0,255909000.0,1339092000.0,405492000.0,933600000.0,3431030075.0,-292303000.0,-80620000.0,-243941000.0,0.0,0.0,-434604000.0,-220111000.0,-96325000.0,366292000.0,4061000.0,164967000.0,164967000.0,164967000.0,34146000.0,-2764000.0,0.091,1021987000.0,111804000.0,47252000.0,0.0,1.641,20.798,22.994,261118000.0,0.0,38.17,1.896,1.896,126887000.0,-591524000.0,1810010000.0,1810010000.0,70938000.0,0.048,0.074,0.192,0.117,84855000.0,841450000.0,1.0,89888134.0,89888134.0,,20.136,2106564000.0,0.0,46180000.0,761705000.0,23.435,743599000.0
41,MTCH,MRT,2011-03-31,2011-03-31,2011-03-31,2021-08-25,20843000.0,3432311000.0,3522125000.0,1567335000.0,1864976000.0,0.488,23.704,-36633000.0,848595000.0,848595000.0,635385000.0,131896000.0,3.874,0.637,95844000.0,0.0,95844000.0,95844000.0,92658000.0,88298000.0,0.0,0.0,0.0,178109000.0,266407000.0,0.155,266407000.0,178109000.0,178109000.0,1.31,1.29,1.31,2097075000.0,2386342500.0,2097075000.0,2088072461.0,12.0,7.838,301418000.0,3.407,1.0,1083465000.0,0.63,1323316000.0,0.0,951625000.0,1120565000.0,0.0,668069000.0,468890000.0,199179000.0,1335236000.0,404619000.0,930617000.0,2734327461.0,-103677000.0,-55843000.0,-271057000.0,0.0,0.0,-469708000.0,32834000.0,123400000.0,338051000.0,3352000.0,136134000.0,136134000.0,136134000.0,34244000.0,-4238000.0,0.079,1005259000.0,78206000.0,57943000.0,0.0,1.304,20.086,23.594,262569000.0,0.0,30.907,1.591,1.591,131735000.0,-633948000.0,1718850000.0,1718850000.0,68027000.0,0.039,0.057,0.159,0.104,82896000.0,820902000.0,1.0,88468089.0,88468089.0,,19.429,2108995000.0,0.0,41975000.0,754875000.0,23.839,1162716000.0
42,MTCH,MRT,2010-12-31,2010-12-31,2010-12-31,2021-08-25,17546000.0,3329079000.0,3606675750.0,1543985000.0,1785094000.0,0.454,20.423,-39829000.0,742099000.0,742099000.0,593816000.0,94352000.0,4.326,0.624,95844000.0,0.0,95844000.0,95844000.0,78175000.0,91369000.0,0.0,0.0,0.0,131438000.0,222807000.0,0.136,222807000.0,131438000.0,131438000.0,0.93,0.93,0.93,2050068000.0,2577771750.0,2050068000.0,2074600317.0,16.0,9.311,300878000.0,2.997,1.0,1042999000.0,0.637,1234537000.0,0.0,1091414000.0,1217149250.0,0.0,764718000.0,563997000.0,200721000.0,1279011000.0,356873000.0,922138000.0,2880970317.0,-503898000.0,-17333000.0,-513659000.0,0.0,0.0,-717210000.0,-118096000.0,-60433000.0,340707000.0,-1754000.0,99359000.0,99359000.0,99359000.0,37023000.0,-5007000.0,0.061,993204000.0,49795000.0,56375000.0,0.0,1.405,28.996,30.86,267928000.0,0.0,28.7,1.76,1.76,119581000.0,-652018000.0,1636815000.0,1636815000.0,65097000.0,0.028,0.039,0.108,0.08,84280000.0,808706000.0,1.0,100382241.0,100382241.0,,16.306,2094542000.0,0.0,32079000.0,746186000.0,20.866,1187112000.0
43,MTCH,MRT,2010-09-30,2010-09-30,2010-09-30,2021-08-25,7929000.0,3612198000.0,3752805250.0,1631578000.0,1980620000.0,0.406,25.352,-36411000.0,902214000.0,902214000.0,526107000.0,-1001807000.0,5.13,0.362,95844000.0,0.0,95844000.0,95844000.0,72694000.0,200979000.0,0.0,0.0,0.0,-1021891000.0,-820912000.0,-0.539,-820912000.0,-1021891000.0,-1017821000.0,-7.17,-7.18,-7.17,2651693000.0,2751995000.0,2651693000.0,1928360457.0,-2.0,-2.349,374834000.0,3.584,1.0,997344000.0,0.655,1309360000.0,-4070000.0,1178431000.0,1255420750.0,0.0,681105000.0,471215000.0,209890000.0,960505000.0,318037000.0,642468000.0,2747685457.0,-503556000.0,850000.0,-731612000.0,0.0,0.0,-724735000.0,-158979000.0,-127123000.0,411245000.0,-754000.0,-1000536000.0,-1000536000.0,-1000536000.0,32075000.0,-1271000.0,-0.657,1941993000.0,-944649000.0,43292000.0,0.0,1.036,-2.746,-3.664,282143000.0,0.0,26.27,1.804,1.804,113251000.0,-738982000.0,1523451000.0,1523451000.0,58804000.0,-0.267,-0.364,-0.814,-0.671,81045000.0,758034000.0,1.0,104594041.0,104594041.0,,14.565,2302838000.0,0.0,-17285000.0,467130000.0,22.017,1313541000.0
44,MTCH,MRT,2010-06-30,2010-06-30,2010-06-30,2021-08-25,3098000.0,3714912000.0,4145756750.0,1725073000.0,1989839000.0,0.349,24.769,-38835000.0,915169000.0,915169000.0,484203000.0,-998154000.0,5.278,0.353,95844000.0,0.0,95844000.0,95844000.0,67308000.0,209618000.0,0.0,0.0,0.0,-997620000.0,-788002000.0,-0.545,-788002000.0,-997620000.0,-994895000.0,-7.18,-7.18,-7.18,2746534000.0,3171640750.0,2746534000.0,1579741770.0,-2.0,-2.005,338824000.0,3.056,1.0,962859000.0,0.665,1307959000.0,-2725000.0,1260790000.0,1285323000.0,0.0,768065000.0,551784000.0,216281000.0,968378000.0,326838000.0,641540000.0,2436169770.0,-693253000.0,-83725000.0,-690464000.0,0.0,0.0,-699664000.0,-339902000.0,-222251000.0,377659000.0,-4121000.0,-996363000.0,-996363000.0,-996363000.0,29794000.0,-1791000.0,-0.689,1938071000.0,-975212000.0,42981000.0,0.0,0.887,-2.445,-3.06,288177000.0,0.0,21.97,1.684,1.684,104971000.0,-756491000.0,1447062000.0,1447062000.0,54884000.0,-0.24,-0.314,-0.776,-0.689,80502000.0,744394000.0,1.0,110886198.0,110886198.0,,13.05,2406953000.0,0.0,1468000.0,461874000.0,21.707,1398235000.0
45,MTCH,MRT,2010-03-31,2010-03-31,2010-03-31,2021-08-25,14621000.0,3770514000.0,4532902000.0,1800998000.0,1969516000.0,0.307,24.561,-36848000.0,952272000.0,952272000.0,450286000.0,-970592000.0,5.839,0.317,95844000.0,0.0,95844000.0,95844000.0,64594000.0,213160000.0,0.0,0.0,0.0,-952307000.0,-739147000.0,-0.531,-739147000.0,-952307000.0,-950843000.0,-7.02,-7.02,-7.02,2862792000.0,3585741500.0,2862792000.0,1505031087.0,-2.0,-2.036,320075000.0,2.746,1.0,942577000.0,0.677,1267675000.0,-1464000.0,1337962000.0,1277136500.0,0.0,820000000.0,575132000.0,244868000.0,907722000.0,308449000.0,599273000.0,2655184087.0,-840523000.0,-83756000.0,-756841000.0,0.0,0.0,-765422000.0,-409039000.0,-290425000.0,356923000.0,2109000.0,-969141000.0,-969141000.0,-969141000.0,29404000.0,-1451000.0,-0.696,1938515000.0,-995938000.0,58318000.0,0.0,0.927,-2.74,-3.245,291429000.0,0.0,22.78,1.906,1.906,109422000.0,-770082000.0,1392863000.0,1392863000.0,56937000.0,-0.214,-0.27,-0.746,-0.684,73046000.0,739043000.0,1.0,116557686.0,116557686.0,,11.95,2502839000.0,0.0,18298000.0,457608000.0,21.473,1492549000.0
46,MTCH,MRT,2009-12-31,2009-12-31,2009-12-31,2021-08-25,24503000.0,3913597000.0,4933698500.0,2000049000.0,1913548000.0,0.273,20.815,-33938000.0,1245997000.0,1245997000.0,429849000.0,-979912000.0,6.89,0.425,95844000.0,0.0,95844000.0,95844000.0,57412000.0,218422000.0,0.0,0.0,0.0,-969348000.0,-750926000.0,-0.558,-750926000.0,-969348000.0,-969348000.0,-7.06,-7.06,-7.06,2746961000.0,3996843500.0,2746961000.0,1392824515.0,-1.0,-1.855,314609000.0,2.384,1.0,916846000.0,0.681,1228667000.0,0.0,1244500000.0,1212150000.0,0.0,760521000.0,487591000.0,272930000.0,1166636000.0,290277000.0,876359000.0,2702750515.0,-498997000.0,-85534000.0,-393556000.0,0.0,0.0,-405797000.0,-422640000.0,-299127000.0,348547000.0,5601000.0,-978822000.0,-978822000.0,-978822000.0,23439000.0,-1090000.0,-0.727,1954833000.0,-1037987000.0,38212000.0,0.0,0.984,-2.761,-2.901,290333000.0,0.0,20.48,2.007,2.007,93474000.0,-751377000.0,1346695000.0,1346695000.0,57843000.0,-0.198,-0.245,-0.8,-0.72,70081000.0,745832000.0,1.0,131970240.0,131970240.0,,10.205,2684930000.0,0.0,9474000.0,728738000.0,20.345,1709772000.0
47,MTCH,MRT,2009-09-30,2009-09-30,2009-09-30,2021-08-25,21943000.0,5184004000.0,5268129250.0,2083616000.0,3100388000.0,0.251,32.705,-36489000.0,1405770000.0,1405770000.0,425423000.0,253703000.0,7.814,0.197,95844000.0,0.0,95844000.0,95844000.0,54544000.0,109377000.0,0.0,0.0,0.0,393704000.0,503081000.0,0.38,503081000.0,393704000.0,388137000.0,1.88,1.92,1.88,4330276000.0,4416987250.0,4330276000.0,1160629000.0,3.0,2.307,61178000.0,0.462,1.0,899187000.0,0.679,2309387000.0,5567000.0,1298040000.0,1157382250.0,0.0,629940000.0,361274000.0,268666000.0,853728000.0,266651000.0,587077000.0,2673207000.0,63658000.0,-96943000.0,-184295000.0,-5001000.0,0.0,-199115000.0,166783000.0,314805000.0,97667000.0,-1677000.0,261526000.0,261526000.0,261526000.0,14111000.0,-7823000.0,0.197,925357000.0,-26170000.0,43377000.0,0.0,0.617,10.222,10.739,304402000.0,0.0,20.19,2.018,2.018,91578000.0,261554000.0,1324610000.0,1324610000.0,54414000.0,0.05,0.059,0.34,0.297,58286000.0,733409000.0,1.0,132402526.0,132402526.0,,10.004,2874617000.0,0.0,126611000.0,436698000.0,21.711,1816965000.0
48,MTCH,MRT,2009-06-30,2009-06-30,2009-06-30,2021-08-25,40874000.0,5263493000.0,5242913250.0,2151739000.0,3111754000.0,0.259,29.428,-41863000.0,1608422000.0,1608422000.0,439158000.0,217187000.0,7.215,0.195,95844000.0,0.0,95844000.0,95844000.0,50286000.0,109462000.0,0.0,0.0,0.0,241238000.0,350700000.0,0.258,350700000.0,241238000.0,232014000.0,1.61,1.65,1.61,4402937000.0,4372819750.0,4402937000.0,704426230.0,3.0,2.009,127445000.0,0.852,1.0,918155000.0,0.676,2224659000.0,9224000.0,1228044000.0,1110514750.0,0.0,589571000.0,253967000.0,335604000.0,860556000.0,298212000.0,562344000.0,2401377230.0,176431000.0,294253000.0,-82260000.0,-519944000.0,0.0,-535826000.0,574575000.0,367164000.0,169308000.0,-31626000.0,225007000.0,225007000.0,225007000.0,25548000.0,-7820000.0,0.166,974084000.0,-55929000.0,49628000.0,0.0,0.545,10.672,9.969,307542000.0,0.0,16.05,1.769,1.769,90189000.0,239872000.0,1357313000.0,1357313000.0,59821000.0,0.043,0.051,0.217,0.178,80448000.0,775505000.0,1.0,149618519.0,149618519.0,,9.072,3038834000.0,0.0,7007000.0,411779000.0,20.311,1853527000.0
49,MTCH,MRT,2009-03-31,2009-03-31,2009-03-31,2021-08-25,-8714000.0,5373700000.0,6934114750.0,2324121000.0,3049579000.0,0.198,31.978,-51715000.0,1792795000.0,1792795000.0,439593000.0,-245291000.0,7.423,0.192,95844000.0,0.0,95844000.0,95844000.0,59518000.0,109677000.0,0.0,0.0,0.0,-252964000.0,-143287000.0,-0.104,-143287000.0,-252964000.0,-274813000.0,-1.69,-1.65,-1.69,4507200000.0,5319460250.0,4507200000.0,497479907.0,-2.0,-3.472,220956000.0,1.568,1.0,931839000.0,0.679,2285636000.0,21849000.0,1078016000.0,1339731250.0,0.0,357749000.0,216528000.0,141221000.0,866500000.0,313097000.0,553403000.0,2146629907.0,558745000.0,318453000.0,115054000.0,-519944000.0,0.0,-343159000.0,664712000.0,478132000.0,272671000.0,-35479000.0,-237403000.0,-237403000.0,-237403000.0,360797000.0,-7888000.0,-0.173,998109000.0,-66270000.0,54238000.0,0.0,0.476,-9.042,-9.012,313196000.0,0.0,15.23,1.565,1.565,91762000.0,199059000.0,1371432000.0,1371432000.0,60453000.0,-0.034,-0.045,-0.189,-0.184,85467000.0,795812000.0,1.0,140947466.0,140947466.0,,9.73,3088064000.0,0.0,-37410000.0,406814000.0,21.909,2011024000.0
50,MTCH,MRT,2008-12-31,2008-12-31,2008-12-31,2021-08-25,2180000.0,5251320000.0,8732820500.0,2184618000.0,3066702000.0,0.161,31.536,-58983000.0,1744994000.0,1744994000.0,456950000.0,-164161000.0,7.811,0.186,95844000.0,0.0,95844000.0,95844000.0,50886000.0,110769000.0,0.0,0.0,0.0,-154533000.0,-43764000.0,-0.031,-43764000.0,-154533000.0,-186896000.0,-1.12,-1.08,-1.12,4427536000.0,6321162250.0,4427536000.0,962191124.0,-6.0,-21.986,315082000.0,2.244,1.0,953128000.0,0.676,2297051000.0,32363000.0,1025429000.0,1624438250.0,0.0,246174000.0,125592000.0,120582000.0,823784000.0,279690000.0,544094000.0,2208459124.0,159692000.0,325273000.0,-156154000.0,-519944000.0,0.0,-623632000.0,432294000.0,667663000.0,374065000.0,-23035000.0,-156201000.0,-156201000.0,-156201000.0,306096000.0,-7960000.0,-0.111,997382000.0,-44254000.0,48876000.0,0.0,0.499,-14.139,-14.045,330261000.0,0.0,15.73,1.566,1.566,98402000.0,227445000.0,1410078000.0,1410078000.0,63817000.0,-0.018,-0.025,-0.095,-0.11,85773000.0,791194000.0,1.0,140397910.0,140397910.0,,10.043,2954269000.0,0.0,-30695000.0,403043000.0,21.042,1904928000.0
51,MTCH,MRT,2008-09-30,2008-09-30,2008-09-30,2021-08-25,-28792000.0,5083140000.0,10567691000.0,1767732000.0,3315408000.0,0.139,32.652,-86480000.0,1342112000.0,1342112000.0,497448000.0,-756720000.0,4.368,0.224,95844000.0,0.0,95844000.0,95844000.0,50474000.0,101419000.0,0.0,0.0,0.0,-812884000.0,-711465000.0,-0.483,-711465000.0,-812884000.0,-858128000.0,-3.71,-3.71,-3.71,4153606000.0,7360193750.0,4153606000.0,1672347526.0,-2.0,-2.351,607633000.0,4.777,1.0,975532000.0,0.662,2321587000.0,45244000.0,1110570000.0,3341132250.0,0.0,378354000.0,121515000.0,256839000.0,929534000.0,404715000.0,524819000.0,2200697526.0,-36481000.0,329783000.0,-244502000.0,-514942000.0,0.0,-703465000.0,-5264000.0,296694000.0,694113000.0,-21865000.0,-753511000.0,-753511000.0,-753511000.0,668134000.0,-3209000.0,-0.512,1049881000.0,-74349000.0,60325000.0,0.0,0.53,-2.921,-4.663,335537000.0,0.0,17.3,1.494,1.494,118149000.0,28000.0,1472980000.0,1472980000.0,118130000.0,-0.071,-0.102,-0.243,-0.552,97399000.0,834914000.0,1.0,127207950.0,127207950.0,,11.579,2761553000.0,0.0,-104617000.0,382275000.0,21.709,1363017000.0
52,MTCH,MRT,2008-06-30,2008-06-30,2008-06-30,2021-08-25,96975000.0,12028299000.0,12512227250.0,2826829000.0,9201470000.0,0.115,64.642,-45584000.0,1441322000.0,1441322000.0,518328000.0,-671031000.0,1.771,0.469,912972000.0,77773000.0,835199000.0,912972000.0,190073000.0,13013000.0,0.0,0.0,0.0,-621192000.0,-608179000.0,-0.423,-608179000.0,-621192000.0,-676353000.0,-3.57,-3.57,-3.57,8189499000.0,8579650000.0,8189499000.0,4581910298.0,-7.0,-7.534,727739000.0,5.744,1.0,920733000.0,0.64,7758766000.0,55161000.0,2144910000.0,3662072750.0,348303000.0,664546000.0,230701000.0,433845000.0,3838800000.0,1596273000.0,2242527000.0,4885194298.0,406292000.0,156315000.0,-455195000.0,138380000.0,0.0,-531945000.0,135727000.0,755922000.0,773323000.0,29187000.0,-668203000.0,-668203000.0,-668203000.0,588630000.0,-2828000.0,-0.464,970751000.0,-50018000.0,744254000.0,0.0,0.597,-7.311,-10.801,655695000.0,0.0,38.56,3.395,3.395,427693000.0,199039000.0,1439061000.0,1439061000.0,99751000.0,-0.053,-0.078,-0.17,-0.432,60323000.0,759450000.0,1.0,126690724.0,126690724.0,,11.359,4269533000.0,94704000.0,-8150000.0,1204540000.0,33.7,1230556000.0
53,MTCH,MRT,2008-03-31,2008-03-31,2008-03-31,2021-08-25,44238000.0,12568523000.0,12735685250.0,2810321000.0,9758202000.0,0.202,67.413,-77394000.0,1246663000.0,1246663000.0,1190456000.0,-154347000.0,1.622,0.476,943379000.0,93374000.0,850005000.0,943379000.0,199472000.0,52840000.0,0.0,0.0,0.0,-52077000.0,763000.0,0.0,763000.0,-52077000.0,-108951000.0,-0.17,-0.19,-0.17,8514008000.0,8813998500.0,8514008000.0,4581205216.0,-88.0,6004.201,903112000.0,7.151,1.0,1386476000.0,0.538,8316073000.0,56874000.0,2216844000.0,3845175250.0,351411000.0,761514000.0,260492000.0,501022000.0,4054515000.0,1732322000.0,2322193000.0,5243785216.0,12883000.0,8138000.0,-448868000.0,-58771000.0,0.0,-708518000.0,-291458000.0,458839000.0,980506000.0,32353000.0,-152003000.0,-152003000.0,-152003000.0,211185000.0,-2344000.0,-0.059,1363422000.0,23054000.0,808337000.0,0.0,0.616,-34.498,-244.235,660646000.0,0.0,41.52,2.035,2.035,508291000.0,620636000.0,2576932000.0,2576932000.0,82697000.0,-0.012,-0.017,-0.014,-0.02,68245000.0,1078684000.0,1.0,126295405.0,126295405.0,,20.404,4252450000.0,94373000.0,43052000.0,1259637000.0,33.671,1077999000.0
54,MTCH,MRT,2007-12-31,2007-12-31,2007-12-31,2021-08-25,39814000.0,12590802000.0,12872204750.0,3426237000.0,9164565000.0,0.104,66.477,-112901000.0,1585302000.0,1585302000.0,521744000.0,-146083000.0,1.976,0.467,846632000.0,12090000.0,834542000.0,846632000.0,48110000.0,95594000.0,0.0,0.0,0.0,-82694000.0,12900000.0,0.01,12900000.0,-82694000.0,-141748000.0,-1.01,-1.01,-1.01,8583662000.0,8939247500.0,8583662000.0,6549702110.0,-79.0,507.729,757857000.0,5.869,1.0,810838000.0,0.608,2225694000.0,59054000.0,7892205000.0,3994006750.0,0.0,627811000.0,326788000.0,301023000.0,4007140000.0,1734233000.0,2272907000.0,6951933110.0,157162000.0,-41721000.0,-607140000.0,-7576000.0,0.0,-808721000.0,71849000.0,479033000.0,870758000.0,23276000.0,-144069000.0,-144069000.0,-144069000.0,139672000.0,-2014000.0,-0.108,889342000.0,-78504000.0,41957000.0,0.0,0.81,-48.254,-53.307,334341000.0,0.0,53.84,5.217,5.217,116670000.0,567820000.0,1332582000.0,1332582000.0,61245000.0,-0.011,-0.016,-0.021,-0.062,73585000.0,682833000.0,1.0,129122086.0,129122086.0,,10.32,10365108000.0,0.0,2321000.0,264113000.0,80.274,1692004000.0
55,MTCH,MRT,2007-09-30,2007-09-30,2007-09-30,2021-08-25,85944000.0,12861285000.0,13035293250.0,3124094000.0,9737191000.0,0.009,68.725,-58771000.0,1402583000.0,1402583000.0,-42103000.0,236953000.0,1.888,0.424,1000352000.0,176961000.0,823391000.0,1000352000.0,162863000.0,-75525000.0,0.0,0.0,0.0,195820000.0,120295000.0,0.991,120295000.0,195820000.0,137999000.0,-0.44,-0.44,-0.44,9031431000.0,8978200500.0,9031431000.0,7805465296.0,40.0,64.886,854618000.0,6.503,1.0,163524000.0,1.347,8409831000.0,57821000.0,2394332000.0,4055613750.0,402095000.0,1049691000.0,561662000.0,488029000.0,3829854000.0,1654891000.0,2174963000.0,7798114296.0,309736000.0,209795000.0,-533156000.0,42223000.0,0.0,-736105000.0,94481000.0,193043000.0,913389000.0,37971000.0,236953000.0,236953000.0,236953000.0,-313843000.0,0.0,1.951,379401000.0,-215877000.0,698363000.0,0.0,0.863,32.91,-134.864,646412000.0,0.0,59.34,64.224,64.224,515830000.0,971235000.0,121421000.0,121421000.0,37687000.0,0.018,0.026,0.048,1.613,48949000.0,303246000.0,1.0,131414127.0,131414127.0,,0.924,4451454000.0,34120000.0,-98954000.0,1214591000.0,33.873,1469203000.0
56,MTCH,MRT,2007-06-30,2007-06-30,2007-06-30,2021-08-25,62469000.0,12922131000.0,13112621000.0,3104541000.0,9817590000.0,0.091,69.635,-137678000.0,1050325000.0,1050325000.0,524386000.0,241427000.0,1.917,0.416,1057676000.0,245849000.0,811827000.0,1057676000.0,171163000.0,54846000.0,0.0,0.0,0.0,242316000.0,297162000.0,0.248,297162000.0,242316000.0,184655000.0,-0.01,-0.03,-0.01,9126893000.0,8904165500.0,9126893000.0,9089113036.0,38.0,30.586,723847000.0,5.523,1.0,673343000.0,0.562,8432500000.0,57661000.0,2877320000.0,4050438250.0,347646000.0,1587895000.0,1004843000.0,583052000.0,3795238000.0,1619662000.0,2175576000.0,9072482036.0,-34967000.0,43673000.0,-643455000.0,-124033000.0,0.0,-801344000.0,-116751000.0,18957000.0,861525000.0,21603000.0,241427000.0,241427000.0,241427000.0,-255378000.0,0.0,0.202,782952000.0,-109609000.0,589284000.0,0.0,0.994,37.579,-6922.0,622666000.0,0.0,69.22,7.575,7.575,459512000.0,899471000.0,1197729000.0,1197729000.0,37687000.0,0.018,0.027,0.06,0.202,65440000.0,641476000.0,1.0,131067351.0,131067351.0,,9.138,4489631000.0,46751000.0,-56772000.0,1226593000.0,34.254,1484879000.0
57,MTCH,MRT,2007-03-31,2007-03-31,2007-03-31,2021-08-25,78200000.0,13114601000.0,13239570250.0,3685493000.0,9429108000.0,0.086,69.251,-137049000.0,1250632000.0,1250632000.0,463701000.0,200632000.0,1.983,0.455,1267263000.0,432053000.0,835210000.0,1267263000.0,164585000.0,71203000.0,0.0,0.0,0.0,215177000.0,286380000.0,0.252,286380000.0,215177000.0,157352000.0,-0.01,-0.03,-0.01,9015004000.0,8853524000.0,9015004000.0,9578079153.0,45.0,33.445,620839000.0,4.769,1.0,673616000.0,0.592,8460794000.0,57825000.0,2812170000.0,3961176000.0,391779000.0,1372563000.0,1197503000.0,175060000.0,4099597000.0,1858268000.0,2241329000.0,9818140153.0,134768000.0,173631000.0,-1103913000.0,58512000.0,0.0,-1070412000.0,416007000.0,433457000.0,757888000.0,31285000.0,200632000.0,200632000.0,200632000.0,-211257000.0,0.0,0.176,768355000.0,-94739000.0,691592000.0,0.0,1.089,48.936,-7542.0,623030000.0,0.0,75.42,8.633,8.633,584314000.0,803499000.0,1137317000.0,1137317000.0,37687000.0,0.015,0.023,0.054,0.189,67621000.0,625963000.0,1.0,130179530.0,130179530.0,,8.737,4653807000.0,50742000.0,-43280000.0,1227015000.0,35.749,1827225000.0
58,MTCH,MRT,2006-12-31,2006-12-31,2006-12-31,2021-08-25,76505000.0,13243156000.0,13396913500.0,4137801000.0,9105355000.0,0.075,65.142,-144853000.0,1440235000.0,1440235000.0,369080000.0,187065000.0,1.801,0.515,844628000.0,7580000.0,837048000.0,844628000.0,43004000.0,95132000.0,0.0,0.0,0.0,196481000.0,291613000.0,0.291,291613000.0,196481000.0,138604000.0,-0.17,-0.17,-0.17,8739474000.0,8917908500.0,8739474000.0,10089905499.0,51.0,34.6,682549000.0,5.088,1.0,631513000.0,0.631,2211503000.0,57877000.0,8138633000.0,3970519250.0,0.0,1013688000.0,897742000.0,115946000.0,4503682000.0,2297413000.0,2206269000.0,9970794499.0,441060000.0,171298000.0,-889428000.0,-715000.0,0.0,-899255000.0,481087000.0,514616000.0,827402000.0,31826000.0,187065000.0,187065000.0,187065000.0,-213697000.0,0.0,0.187,742819000.0,-111306000.0,22904000.0,0.0,1.141,53.301,-437.176,304686000.0,0.0,74.32,9.965,9.965,113359000.0,291192000.0,1000593000.0,1000593000.0,37687000.0,0.014,0.021,0.049,0.196,67361000.0,572875000.0,1.0,134160314.0,134160314.0,,7.458,11031653000.0,27000.0,-48461000.0,556454000.0,82.227,1840388000.0
59,MTCH,MRT,2006-09-30,2006-09-30,2006-09-30,2021-08-25,51470000.0,13170596000.0,13565565750.0,3463735000.0,9706861000.0,0.064,63.996,-100445000.0,1096795000.0,1096795000.0,169620000.0,282536000.0,1.617,0.508,1215906000.0,344332000.0,871574000.0,1215906000.0,148769000.0,62772000.0,0.0,0.0,0.0,328200000.0,390972000.0,0.451,390972000.0,328200000.0,267066000.0,0.12,0.13,0.12,8735291000.0,9040747000.0,8735291000.0,7987443089.0,24.0,20.43,795359000.0,5.827,1.0,697725000.0,0.804,8774024000.0,61134000.0,2373630000.0,2725419000.0,425943000.0,1283884000.0,1137570000.0,146314000.0,4435305000.0,2142053000.0,2293252000.0,7851354089.0,159459000.0,475858000.0,-1304354000.0,-579222000.0,0.0,-1704853000.0,950276000.0,1283589000.0,895804000.0,18232000.0,282536000.0,282536000.0,282536000.0,-362748000.0,0.0,0.326,729562000.0,-31837000.0,665520000.0,0.0,0.899,27.789,479.333,610399000.0,0.0,57.52,9.052,9.052,546252000.0,304012000.0,867345000.0,867345000.0,0.0,0.021,0.031,0.12,0.378,109325000.0,612577000.0,1.0,136497811.0,136497811.0,,6.354,4396572000.0,76119000.0,-15470000.0,1665547000.0,32.21,1321682000.0
60,MTCH,MRT,2006-06-30,2006-06-30,2006-06-30,2021-08-25,42767000.0,13429928000.0,13950503000.0,3655587000.0,9774341000.0,0.065,61.374,-104989000.0,1093435000.0,1093435000.0,248588000.0,277080000.0,1.66,0.505,1229524000.0,371461000.0,858063000.0,1229524000.0,144913000.0,83056000.0,0.0,0.0,0.0,281912000.0,364968000.0,0.405,364968000.0,281912000.0,215098000.0,-0.14,-0.11,-0.14,8924327000.0,9225257500.0,8924327000.0,7827663443.0,28.0,21.448,26166000.0,0.18,1.0,651522000.0,0.724,8843919000.0,66814000.0,2520271000.0,3078590000.0,364734000.0,1586963000.0,1449615000.0,137348000.0,4505601000.0,2201827000.0,2303774000.0,7703711443.0,-1211744000.0,541304000.0,-1271789000.0,-483945000.0,0.0,-2182604000.0,818810000.0,1077031000.0,131155000.0,20895000.0,277080000.0,275668000.0,275668000.0,-390043000.0,0.0,0.306,772071000.0,-120549000.0,658602000.0,0.0,0.863,27.946,-378.429,593476000.0,1412000.0,52.98,8.559,8.559,485989000.0,229067000.0,900110000.0,900110000.0,0.0,0.02,0.03,0.092,0.313,193417000.0,645673000.0,1.0,145407917.0,145407917.0,,6.19,4586009000.0,86916000.0,-61982000.0,1737162000.0,31.539,1453760000.0
61,MTCH,MRT,2006-03-31,2006-03-31,2006-03-31,2021-08-25,32052000.0,13743974000.0,16038914250.0,3927857000.0,9816117000.0,0.052,62.9,-133592000.0,1136312000.0,1136312000.0,300421000.0,844654000.0,1.831,0.482,1260264000.0,378286000.0,881978000.0,1260264000.0,140539000.0,77467000.0,0.0,0.0,0.0,1073212000.0,1150679000.0,1.369,1150679000.0,1073212000.0,1002711000.0,2.0,1.87,2.0,9272542000.0,10555431750.0,9272542000.0,8942870643.0,8.0,7.772,125277000.0,0.85,1.0,539882000.0,0.642,8873674000.0,70501000.0,2849543000.0,2862100000.0,343014000.0,1793318000.0,1661023000.0,132295000.0,4471432000.0,2144709000.0,2326723000.0,8688825643.0,-647155000.0,1892882000.0,-1975815000.0,-449892000.0,0.0,-2883776000.0,1989552000.0,939482000.0,258869000.0,-11800000.0,844654000.0,839979000.0,839979000.0,-527182000.0,0.0,1.0,676319000.0,-136437000.0,590957000.0,0.0,0.937,10.344,29.47,587883000.0,4675000.0,58.94,10.34,10.34,508652000.0,175259000.0,840303000.0,840303000.0,0.0,0.052,0.08,0.375,1.277,187251000.0,568896000.0,1.0,147418148.0,147418148.0,,5.7,4870300000.0,101254000.0,158057000.0,1768762000.0,33.037,1783148000.0
62,MTCH,MRT,2005-12-31,2005-12-31,2005-12-31,2021-08-25,26073000.0,13917765000.0,18409263750.0,4169304000.0,9748461000.0,0.028,62.81,-111856000.0,1080641000.0,1080641000.0,193121000.0,869683000.0,1.867,0.508,1334686000.0,375276000.0,959410000.0,1334686000.0,122842000.0,63824000.0,0.0,0.0,0.0,1108636000.0,1172460000.0,2.24,1172460000.0,1108636000.0,1035074000.0,1.76,1.65,1.76,9230828000.0,11885611250.0,9230828000.0,9074550172.0,8.0,7.74,569552000.0,3.875,1.0,330372000.0,0.631,8780462000.0,73562000.0,3158232000.0,3531075000.0,335884000.0,1982883000.0,1860570000.0,122313000.0,4686937000.0,2233116000.0,2453821000.0,8321073172.0,-12618000.0,1938504000.0,-1868145000.0,-281407000.0,0.0,-2751113000.0,2084235000.0,941410000.0,681408000.0,-27148000.0,869683000.0,861745000.0,861745000.0,-571967000.0,0.0,1.646,482981000.0,-152609000.0,573621000.0,0.0,0.901,9.656,32.17,521131000.0,7938000.0,56.62,15.895,15.895,426697000.0,128076000.0,523493000.0,523493000.0,0.0,0.047,0.073,0.314,2.118,179753000.0,406381000.0,1.0,146963496.0,146963496.0,,3.562,5137303000.0,66691000.0,165391000.0,1782470000.0,34.956,1936188000.0
63,MTCH,MRT,2005-09-30,2005-09-30,2005-09-30,2021-08-25,33211000.0,14710345000.0,20529538750.0,4785064000.0,9925281000.0,0.239,61.292,-210768000.0,1026823000.0,1026823000.0,2657711000.0,720480000.0,1.766,0.553,1780300000.0,817325000.0,962975000.0,1780300000.0,123146000.0,306919000.0,0.0,0.0,0.0,1126814000.0,1433733000.0,0.292,1433733000.0,1126814000.0,1059424000.0,3.54,3.3,3.54,9473333000.0,13229230250.0,9473333000.0,6858878387.0,6.0,4.784,982187000.0,6.355,1.0,2252642000.0,0.459,8967937000.0,67390000.0,3786314000.0,6093740250.0,428599000.0,2607004000.0,2519843000.0,87161000.0,5237012000.0,2709571000.0,2527441000.0,7836197387.0,-75547000.0,1320126000.0,-1388627000.0,272082000.0,0.0,-1846703000.0,1626442000.0,159589000.0,1192955000.0,-26523000.0,720480000.0,709278000.0,709278000.0,-50615000.0,0.0,0.144,2014939000.0,237703000.0,579264000.0,0.0,0.827,11.048,14.322,536876000.0,11202000.0,50.7,1.596,1.596,497822000.0,15009000.0,4910353000.0,4910353000.0,0.0,0.035,0.054,0.185,0.229,265541000.0,1701046000.0,1.0,154560106.0,154560106.0,,31.77,5742408000.0,123261000.0,338944000.0,1974693000.0,37.153,2075493000.0
64,MTCH,MRT,2005-06-30,2005-06-30,2005-06-30,2021-08-25,32777000.0,21783573000.0,22360554500.0,6563918000.0,15219655000.0,0.198,94.991,-173420000.0,2561453000.0,2561453000.0,2416821000.0,743732000.0,1.348,0.529,1584134000.0,789862000.0,794272000.0,1584134000.0,879318000.0,225611000.0,0.0,0.0,0.0,1149496000.0,1375107000.0,0.311,1375107000.0,1149496000.0,1082089000.0,3.52,3.28,3.52,14245024000.0,14479581750.0,14245024000.0,13906724080.0,12.0,10.113,1023497000.0,6.825,1.0,2006391000.0,0.454,14281253000.0,67407000.0,1654311000.0,6608382750.0,388129000.0,2690971000.0,2571261000.0,119710000.0,7538549000.0,4870690000.0,2667859000.0,14408262080.0,1190649000.0,1391504000.0,-1243674000.0,204351000.0,0.0,-1173186000.0,1193929000.0,-374520000.0,1196917000.0,-20643000.0,743732000.0,730679000.0,730679000.0,-74436000.0,0.0,0.165,1771157000.0,235234000.0,1257888000.0,0.0,1.011,19.719,27.295,576826000.0,13053000.0,96.08,3.257,3.257,611298000.0,3115828000.0,4423212000.0,4423212000.0,0.0,0.033,0.05,0.174,0.26,86808000.0,1441974000.0,1.0,149961096.0,149961096.0,,29.496,7502320000.0,170450000.0,338357000.0,2973983000.0,50.028,1693228000.0
65,MTCH,MRT,2005-03-31,2005-03-31,2005-03-31,2021-08-25,40034000.0,23225372000.0,22455692500.0,6074571000.0,17150801000.0,0.201,91.997,-159162000.0,2010711000.0,2010711000.0,2313983000.0,195546000.0,1.674,0.592,1509173000.0,723651000.0,785522000.0,1509173000.0,826127000.0,268733000.0,0.0,0.0,0.0,398275000.0,667008000.0,0.148,667008000.0,398275000.0,330861000.0,1.52,1.42,1.52,14593260000.0,14532442000.0,14593260000.0,14293746851.0,36.0,21.43,996921000.0,6.285,1.0,2200713000.0,0.487,13568925000.0,67414000.0,5525443000.0,7621149500.0,248168000.0,4038762000.0,2537175000.0,1501587000.0,8632112000.0,3629466000.0,5002646000.0,14130597851.0,361712000.0,-241301000.0,-310687000.0,184574000.0,0.0,-257008000.0,-541434000.0,-496507000.0,1156083000.0,-4455000.0,195546000.0,182494000.0,182494000.0,79167000.0,0.0,0.04,1921829000.0,278884000.0,1184865000.0,0.0,0.968,77.43,58.605,507162000.0,13052000.0,89.08,3.13,3.13,588875000.0,2497709000.0,4514696000.0,4514696000.0,0.0,0.008,0.013,0.052,0.088,119602000.0,1478274000.0,1.0,158628175.0,158628175.0,,28.461,9656447000.0,150740000.0,135315000.0,2662688000.0,60.875,2445105000.0
66,MTCH,MRT,2004-12-31,2004-12-31,2004-12-31,2021-08-25,81051000.0,22398865000.0,22210183500.0,5115767000.0,17283098000.0,0.176,92.98,-155954000.0,1041075000.0,1041075000.0,2173910000.0,164861000.0,1.769,0.534,1359668000.0,562953000.0,796715000.0,1359668000.0,99258000.0,312239000.0,0.0,0.0,0.0,315188000.0,627427000.0,0.16,627427000.0,315188000.0,246821000.0,1.24,1.16,1.24,14605304000.0,14530240250.0,14605304000.0,17314611229.0,55.0,27.596,1084394000.0,6.903,1.0,1737140000.0,0.444,6416127000.0,68367000.0,13408893000.0,7695001000.0,240917000.0,4085021000.0,2616001000.0,1469020000.0,7793561000.0,2892438000.0,4901123000.0,17354233229.0,240081000.0,-234743000.0,-283012000.0,23722000.0,0.0,-254135000.0,-751642000.0,-707343000.0,1240348000.0,5510000.0,164861000.0,151808000.0,151808000.0,63137000.0,0.0,0.039,1576535000.0,160605000.0,436431000.0,0.0,1.188,114.317,89.097,427257000.0,13053000.0,110.48,4.437,4.437,353579000.0,2428760000.0,3911050000.0,3911050000.0,0.0,0.007,0.01,0.041,0.081,172102000.0,1177544000.0,1.0,157080315.0,157080315.0,,24.898,15982738000.0,107220000.0,81960000.0,2187058000.0,101.749,2223329000.0
67,MTCH,MRT,2004-09-30,2004-09-30,2004-09-30,2021-08-25,23888000.0,22034408000.0,22002581000.0,4388071000.0,17646337000.0,0.144,91.642,-128822000.0,1166541000.0,1166541000.0,1645808000.0,363482000.0,2.044,0.522,1126919000.0,4869000.0,1122050000.0,1126919000.0,572914000.0,255569000.0,0.0,0.0,0.0,494874000.0,750443000.0,0.237,750443000.0,494874000.0,422719000.0,0.92,0.88,0.92,14474739000.0,14482810500.0,14474739000.0,13780325626.0,28.0,18.363,259866000.0,1.645,1.0,1518584000.0,0.48,14003100000.0,72155000.0,5844884000.0,7729032500.0,272898000.0,3775868000.0,2243191000.0,1532677000.0,7559669000.0,2146802000.0,5412867000.0,13912143626.0,-7511000.0,-200653000.0,-789246000.0,-1779000.0,0.0,-891973000.0,-620910000.0,379655000.0,388688000.0,11974000.0,363482000.0,350430000.0,350430000.0,-159693000.0,0.0,0.111,1436779000.0,81805000.0,990481000.0,0.0,0.961,39.7,95.739,490823000.0,13052000.0,88.08,4.396,4.396,492771000.0,2474627000.0,3164392000.0,3164392000.0,0.0,0.016,0.024,0.064,0.156,-26029000.0,938662000.0,1.0,157948951.0,157948951.0,,20.034,8031308000.0,34972000.0,59237000.0,2553861000.0,50.847,2241269000.0
68,MTCH,MRT,2004-06-30,2004-06-30,2004-06-30,2021-08-25,6679000.0,22164125000.0,21930884250.0,4709957000.0,17454168000.0,0.174,90.758,-151162000.0,1243505000.0,1243505000.0,1984172000.0,292721000.0,1.94,0.533,1111687000.0,5843000.0,1105844000.0,1111687000.0,705455000.0,376408000.0,0.0,0.0,0.0,431199000.0,807607000.0,0.212,807607000.0,431199000.0,358859000.0,0.86,0.78,0.86,14456465000.0,14546672500.0,14456465000.0,18823429201.0,44.0,23.308,1062594000.0,6.671,1.0,1833197000.0,0.48,13899217000.0,72340000.0,5705378000.0,7649001000.0,230191000.0,3975975000.0,2515018000.0,1460957000.0,7707660000.0,2427712000.0,5279948000.0,19203434201.0,-198623000.0,-279902000.0,-1233668000.0,-67705000.0,0.0,-1414087000.0,-83330000.0,1018654000.0,1213756000.0,-1557000.0,292721000.0,279668000.0,279668000.0,-101141000.0,0.0,0.073,1757309000.0,75888000.0,1021431000.0,0.0,1.328,68.665,140.186,480725000.0,13053000.0,120.56,5.031,5.031,452735000.0,2385149000.0,3817369000.0,3817369000.0,0.0,0.013,0.019,0.056,0.113,132072000.0,1138771000.0,1.0,159285287.0,159285287.0,,23.966,8264908000.0,66132000.0,66138000.0,2597758000.0,51.887,2282245000.0
69,MTCH,MRT,2004-03-31,2004-03-31,2004-03-31,2021-08-25,43500000.0,22243336000.0,21018259000.0,4933036000.0,17310300000.0,0.185,92.206,-138988000.0,1517297000.0,1517297000.0,2156234000.0,315719000.0,2.138,0.525,1137292000.0,2970000.0,1134322000.0,1137292000.0,726342000.0,354808000.0,0.0,0.0,0.0,449346000.0,804154000.0,0.207,804154000.0,449346000.0,374123000.0,1.02,0.94,1.02,14584453000.0,13689064000.0,14584453000.0,20204465211.0,45.0,25.125,1189773000.0,7.522,1.0,1724346000.0,0.444,13735515000.0,75223000.0,5820849000.0,8025743250.0,216746000.0,3895276000.0,2431917000.0,1463359000.0,7658883000.0,2306967000.0,5351916000.0,20011936211.0,399630000.0,-24966000.0,80503000.0,-20948000.0,0.0,-416632000.0,-594549000.0,230174000.0,1328761000.0,11566000.0,315719000.0,302664000.0,302664000.0,-159991000.0,0.0,0.078,1645974000.0,78372000.0,993364000.0,0.0,1.372,66.119,124.039,459014000.0,13055000.0,126.52,5.157,5.157,458282000.0,2315215000.0,3880580000.0,3880580000.0,0.0,0.014,0.022,0.056,0.116,91161000.0,1071231000.0,1.0,158172117.0,158172117.0,,24.534,8507821000.0,62357000.0,58404000.0,2697337000.0,53.788,2626069000.0
70,MTCH,MRT,2003-12-31,2003-12-31,2003-12-31,2021-08-25,36896000.0,21568455000.0,19512435750.0,4214976000.0,17353479000.0,0.196,89.06,-138511000.0,790973000.0,790973000.0,2248369000.0,167396000.0,2.244,0.496,1120109000.0,2283000.0,1117826000.0,1120109000.0,83894000.0,327259000.0,0.0,0.0,0.0,223290000.0,550549000.0,0.144,550549000.0,223290000.0,143182000.0,-0.02,-0.02,-0.02,14415585000.0,12226857000.0,14415585000.0,20635395561.0,92.0,37.481,1049769000.0,6.486,1.0,1575120000.0,0.412,6474391000.0,80108000.0,13545019000.0,7797364000.0,215995000.0,3835133000.0,2419735000.0,1415398000.0,7152870000.0,1878181000.0,5274689000.0,21968080561.0,-1134236000.0,-387124000.0,42590000.0,-129412000.0,0.0,-567640000.0,-1769464000.0,-576283000.0,1188280000.0,14588000.0,167396000.0,154341000.0,154341000.0,-156687000.0,0.0,0.04,1436859000.0,138261000.0,373011000.0,0.0,1.524,142.335,-6786.0,392160000.0,13055000.0,135.72,5.746,5.746,272789000.0,2276952000.0,3823489000.0,3823489000.0,0.0,0.008,0.013,0.029,0.058,32404000.0,943911000.0,1.0,161863252.0,161863252.0,,23.622,15094064000.0,62953000.0,-24214000.0,2147806000.0,93.252,2336795000.0
71,MTCH,MRT,2003-09-30,2003-09-30,2003-09-30,2021-08-25,29989000.0,21747621000.0,18035070000.0,5376274000.0,16371347000.0,0.239,89.03,-136873000.0,2457802000.0,2457802000.0,2454039000.0,159494000.0,2.605,0.476,1125117000.0,1295000.0,1123822000.0,1125117000.0,472839000.0,329621000.0,0.0,0.0,0.0,149836000.0,479457000.0,0.111,479457000.0,149836000.0,71076000.0,-17.92,-17.96,-17.92,14730187000.0,10605826500.0,14730187000.0,19970039397.0,133.0,41.651,738220000.0,4.462,1.0,1847966000.0,0.43,12826719000.0,78760000.0,5524758000.0,5922546000.0,258173000.0,3484205000.0,2059723000.0,1424482000.0,7017434000.0,2063459000.0,4953975000.0,21958683397.0,1003244000.0,-629575000.0,518564000.0,548885000.0,0.0,611835000.0,-535334000.0,242543000.0,875093000.0,14521000.0,159494000.0,146438000.0,146438000.0,-120391000.0,0.0,0.034,1799494000.0,48472000.0,926534000.0,0.0,1.491,149.952,-7.406,443598000.0,13056000.0,132.72,5.104,5.104,392068000.0,2124197000.0,4302005000.0,4302005000.0,0.0,0.008,0.014,0.025,0.035,106197000.0,1120155000.0,1.0,165451201.0,165451201.0,,26.002,8920902000.0,69013000.0,-88418000.0,2345190000.0,53.919,3312815000.0
72,MTCH,MRT,2003-06-30,2003-06-30,2003-06-30,2021-08-25,41061000.0,18513624000.0,16273701750.0,5851004000.0,12662620000.0,0.238,97.657,-128094000.0,1423399000.0,1423399000.0,2276529000.0,104150000.0,2.94,0.679,1193053000.0,1531000.0,1191522000.0,1193053000.0,508013000.0,311831000.0,0.0,0.0,0.0,106839000.0,418670000.0,0.108,418670000.0,106839000.0,38668000.0,-18.36,-18.36,-18.36,11026031000.0,8867334000.0,11026031000.0,16331990084.0,153.0,39.009,726293000.0,6.433,1.0,1600362000.0,0.413,9080923000.0,68171000.0,7212347000.0,6006439250.0,204299000.0,4986780000.0,3581175000.0,1405605000.0,7487593000.0,1990008000.0,5497585000.0,17762327084.0,-1253050000.0,-1310778000.0,1117764000.0,610955000.0,3658000.0,1293969000.0,-3456104000.0,-2026282000.0,854387000.0,14543000.0,104150000.0,91094000.0,91094000.0,-114014000.0,0.0,0.023,1524863000.0,75499000.0,870997000.0,0.0,1.611,194.989,-8.569,446458000.0,13056000.0,157.32,4.582,4.582,375825000.0,2105481000.0,3876891000.0,3876891000.0,0.0,0.006,0.01,0.018,0.028,27575000.0,942898000.0,1.0,112905715.0,112905715.0,,34.337,9432701000.0,120750000.0,-65482000.0,2471262000.0,83.545,3860996000.0
73,MTCH,MRT,2003-03-31,2003-03-31,2003-03-31,2021-08-25,22067000.0,16220043000.0,15247572250.0,4625096000.0,11594947000.0,0.227,70.467,-119847000.0,2636367000.0,2636367000.0,2110724000.0,2281796000.0,2.552,0.857,1206030000.0,16875000.0,1189155000.0,1206030000.0,423346000.0,284015000.0,0.0,0.0,0.0,2241950000.0,2525965000.0,0.731,2525965000.0,2241950000.0,2186242000.0,3.0,3.04,3.0,8735625000.0,8062948500.0,8735625000.0,11402276011.0,5.0,4.514,696037000.0,5.615,1.0,1346724000.0,0.39,8069957000.0,55708000.0,4907332000.0,5178558500.0,192169000.0,2590631000.0,1229303000.0,1361328000.0,7484418000.0,1812417000.0,5672001000.0,13284280011.0,-798521000.0,206901000.0,47130000.0,527637000.0,1967000.0,529663000.0,-2050174000.0,-2133315000.0,815884000.0,11552000.0,2281796000.0,2268740000.0,2268740000.0,-68487000.0,0.0,0.656,1340577000.0,6147000.0,596611000.0,0.0,1.521,5.855,35.72,430381000.0,13056000.0,107.16,3.842,3.842,383014000.0,2012551000.0,3457448000.0,3457448000.0,0.0,0.149,0.281,0.433,0.648,16408000.0,797760000.0,1.0,123966779.0,123966779.0,,27.89,8150086000.0,11178000.0,-95554000.0,2456958000.0,65.744,2812679000.0
74,MTCH,MRT,2002-12-31,2002-12-31,2002-12-31,2021-08-25,15697000.0,15658992000.0,13190151000.0,4624141000.0,11034851000.0,0.23,82.436,-114140000.0,2038810000.0,2038810000.0,1928926000.0,1953103000.0,2.974,0.974,1236102000.0,24957000.0,1211145000.0,1236102000.0,277928000.0,249018000.0,0.0,0.0,0.0,1972381000.0,2221399000.0,0.733,2221399000.0,1972381000.0,1929558000.0,-0.64,-0.64,-0.64,7931463000.0,7197603500.0,7931463000.0,8676027669.0,4.0,3.906,240046000.0,2.495,1.0,1100449000.0,0.363,7255912000.0,42823000.0,6045747000.0,4248093500.0,192751000.0,3530330000.0,1929058000.0,1601272000.0,7727529000.0,1554625000.0,6172904000.0,8820903669.0,1601677000.0,1425454000.0,145430000.0,637475000.0,0.0,612175000.0,670799000.0,-624367000.0,354186000.0,9775000.0,1953103000.0,1941344000.0,1941344000.0,-93086000.0,0.0,0.641,1137002000.0,-36553000.0,609391000.0,0.0,1.112,4.544,-143.25,430247000.0,11759000.0,91.68,2.912,2.912,308377000.0,2122611000.0,3029375000.0,3029375000.0,0.0,0.147,0.27,0.464,0.651,10005000.0,666936000.0,1.0,96214045.0,96214045.0,,31.486,8403080000.0,2007000.0,-23545000.0,2551131000.0,87.337,3069516000.0
75,MTCH,MRT,2002-09-30,2002-09-30,2002-09-30,2021-08-25,11774000.0,14702148000.0,10907170000.0,3874374000.0,10827774000.0,0.383,69.389,-145246000.0,689344000.0,689344000.0,2604451000.0,1748038000.0,2.296,0.891,544468000.0,36231000.0,508237000.0,544468000.0,307832000.0,335075000.0,0.0,0.0,0.0,1870277000.0,2205352000.0,0.528,2205352000.0,1870277000.0,1827269000.0,21.52,21.44,21.52,7776217000.0,6201113000.0,7776217000.0,6004269677.0,3.0,2.723,648149000.0,5.784,1.0,1573935000.0,0.377,7009378000.0,43008000.0,5860331000.0,3339347500.0,216909000.0,4093017000.0,2470615000.0,1622402000.0,6925931000.0,1687563000.0,5238368000.0,8687442677.0,-1532813000.0,1690143000.0,130605000.0,-49381000.0,0.0,-78339000.0,-2186123000.0,-3722141000.0,793395000.0,7611000.0,1748038000.0,1739543000.0,1739543000.0,26553000.0,0.0,0.416,1425032000.0,148903000.0,566167000.0,0.0,1.117,4.994,3.602,434264000.0,8495000.0,77.52,2.079,2.079,316615000.0,1977758000.0,4178386000.0,4178386000.0,0.0,0.159,0.281,0.56,0.448,12179000.0,934699000.0,1.0,112067114.0,112067114.0,,37.285,7692770000.0,74850000.0,79231000.0,2415009000.0,68.644,2186811000.0
76,MTCH,MRT,2002-06-30,2002-06-30,2002-06-30,2021-08-25,10031000.0,14409106000.0,10153609750.0,4344068000.0,10065038000.0,0.377,75.575,-151234000.0,3231720000.0,3231720000.0,2468912000.0,2208978000.0,2.701,0.845,548547000.0,41225000.0,507322000.0,548547000.0,323395000.0,334842000.0,0.0,0.0,0.0,2295123000.0,2629965000.0,0.686,2629965000.0,2295123000.0,2251279000.0,21.16,21.08,21.16,7808489000.0,5255526500.0,7808489000.0,8550558409.0,4.0,3.251,508179000.0,4.918,1.0,1362157000.0,0.356,6216953000.0,43844000.0,3900824000.0,2465045750.0,195345000.0,2065299000.0,420361000.0,1644938000.0,6600617000.0,1608156000.0,4992461000.0,9691552409.0,1278852000.0,2524841000.0,140779000.0,-42957000.0,-3658000.0,-57564000.0,609333000.0,-1725048000.0,659413000.0,6932000.0,2208978000.0,2203747000.0,2203747000.0,-2605000.0,0.0,0.575,1331075000.0,31082000.0,517903000.0,0.0,1.241,4.398,4.433,424301000.0,5231000.0,93.8,2.53,2.53,291789000.0,2014387000.0,3831069000.0,3831069000.0,0.0,0.217,0.419,0.931,0.599,10517000.0,854186000.0,1.0,103321454.0,103321454.0,,37.079,8192153000.0,77616000.0,42301000.0,2415160000.0,79.288,2735912000.0
77,MTCH,MRT,2002-03-31,2002-03-31,2002-03-31,2021-08-25,-15251000.0,7990358000.0,9254147500.0,2713488000.0,5276870000.0,0.387,55.956,-133770000.0,1721620000.0,1721620000.0,2369804000.0,-25311000.0,1.987,0.515,580013000.0,35512000.0,544501000.0,580013000.0,274832000.0,372405000.0,0.0,0.0,0.0,41261000.0,413666000.0,0.115,413666000.0,41261000.0,-4745000.0,-1.24,-1.32,-1.24,5274245000.0,4189092000.0,5274245000.0,11660558023.0,283.0,28.188,179377000.0,1.903,1.0,1216050000.0,0.339,4297567000.0,46006000.0,1185472000.0,2006415000.0,189888000.0,421667000.0,226214000.0,195453000.0,2716113000.0,1365712000.0,1350401000.0,11978246023.0,839362000.0,1286651000.0,150494000.0,-35807000.0,-1967000.0,-57884000.0,310652000.0,-806194000.0,313147000.0,-607000.0,-25311000.0,-27278000.0,-27278000.0,-33449000.0,0.0,-0.008,1275061000.0,-59011000.0,431033000.0,0.0,2.271,-439.117,-102.484,407713000.0,1967000.0,127.08,3.34,3.34,274493000.0,-105387000.0,3585854000.0,3585854000.0,0.0,-0.003,-0.007,0.021,0.012,8561000.0,780046000.0,1.0,94257523.0,94257523.0,,38.043,3692791000.0,131312000.0,20566000.0,168586000.0,39.178,1347776000.0
78,MTCH,MRT,2001-12-31,2001-12-31,2001-12-31,2021-08-25,-11605000.0,6527068000.0,9901649250.0,2372877000.0,4154191000.0,0.347,41.859,-127417000.0,401283000.0,401283000.0,2305419000.0,383608000.0,2.392,0.654,577891000.0,33519000.0,544372000.0,577891000.0,75256000.0,416744000.0,0.0,0.0,0.0,438921000.0,855665000.0,0.249,855665000.0,438921000.0,392789000.0,-1.76,-1.76,-1.76,3945501000.0,3734228000.0,3945501000.0,9979003813.0,23.0,11.662,241862000.0,2.566,1.0,1129152000.0,0.329,3300972000.0,46132000.0,2410763000.0,2278645500.0,197354000.0,969756000.0,757665000.0,212091000.0,2581567000.0,991941000.0,1589626000.0,10296691813.0,173053000.0,371554000.0,79004000.0,755000.0,0.0,6954000.0,-521859000.0,-735491000.0,369279000.0,-3663000.0,383608000.0,383608000.0,383608000.0,-37759000.0,0.0,0.112,1269470000.0,-140318000.0,398838000.0,0.0,2.61,26.842,-62.068,398987000.0,0.0,109.24,2.998,2.998,853559000.0,181267000.0,3434571000.0,3434571000.0,0.0,0.039,0.103,0.193,0.128,7608000.0,716123000.0,1.0,94257523.0,94257523.0,,36.438,3226096000.0,39946000.0,9181000.0,398990000.0,34.226,1380936000.0
79,MTCH,MRT,2001-09-30,2001-09-30,2001-09-30,2021-08-25,-15359000.0,11687907000.0,9681454750.0,2908751000.0,8779156000.0,0.227,42.528,-147667000.0,905044000.0,905044000.0,2200770000.0,360272000.0,1.751,1.926,587356000.0,41772000.0,545584000.0,587356000.0,141736000.0,-103921000.0,0.0,0.0,0.0,339760000.0,235839000.0,0.107,235839000.0,339760000.0,321161000.0,-2.68,-2.68,-2.68,3993871000.0,3607820500.0,3993871000.0,6706880324.0,20.0,28.438,-162995000.0,-1.736,1.0,-1438000.0,-0.001,7345565000.0,18599000.0,2363124000.0,2157788500.0,964173000.0,373986000.0,143996000.0,229990000.0,7694036000.0,1661530000.0,6032506000.0,6754140324.0,636311000.0,444881000.0,74499000.0,6904000.0,0.0,64678000.0,221602000.0,-73375000.0,-15328000.0,-1980000.0,360272000.0,360272000.0,360272000.0,-138077000.0,0.0,0.164,691585000.0,-693023000.0,372816000.0,0.0,1.691,18.747,-26.836,419825000.0,0.0,71.92,3.071,3.071,1281711000.0,238215000.0,2199332000.0,2199332000.0,0.0,0.037,0.1,0.157,0.154,10780000.0,535163000.0,1.0,93911851.0,93911851.0,,23.419,4342342000.0,59211000.0,-39111000.0,129963000.0,46.238,1247221000.0
80,MTCH,MRT,2001-06-30,2001-06-30,2001-06-30,2021-08-25,-18269000.0,10811257000.0,9412251250.0,2036836000.0,8774421000.0,0.263,38.044,-147395000.0,635489000.0,635489000.0,2153331000.0,-87543000.0,1.593,2.052,588229000.0,35657000.0,552572000.0,588229000.0,143492000.0,72318000.0,0.0,0.0,0.0,-70272000.0,2046000.0,0.001,2046000.0,-70272000.0,-98324000.0,-2.24,-2.24,-2.24,3542751000.0,3484836000.0,3542751000.0,10735193184.0,-153.0,5246.917,-196885000.0,-2.114,1.0,317919000.0,0.129,7419236000.0,28052000.0,2066301000.0,2036325250.0,875936000.0,275140000.0,101714000.0,173426000.0,7268506000.0,1278460000.0,5990046000.0,10429764184.0,270688000.0,246035000.0,50500000.0,6159000.0,0.0,29094000.0,74676000.0,-14675000.0,-49490000.0,-4373000.0,-87543000.0,-87543000.0,-87543000.0,-101277000.0,0.0,-0.035,908169000.0,-590250000.0,356631000.0,0.0,2.944,-119.139,-50.0,426805000.0,0.0,112.0,4.22,4.22,727494000.0,-189360000.0,2471250000.0,2471250000.0,0.0,-0.009,-0.025,-0.035,-0.028,10747000.0,577540000.0,1.0,93122894.0,93122894.0,,26.538,3392021000.0,114210000.0,-10781000.0,113005000.0,36.425,758376000.0
81,MTCH,MRT,2001-03-31,2001-03-31,2001-03-31,2021-08-25,-18607000.0,10580365000.0,9325038750.0,1592875000.0,8987490000.0,0.294,37.54,-156413000.0,309691000.0,309691000.0,2081517000.0,-155649000.0,1.352,2.063,615120000.0,28685000.0,586435000.0,615120000.0,142369000.0,259151000.0,0.0,0.0,0.0,-104137000.0,155014000.0,0.056,155014000.0,-104137000.0,-142308000.0,-2.2,-2.2,-2.2,3454789000.0,3483696250.0,3454789000.0,9053360112.0,-87.0,58.403,-180322000.0,-1.959,1.0,662236000.0,0.241,7432940000.0,38171000.0,2274394000.0,1947499000.0,901332000.0,291926000.0,81223000.0,210703000.0,7125576000.0,1178460000.0,5947116000.0,8812697112.0,-74987000.0,-119324000.0,138215000.0,191000.0,0.0,112941000.0,-294649000.0,-5813000.0,-23909000.0,-5647000.0,-155649000.0,-155649000.0,-155649000.0,-62460000.0,0.0,-0.057,1147530000.0,-485294000.0,336604000.0,0.0,2.551,-56.619,-43.527,434127000.0,0.0,95.76,3.212,3.212,677399000.0,-228911000.0,2743753000.0,2743753000.0,0.0,-0.017,-0.045,-0.053,-0.038,14605000.0,628558000.0,1.0,92029001.0,92029001.0,,29.814,3147425000.0,51765000.0,13341000.0,108148000.0,34.2,414415000.0
82,MTCH,MRT,2000-12-31,2000-12-31,2000-12-31,2021-08-25,-10825000.0,5646290000.0,9081067250.0,1034534000.0,4611756000.0,0.326,37.378,-160423000.0,246244000.0,246244000.0,1976973000.0,-147983000.0,1.523,0.641,576514000.0,24748000.0,551766000.0,576514000.0,63999000.0,420148000.0,0.0,0.0,0.0,-58014000.0,362134000.0,0.122,362134000.0,-58014000.0,-104133000.0,-1.92,-1.92,-1.92,3439871000.0,3303448250.0,3439871000.0,7396838098.0,-128.0,20.426,-73102000.0,-0.794,1.0,987639000.0,0.333,3369848000.0,46119000.0,1927335000.0,1762343750.0,227920000.0,298576000.0,127102000.0,171474000.0,2206419000.0,679377000.0,1527042000.0,7156175098.0,-80153000.0,-67413000.0,80735000.0,-34844000.0,0.0,58163000.0,-309216000.0,-69985000.0,87321000.0,-2687000.0,-147983000.0,-147983000.0,-147983000.0,-24415000.0,0.0,-0.05,1337385000.0,-349746000.0,349044000.0,0.0,2.08,-48.358,-40.5,408950000.0,0.0,77.76,2.414,2.414,265998000.0,-202341000.0,2964612000.0,2964612000.0,0.0,-0.016,-0.045,-0.033,-0.02,12740000.0,653108000.0,1.0,92029001.0,92029001.0,,32.214,2276442000.0,32842000.0,43850000.0,42783000.0,24.736,355157000.0
83,MTCH,MRT,2000-09-30,2000-09-30,2000-09-30,2021-08-25,-15867000.0,10611093000.0,9977801500.0,1716687000.0,8894406000.0,0.289,38.056,-116233000.0,359079000.0,359079000.0,2021730000.0,-85444000.0,1.429,2.03,599742000.0,27293000.0,572449000.0,599742000.0,129232000.0,399203000.0,0.0,0.0,0.0,19808000.0,419011000.0,0.145,419011000.0,19808000.0,-35665000.0,-1.52,-1.52,-1.52,3501933000.0,3135912750.0,3501933000.0,8217624764.0,415.0,19.612,14373000.0,0.156,1.0,861942000.0,0.299,7773464000.0,55473000.0,1877271000.0,1688603750.0,792520000.0,280220000.0,77198000.0,203022000.0,7109160000.0,1201021000.0,5908139000.0,8075679764.0,-24430000.0,-77031000.0,85406000.0,49704000.0,0.0,110639000.0,-474424000.0,-253821000.0,130606000.0,-4520000.0,-85444000.0,-85444000.0,-85444000.0,-206000.0,0.0,-0.03,899918000.0,-37976000.0,294558000.0,0.0,2.306,-94.514,-57.737,475404000.0,0.0,87.76,2.8,2.8,619016000.0,-122056000.0,2883672000.0,2883672000.0,0.0,-0.009,-0.027,0.012,0.007,10060000.0,435649000.0,1.0,92020052.0,92020052.0,,31.337,2837629000.0,18254000.0,49779000.0,21872000.0,30.837,515666000.0
84,MTCH,MRT,2000-06-30,2000-06-30,2000-06-30,2021-08-25,-5192000.0,10462407000.0,9614634750.0,1616641000.0,8845766000.0,0.271,39.149,-111267000.0,457133000.0,457133000.0,1778456000.0,-72885000.0,1.376,1.957,599078000.0,24315000.0,574763000.0,599078000.0,100827000.0,346768000.0,0.0,0.0,0.0,30691000.0,377459000.0,0.145,377459000.0,30691000.0,-25611000.0,-1.36,-1.36,-1.36,3538192000.0,2956698000.0,3538192000.0,7934329499.0,259.0,21.02,61718000.0,0.683,1.0,823131000.0,0.316,7718345000.0,56302000.0,1710996000.0,1594249250.0,619734000.0,335370000.0,70548000.0,264822000.0,6924215000.0,1175011000.0,5749204000.0,7815894499.0,203057000.0,-70078000.0,472687000.0,-273952000.0,0.0,186949000.0,-385671000.0,-201873000.0,172985000.0,-677000.0,-72885000.0,-72885000.0,-72885000.0,-14573000.0,0.0,-0.028,845617000.0,-22486000.0,319095000.0,0.0,2.209,-107.236,-63.588,460393000.0,0.0,86.48,3.004,3.004,560303000.0,-101785000.0,2601587000.0,2601587000.0,0.0,-0.008,-0.025,0.019,0.012,10392000.0,448821000.0,1.0,90378058.0,90378058.0,,28.786,2744062000.0,18548000.0,47274000.0,792000.0,30.362,441630000.0
85,MTCH,MRT,2000-03-31,2000-03-31,2000-03-31,2021-08-25,3801000.0,9604479000.0,9177515750.0,1596620000.0,8007859000.0,0.245,32.369,-111913000.0,480449000.0,480449000.0,1502875000.0,-54046000.0,1.345,2.513,598884000.0,23432000.0,575452000.0,598884000.0,107420000.0,239009000.0,0.0,0.0,0.0,36842000.0,275851000.0,0.123,275851000.0,36842000.0,-16915000.0,-1.16,-1.16,-1.16,2733797000.0,2738184000.0,2733797000.0,7782991846.0,211.0,28.214,86372000.0,1.023,1.0,741785000.0,0.33,7001883000.0,53757000.0,1533773000.0,1581148500.0,632196000.0,322172000.0,68340000.0,253832000.0,6870682000.0,1187258000.0,5683424000.0,7621450846.0,-26581000.0,-313364000.0,372765000.0,-245935000.0,0.0,112922000.0,-586211000.0,-169289000.0,198285000.0,946000.0,-54046000.0,-54046000.0,-54046000.0,-29808000.0,0.0,-0.024,769815000.0,-28030000.0,298336000.0,0.0,2.788,-141.018,-77.793,372289000.0,0.0,90.24,3.395,3.395,512266000.0,-73230000.0,2244660000.0,2244660000.0,0.0,-0.006,-0.02,0.023,0.016,6027000.0,456154000.0,1.0,84457567.0,84457567.0,,26.577,2602596000.0,0.0,37131000.0,19661000.0,30.815,409362000.0
86,MTCH,MRT,1999-12-31,1999-12-31,1999-12-31,2021-08-25,4773000.0,9233227000.0,8875542250.0,1397025000.0,7836202000.0,0.225,32.969,-101697000.0,425176000.0,425176000.0,1318138000.0,-27631000.0,1.375,2.334,585780000.0,10801000.0,574979000.0,585780000.0,83811000.0,205843000.0,0.0,0.0,0.0,57519000.0,263362000.0,0.132,263362000.0,57519000.0,927000.0,-0.84,-0.84,-0.84,2769729000.0,2708064250.0,2769729000.0,9463720903.0,165.0,35.934,-23937000.0,-0.285,1.0,682970000.0,0.341,6745477000.0,56592000.0,1632375000.0,1578550750.0,623344000.0,318800000.0,11512000.0,307288000.0,6463498000.0,1015979000.0,5447519000.0,9283202903.0,-22826000.0,-306265000.0,413611000.0,-256217000.0,0.0,100204000.0,-468318000.0,-69646000.0,77760000.0,-123000.0,-27631000.0,-27631000.0,-27631000.0,-41581000.0,0.0,-0.014,731812000.0,-48842000.0,284607000.0,0.0,3.352,-335.971,-131.548,292489000.0,0.0,110.5,4.639,4.639,441976000.0,-54358000.0,2001108000.0,2001108000.0,0.0,-0.003,-0.01,0.036,0.029,6423000.0,449610000.0,1.0,84010886.0,84010886.0,,23.82,2487750000.0,28919000.0,28558000.0,7954000.0,29.612,381046000.0
87,MTCH,MRT,1999-09-30,1999-09-30,1999-09-30,2021-08-25,-1237000.0,9158426000.0,8646283000.0,1306222000.0,7852204000.0,0.373,33.349,-100078000.0,386032000.0,386032000.0,1274289000.0,40980000.0,1.313,2.288,566550000.0,16329000.0,550221000.0,566550000.0,90726000.0,868303000.0,0.0,0.0,0.0,203559000.0,1071862000.0,0.332,1071862000.0,203559000.0,132139000.0,0.58,0.44,0.58,2785074000.0,2658483250.0,2785074000.0,7104689681.0,35.0,6.628,259552000.0,3.108,1.0,1952638000.0,0.605,6844263000.0,71420000.0,1499853000.0,1542592500.0,665243000.0,289398000.0,0.0,289398000.0,6373352000.0,994828000.0,5378524000.0,6472183681.0,95163000.0,-396309000.0,426775000.0,-394794000.0,0.0,164983000.0,-409448000.0,85491000.0,359630000.0,486000.0,40980000.0,40980000.0,40980000.0,-12982000.0,0.0,0.013,1711720000.0,240918000.0,249331000.0,0.0,2.324,157.935,133.621,303234000.0,0.0,77.5,2.006,2.006,391588000.0,-36580000.0,3226927000.0,3226927000.0,0.0,0.005,0.015,0.132,0.063,8670000.0,680633000.0,1.0,83512048.0,83512048.0,,38.64,2314163000.0,0.0,91159000.0,21410000.0,27.711,311394000.0
88,MTCH,MRT,1999-06-30,1999-06-30,1999-06-30,2021-08-25,22770000.0,8713931000.0,8423415750.0,1198401000.0,7515530000.0,0.361,32.985,-92256000.0,256725000.0,256725000.0,1187007000.0,43811000.0,1.094,2.271,889231000.0,137731000.0,751500000.0,889231000.0,85078000.0,820094000.0,0.0,0.0,0.0,212382000.0,1032476000.0,0.34,1032476000.0,212382000.0,126642000.0,0.6,0.46,0.6,2664136000.0,2576405750.0,2664136000.0,6777126546.0,32.0,6.564,212982000.0,2.637,1.0,1852762000.0,0.61,6592841000.0,85740000.0,1658593000.0,1509061000.0,578844000.0,317186000.0,31352000.0,285834000.0,6049795000.0,1095003000.0,4954792000.0,6480926546.0,122209000.0,-112597000.0,447350000.0,-499423000.0,0.0,-607000.0,-161415000.0,32361000.0,305238000.0,-519000.0,43811000.0,43811000.0,43811000.0,-12982000.0,0.0,0.014,1600174000.0,252588000.0,298060000.0,0.0,2.433,147.929,133.733,283042000.0,0.0,80.24,2.132,2.132,450810000.0,-28900000.0,3039769000.0,3039769000.0,0.0,0.005,0.017,0.141,0.07,8931000.0,585993000.0,1.0,80769274.0,80769274.0,,37.635,2121090000.0,0.0,82831000.0,28584000.0,26.261,103398000.0
89,MTCH,MRT,1999-03-31,1999-03-31,1999-03-31,2021-08-25,21147000.0,8396585000.0,8290390250.0,1371135000.0,7025450000.0,0.358,32.806,-72993000.0,508827000.0,508827000.0,1135954000.0,50487000.0,1.608,2.213,805027000.0,42387000.0,762640000.0,805027000.0,0.0,835663000.0,0.0,0.0,0.0,244727000.0,1080390000.0,0.364,1080390000.0,244727000.0,136924000.0,0.68,0.54,0.68,2613318000.0,2526971000.0,2613318000.0,6072182167.0,25.0,5.62,184385000.0,2.315,1.0,1829779000.0,0.617,6316467000.0,107803000.0,1523382000.0,1599781750.0,564296000.0,129229000.0,30386000.0,98843000.0,5783267000.0,852936000.0,4930331000.0,5705317167.0,347998000.0,221962000.0,842279000.0,-972001000.0,0.0,-78256000.0,191996000.0,32451000.0,257378000.0,-2632000.0,50487000.0,50487000.0,50487000.0,-12982000.0,0.0,0.017,1553437000.0,276342000.0,219664000.0,0.0,2.183,113.006,105.324,259447000.0,0.0,71.62,1.924,1.924,368176000.0,-19184000.0,2965733000.0,2965733000.0,0.0,0.006,0.02,0.153,0.083,9694000.0,543910000.0,1.0,79660949.0,79660949.0,,37.229,2080118000.0,38389000.0,86437000.0,21435000.0,26.112,518199000.0
90,MTCH,MRT,1998-12-31,1998-12-31,1998-12-31,2021-08-25,8852000.0,8316190000.0,8119603000.0,1295275000.0,7020915000.0,0.34,33.132,-76523000.0,445356000.0,445356000.0,1051876000.0,76874000.0,1.521,2.234,812221000.0,36538000.0,775683000.0,812221000.0,45619000.0,724068000.0,0.0,0.0,0.0,290029000.0,1014097000.0,0.367,1014097000.0,290029000.0,175523000.0,1.08,0.84,1.08,2571405000.0,2346731000.0,2571405000.0,5665435823.0,20.0,5.587,180406000.0,2.324,1.0,1708020000.0,0.619,6342646000.0,114506000.0,1488542000.0,1868186750.0,573398000.0,111897000.0,27737000.0,84160000.0,5744785000.0,851867000.0,4892918000.0,5141001823.0,330682000.0,-1088370000.0,831701000.0,385657000.0,0.0,1297654000.0,-1201912000.0,-29625000.0,256929000.0,-1501000.0,76874000.0,76874000.0,76874000.0,-12982000.0,0.0,0.028,1458116000.0,249904000.0,257507000.0,0.0,1.999,66.876,61.333,255430000.0,0.0,66.24,1.863,1.863,372111000.0,-26727000.0,2759896000.0,2759896000.0,0.0,0.009,0.033,0.155,0.105,8808000.0,555576000.0,1.0,77611742.0,77611742.0,,35.56,1973544000.0,29370000.0,98649000.0,6357000.0,25.428,443408000.0
91,MTCH,MRT,1998-09-30,1998-09-30,1998-09-30,2021-08-25,5753000.0,8266957000.0,6708254500.0,1087988000.0,7178969000.0,0.336,31.697,-79508000.0,292231000.0,292231000.0,714330000.0,29345000.0,1.013,2.365,816665000.0,68564000.0,748101000.0,816665000.0,0.0,531482000.0,0.0,0.0,0.0,227232000.0,758714000.0,0.336,758714000.0,227232000.0,113435000.0,0.5,0.3,0.5,2456764000.0,2065718250.0,2456764000.0,4220759429.0,19.0,5.563,97293000.0,1.255,1.0,1542944000.0,0.684,6352103000.0,113797000.0,1365727000.0,1694590000.0,647542000.0,145265000.0,0.0,145265000.0,5810193000.0,1073561000.0,4736632000.0,3015514429.0,186110000.0,-1063624000.0,803253000.0,464077000.0,0.0,1196083000.0,-1185051000.0,-56324000.0,176801000.0,-1723000.0,29345000.0,29345000.0,29345000.0,0.0,0.0,0.013,1355002000.0,187942000.0,250240000.0,0.0,1.227,102.761,77.76,248741000.0,0.0,38.88,1.336,1.335,286237000.0,-77560000.0,2257274000.0,2257274000.0,0.0,0.004,0.014,0.134,0.101,4397000.0,878358000.0,1.0,77559528.0,77508500.0,,29.123,1914854000.0,109771000.0,84090000.0,0.0,24.705,14427000.0
92,MTCH,MRT,1998-06-30,1998-06-30,1998-06-30,2021-08-25,15375000.0,8181829000.0,,881677000.0,7300152000.0,,36.103,-66272000.0,135878000.0,135878000.0,677840000.0,37710000.0,0.998,2.317,1341123000.0,56557000.0,1284566000.0,1341123000.0,0.0,366477000.0,0.0,0.0,0.0,201177000.0,567654000.0,0.292,567654000.0,201177000.0,114259000.0,0.62,0.42,0.62,2466397000.0,,2466397000.0,5108766583.0,25.0,9.0,106091000.0,1.553,1.0,1265176000.0,0.651,6482424000.0,86918000.0,2021476000.0,,571924000.0,122307000.0,0.0,122307000.0,5715432000.0,883174000.0,4832258000.0,3372649583.0,105083000.0,-1344246000.0,408980000.0,891390000.0,0.0,1392573000.0,-1458396000.0,-44425000.0,172363000.0,-1457000.0,37710000.0,37710000.0,37710000.0,0.0,0.0,0.019,1104551000.0,160625000.0,272057000.0,0.0,1.367,89.436,81.032,242183000.0,0.0,50.24,1.736,1.766,284038000.0,-72710000.0,1943016000.0,1943016000.0,0.0,,,,0.104,4192000.0,716307000.0,1.0,67130764.0,68315500.0,,28.442,1699405000.0,111262000.0,76549000.0,0.0,24.876,-1497000.0
93,MTCH,MRT,1998-03-31,1998-03-31,1998-03-31,2021-08-25,0.0,7713436000.0,,910399000.0,6803037000.0,,30.755,-55702000.0,162191000.0,162191000.0,651048000.0,43222000.0,1.091,3.076,1898308000.0,35399000.0,1862909000.0,1898308000.0,0.0,176160000.0,0.0,0.0,0.0,163566000.0,339726000.0,0.226,339726000.0,163566000.0,111856000.0,0.72,0.5,0.72,1892358000.0,,1892358000.0,4002840720.0,24.0,11.783,22407000.0,0.364,1.0,854260000.0,0.567,6018127000.0,51710000.0,2597002000.0,,564838000.0,0.0,0.0,0.0,5821078000.0,834424000.0,4986654000.0,3657612720.0,120629000.0,-1328735000.0,8058000.0,1389032000.0,0.0,1489293000.0,-1446773000.0,-60159000.0,78109000.0,0.0,43222000.0,43222000.0,43222000.0,0.0,0.0,0.029,748380000.0,105880000.0,212006000.0,0.0,1.933,84.624,75.694,234447000.0,0.0,54.5,2.43,2.228,283392000.0,-69670000.0,1505308000.0,1505308000.0,0.0,,,,0.109,2628000.0,515434000.0,1.0,67112160.0,61531000.0,,24.464,1695309000.0,100486000.0,68634000.0,0.0,27.552,75975000.0
94,MTCH,MRT,1997-12-31,1997-12-31,1997-12-31,2021-08-25,0.0,2670796000.0,2393514000.0,420682000.0,2250114000.0,0.527,21.566,-45869000.0,116036000.0,116036000.0,645299000.0,13061000.0,1.169,0.845,461264000.0,12918000.0,448346000.0,461264000.0,0.0,77763000.0,0.0,0.0,0.0,85691000.0,163454000.0,0.13,163454000.0,85691000.0,54112000.0,0.24,0.24,0.24,1447354000.0,1303051500.0,1447354000.0,,,,1804000.0,0.027,1.0,616450000.0,0.489,1862128000.0,31579000.0,794155000.0,681564000.0,151100000.0,59780000.0,0.0,59780000.0,1223442000.0,359741000.0,863701000.0,3456276240.0,73430000.0,-13982000.0,7227000.0,8620000.0,0.0,108050000.0,-82293000.0,-39844000.0,47673000.0,0.0,13061000.0,13061000.0,13061000.0,0.0,0.0,0.01,521931000.0,94519000.0,185101000.0,0.0,2.388,264.626,214.583,180121000.0,0.0,51.5,2.739,2.739,96867000.0,-103601000.0,1261749000.0,1261749000.0,0.0,0.005,0.01,0.126,0.068,2128000.0,347058000.0,1.0,67112160.0,67112160.0,,18.801,808668000.0,43497000.0,41051000.0,0.0,12.05,60941000.0
95,MTCH,MRT,1997-09-30,1997-09-30,1997-09-30,2021-08-25,,,,,,,,,,,,,,,,,,,,,,0.0,0.0,,,,,,,,,,,,,,,,,,1.0,,,,,,,,,,,,,,,,,,,,,,,,,,,,,,,,,,,,,,,,40.62,,,,,,,,,,,,,,1.0,,55010000.0,,,,,,,,
96,MTCH,MRT,1997-06-30,1997-06-30,1997-06-30,2021-08-25,,,,,,,,,,,,,,,,,,,,,,0.0,0.0,,,,,,,,,,,,,,,,,,1.0,,,,,,,,,,,,,,,,,,,,,,,,,,,,,,,,,,,,,,,,31.25,,,,,,,,,,,,,,1.0,,48976000.0,,,,,,,,
97,MTCH,MRT,1997-03-31,1997-03-31,1997-03-31,2021-08-25,,,,,,,,,,,,,,,,,,,,,,0.0,0.0,,,,,,,,,,,,,,,,,,1.0,,,,,,,,,,,,,,,,,,,,,,,,,,,,,,,,,,,,,,,,25.38,,,,,,,,,,,,,,1.0,,50623000.0,,,,,,,,
98,MTCH,MRT,1996-12-31,1996-12-31,1996-12-31,2021-08-25,0.0,2116232000.0,,248598000.0,1867634000.0,,,-1143000.0,42606000.0,42606000.0,20974000.0,-6539000.0,0.91,0.826,314336000.0,42906000.0,271430000.0,314336000.0,0.0,18672000.0,0.0,0.0,0.0,7174000.0,25846000.0,0.344,25846000.0,7174000.0,-4667000.0,-0.6,-0.6,-0.6,1158749000.0,,1158749000.0,,,,10825000.0,,1.0,54198000.0,0.721,1545947000.0,11841000.0,568973000.0,,100527000.0,0.0,0.0,0.0,957483000.0,273042000.0,684441000.0,,23466000.0,-1630000.0,1156000.0,-39763000.0,0.0,14120000.0,-2622000.0,-8369000.0,11968000.0,0.0,-6539000.0,-6539000.0,-6539000.0,0.0,0.0,-0.087,50586000.0,3612000.0,95421000.0,0.0,,,-39.583,121975000.0,0.0,23.75,,,56832000.0,-116662000.0,75172000.0,75172000.0,0.0,,,,0.095,1028000.0,33205000.0,1.0,,,,,570285000.0,42768000.0,1872000.0,0.0,,-24444000.0
99,MTCH,MRT,1995-12-31,1995-12-31,1995-12-31,2021-08-25,,,,,,,,,,,,,,,,,,,,,,0.0,0.0,,,,,,,,,,,,,,,,,,1.0,,,,,,,,,,,,,,,,,,,,,,,,,,,,,,,,,,,,,,,,34.75,,,,,,,,,,,,,,1.0,,,,,,,,,,
100,MTCH,MRT,1995-09-30,1995-08-31,1995-08-31,2021-08-25,,,,,,,,-1449000.0,,,614000.0,115000.0,,,,,,,,14674000.0,,0.0,0.0,12216000.0,26890000.0,0.561,26890000.0,12216000.0,1253000.0,0.02,0.02,0.02,,,,,,,15993000.0,,1.0,47304000.0,0.987,,10963000.0,,,,,,,,,,,10170000.0,0.0,5182000.0,-10475000.0,0.0,-5576000.0,-1696000.0,13000.0,17442000.0,0.0,115000.0,115000.0,115000.0,0.0,0.0,0.002,39068000.0,8236000.0,,0.0,,,1815.5,,0.0,36.31,,,,,47918000.0,47918000.0,0.0,,,,0.255,946000.0,24394000.0,1.0,,,,,,,1138000.0,,,
