None,ticker,dimension,calendardate,datekey,reportperiod,lastupdated,accoci,assets,assetsavg,assetsc,assetsnc,assetturnover,bvps,capex,cashneq,cashnequsd,cor,consolinc,currentratio,de,debt,debtc,debtnc,debtusd,deferredrev,depamor,deposits,divyield,dps,ebit,ebitda,ebitdamargin,ebitdausd,ebitusd,ebt,eps,epsdil,epsusd,equity,equityavg,equityusd,ev,evebit,evebitda,fcf,fcfps,fxusd,gp,grossmargin,intangibles,intexp,invcap,invcapavg,inventory,investments,investmentsc,investmentsnc,liabilities,liabilitiesc,liabilitiesnc,marketcap,ncf,ncfbus,ncfcommon,ncfdebt,ncfdiv,ncff,ncfi,ncfinv,ncfo,ncfx,netinc,netinccmn,netinccmnusd,netincdis,netincnci,netmargin,opex,opinc,payables,payoutratio,pb,pe,pe1,ppnenet,prefdivis,price,ps,ps1,receivables,retearn,revenue,revenueusd,rnd,roa,roe,roic,ros,sbcomp,sgna,sharefactor,sharesbas,shareswa,shareswadil,sps,tangibles,taxassets,taxexp,taxliabilities,tbvps,workingcapital
0,DUK,MRY,2020-12-31,2020-12-31,2020-12-31,2021-08-25,-237000000.0,162388000000.0,160979500000.0,8682000000.0,153706000000.0,0.148,65.08,-9907000000.0,259000000.0,259000000.0,13636000000.0,1082000000.0,0.532,2.36,64076000000.0,7111000000.0,56965000000.0,64076000000.0,0.0,5486000000.0,0.0,0.042,3.82,3303000000.0,8789000000.0,0.368,8789000000.0,3303000000.0,1141000000.0,1.72,1.72,1.72,47964000000.0,46593750000.0,47964000000.0,132598365754.0,40.0,15.087,-1051000000.0,-1.426,1.0,10232000000.0,0.429,19303000000.0,2162000000.0,190597000000.0,190246000000.0,3167000000.0,961000000.0,0.0,961000000.0,113204000000.0,16305000000.0,96899000000.0,67384365754.0,-17000000.0,0.0,2745000000.0,1505000000.0,-2812000000.0,1731000000.0,-10604000000.0,-299000000.0,8856000000.0,0.0,1377000000.0,1270000000.0,1270000000.0,-7000000.0,-295000000.0,0.053,4695000000.0,5537000000.0,3144000000.0,2.221,1.405,53.059,53.233,108306000000.0,107000000.0,91.56,2.823,2.827,1009000000.0,2471000000.0,23868000000.0,23868000000.0,0.0,0.008,0.027,0.017,0.138,0.0,0.0,1.0,735958560.0,737000000,738000000.0,32.385,143085000000.0,0.0,-236000000.0,10413000000.0,194.145,-7623000000.0
1,DUK,MRY,2019-12-31,2019-12-31,2019-12-31,2021-08-25,-130000000.0,158838000000.0,154835000000.0,9163000000.0,149675000000.0,0.162,64.228,-11122000000.0,311000000.0,311000000.0,14826000000.0,3571000000.0,0.621,2.368,62693000000.0,6276000000.0,56417000000.0,62693000000.0,0.0,5176000000.0,0.0,0.041,3.745,6471000000.0,11647000000.0,0.464,11647000000.0,6471000000.0,4267000000.0,5.06,5.06,5.06,46822000000.0,45875750000.0,46822000000.0,127955087890.0,20.0,10.986,-2913000000.0,-3.996,1.0,10253000000.0,0.409,19303000000.0,2204000000.0,187165000000.0,183605000000.0,3232000000.0,1936000000.0,0.0,1936000000.0,110887000000.0,14752000000.0,96135000000.0,66495087890.0,-18000000.0,0.0,384000000.0,3235000000.0,-2668000000.0,3730000000.0,-11957000000.0,-318000000.0,8209000000.0,0.0,3748000000.0,3707000000.0,3707000000.0,7000000.0,-177000000.0,0.148,4552000000.0,5701000000.0,3487000000.0,0.74,1.42,17.938,18.026,103785000000.0,41000000.0,91.21,2.651,2.651,1066000000.0,4108000000.0,25079000000.0,25079000000.0,0.0,0.024,0.081,0.035,0.258,0.0,0.0,1.0,729032868.0,729000000,729000000.0,34.402,139535000000.0,0.0,519000000.0,9894000000.0,191.406,-5589000000.0
2,DUK,MRY,2018-12-31,2018-12-31,2018-12-31,2021-08-25,-92000000.0,145392000000.0,141839250000.0,9714000000.0,135678000000.0,0.173,61.888,-9389000000.0,442000000.0,442000000.0,15271000000.0,2644000000.0,0.646,2.318,57939000000.0,6816000000.0,51123000000.0,57939000000.0,0.0,4696000000.0,0.0,0.042,3.635,5208000000.0,9904000000.0,0.404,9904000000.0,5208000000.0,3114000000.0,3.76,3.76,3.76,43817000000.0,42777750000.0,43817000000.0,118071333255.0,23.0,11.922,-2203000000.0,-3.112,1.0,9250000000.0,0.377,19303000000.0,2094000000.0,168545000000.0,165130750000.0,3084000000.0,1409000000.0,0.0,1409000000.0,101558000000.0,15041000000.0,86517000000.0,61521333255.0,86000000.0,0.0,1838000000.0,3564000000.0,-2471000000.0,2960000000.0,-10060000000.0,-294000000.0,7186000000.0,0.0,2666000000.0,2666000000.0,2666000000.0,-19000000.0,-22000000.0,0.109,4163000000.0,5087000000.0,3487000000.0,0.967,1.404,23.076,22.952,91694000000.0,0.0,86.3,2.509,2.492,962000000.0,3113000000.0,24521000000.0,24521000000.0,0.0,0.019,0.062,0.032,0.212,0.0,0.0,1.0,712877558.0,708000000,708000000.0,34.634,126089000000.0,0.0,448000000.0,8951000000.0,178.092,-5327000000.0
3,DUK,MRY,2017-12-31,2017-12-31,2017-12-31,2021-08-25,-67000000.0,137914000000.0,135837750000.0,8453000000.0,129461000000.0,0.173,59.627,-8052000000.0,358000000.0,358000000.0,14159000000.0,3064000000.0,0.677,2.304,54442000000.0,5407000000.0,49035000000.0,54442000000.0,0.0,4046000000.0,0.0,0.041,3.49,6241000000.0,10287000000.0,0.437,10287000000.0,6241000000.0,4255000000.0,4.36,4.36,4.36,41739000000.0,41458250000.0,41739000000.0,111905948894.0,18.0,10.878,-1428000000.0,-2.04,1.0,9406000000.0,0.399,19396000000.0,1986000000.0,160120000000.0,157619000000.0,3250000000.0,1175000000.0,0.0,1175000000.0,96177000000.0,12482000000.0,83695000000.0,58874948894.0,-36000000.0,0.0,0.0,4231000000.0,-2450000000.0,1782000000.0,-8442000000.0,-106000000.0,6624000000.0,0.0,3059000000.0,3059000000.0,3059000000.0,6000000.0,5000000.0,0.13,3499000000.0,5907000000.0,3043000000.0,0.8,1.411,19.246,19.291,86391000000.0,0.0,84.11,2.498,2.498,779000000.0,3013000000.0,23565000000.0,23565000000.0,0.0,0.023,0.074,0.04,0.265,0.0,0.0,1.0,699975614.0,700000000,700000000.0,33.664,118518000000.0,0.0,1196000000.0,7711000000.0,169.311,-4029000000.0
4,DUK,MRY,2016-12-31,2016-12-31,2016-12-31,2021-08-25,-93000000.0,132761000000.0,126702500000.0,8039000000.0,124722000000.0,0.179,59.382,-7901000000.0,392000000.0,392000000.0,14256000000.0,2170000000.0,0.696,2.235,50382000000.0,4806000000.0,45576000000.0,50382000000.0,0.0,3880000000.0,0.0,0.043,3.36,5224000000.0,9104000000.0,0.4,9104000000.0,5224000000.0,3308000000.0,3.11,3.11,3.11,41033000000.0,40327250000.0,41033000000.0,97472629295.0,19.0,10.707,-1038000000.0,-1.502,1.0,8487000000.0,0.373,19425000000.0,1916000000.0,151775000000.0,143703000000.0,3522000000.0,925000000.0,0.0,925000000.0,91720000000.0,11551000000.0,80169000000.0,53475629295.0,60000000.0,-3360000000.0,731000000.0,5868000000.0,-2332000000.0,4251000000.0,-11528000000.0,-223000000.0,6863000000.0,0.0,2152000000.0,2152000000.0,2152000000.0,408000000.0,18000000.0,0.095,3267000000.0,5220000000.0,2994000000.0,1.08,1.303,24.849,24.958,82520000000.0,0.0,77.62,2.351,2.358,2644000000.0,2384000000.0,22743000000.0,22743000000.0,0.0,0.017,0.053,0.036,0.23,0.0,0.0,1.0,688941372.0,691000000,691000000.0,32.913,113336000000.0,0.0,1156000000.0,15032000000.0,164.017,-3512000000.0
5,DUK,MRY,2015-12-31,2015-12-31,2015-12-31,2021-08-25,-806000000.0,121156000000.0,120726500000.0,8322000000.0,112834000000.0,0.185,57.244,-6766000000.0,383000000.0,383000000.0,14164000000.0,2831000000.0,0.73,2.049,42501000000.0,5659000000.0,36842000000.0,42501000000.0,0.0,3613000000.0,0.0,0.045,3.24,5599000000.0,9212000000.0,0.412,9212000000.0,5599000000.0,4072000000.0,4.05,4.05,4.05,39727000000.0,40047500000.0,39727000000.0,90392191245.0,16.0,9.812,-66000000.0,-0.095,1.0,8207000000.0,0.367,16072000000.0,1527000000.0,135802000000.0,134770750000.0,3746000000.0,499000000.0,0.0,499000000.0,81385000000.0,11400000000.0,69985000000.0,49140191245.0,-80000000.0,1634000000.0,-1483000000.0,1171000000.0,-2254000000.0,-2602000000.0,-5277000000.0,-257000000.0,6700000000.0,0.0,2816000000.0,2816000000.0,2816000000.0,-177000000.0,15000000.0,0.126,3023000000.0,5184000000.0,2350000000.0,0.8,1.237,17.45,17.627,73779000000.0,0.0,71.39,2.197,2.215,515000000.0,2564000000.0,22371000000.0,22371000000.0,0.0,0.023,0.07,0.042,0.25,0.0,0.0,1.0,688334378.0,694000000,694000000.0,32.235,105084000000.0,0.0,1256000000.0,13309000000.0,151.418,-3078000000.0
6,DUK,MRY,2014-12-31,2014-12-31,2014-12-31,2021-08-25,-543000000.0,120557000000.0,117294500000.0,11575000000.0,108982000000.0,0.192,57.815,-5384000000.0,2036000000.0,2036000000.0,14627000000.0,1889000000.0,1.03,1.949,42382000000.0,5321000000.0,37061000000.0,42382000000.0,0.0,3507000000.0,0.0,0.038,3.15,4637000000.0,8144000000.0,0.362,8144000000.0,4637000000.0,3108000000.0,2.66,2.66,2.66,40875000000.0,40949750000.0,40875000000.0,98801057392.0,21.0,12.132,1202000000.0,1.7,1.0,7882000000.0,0.35,16321000000.0,1529000000.0,133349000000.0,132190000000.0,3459000000.0,358000000.0,0.0,358000000.0,79658000000.0,11233000000.0,68425000000.0,59087057392.0,-13000000.0,125000000.0,25000000.0,1565000000.0,-2234000000.0,-678000000.0,-5373000000.0,-67000000.0,6586000000.0,0.0,1883000000.0,1883000000.0,1883000000.0,649000000.0,6000000.0,0.084,2959000000.0,4923000000.0,2271000000.0,1.184,1.446,31.379,31.406,70046000000.0,0.0,83.54,2.625,2.624,791000000.0,2012000000.0,22509000000.0,22509000000.0,0.0,0.016,0.046,0.035,0.206,0.0,0.0,1.0,707290608.0,707000000,707000000.0,31.837,104236000000.0,0.0,1225000000.0,14419000000.0,147.434,342000000.0
7,DUK,MRY,2013-12-31,2013-12-31,2013-12-31,2021-08-25,-399000000.0,114779000000.0,114283750000.0,10516000000.0,104263000000.0,0.199,58.541,-5526000000.0,1501000000.0,1501000000.0,14819000000.0,2676000000.0,1.217,1.775,41095000000.0,2943000000.0,38152000000.0,41095000000.0,0.0,3229000000.0,0.0,0.045,3.09,5413000000.0,8642000000.0,0.38,8642000000.0,5413000000.0,3870000000.0,3.77,3.76,3.77,41330000000.0,40895000000.0,41330000000.0,87866601843.0,16.0,10.167,856000000.0,1.212,1.0,7937000000.0,0.349,16340000000.0,1543000000.0,129389000000.0,127860750000.0,3250000000.0,434000000.0,44000000.0,390000000.0,73371000000.0,8644000000.0,64727000000.0,48720601843.0,77000000.0,277000000.0,9000000.0,933000000.0,-2188000000.0,-1327000000.0,-4978000000.0,92000000.0,6382000000.0,0.0,2665000000.0,2665000000.0,2665000000.0,-86000000.0,11000000.0,0.117,2684000000.0,5253000000.0,2391000000.0,0.82,1.179,18.282,18.305,69490000000.0,0.0,69.01,2.141,2.141,1286000000.0,2363000000.0,22756000000.0,22756000000.0,0.0,0.023,0.065,0.042,0.238,0.0,0.0,1.0,705993361.0,706000000,706000000.0,32.232,98439000000.0,0.0,1205000000.0,13090000000.0,139.432,1872000000.0
8,DUK,MRY,2012-12-31,2012-12-31,2012-12-31,2021-08-25,-306000000.0,113856000000.0,87673500000.0,10122000000.0,103734000000.0,0.204,71.19,-5501000000.0,1424000000.0,1424000000.0,12200000000.0,1782000000.0,1.009,1.784,40518000000.0,4167000000.0,36351000000.0,40518000000.0,0.0,2652000000.0,0.0,0.047,3.03,3635000000.0,6287000000.0,0.351,6287000000.0,3635000000.0,2391000000.0,3.07,3.07,3.07,40863000000.0,31742000000.0,40863000000.0,82641749783.0,23.0,13.145,-257000000.0,-0.448,1.0,5712000000.0,0.319,16365000000.0,1244000000.0,126556000000.0,99129250000.0,3223000000.0,816000000.0,333000000.0,483000000.0,72915000000.0,10029000000.0,62886000000.0,44930749783.0,-686000000.0,-380000000.0,23000000.0,1950000000.0,-1752000000.0,267000000.0,-6197000000.0,24000000.0,5244000000.0,0.0,1768000000.0,1768000000.0,1768000000.0,-171000000.0,14000000.0,0.099,2135000000.0,3577000000.0,2444000000.0,0.987,1.1,25.413,20.782,68558000000.0,0.0,63.8,2.508,2.045,1516000000.0,1889000000.0,17912000000.0,17912000000.0,0.0,0.02,0.056,0.037,0.203,0.0,0.0,1.0,704243727.0,574000000,575000000.0,31.206,97491000000.0,0.0,623000000.0,11407000000.0,169.845,93000000.0
9,DUK,MRY,2011-12-31,2011-12-31,2011-12-31,2021-08-25,-234000000.0,62526000000.0,60520000000.0,6880000000.0,55646000000.0,0.24,51.288,-4363000000.0,2110000000.0,2110000000.0,9619000000.0,1714000000.0,1.245,1.742,21000000000.0,2321000000.0,18679000000.0,21000000000.0,0.0,2026000000.0,0.0,0.045,2.97,3317000000.0,5343000000.0,0.368,5343000000.0,3317000000.0,2458000000.0,3.83,3.83,3.83,22772000000.0,22720750000.0,22772000000.0,47154133062.0,14.0,8.825,-691000000.0,-1.556,1.0,4910000000.0,0.338,4212000000.0,859000000.0,71676000000.0,69302750000.0,1588000000.0,712000000.0,190000000.0,522000000.0,39661000000.0,5528000000.0,34133000000.0,29320133062.0,440000000.0,-51000000.0,67000000.0,2500000000.0,-1329000000.0,1202000000.0,-4434000000.0,-63000000.0,3672000000.0,0.0,1706000000.0,1706000000.0,1706000000.0,-1000000.0,8000000.0,0.117,1798000000.0,3112000000.0,1433000000.0,0.775,1.288,17.186,17.232,42661000000.0,0.0,66.0,2.018,2.017,784000000.0,1873000000.0,14529000000.0,14529000000.0,0.0,0.028,0.075,0.048,0.228,0.0,0.0,1.0,444244440.0,444000000,444000000.0,32.723,58314000000.0,0.0,752000000.0,8396000000.0,131.338,1352000000.0
10,DUK,MRY,2010-12-31,2010-12-31,2010-12-31,2021-08-25,2000000.0,59090000000.0,57745000000.0,6223000000.0,52867000000.0,0.247,51.303,-4803000000.0,1670000000.0,1670000000.0,9452000000.0,1323000000.0,1.597,1.618,18426000000.0,491000000.0,17935000000.0,18426000000.0,0.0,1994000000.0,0.0,0.054,2.91,3050000000.0,5044000000.0,0.353,5044000000.0,3050000000.0,2210000000.0,3.0,3.0,3.0,22522000000.0,21894500000.0,22522000000.0,40073212596.0,13.0,7.945,-292000000.0,-0.665,1.0,4820000000.0,0.338,4325000000.0,840000000.0,67624000000.0,65987000000.0,1318000000.0,486000000.0,0.0,486000000.0,36437000000.0,3897000000.0,32540000000.0,23590212596.0,128000000.0,0.0,302000000.0,1036000000.0,-1284000000.0,40000000.0,-4423000000.0,43000000.0,4511000000.0,0.0,1320000000.0,1320000000.0,1320000000.0,-3000000.0,3000000.0,0.092,2359000000.0,2461000000.0,1387000000.0,0.97,1.047,17.871,17.81,40344000000.0,0.0,53.43,1.653,1.643,764000000.0,1496000000.0,14272000000.0,14272000000.0,0.0,0.023,0.06,0.046,0.214,0.0,0.0,1.0,441516238.0,439000000,440000000.0,32.51,54765000000.0,0.0,890000000.0,7749000000.0,124.749,2326000000.0
11,DUK,MRY,2009-12-31,2009-12-31,2009-12-31,2021-08-25,-372000000.0,57040000000.0,55276750000.0,5766000000.0,51274000000.0,0.23,50.464,-4296000000.0,1542000000.0,1542000000.0,8442000000.0,1085000000.0,1.41,1.616,17015000000.0,902000000.0,16113000000.0,17015000000.0,0.0,1846000000.0,0.0,0.055,2.82,2584000000.0,4430000000.0,0.348,4430000000.0,2584000000.0,1833000000.0,2.49,2.49,2.49,21750000000.0,21449500000.0,21750000000.0,37274270241.0,14.0,8.414,-833000000.0,-1.933,1.0,4289000000.0,0.337,4943000000.0,751000000.0,63482000000.0,61149500000.0,1515000000.0,481000000.0,0.0,481000000.0,35154000000.0,4088000000.0,31066000000.0,22452270241.0,556000000.0,-124000000.0,519000000.0,2328000000.0,-1222000000.0,1585000000.0,-4492000000.0,-92000000.0,3463000000.0,0.0,1075000000.0,1075000000.0,1075000000.0,-12000000.0,10000000.0,0.084,2040000000.0,2249000000.0,1390000000.0,1.133,1.032,20.886,20.735,37950000000.0,0.0,51.63,1.764,1.748,845000000.0,1460000000.0,12731000000.0,12731000000.0,0.0,0.019,0.05,0.042,0.203,0.0,0.0,1.0,434868686.0,431000000,431333000.0,29.538,52097000000.0,0.0,758000000.0,6353000000.0,120.875,1678000000.0
12,DUK,MRY,2008-12-31,2008-12-31,2008-12-31,2021-08-25,-726000000.0,53077000000.0,51772750000.0,5273000000.0,47804000000.0,0.255,49.774,-4386000000.0,986000000.0,986000000.0,9010000000.0,1358000000.0,1.214,1.521,14439000000.0,1189000000.0,13250000000.0,14439000000.0,0.0,1834000000.0,0.0,0.06,2.7,2719000000.0,4553000000.0,0.345,4553000000.0,2719000000.0,1978000000.0,3.24,3.21,3.24,20988000000.0,21257000000.0,20988000000.0,32034992573.0,12.0,7.036,-1058000000.0,-2.509,1.0,4197000000.0,0.318,5400000000.0,741000000.0,56785000000.0,54210500000.0,1135000000.0,658000000.0,51000000.0,607000000.0,31926000000.0,4345000000.0,27581000000.0,18991992573.0,308000000.0,-389000000.0,133000000.0,2591000000.0,-1143000000.0,1591000000.0,-4611000000.0,46000000.0,3328000000.0,0.0,1362000000.0,1362000000.0,1362000000.0,-16000000.0,-4000000.0,0.103,1686000000.0,2511000000.0,1477000000.0,0.833,0.905,13.944,13.898,34036000000.0,0.0,45.03,1.438,1.438,1653000000.0,1607000000.0,13207000000.0,13207000000.0,0.0,0.026,0.064,0.05,0.206,0.0,0.0,1.0,421763104.0,421667000,422333000.0,31.321,47677000000.0,0.0,616000000.0,5627000000.0,113.068,928000000.0
13,DUK,MRY,2007-12-31,2007-12-31,2007-12-31,2021-08-25,-133000000.0,49686000000.0,48847500000.0,4916000000.0,44770000000.0,0.26,50.474,-3125000000.0,678000000.0,678000000.0,8476000000.0,1502000000.0,0.863,1.344,11766000000.0,2268000000.0,9498000000.0,11766000000.0,0.0,1888000000.0,0.0,0.043,2.58,2897000000.0,4785000000.0,0.376,4785000000.0,2897000000.0,2212000000.0,3.57,3.54,3.57,21199000000.0,20831250000.0,21199000000.0,36535774630.0,13.0,7.635,83000000.0,0.198,1.0,4244000000.0,0.334,5362000000.0,685000000.0,49714000000.0,49560250000.0,1012000000.0,1286000000.0,437000000.0,849000000.0,28487000000.0,5698000000.0,22789000000.0,25434774630.0,-270000000.0,-66000000.0,50000000.0,80000000.0,-1089000000.0,-1327000000.0,-2151000000.0,873000000.0,3208000000.0,0.0,1500000000.0,1500000000.0,1500000000.0,22000000.0,2000000.0,0.118,1751000000.0,2493000000.0,1585000000.0,0.723,1.2,16.957,16.95,31110000000.0,0.0,60.51,2.0,1.998,1767000000.0,1398000000.0,12720000000.0,12720000000.0,0.0,0.031,0.072,0.058,0.228,0.0,0.0,1.0,420340020.0,420000000,421667000.0,30.286,44324000000.0,0.0,712000000.0,5295000000.0,105.533,-782000000.0
14,DUK,MRY,2006-12-31,2006-12-31,2006-12-31,2021-08-25,595000000.0,68700000000.0,65191750000.0,7047000000.0,61653000000.0,0.163,66.928,-3381000000.0,948000000.0,948000000.0,7665000000.0,1863000000.0,1.066,1.632,20173000000.0,2055000000.0,18118000000.0,20173000000.0,0.0,2215000000.0,0.0,0.038,3.78,2945000000.0,5160000000.0,0.486,5160000000.0,2945000000.0,2313000000.0,4.77,4.71,4.77,26102000000.0,23705000000.0,26102000000.0,62114685008.0,21.0,12.038,367000000.0,0.941,1.0,2942000000.0,0.277,9080000000.0,632000000.0,72232000000.0,69266000000.0,1358000000.0,4043000000.0,1514000000.0,2529000000.0,42598000000.0,6613000000.0,35985000000.0,41687685008.0,437000000.0,-137000000.0,-373000000.0,-143000000.0,-1488000000.0,-1961000000.0,-1328000000.0,-940000000.0,3748000000.0,0.0,1863000000.0,1863000000.0,1863000000.0,-783000000.0,0.0,0.176,1322000000.0,1620000000.0,1686000000.0,0.792,1.597,22.377,20.887,41447000000.0,0.0,99.63,3.93,3.663,2256000000.0,5652000000.0,10607000000.0,10607000000.0,0.0,0.029,0.079,0.043,0.278,0.0,0.0,1.0,418425023.0,390000000,396000000.0,27.197,59620000000.0,0.0,450000000.0,7612000000.0,152.872,434000000.0
15,DUK,MRY,2005-12-31,2005-12-31,2005-12-31,2021-08-25,716000000.0,54723000000.0,54989750000.0,7957000000.0,46766000000.0,0.126,52.802,-2327000000.0,511000000.0,511000000.0,4448000000.0,1824000000.0,0.945,2.329,16030000000.0,1483000000.0,14547000000.0,16030000000.0,0.0,1884000000.0,0.0,0.043,3.51,2580000000.0,4464000000.0,0.646,4464000000.0,2580000000.0,2199000000.0,5.82,5.64,5.82,16439000000.0,16279500000.0,16439000000.0,41196713326.0,16.0,9.229,491000000.0,1.577,1.0,2458000000.0,0.356,3840000000.0,381000000.0,57984000000.0,59852750000.0,863000000.0,3984000000.0,632000000.0,3352000000.0,38284000000.0,8418000000.0,29866000000.0,25461713326.0,-22000000.0,-294000000.0,-892000000.0,-638000000.0,-1105000000.0,-2717000000.0,-126000000.0,2233000000.0,2818000000.0,0.0,1824000000.0,1812000000.0,1812000000.0,-935000000.0,0.0,0.262,1193000000.0,1265000000.0,2431000000.0,0.603,1.549,14.052,14.149,29200000000.0,12000000.0,82.35,3.687,3.712,2580000000.0,5277000000.0,6906000000.0,6906000000.0,0.0,0.033,0.111,0.043,0.374,0.0,0.0,1.0,309188990.0,311333000,323333000.0,22.182,50883000000.0,0.0,375000000.0,5724000000.0,163.436,-461000000.0
16,DUK,MRY,2004-12-31,2004-12-31,2004-12-31,2021-08-25,650000000.0,55770000000.0,55171750000.0,7918000000.0,47852000000.0,0.355,52.979,-2161000000.0,533000000.0,533000000.0,14627000000.0,1490000000.0,1.055,2.392,18832000000.0,1900000000.0,16932000000.0,18832000000.0,0.0,2037000000.0,0.0,0.043,3.3,3279000000.0,5316000000.0,0.271,5316000000.0,3279000000.0,1997000000.0,4.77,4.62,4.77,16441000000.0,15065500000.0,16441000000.0,41553418540.0,13.0,7.817,2007000000.0,6.467,1.0,4969000000.0,0.254,4148000000.0,1282000000.0,62419000000.0,61981500000.0,942000000.0,3971000000.0,1319000000.0,2652000000.0,39329000000.0,7502000000.0,31827000000.0,23758418540.0,136000000.0,0.0,1704000000.0,-3560000000.0,-1065000000.0,-3278000000.0,-793000000.0,742000000.0,4168000000.0,0.0,1490000000.0,1481000000.0,1481000000.0,-244000000.0,0.0,0.076,2230000000.0,2739000000.0,2414000000.0,0.692,1.445,16.042,15.931,33806000000.0,9000000.0,75.99,1.212,1.203,3184000000.0,4539000000.0,19596000000.0,19596000000.0,0.0,0.027,0.098,0.053,0.167,0.0,0.0,1.0,312651909.0,310333000,322000000.0,63.145,51622000000.0,0.0,507000000.0,5655000000.0,166.344,416000000.0
17,DUK,MRY,2003-12-31,2003-12-31,2003-12-31,2021-08-25,169000000.0,57225000000.0,61174000000.0,7675000000.0,49550000000.0,0.295,45.674,-2260000000.0,397000000.0,397000000.0,13939000000.0,-1323000000.0,0.991,3.162,21952000000.0,1330000000.0,20622000000.0,21952000000.0,0.0,1987000000.0,0.0,0.054,3.3,-87000000.0,1900000000.0,0.105,1900000000.0,-87000000.0,-1417000000.0,-4.44,-4.44,-4.44,13748000000.0,15167500000.0,13748000000.0,40772051834.0,-469.0,21.459,1144000000.0,3.801,1.0,4082000000.0,0.227,3962000000.0,1330000000.0,67070000000.0,69394000000.0,941000000.0,3774000000.0,763000000.0,3011000000.0,43477000000.0,7748000000.0,35729000000.0,18559051834.0,16000000.0,0.0,277000000.0,-1792000000.0,-1051000000.0,-2657000000.0,-676000000.0,1376000000.0,3404000000.0,0.0,-1323000000.0,-1338000000.0,-1338000000.0,1232000000.0,0.0,-0.074,3347000000.0,735000000.0,2317000000.0,-0.743,1.35,-13.871,-13.818,33848000000.0,15000000.0,61.35,1.03,1.025,2953000000.0,4060000000.0,18021000000.0,18021000000.0,0.0,-0.022,-0.088,-0.001,-0.005,0.0,0.0,1.0,302511032.0,301000000,301333000.0,59.87,53263000000.0,0.0,-94000000.0,4299000000.0,176.953,-73000000.0
18,DUK,MRY,2002-12-31,2002-12-31,2002-12-31,2021-08-25,-709000000.0,60122000000.0,62676750000.0,9737000000.0,50385000000.0,0.253,53.627,-4745000000.0,874000000.0,874000000.0,11388000000.0,1034000000.0,0.97,3.023,23875000000.0,2246000000.0,21629000000.0,23875000000.0,0.0,1692000000.0,0.0,0.056,3.3,2742000000.0,4434000000.0,0.28,4434000000.0,2742000000.0,1645000000.0,3.66,3.66,3.66,14944000000.0,14706500000.0,14944000000.0,41240711490.0,15.0,9.301,-546000000.0,-1.959,1.0,4472000000.0,0.282,3747000000.0,1097000000.0,69339000000.0,69145750000.0,971000000.0,4044000000.0,0.0,4044000000.0,45178000000.0,10037000000.0,35141000000.0,17421711490.0,91000000.0,-1707000000.0,1323000000.0,2210000000.0,-938000000.0,2846000000.0,-6954000000.0,-602000000.0,4199000000.0,0.0,1034000000.0,1021000000.0,1021000000.0,261000000.0,0.0,0.064,1838000000.0,2634000000.0,3637000000.0,0.902,1.166,17.063,16.016,36102000000.0,13000000.0,58.62,1.098,1.03,4861000000.0,6417000000.0,15860000000.0,15860000000.0,0.0,0.016,0.069,0.04,0.173,0.0,0.0,1.0,297197398.0,278667000,278667000.0,56.914,56375000000.0,0.0,611000000.0,5166000000.0,202.302,-300000000.0
19,DUK,MRY,2001-12-31,2001-12-31,2001-12-31,2021-08-25,180000000.0,48531000000.0,50044500000.0,9601000000.0,38930000000.0,0.359,49.631,-5700000000.0,290000000.0,290000000.0,13073000000.0,1898000000.0,0.918,2.825,15605000000.0,1877000000.0,13728000000.0,15605000000.0,0.0,1450000000.0,0.0,0.028,3.3,3807000000.0,5257000000.0,0.293,5257000000.0,3807000000.0,3047000000.0,7.35,7.32,7.35,12689000000.0,11872500000.0,12689000000.0,44602393810.0,12.0,8.484,-1951000000.0,-7.631,1.0,4873000000.0,0.272,1730000000.0,760000000.0,51661000000.0,49439500000.0,1017000000.0,2056000000.0,0.0,2056000000.0,35842000000.0,10455000000.0,25387000000.0,30471393810.0,-332000000.0,0.0,1432000000.0,1129000000.0,-871000000.0,1354000000.0,-5435000000.0,-150000000.0,3749000000.0,0.0,1898000000.0,1884000000.0,1884000000.0,5000000.0,0.0,0.105,1056000000.0,3817000000.0,4231000000.0,0.449,2.401,16.174,16.024,28415000000.0,14000000.0,117.78,1.698,1.678,5301000000.0,6292000000.0,17946000000.0,17946000000.0,0.0,0.038,0.159,0.077,0.212,0.0,0.0,1.0,258714500.0,255667000,255667000.0,70.193,46801000000.0,0.0,1149000000.0,4939000000.0,183.055,-854000000.0
20,DUK,MRY,2000-12-31,2000-12-31,2000-12-31,2021-08-25,-120000000.0,58232000000.0,47242250000.0,22513000000.0,35719000000.0,0.325,40.989,-4568000000.0,622000000.0,622000000.0,11086000000.0,1776000000.0,0.965,4.791,14419000000.0,2296000000.0,12123000000.0,14419000000.0,0.0,1348000000.0,0.0,0.031,3.919,3707000000.0,5055000000.0,0.329,5055000000.0,3707000000.0,2796000000.0,7.17,7.14,7.17,10056000000.0,9645750000.0,10056000000.0,44784058382.0,12.0,8.859,-2557000000.0,-10.423,1.0,4256000000.0,0.277,1566000000.0,911000000.0,47126000000.0,43313250000.0,739000000.0,1849000000.0,0.0,1849000000.0,48176000000.0,23337000000.0,24839000000.0,31441058382.0,9000000.0,1063000000.0,230000000.0,3499000000.0,-828000000.0,2714000000.0,-4716000000.0,-1124000000.0,2011000000.0,0.0,1776000000.0,1757000000.0,1757000000.0,0.0,0.0,0.115,953000000.0,3303000000.0,7733000000.0,0.547,3.127,17.895,17.835,24452000000.0,19000000.0,127.875,2.049,2.045,8648000000.0,5379000000.0,15342000000.0,15342000000.0,0.0,0.037,0.182,0.086,0.242,0.0,0.0,1.0,245873379.0,245333000,245333000.0,62.535,56666000000.0,0.0,1020000000.0,4323000000.0,230.976,-824000000.0
21,DUK,MRY,1999-12-31,1999-12-31,1999-12-31,2021-08-25,-2000000.0,33409000000.0,31006250000.0,6171000000.0,27238000000.0,0.702,37.029,-5291000000.0,613000000.0,613000000.0,18979000000.0,1507000000.0,1.05,2.713,10869000000.0,782000000.0,10087000000.0,10869000000.0,0.0,1151000000.0,0.0,0.044,3.3,2561000000.0,3712000000.0,0.171,3712000000.0,2561000000.0,1960000000.0,6.12,6.09,6.12,8998000000.0,9035250000.0,8998000000.0,27787692199.0,11.0,7.486,-2607000000.0,-10.728,1.0,2787000000.0,0.128,844000000.0,601000000.0,36945000000.0,33224750000.0,599000000.0,1453000000.0,0.0,1453000000.0,24411000000.0,5876000000.0,18535000000.0,18331692199.0,533000000.0,1900000000.0,162000000.0,2258000000.0,-822000000.0,1600000000.0,-3751000000.0,-513000000.0,2684000000.0,0.0,1507000000.0,1487000000.0,1487000000.0,0.0,0.0,0.068,968000000.0,1819000000.0,2312000000.0,0.539,2.037,12.328,12.287,20995000000.0,20000000.0,75.195,0.842,0.839,3248000000.0,4397000000.0,21766000000.0,21766000000.0,0.0,0.048,0.165,0.077,0.118,0.0,0.0,1.0,243788712.0,243000000,243000000.0,89.572,32565000000.0,0.0,453000000.0,4312000000.0,134.012,295000000.0
22,DUK,MRY,1998-12-31,1998-12-31,1998-12-31,2021-08-25,0.0,26806000000.0,25598400000.0,4843000000.0,21963000000.0,0.69,33.864,-2500000000.0,80000000.0,80000000.0,14268000000.0,1252000000.0,0.977,2.289,8107000000.0,916000000.0,7191000000.0,8107000000.0,0.0,1055000000.0,0.0,0.034,3.3,2543000000.0,3598000000.0,0.204,3598000000.0,2543000000.0,2029000000.0,5.16,5.13,5.16,8150000000.0,7859600000.0,8150000000.0,30045630289.0,12.0,8.351,-169000000.0,-0.702,1.0,3394000000.0,0.192,495000000.0,514000000.0,29383000000.0,28057325000.0,543000000.0,1146000000.0,0.0,1146000000.0,18656000000.0,4955000000.0,13701000000.0,23188030289.0,-67000000.0,38000000.0,176000000.0,890000000.0,-814000000.0,78000000.0,-2476000000.0,0.0,2331000000.0,0.0,1252000000.0,1231000000.0,1231000000.0,0.0,0.0,0.07,909000000.0,2485000000.0,1754000000.0,0.64,2.845,18.837,18.622,16875000000.0,21000000.0,96.09,1.313,1.309,2318000000.0,3701000000.0,17662000000.0,17662000000.0,0.0,0.048,0.157,0.091,0.144,0.0,0.0,1.0,241315749.0,240667000,240667000.0,73.388,26311000000.0,0.0,777000000.0,4066000000.0,109.325,-112000000.0
23,DUK,MRY,1997-12-31,1997-12-31,1997-12-31,2021-08-25,0.0,24029000000.0,23197600000.0,3685000000.0,20344000000.0,0.703,31.417,-2028000000.0,109000000.0,109000000.0,13498000000.0,974000000.0,1.125,2.187,7116000000.0,247000000.0,6869000000.0,7116000000.0,0.0,983000000.0,0.0,0.039,3.24,2085000000.0,3068000000.0,0.188,3068000000.0,2085000000.0,1613000000.0,3.765,3.75,3.765,7540000000.0,7440600000.0,7540000000.0,,,,112000000.0,0.467,1.0,2811000000.0,0.172,504000000.0,472000000.0,27257000000.0,26110500000.0,440000000.0,926000000.0,0.0,926000000.0,16489000000.0,3275000000.0,13214000000.0,19945073274.0,-57000000.0,0.0,-10000000.0,798000000.0,-726000000.0,-203000000.0,-1994000000.0,0.0,2140000000.0,0.0,974000000.0,902000000.0,902000000.0,0.0,0.0,0.055,841000000.0,1970000000.0,1670000000.0,0.861,2.645,22.112,22.064,15736000000.0,72000000.0,83.07,1.223,1.222,2281000000.0,3256000000.0,16309000000.0,16309000000.0,0.0,0.039,0.121,0.08,0.128,0.0,0.0,1.0,240099594.0,240000000,240000000.0,67.954,23525000000.0,0.0,639000000.0,4089000000.0,98.021,410000000.0
24,DUK,MRY,1996-12-31,1996-12-31,1996-12-31,2021-08-25,0.0,22366200000.0,,3146000000.0,19220200000.0,,30.504,-1394000000.0,166000000.0,166000000.0,9354000000.0,1074000000.0,0.951,2.047,6295400000.0,810300000.0,5485100000.0,6295400000.0,0.0,965000000.0,0.0,0.045,3.12,2271000000.0,3236000000.0,0.263,3236000000.0,2271000000.0,1772000000.0,4.35,4.32,4.35,7341200000.0,,7341200000.0,,,,941000000.0,3.91,1.0,2948000000.0,0.24,222100000.0,499000000.0,24964000000.0,,433500000.0,566400000.0,0.0,566400000.0,15025000000.0,3309500000.0,11715500000.0,,-6000000.0,0.0,-147000000.0,-5000000.0,-609000000.0,-773000000.0,-1568000000.0,-156000000.0,2335000000.0,0.0,1074000000.0,1030000000.0,1030000000.0,0.0,0.0,0.084,789000000.0,2159000000.0,1286500000.0,0.717,,,15.948,15269100000.0,44000000.0,69.375,,1.357,1888000000.0,3051900000.0,12302000000.0,12302000000.0,0.0,,,,0.185,0.0,0.0,1.0,,240667000,240667000.0,51.116,22144100000.0,0.0,698000000.0,3893400000.0,92.011,-163500000.0
25,DUK,MRY,1995-12-31,1995-12-31,1995-12-31,2021-08-25,,,,,,,,-1223000000.0,,,6889300000.0,1018100000.0,,,,,,,,953800000.0,,0.042,3.0,2190500000.0,3144300000.0,0.324,3144300000.0,2190500000.0,1682300000.0,4.02,4.005,4.02,,,,,,,609200000.0,2.53,1.0,2805400000.0,0.289,,508200000.0,,,,,,,,,,,-30900000.0,0.0,16500000.0,133800000.0,-590500000.0,-545500000.0,-1317600000.0,-67700000.0,1832200000.0,0.0,1018100000.0,969200000.0,969200000.0,0.0,0.0,0.1,737100000.0,2068300000.0,,0.746,,,17.679,,48900000.0,71.07,,1.765,,,9694700000.0,9694700000.0,0.0,,,,0.226,0.0,0.0,1.0,,240800000,240800000.0,40.26,,,664200000.0,,,
0,DUK,MRQ,2021-06-30,2021-06-30,2021-06-30,2021-08-25,-306000000.0,165385000000.0,,8985000000.0,156400000000.0,,62.59,-2421000000.0,367000000.0,367000000.0,3253000000.0,698000000.0,0.554,2.407,66997000000.0,8272000000.0,58725000000.0,66997000000.0,0.0,1368000000.0,0.0,0.039,0.965,1373000000.0,2741000000.0,0.476,2741000000.0,1373000000.0,801000000.0,0.96,0.96,0.96,48132000000.0,,48132000000.0,141328295336.0,27.0,13.07,-636000000.0,-0.827,1.0,2505000000.0,0.435,19303000000.0,572000000.0,196501000000.0,,3015000000.0,938000000.0,0.0,938000000.0,115840000000.0,16211000000.0,99629000000.0,75937295336.0,-127000000.0,0.0,0.0,1321000000.0,-758000000.0,565000000.0,-2477000000.0,-3000000.0,1785000000.0,0.0,765000000.0,751000000.0,751000000.0,0.0,-67000000.0,0.13,1336000000.0,1169000000.0,2716000000.0,1.005,1.578,26.258,25.843,110136000000.0,14000000.0,98.72,3.111,3.111,868000000.0,2687000000.0,5758000000.0,5758000000.0,0.0,,,,,0.0,0.0,1.0,769218956.0,769000000,769000000.0,7.488,146082000000.0,0.0,36000000.0,11106000000.0,189.964,-7226000000.0
1,DUK,MRQ,2021-03-31,2021-03-31,2021-03-31,2021-08-25,-218000000.0,163465000000.0,,8508000000.0,154957000000.0,,62.661,-2215000000.0,379000000.0,379000000.0,3474000000.0,941000000.0,0.491,2.362,65770000000.0,9650000000.0,56120000000.0,65770000000.0,0.0,1385000000.0,0.0,0.04,0.965,1611000000.0,2996000000.0,0.487,2996000000.0,1611000000.0,1076000000.0,1.25,1.25,1.25,48186000000.0,,48186000000.0,138016095377.0,42.0,15.581,-127000000.0,-0.165,1.0,2676000000.0,0.435,19303000000.0,535000000.0,192220000000.0,,3076000000.0,919000000.0,0.0,919000000.0,113807000000.0,17333000000.0,96474000000.0,74199095377.0,136000000.0,0.0,5000000.0,1719000000.0,-783000000.0,1185000000.0,-3137000000.0,-838000000.0,2088000000.0,0.0,992000000.0,953000000.0,953000000.0,0.0,-51000000.0,0.155,1226000000.0,1450000000.0,2497000000.0,0.772,1.54,56.042,55.798,109169000000.0,39000000.0,96.53,3.083,3.084,950000000.0,2680000000.0,6150000000.0,6150000000.0,0.0,,,,,0.0,0.0,1.0,768663580.0,769000000,769000000.0,7.997,144162000000.0,0.0,84000000.0,10780000000.0,187.467,-8825000000.0
2,DUK,MRQ,2020-12-31,2020-12-31,2020-12-31,2021-08-25,-237000000.0,162388000000.0,,8682000000.0,153706000000.0,,64.555,-2499000000.0,259000000.0,259000000.0,3547000000.0,-150000000.0,0.532,2.36,64076000000.0,7111000000.0,56965000000.0,64076000000.0,0.0,1405000000.0,0.0,0.042,0.965,310000000.0,1715000000.0,0.297,1715000000.0,310000000.0,-225000000.0,-0.13,-0.13,-0.13,47964000000.0,,47964000000.0,132598365754.0,40.0,15.087,-409000000.0,-0.55,1.0,2230000000.0,0.386,19303000000.0,535000000.0,190597000000.0,,3167000000.0,961000000.0,0.0,961000000.0,113204000000.0,16305000000.0,96899000000.0,67384365754.0,-44000000.0,0.0,2670000000.0,-1449000000.0,-699000000.0,506000000.0,-2640000000.0,50000000.0,2090000000.0,0.0,-63000000.0,-77000000.0,-77000000.0,-7000000.0,-87000000.0,-0.013,1208000000.0,1022000000.0,3144000000.0,-7.423,1.405,53.059,53.233,108306000000.0,14000000.0,91.56,2.823,2.827,1009000000.0,2471000000.0,5777000000.0,5777000000.0,0.0,,,,,0.0,0.0,1.0,735958560.0,743000000,747000000.0,7.775,143085000000.0,0.0,-162000000.0,10413000000.0,192.577,-7623000000.0
3,DUK,MRQ,2020-09-30,2020-09-30,2020-09-30,2021-08-25,-263000000.0,161409000000.0,,8679000000.0,152730000000.0,,62.593,-2305000000.0,308000000.0,308000000.0,3664000000.0,1234000000.0,0.52,2.48,65522000000.0,8094000000.0,57428000000.0,65522000000.0,0.0,1430000000.0,0.0,0.043,0.965,1931000000.0,3361000000.0,0.5,3361000000.0,1931000000.0,1409000000.0,1.74,1.74,1.74,46006000000.0,,46006000000.0,130849870053.0,30.0,13.441,1104000000.0,1.502,1.0,3057000000.0,0.455,19303000000.0,522000000.0,190627000000.0,,3190000000.0,924000000.0,0.0,924000000.0,114114000000.0,16693000000.0,97421000000.0,65129870053.0,-41000000.0,0.0,18000000.0,-507000000.0,-722000000.0,-957000000.0,-2493000000.0,-122000000.0,3409000000.0,0.0,1304000000.0,1265000000.0,1265000000.0,0.0,-70000000.0,0.188,1215000000.0,1842000000.0,2486000000.0,0.555,1.416,32.451,32.44,107337000000.0,39000000.0,88.56,2.692,2.69,719000000.0,3260000000.0,6721000000.0,6721000000.0,0.0,,,,,0.0,0.0,1.0,735432137.0,735000000,735000000.0,9.144,142106000000.0,0.0,105000000.0,10627000000.0,193.341,-8014000000.0
4,DUK,MRQ,2020-06-30,2020-06-30,2020-06-30,2021-08-25,-183000000.0,160049000000.0,,9237000000.0,150812000000.0,,61.883,-2271000000.0,341000000.0,341000000.0,3095000000.0,-892000000.0,0.553,2.494,66061000000.0,8541000000.0,57520000000.0,66061000000.0,0.0,1350000000.0,0.0,0.047,0.945,-564000000.0,786000000.0,0.145,786000000.0,-564000000.0,-1118000000.0,-1.13,-1.13,-1.13,45484000000.0,,45484000000.0,123092369341.0,27.0,12.53,-468000000.0,-0.637,1.0,2326000000.0,0.429,19303000000.0,554000000.0,189776000000.0,,3289000000.0,861000000.0,0.0,861000000.0,113438000000.0,16690000000.0,96748000000.0,58707369341.0,-1057000000.0,0.0,17000000.0,230000000.0,-684000000.0,-411000000.0,-2449000000.0,-105000000.0,1803000000.0,0.0,-802000000.0,-817000000.0,-817000000.0,0.0,-90000000.0,-0.151,1149000000.0,1177000000.0,2398000000.0,-0.836,1.291,28.375,28.431,105905000000.0,15000000.0,79.89,2.405,2.405,753000000.0,2707000000.0,5421000000.0,5421000000.0,0.0,,,,,0.0,0.0,1.0,734852539.0,735000000,735000000.0,7.376,140746000000.0,0.0,-316000000.0,10319000000.0,191.491,-7453000000.0
5,DUK,MRQ,2020-03-31,2020-03-31,2020-03-31,2021-08-25,-193000000.0,160072000000.0,,10181000000.0,149891000000.0,,63.925,-2832000000.0,1450000000.0,1450000000.0,3330000000.0,890000000.0,0.671,2.387,65835000000.0,8110000000.0,57725000000.0,65835000000.0,0.0,1301000000.0,0.0,0.047,0.945,1626000000.0,2927000000.0,0.492,2927000000.0,1626000000.0,1075000000.0,1.24,1.24,1.24,46921000000.0,,46921000000.0,121693080529.0,19.0,10.315,-1278000000.0,-1.741,1.0,2619000000.0,0.44,19303000000.0,551000000.0,189984000000.0,,3324000000.0,2067000000.0,0.0,2067000000.0,111989000000.0,15170000000.0,96819000000.0,59311080529.0,1125000000.0,0.0,40000000.0,3231000000.0,-707000000.0,2593000000.0,-3022000000.0,-122000000.0,1554000000.0,0.0,938000000.0,899000000.0,899000000.0,0.0,-48000000.0,0.151,1131000000.0,1488000000.0,2364000000.0,0.762,1.264,16.004,15.984,104741000000.0,39000000.0,80.88,2.385,2.388,809000000.0,4221000000.0,5949000000.0,5949000000.0,0.0,,,,,0.0,0.0,1.0,733321965.0,734000000,736000000.0,8.105,140769000000.0,0.0,137000000.0,10473000000.0,191.783,-4989000000.0
6,DUK,MRQ,2019-12-31,2019-12-31,2019-12-31,2021-08-25,-130000000.0,158838000000.0,,9163000000.0,149675000000.0,,63.964,-3038000000.0,311000000.0,311000000.0,3798000000.0,607000000.0,0.621,2.368,62693000000.0,6276000000.0,56417000000.0,62693000000.0,0.0,1345000000.0,0.0,0.041,0.945,1316000000.0,2661000000.0,0.436,2661000000.0,1316000000.0,769000000.0,0.88,0.88,0.88,46822000000.0,,46822000000.0,127955087890.0,20.0,10.986,-466000000.0,-0.637,1.0,2305000000.0,0.378,19303000000.0,547000000.0,187165000000.0,,3232000000.0,1936000000.0,0.0,1936000000.0,110887000000.0,14752000000.0,96135000000.0,66495087890.0,-9000000.0,0.0,343000000.0,860000000.0,-678000000.0,743000000.0,-3324000000.0,-41000000.0,2572000000.0,0.0,674000000.0,660000000.0,660000000.0,7000000.0,-67000000.0,0.108,1188000000.0,1117000000.0,3487000000.0,1.074,1.42,17.938,18.026,103785000000.0,14000000.0,91.21,2.651,2.651,1066000000.0,4108000000.0,6103000000.0,6103000000.0,0.0,,,,,0.0,0.0,1.0,729032868.0,732000000,732000000.0,8.337,139535000000.0,0.0,95000000.0,9894000000.0,190.622,-5589000000.0
7,DUK,MRQ,2019-09-30,2019-09-30,2019-09-30,2021-08-25,-153000000.0,155917000000.0,,9619000000.0,146298000000.0,,63.701,-2619000000.0,379000000.0,379000000.0,3845000000.0,1323000000.0,0.718,2.337,61839000000.0,5565000000.0,56274000000.0,61839000000.0,0.0,1348000000.0,0.0,0.039,0.945,2102000000.0,3450000000.0,0.497,3450000000.0,2102000000.0,1530000000.0,1.82,1.82,1.82,46438000000.0,,46438000000.0,131842697612.0,21.0,11.728,-38000000.0,-0.052,1.0,3095000000.0,0.446,19303000000.0,572000000.0,184684000000.0,,3107000000.0,1864000000.0,0.0,1864000000.0,108510000000.0,13390000000.0,95120000000.0,69843697612.0,101000000.0,0.0,14000000.0,-416000000.0,-678000000.0,365000000.0,-2845000000.0,-101000000.0,2581000000.0,0.0,1342000000.0,1327000000.0,1327000000.0,0.0,-19000000.0,0.191,1186000000.0,1909000000.0,2946000000.0,0.519,1.504,19.893,19.888,100615000000.0,15000000.0,95.86,2.784,2.785,755000000.0,4139000000.0,6940000000.0,6940000000.0,0.0,,,,,0.0,0.0,1.0,728601060.0,729000000,729000000.0,9.52,136614000000.0,0.0,188000000.0,10067000000.0,187.399,-3771000000.0
8,DUK,MRQ,2019-06-30,2019-06-30,2019-06-30,2021-08-25,-148000000.0,153449000000.0,,9509000000.0,143940000000.0,,62.106,-2929000000.0,336000000.0,336000000.0,3485000000.0,748000000.0,0.707,2.391,62335000000.0,6491000000.0,55844000000.0,62335000000.0,0.0,1245000000.0,0.0,0.042,0.928,1515000000.0,2760000000.0,0.47,2760000000.0,1515000000.0,973000000.0,1.12,1.12,1.12,45213000000.0,,45213000000.0,124564862868.0,21.0,11.581,-1112000000.0,-1.527,1.0,2388000000.0,0.407,19303000000.0,542000000.0,182698000000.0,,3189000000.0,1715000000.0,0.0,1715000000.0,108117000000.0,13447000000.0,94670000000.0,64242862868.0,-69000000.0,0.0,14000000.0,1663000000.0,-663000000.0,1189000000.0,-3075000000.0,-73000000.0,1817000000.0,0.0,832000000.0,820000000.0,820000000.0,0.0,-84000000.0,0.14,1086000000.0,1302000000.0,2512000000.0,0.829,1.421,19.67,19.565,98933000000.0,12000000.0,88.24,2.593,2.592,2799000000.0,3502000000.0,5873000000.0,5873000000.0,0.0,,,,,0.0,0.0,1.0,728046950.0,728000000,728000000.0,8.067,134146000000.0,0.0,141000000.0,9622000000.0,184.266,-3938000000.0
9,DUK,MRQ,2019-03-31,2019-03-31,2019-03-31,2021-08-25,-128000000.0,151136000000.0,,9168000000.0,141968000000.0,,61.939,-2536000000.0,377000000.0,377000000.0,3698000000.0,893000000.0,0.746,2.356,60699000000.0,5530000000.0,55169000000.0,60699000000.0,0.0,1238000000.0,0.0,0.041,0.927,1538000000.0,2776000000.0,0.45,2776000000.0,1538000000.0,995000000.0,1.24,1.24,1.24,45030000000.0,,45030000000.0,122927979380.0,23.0,11.964,-1297000000.0,-1.784,1.0,2465000000.0,0.4,19303000000.0,543000000.0,179873000000.0,,3102000000.0,1602000000.0,0.0,1602000000.0,106091000000.0,12282000000.0,93809000000.0,65430979380.0,-41000000.0,0.0,13000000.0,1128000000.0,-649000000.0,1433000000.0,-2713000000.0,-103000000.0,1239000000.0,0.0,900000000.0,900000000.0,900000000.0,0.0,-7000000.0,0.146,1092000000.0,1373000000.0,2538000000.0,0.748,1.453,22.21,21.951,97419000000.0,0.0,90.0,2.665,2.665,775000000.0,3360000000.0,6163000000.0,6163000000.0,0.0,,,,,0.0,0.0,1.0,727010882.0,727000000,727000000.0,8.477,131833000000.0,0.0,95000000.0,9081000000.0,181.338,-3114000000.0
10,DUK,MRQ,2018-12-31,2018-12-31,2018-12-31,2021-08-25,-92000000.0,145392000000.0,,9714000000.0,135678000000.0,,61.112,-2637000000.0,442000000.0,442000000.0,4084000000.0,454000000.0,0.646,2.318,57939000000.0,6816000000.0,51123000000.0,57939000000.0,0.0,1249000000.0,0.0,0.042,0.928,1007000000.0,2256000000.0,0.369,2256000000.0,1007000000.0,463000000.0,0.64,0.65,0.64,43817000000.0,,43817000000.0,118071333255.0,23.0,11.922,-1118000000.0,-1.559,1.0,2031000000.0,0.332,19303000000.0,544000000.0,168545000000.0,,3084000000.0,1409000000.0,0.0,1409000000.0,101558000000.0,15041000000.0,86517000000.0,61521333255.0,142000000.0,0.0,1004000000.0,1058000000.0,-636000000.0,1413000000.0,-2790000000.0,49000000.0,1519000000.0,0.0,464000000.0,464000000.0,464000000.0,-20000000.0,-10000000.0,0.076,1097000000.0,934000000.0,3487000000.0,1.45,1.404,23.076,22.952,91694000000.0,0.0,86.3,2.509,2.492,962000000.0,3113000000.0,6115000000.0,6115000000.0,0.0,,,,,0.0,0.0,1.0,712877558.0,717000000,714000000.0,8.529,126089000000.0,0.0,-1000000.0,8951000000.0,175.856,-5327000000.0
11,DUK,MRQ,2018-09-30,2018-09-30,2018-09-30,2021-08-25,-66000000.0,143165000000.0,,9520000000.0,133645000000.0,,60.302,-2377000000.0,303000000.0,303000000.0,3896000000.0,1066000000.0,0.684,2.329,56853000000.0,6346000000.0,50507000000.0,56853000000.0,0.0,1197000000.0,0.0,0.045,0.927,1767000000.0,2964000000.0,0.447,2964000000.0,1767000000.0,1250000000.0,1.51,1.51,1.51,42995000000.0,,42995000000.0,112742625014.0,20.0,11.186,-12000000.0,-0.017,1.0,2732000000.0,0.412,19303000000.0,517000000.0,166490000000.0,,3140000000.0,1328000000.0,0.0,1328000000.0,100152000000.0,13922000000.0,86230000000.0,57002625014.0,22000000.0,0.0,14000000.0,838000000.0,-636000000.0,282000000.0,-2625000000.0,-161000000.0,2365000000.0,0.0,1082000000.0,1082000000.0,1082000000.0,-4000000.0,-16000000.0,0.163,1029000000.0,1703000000.0,3234000000.0,0.614,1.326,19.622,19.517,89865000000.0,0.0,80.02,2.355,2.357,682000000.0,3313000000.0,6628000000.0,6628000000.0,0.0,,,,,0.0,0.0,1.0,712354724.0,713000000,714000000.0,9.296,123862000000.0,0.0,168000000.0,8978000000.0,173.719,-4402000000.0
12,DUK,MRQ,2018-06-30,2018-06-30,2018-06-30,2021-08-25,-70000000.0,140259000000.0,,8476000000.0,131783000000.0,,60.465,-2288000000.0,304000000.0,304000000.0,3522000000.0,502000000.0,0.663,2.299,56044000000.0,6181000000.0,49863000000.0,56044000000.0,0.0,1161000000.0,0.0,0.045,0.89,1118000000.0,2279000000.0,0.404,2279000000.0,1118000000.0,600000000.0,0.71,0.71,0.71,42507000000.0,,42507000000.0,110964654674.0,20.0,11.132,-377000000.0,-0.536,1.0,2121000000.0,0.376,19396000000.0,518000000.0,163812000000.0,,3177000000.0,1168000000.0,0.0,1168000000.0,97744000000.0,12791000000.0,84953000000.0,55435654674.0,-152000000.0,0.0,799000000.0,124000000.0,-600000000.0,318000000.0,-2381000000.0,-80000000.0,1911000000.0,0.0,500000000.0,500000000.0,500000000.0,5000000.0,2000000.0,0.089,970000000.0,1151000000.0,2686000000.0,1.254,1.304,19.962,20.02,88495000000.0,0.0,79.08,2.304,2.311,612000000.0,2894000000.0,5643000000.0,5643000000.0,0.0,,,,,0.0,0.0,1.0,701007267.0,703000000,704000000.0,8.027,120863000000.0,0.0,100000000.0,8005000000.0,171.925,-4315000000.0
13,DUK,MRQ,2018-03-31,2018-03-31,2018-03-31,2021-08-25,-69000000.0,138541000000.0,,8279000000.0,130262000000.0,,59.618,-2087000000.0,421000000.0,421000000.0,3769000000.0,622000000.0,0.637,2.315,55950000000.0,6920000000.0,49030000000.0,55950000000.0,0.0,1089000000.0,0.0,0.046,0.89,1316000000.0,2405000000.0,0.392,2405000000.0,1316000000.0,801000000.0,0.88,0.88,0.88,41792000000.0,,41792000000.0,108320178912.0,18.0,10.672,-696000000.0,-0.993,1.0,2366000000.0,0.386,19396000000.0,515000000.0,161676000000.0,,3149000000.0,1189000000.0,0.0,1189000000.0,96743000000.0,12998000000.0,83745000000.0,54236178912.0,74000000.0,0.0,21000000.0,1544000000.0,-599000000.0,947000000.0,-2264000000.0,-102000000.0,1391000000.0,0.0,620000000.0,620000000.0,620000000.0,0.0,2000000.0,0.101,1067000000.0,1299000000.0,2391000000.0,1.011,1.298,18.304,18.358,87373000000.0,0.0,77.47,2.263,2.266,759000000.0,3021000000.0,6135000000.0,6135000000.0,0.0,,,,,0.0,0.0,1.0,700092667.0,701000000,701000000.0,8.752,119145000000.0,0.0,181000000.0,7814000000.0,169.964,-4719000000.0
14,DUK,MRQ,2017-12-31,2017-12-31,2017-12-31,2021-08-25,-67000000.0,137914000000.0,,8453000000.0,129461000000.0,,59.627,-2211000000.0,358000000.0,358000000.0,3595000000.0,703000000.0,0.677,2.304,54442000000.0,5407000000.0,49035000000.0,54442000000.0,0.0,1056000000.0,0.0,0.041,0.89,1375000000.0,2431000000.0,0.419,2431000000.0,1375000000.0,864000000.0,1.0,1.0,1.0,41739000000.0,,41739000000.0,111905948894.0,18.0,10.878,-565000000.0,-0.807,1.0,2204000000.0,0.38,19396000000.0,511000000.0,160120000000.0,,3250000000.0,1175000000.0,0.0,1175000000.0,96177000000.0,12482000000.0,83695000000.0,58874948894.0,78000000.0,0.0,0.0,1175000000.0,-625000000.0,543000000.0,-2111000000.0,235000000.0,1646000000.0,0.0,703000000.0,703000000.0,703000000.0,2000000.0,0.0,0.121,929000000.0,1275000000.0,3043000000.0,0.89,1.411,19.246,19.291,86391000000.0,0.0,84.11,2.498,2.498,779000000.0,3013000000.0,5799000000.0,5799000000.0,0.0,,,,,0.0,0.0,1.0,699975614.0,700000000,700000000.0,8.284,118518000000.0,0.0,161000000.0,7711000000.0,169.311,-4029000000.0
15,DUK,MRQ,2017-09-30,2017-09-30,2017-09-30,2021-08-25,-80000000.0,136325000000.0,,7706000000.0,128619000000.0,,59.473,-1910000000.0,282000000.0,282000000.0,3720000000.0,955000000.0,0.712,2.274,53313000000.0,4384000000.0,48929000000.0,53313000000.0,0.0,1037000000.0,0.0,0.041,0.89,1816000000.0,2853000000.0,0.44,2853000000.0,1816000000.0,1318000000.0,1.36,1.36,1.36,41631000000.0,,41631000000.0,111444836141.0,21.0,12.005,268000000.0,0.383,1.0,2762000000.0,0.426,19418000000.0,498000000.0,159118000000.0,,3265000000.0,1366000000.0,0.0,1366000000.0,94683000000.0,10820000000.0,83863000000.0,58739836141.0,-44000000.0,0.0,0.0,350000000.0,-625000000.0,-235000000.0,-1987000000.0,-81000000.0,2178000000.0,0.0,954000000.0,954000000.0,954000000.0,2000000.0,1000000.0,0.147,894000000.0,1868000000.0,2645000000.0,0.654,1.411,27.59,27.788,84862000000.0,0.0,83.92,2.516,2.517,2617000000.0,2936000000.0,6482000000.0,6482000000.0,0.0,,,,,0.0,0.0,1.0,699950383.0,700000000,700000000.0,9.26,116907000000.0,0.0,364000000.0,16219000000.0,167.01,-3114000000.0
16,DUK,MRQ,2017-06-30,2017-06-30,2017-06-30,2021-08-25,-82000000.0,135004000000.0,,7673000000.0,127331000000.0,,58.977,-1771000000.0,298000000.0,298000000.0,3365000000.0,689000000.0,0.616,2.27,53003000000.0,6960000000.0,46043000000.0,53003000000.0,0.0,962000000.0,0.0,0.041,0.855,1499000000.0,2461000000.0,0.443,2461000000.0,1499000000.0,1013000000.0,0.98,0.98,0.98,41284000000.0,,41284000000.0,110181264106.0,20.0,11.52,-217000000.0,-0.31,1.0,2190000000.0,0.394,19425000000.0,486000000.0,155818000000.0,,3369000000.0,1267000000.0,0.0,1267000000.0,93710000000.0,12466000000.0,81244000000.0,58503264106.0,-551000000.0,0.0,0.0,488000000.0,-600000000.0,-122000000.0,-1983000000.0,-104000000.0,1554000000.0,0.0,686000000.0,686000000.0,686000000.0,2000000.0,3000000.0,0.123,828000000.0,1362000000.0,2177000000.0,0.872,1.417,24.884,24.878,84404000000.0,0.0,83.59,2.496,2.497,498000000.0,2607000000.0,5555000000.0,5555000000.0,0.0,,,,,0.0,0.0,1.0,699883528.0,700000000,700000000.0,7.936,115579000000.0,0.0,327000000.0,15661000000.0,165.113,-4793000000.0
17,DUK,MRQ,2017-03-31,2017-03-31,2017-03-31,2021-08-25,-85000000.0,134108000000.0,,8005000000.0,126103000000.0,,58.827,-2160000000.0,878000000.0,878000000.0,3479000000.0,717000000.0,0.732,2.257,52556000000.0,5535000000.0,47021000000.0,52556000000.0,0.0,991000000.0,0.0,0.041,0.855,1551000000.0,2542000000.0,0.444,2542000000.0,1551000000.0,1060000000.0,1.02,1.02,1.02,41179000000.0,,41179000000.0,107364846257.0,20.0,11.569,-914000000.0,-1.306,1.0,2250000000.0,0.393,19425000000.0,491000000.0,155420000000.0,,3366000000.0,1122000000.0,0.0,1122000000.0,92922000000.0,10941000000.0,81981000000.0,57374846257.0,481000000.0,0.0,0.0,2218000000.0,-600000000.0,1596000000.0,-2361000000.0,-156000000.0,1246000000.0,0.0,716000000.0,716000000.0,716000000.0,0.0,1000000.0,0.125,848000000.0,1402000000.0,2203000000.0,0.838,1.393,26.391,26.285,83516000000.0,0.0,82.01,2.484,2.486,623000000.0,2521000000.0,5729000000.0,5729000000.0,0.0,,,,,0.0,0.0,1.0,699607929.0,700000000,700000000.0,8.184,114683000000.0,0.0,344000000.0,15343000000.0,163.833,-2936000000.0
18,DUK,MRQ,2016-12-31,2016-12-31,2016-12-31,2021-08-25,-93000000.0,132761000000.0,,8039000000.0,124722000000.0,,58.871,-2649000000.0,392000000.0,392000000.0,3938000000.0,-222000000.0,0.696,2.235,50382000000.0,4806000000.0,45576000000.0,50382000000.0,0.0,1033000000.0,0.0,0.043,0.855,394000000.0,1427000000.0,0.256,1427000000.0,394000000.0,-91000000.0,-0.34,-0.33,-0.34,41033000000.0,,41033000000.0,97472629295.0,19.0,10.707,-1397000000.0,-2.004,1.0,1639000000.0,0.294,19425000000.0,485000000.0,151775000000.0,,3522000000.0,925000000.0,0.0,925000000.0,91720000000.0,11551000000.0,80169000000.0,53475629295.0,-5273000000.0,-3360000000.0,724000000.0,-1144000000.0,-601000000.0,-1015000000.0,-5973000000.0,-84000000.0,1252000000.0,0.0,-227000000.0,-227000000.0,-227000000.0,598000000.0,5000000.0,-0.041,886000000.0,753000000.0,2994000000.0,-2.515,1.303,24.849,24.958,82520000000.0,0.0,77.62,2.351,2.358,2644000000.0,2384000000.0,5577000000.0,5577000000.0,0.0,,,,,0.0,0.0,1.0,688941372.0,697000000,694000000.0,8.001,113336000000.0,0.0,136000000.0,15032000000.0,162.605,-3512000000.0
19,DUK,MRQ,2016-09-30,2016-09-30,2016-09-30,2021-08-25,-721000000.0,129686000000.0,,13534000000.0,116152000000.0,,58.765,-1859000000.0,6179000000.0,6179000000.0,3799000000.0,1181000000.0,1.121,2.202,50176000000.0,6212000000.0,43964000000.0,50176000000.0,0.0,979000000.0,0.0,0.042,0.855,2155000000.0,3134000000.0,0.477,3134000000.0,2155000000.0,1691000000.0,1.7,1.7,1.7,40489000000.0,,40489000000.0,99051237980.0,17.0,10.378,527000000.0,0.765,1.0,2777000000.0,0.422,16354000000.0,464000000.0,145253000000.0,,3351000000.0,604000000.0,0.0,604000000.0,89140000000.0,12076000000.0,77064000000.0,55142237980.0,5435000000.0,0.0,0.0,5634000000.0,-591000000.0,5064000000.0,-1947000000.0,-29000000.0,2386000000.0,0.0,1176000000.0,1176000000.0,1176000000.0,-180000000.0,5000000.0,0.179,813000000.0,1964000000.0,2138000000.0,0.503,1.362,19.308,19.333,78216000000.0,0.0,80.04,2.577,2.577,583000000.0,3212000000.0,6576000000.0,6576000000.0,0.0,,,,,0.0,0.0,1.0,688933508.0,689000000,691000000.0,9.544,113332000000.0,0.0,515000000.0,14323000000.0,164.488,1458000000.0
20,DUK,MRQ,2016-06-30,2016-06-30,2016-06-30,2021-08-25,-717000000.0,122654000000.0,,8097000000.0,114557000000.0,,57.903,-1748000000.0,676000000.0,676000000.0,3171000000.0,512000000.0,0.817,2.073,44585000000.0,4654000000.0,39931000000.0,44585000000.0,0.0,937000000.0,0.0,0.038,0.825,1240000000.0,2177000000.0,0.418,2177000000.0,1240000000.0,762000000.0,0.74,0.74,0.74,39895000000.0,,39895000000.0,102116054085.0,19.0,11.271,-205000000.0,-0.298,1.0,2042000000.0,0.392,16357000000.0,478000000.0,140300000000.0,,3627000000.0,613000000.0,0.0,613000000.0,82706000000.0,9906000000.0,72800000000.0,59101054085.0,-53000000.0,0.0,0.0,785000000.0,-570000000.0,205000000.0,-1850000000.0,-66000000.0,1543000000.0,0.0,509000000.0,509000000.0,509000000.0,112000000.0,3000000.0,0.098,782000000.0,1260000000.0,2221000000.0,1.115,1.481,22.627,22.636,77329000000.0,0.0,85.79,2.774,2.774,575000000.0,2627000000.0,5213000000.0,5213000000.0,0.0,,,,,0.0,0.0,1.0,688903766.0,689000000,690000000.0,7.566,106297000000.0,0.0,253000000.0,13997000000.0,154.277,-1809000000.0
21,DUK,MRQ,2016-03-31,2016-03-31,2016-03-31,2021-08-25,-766000000.0,121709000000.0,,7943000000.0,113766000000.0,,57.898,-1645000000.0,778000000.0,778000000.0,3348000000.0,699000000.0,0.729,2.05,43793000000.0,5561000000.0,38232000000.0,43793000000.0,0.0,931000000.0,0.0,0.041,0.825,1435000000.0,2366000000.0,0.44,2366000000.0,1435000000.0,946000000.0,1.01,1.01,1.01,39892000000.0,,39892000000.0,97883330828.0,18.0,10.799,37000000.0,0.054,1.0,2029000000.0,0.377,16349000000.0,489000000.0,137484000000.0,,3721000000.0,547000000.0,0.0,547000000.0,81768000000.0,10891000000.0,70877000000.0,55538330828.0,-49000000.0,0.0,7000000.0,593000000.0,-570000000.0,-3000000.0,-1758000000.0,-44000000.0,1682000000.0,0.0,694000000.0,694000000.0,694000000.0,-122000000.0,5000000.0,0.129,786000000.0,1243000000.0,2086000000.0,0.817,1.392,20.99,21.065,76432000000.0,0.0,80.68,2.561,2.564,609000000.0,2688000000.0,5377000000.0,5377000000.0,0.0,,,,,0.0,0.0,1.0,688377923.0,689000000,689000000.0,7.804,105360000000.0,0.0,252000000.0,13712000000.0,152.917,-2948000000.0
22,DUK,MRQ,2015-12-31,2015-12-31,2015-12-31,2021-08-25,-806000000.0,121156000000.0,,8322000000.0,112834000000.0,,57.743,-2124000000.0,383000000.0,383000000.0,2838000000.0,482000000.0,0.73,2.049,42501000000.0,5659000000.0,36842000000.0,42501000000.0,0.0,933000000.0,0.0,0.045,0.825,934000000.0,1867000000.0,0.441,1867000000.0,934000000.0,615000000.0,0.69,0.69,0.69,39727000000.0,,39727000000.0,90392191245.0,16.0,9.812,-820000000.0,-1.192,1.0,1396000000.0,0.33,16072000000.0,319000000.0,135802000000.0,,3746000000.0,499000000.0,0.0,499000000.0,81385000000.0,11400000000.0,69985000000.0,49140191245.0,586000000.0,159000000.0,1000000.0,768000000.0,-569000000.0,169000000.0,-1986000000.0,-192000000.0,1304000000.0,0.0,477000000.0,477000000.0,477000000.0,-148000000.0,5000000.0,0.113,713000000.0,683000000.0,2350000000.0,1.196,1.237,17.45,17.627,73779000000.0,0.0,71.39,2.197,2.215,515000000.0,2564000000.0,4234000000.0,4234000000.0,0.0,,,,,0.0,0.0,1.0,688334378.0,688000000,688000000.0,6.154,105084000000.0,0.0,138000000.0,13309000000.0,152.738,-3078000000.0
23,DUK,MRQ,2015-09-30,2015-09-30,2015-09-30,2021-08-25,-778000000.0,121033000000.0,,10195000000.0,110838000000.0,,57.895,-1580000000.0,1370000000.0,1370000000.0,3914000000.0,935000000.0,0.969,2.038,42622000000.0,4955000000.0,37667000000.0,42622000000.0,0.0,896000000.0,0.0,0.045,0.825,1754000000.0,2650000000.0,0.409,2650000000.0,1754000000.0,1352000000.0,1.35,1.35,1.35,39832000000.0,,39832000000.0,89889493005.0,17.0,10.251,937000000.0,1.362,1.0,2569000000.0,0.396,16312000000.0,402000000.0,135457000000.0,,3537000000.0,501000000.0,0.0,501000000.0,81165000000.0,10516000000.0,70649000000.0,49518493005.0,410000000.0,1504000000.0,0.0,1440000000.0,-570000000.0,890000000.0,-2997000000.0,-20000000.0,2517000000.0,0.0,932000000.0,932000000.0,932000000.0,5000000.0,3000000.0,0.144,770000000.0,1799000000.0,2078000000.0,0.611,1.243,20.328,20.613,73776000000.0,0.0,71.94,2.223,2.221,722000000.0,2656000000.0,6483000000.0,6483000000.0,0.0,,,,,0.0,0.0,1.0,688330456.0,688000000,688000000.0,9.423,104721000000.0,0.0,420000000.0,15043000000.0,152.211,-321000000.0
24,DUK,MRQ,2015-06-30,2015-06-30,2015-06-30,2021-08-25,-648000000.0,118575000000.0,,9598000000.0,108977000000.0,,57.197,-1651000000.0,960000000.0,960000000.0,3566000000.0,547000000.0,0.995,1.995,41331000000.0,4536000000.0,36795000000.0,41331000000.0,0.0,901000000.0,0.0,0.045,0.795,1280000000.0,2181000000.0,0.39,2181000000.0,1280000000.0,877000000.0,0.78,0.78,0.78,39580000000.0,,39580000000.0,89778371188.0,16.0,9.811,-212000000.0,-0.306,1.0,2023000000.0,0.362,16328000000.0,403000000.0,132972000000.0,,3469000000.0,375000000.0,0.0,375000000.0,78958000000.0,9646000000.0,69312000000.0,48836371188.0,-1861000000.0,0.0,-1499000000.0,-2402000000.0,-551000000.0,-4462000000.0,1162000000.0,-65000000.0,1439000000.0,0.0,543000000.0,543000000.0,543000000.0,57000000.0,4000000.0,0.097,777000000.0,1246000000.0,1920000000.0,1.019,1.234,17.58,17.924,71759000000.0,0.0,70.62,2.201,2.202,650000000.0,2294000000.0,5589000000.0,5589000000.0,0.0,,,,,0.0,0.0,1.0,691537400.0,692000000,692000000.0,8.077,102247000000.0,0.0,334000000.0,14634000000.0,147.756,-48000000.0
25,DUK,MRQ,2015-03-31,2015-03-31,2015-03-31,2021-08-25,-672000000.0,122142000000.0,,12322000000.0,109820000000.0,,57.982,-1411000000.0,2821000000.0,2821000000.0,3846000000.0,867000000.0,1.035,1.974,43763000000.0,6590000000.0,37173000000.0,43763000000.0,0.0,883000000.0,0.0,0.041,0.795,1631000000.0,2514000000.0,0.415,2514000000.0,1631000000.0,1228000000.0,1.22,1.22,1.22,41051000000.0,,41051000000.0,94824009019.0,17.0,10.388,29000000.0,0.041,1.0,2219000000.0,0.366,16329000000.0,403000000.0,134852000000.0,,3413000000.0,343000000.0,0.0,343000000.0,81055000000.0,11903000000.0,69152000000.0,54326009019.0,785000000.0,-29000000.0,15000000.0,1365000000.0,-564000000.0,801000000.0,-1456000000.0,20000000.0,1440000000.0,0.0,864000000.0,864000000.0,864000000.0,-91000000.0,3000000.0,0.142,763000000.0,1456000000.0,1920000000.0,0.652,1.323,19.102,19.1,70301000000.0,0.0,76.78,2.435,2.436,750000000.0,2309000000.0,6065000000.0,6065000000.0,0.0,,,,,0.0,0.0,1.0,707554168.0,708000000,708000000.0,8.566,105813000000.0,0.0,364000000.0,14846000000.0,149.453,419000000.0
26,DUK,MRQ,2014-12-31,2014-12-31,2014-12-31,2021-08-25,-543000000.0,120557000000.0,,11575000000.0,108982000000.0,,57.815,-1629000000.0,2036000000.0,2036000000.0,2906000000.0,100000000.0,1.03,1.949,42382000000.0,5321000000.0,37061000000.0,42382000000.0,0.0,866000000.0,0.0,0.038,0.795,558000000.0,1424000000.0,0.344,1424000000.0,558000000.0,241000000.0,0.14,0.14,0.14,40875000000.0,,40875000000.0,98801057392.0,21.0,12.132,-210000000.0,-0.297,1.0,1237000000.0,0.299,16321000000.0,317000000.0,133349000000.0,,3459000000.0,358000000.0,0.0,358000000.0,79658000000.0,11233000000.0,68425000000.0,59087057392.0,-443000000.0,-31000000.0,1000000.0,910000000.0,-564000000.0,325000000.0,-1639000000.0,-23000000.0,1419000000.0,0.0,97000000.0,97000000.0,97000000.0,71000000.0,3000000.0,0.023,665000000.0,572000000.0,2271000000.0,5.679,1.446,31.379,31.406,70046000000.0,0.0,83.54,2.625,2.624,791000000.0,2012000000.0,4143000000.0,4143000000.0,0.0,,,,,0.0,0.0,1.0,707290608.0,707000000,707000000.0,5.86,104236000000.0,0.0,144000000.0,14419000000.0,147.434,342000000.0
27,DUK,MRQ,2014-09-30,2014-09-30,2014-09-30,2021-08-25,-456000000.0,119656000000.0,,11575000000.0,108081000000.0,,58.574,-1355000000.0,1931000000.0,1931000000.0,3991000000.0,1269000000.0,1.403,1.888,41645000000.0,2943000000.0,38702000000.0,41645000000.0,0.0,893000000.0,0.0,0.042,0.795,2139000000.0,3032000000.0,0.474,3032000000.0,2139000000.0,1734000000.0,1.8,1.8,1.8,41412000000.0,,41412000000.0,93334703140.0,17.0,10.387,1193000000.0,1.687,1.0,2404000000.0,0.376,16331000000.0,405000000.0,134788000000.0,,3200000000.0,350000000.0,0.0,350000000.0,78203000000.0,8251000000.0,69952000000.0,52882703140.0,-77000000.0,172000000.0,1000000.0,-700000000.0,-563000000.0,-1258000000.0,-1367000000.0,-145000000.0,2548000000.0,0.0,1274000000.0,1274000000.0,1274000000.0,-378000000.0,-5000000.0,0.199,784000000.0,1620000000.0,1801000000.0,0.442,1.277,21.375,21.363,69595000000.0,0.0,74.77,2.204,2.204,854000000.0,2479000000.0,6395000000.0,6395000000.0,0.0,,,,,0.0,0.0,1.0,707271675.0,707000000,707000000.0,9.045,103325000000.0,0.0,460000000.0,14124000000.0,146.146,3324000000.0
28,DUK,MRQ,2014-06-30,2014-06-30,2014-06-30,2021-08-25,-355000000.0,115173000000.0,,11515000000.0,103658000000.0,,57.713,-1168000000.0,2008000000.0,2008000000.0,3679000000.0,613000000.0,1.322,1.821,42460000000.0,3754000000.0,38706000000.0,42460000000.0,0.0,864000000.0,0.0,0.042,0.78,1294000000.0,2158000000.0,0.378,2158000000.0,1294000000.0,891000000.0,0.86,0.86,0.86,40803000000.0,,40803000000.0,92560947306.0,18.0,10.788,78000000.0,0.11,1.0,2029000000.0,0.355,16343000000.0,403000000.0,130574000000.0,,3056000000.0,381000000.0,0.0,381000000.0,74292000000.0,8708000000.0,65584000000.0,52469947306.0,477000000.0,-16000000.0,4000000.0,869000000.0,-554000000.0,312000000.0,-1081000000.0,96000000.0,1246000000.0,0.0,609000000.0,609000000.0,609000000.0,113000000.0,4000000.0,0.107,756000000.0,1273000000.0,1782000000.0,0.907,1.286,23.807,23.779,66908000000.0,0.0,74.19,2.204,2.203,877000000.0,1768000000.0,5708000000.0,5708000000.0,0.0,,,,,0.0,0.0,1.0,707237462.0,707000000,707000000.0,8.074,98830000000.0,0.0,282000000.0,12971000000.0,139.788,2807000000.0
29,DUK,MRQ,2014-03-31,2014-03-31,2014-03-31,2021-08-25,-377000000.0,113792000000.0,,10565000000.0,103227000000.0,,57.661,-1232000000.0,1531000000.0,1531000000.0,4051000000.0,-93000000.0,1.41,1.793,41622000000.0,2622000000.0,39000000000.0,41622000000.0,0.0,884000000.0,0.0,0.044,0.78,646000000.0,1530000000.0,0.244,1530000000.0,646000000.0,242000000.0,-0.14,-0.14,-0.14,40709000000.0,,40709000000.0,89907746822.0,19.0,11.115,141000000.0,0.2,1.0,2212000000.0,0.353,16342000000.0,404000000.0,130049000000.0,,2908000000.0,392000000.0,6000000.0,386000000.0,73003000000.0,7492000000.0,65511000000.0,50313746822.0,30000000.0,0.0,19000000.0,486000000.0,-553000000.0,-57000000.0,-1286000000.0,5000000.0,1373000000.0,0.0,-97000000.0,-97000000.0,-97000000.0,843000000.0,4000000.0,-0.015,754000000.0,1458000000.0,1892000000.0,-5.571,1.236,26.015,25.993,66355000000.0,0.0,71.22,2.098,2.097,597000000.0,1713000000.0,6263000000.0,6263000000.0,0.0,,,,,0.0,0.0,1.0,706455305.0,706000000,706000000.0,8.871,97450000000.0,0.0,339000000.0,12713000000.0,138.031,3073000000.0
30,DUK,MRQ,2013-12-31,2013-12-31,2013-12-31,2021-08-25,-399000000.0,114779000000.0,,10516000000.0,104263000000.0,,58.541,-1672000000.0,1501000000.0,1501000000.0,3675000000.0,692000000.0,1.217,1.775,41095000000.0,2943000000.0,38152000000.0,41095000000.0,0.0,864000000.0,0.0,0.045,0.78,1402000000.0,2266000000.0,0.403,2266000000.0,1402000000.0,984000000.0,0.98,0.97,0.98,41330000000.0,,41330000000.0,87866601843.0,16.0,10.167,-280000000.0,-0.397,1.0,1949000000.0,0.347,16340000000.0,418000000.0,129389000000.0,,3250000000.0,434000000.0,44000000.0,390000000.0,73371000000.0,8644000000.0,64727000000.0,48720601843.0,-665000000.0,277000000.0,1000000.0,-91000000.0,-552000000.0,-645000000.0,-1412000000.0,-10000000.0,1392000000.0,0.0,688000000.0,688000000.0,688000000.0,-4000000.0,4000000.0,0.122,747000000.0,1202000000.0,2391000000.0,0.796,1.179,18.282,18.305,69490000000.0,0.0,69.01,2.141,2.141,1286000000.0,2363000000.0,5624000000.0,5624000000.0,0.0,,,,,0.0,0.0,1.0,705993361.0,706000000,706000000.0,7.966,98439000000.0,0.0,296000000.0,13090000000.0,139.432,1872000000.0
31,DUK,MRQ,2013-09-30,2013-09-30,2013-09-30,2021-08-25,-380000000.0,114590000000.0,,10418000000.0,104172000000.0,,58.307,-1139000000.0,2166000000.0,2166000000.0,3882000000.0,1008000000.0,1.128,1.782,41312000000.0,3910000000.0,37402000000.0,41312000000.0,0.0,821000000.0,0.0,0.046,0.78,1805000000.0,2626000000.0,0.422,2626000000.0,1805000000.0,1427000000.0,1.42,1.42,1.42,41165000000.0,,41165000000.0,86977555940.0,18.0,10.801,1008000000.0,1.428,1.0,2335000000.0,0.376,16696000000.0,378000000.0,127801000000.0,,3100000000.0,694000000.0,118000000.0,576000000.0,73353000000.0,9239000000.0,64114000000.0,47140555940.0,595000000.0,0.0,1000000.0,-33000000.0,-551000000.0,-548000000.0,-1004000000.0,203000000.0,2147000000.0,0.0,1004000000.0,1004000000.0,1004000000.0,-62000000.0,4000000.0,0.161,673000000.0,1662000000.0,1819000000.0,0.549,1.145,19.544,19.934,69284000000.0,0.0,66.78,2.145,2.145,1585000000.0,2227000000.0,6217000000.0,6217000000.0,0.0,,,,,0.0,0.0,1.0,705908295.0,706000000,706000000.0,8.806,97894000000.0,0.0,423000000.0,12641000000.0,138.66,1179000000.0
32,DUK,MRQ,2013-06-30,2013-06-30,2013-06-30,2021-08-25,-376000000.0,114100000000.0,,9875000000.0,104225000000.0,,56.844,-1340000000.0,1571000000.0,1571000000.0,3995000000.0,342000000.0,0.986,1.841,41408000000.0,4049000000.0,37359000000.0,41408000000.0,0.0,782000000.0,0.0,0.045,0.765,885000000.0,1667000000.0,0.284,1667000000.0,885000000.0,504000000.0,0.48,0.48,0.48,40132000000.0,,40132000000.0,87689400118.0,20.0,11.758,412000000.0,0.584,1.0,1884000000.0,0.32,16695000000.0,381000000.0,127227000000.0,,3130000000.0,856000000.0,280000000.0,576000000.0,73899000000.0,10015000000.0,63884000000.0,47637400118.0,275000000.0,32000000.0,2000000.0,168000000.0,-543000000.0,-380000000.0,-1097000000.0,-22000000.0,1752000000.0,0.0,339000000.0,339000000.0,339000000.0,3000000.0,3000000.0,0.058,677000000.0,1207000000.0,1936000000.0,1.594,1.187,23.795,24.281,68877000000.0,0.0,67.5,2.119,2.12,1593000000.0,1223000000.0,5879000000.0,5879000000.0,0.0,,,,,0.0,0.0,1.0,705739261.0,706000000,706000000.0,8.327,97405000000.0,0.0,165000000.0,11832000000.0,137.967,-140000000.0
33,DUK,MRQ,2013-03-31,2013-03-31,2013-03-31,2021-08-25,-289000000.0,113666000000.0,,9549000000.0,104117000000.0,,58.089,-1375000000.0,1296000000.0,1296000000.0,4025000000.0,634000000.0,0.958,1.774,41348000000.0,5009000000.0,36339000000.0,41348000000.0,0.0,762000000.0,0.0,0.042,0.765,1331000000.0,2093000000.0,0.355,2093000000.0,1331000000.0,964000000.0,0.89,0.89,0.89,40953000000.0,,40953000000.0,90244821229.0,21.0,12.51,-284000000.0,-0.403,1.0,1873000000.0,0.318,16727000000.0,367000000.0,127026000000.0,,3096000000.0,835000000.0,288000000.0,547000000.0,72636000000.0,9965000000.0,62671000000.0,51150821229.0,-128000000.0,-32000000.0,5000000.0,889000000.0,-542000000.0,246000000.0,-1465000000.0,-79000000.0,1091000000.0,0.0,634000000.0,634000000.0,634000000.0,0.0,0.0,0.107,658000000.0,1215000000.0,1985000000.0,0.86,1.249,24.277,22.064,68813000000.0,0.0,72.59,2.535,2.536,1503000000.0,1978000000.0,5898000000.0,5898000000.0,0.0,,,,,0.0,0.0,1.0,704653826.0,705000000,705000000.0,8.366,96939000000.0,0.0,330000000.0,11397000000.0,137.502,-416000000.0
34,DUK,MRQ,2012-12-31,2012-12-31,2012-12-31,2021-08-25,-306000000.0,113856000000.0,,10122000000.0,103734000000.0,,71.19,-1656000000.0,1424000000.0,1424000000.0,2897000000.0,437000000.0,1.009,1.784,40518000000.0,4167000000.0,36351000000.0,40518000000.0,0.0,787000000.0,0.0,0.047,0.765,880000000.0,1667000000.0,0.419,1667000000.0,880000000.0,493000000.0,0.56,0.56,0.56,40863000000.0,,40863000000.0,82641749783.0,23.0,13.145,-391000000.0,-0.681,1.0,1086000000.0,0.273,16365000000.0,387000000.0,126556000000.0,,3223000000.0,816000000.0,333000000.0,483000000.0,72915000000.0,10029000000.0,62886000000.0,44930749783.0,-337000000.0,-415000000.0,7000000.0,1160000000.0,-541000000.0,606000000.0,-2208000000.0,243000000.0,1265000000.0,0.0,435000000.0,435000000.0,435000000.0,-166000000.0,2000000.0,0.109,536000000.0,550000000.0,2444000000.0,1.366,1.1,25.413,20.782,68558000000.0,0.0,63.8,2.508,2.045,1516000000.0,1889000000.0,3983000000.0,3983000000.0,0.0,,,,,0.0,0.0,1.0,704243727.0,574000000,575000000.0,6.939,97491000000.0,0.0,58000000.0,11407000000.0,169.845,93000000.0
35,DUK,MRQ,2012-09-30,2012-09-30,2012-09-30,2021-08-25,-340000000.0,112008000000.0,,10106000000.0,101902000000.0,,58.519,-1593000000.0,1761000000.0,1761000000.0,4726000000.0,598000000.0,1.181,1.736,39472000000.0,3363000000.0,36109000000.0,39472000000.0,0.0,788000000.0,0.0,0.047,0.765,1243000000.0,2031000000.0,0.302,2031000000.0,1243000000.0,842000000.0,0.85,0.85,0.85,40905000000.0,,40905000000.0,65480271708.0,19.0,11.35,384000000.0,0.549,1.0,1996000000.0,0.297,16539000000.0,401000000.0,124624000000.0,,3041000000.0,951000000.0,335000000.0,616000000.0,71013000000.0,8556000000.0,62457000000.0,45620271708.0,235000000.0,71000000.0,2000000.0,316000000.0,-541000000.0,-144000000.0,-1598000000.0,-125000000.0,1977000000.0,0.0,594000000.0,594000000.0,594000000.0,-4000000.0,4000000.0,0.088,652000000.0,1344000000.0,1912000000.0,0.9,1.115,28.143,20.634,69031000000.0,0.0,64.79,2.637,2.618,1596000000.0,1995000000.0,6722000000.0,6722000000.0,0.0,,,,,0.0,0.0,1.0,704125200.0,699000000,699000000.0,9.617,95469000000.0,0.0,248000000.0,11380000000.0,136.579,1550000000.0
36,DUK,MRQ,2012-06-30,2012-06-30,2012-06-30,2021-08-25,-320000000.0,63031000000.0,,6487000000.0,56544000000.0,,50.267,-1264000000.0,1526000000.0,1526000000.0,2320000000.0,448000000.0,1.057,1.807,21386000000.0,2932000000.0,18454000000.0,21386000000.0,0.0,533000000.0,0.0,0.043,0.75,890000000.0,1423000000.0,0.398,1423000000.0,890000000.0,658000000.0,0.99,0.99,0.99,22419000000.0,,22419000000.0,50334712115.0,17.0,9.778,-134000000.0,-0.3,1.0,1257000000.0,0.351,4199000000.0,232000000.0,72553000000.0,,1762000000.0,756000000.0,234000000.0,522000000.0,40515000000.0,6139000000.0,34376000000.0,30856712115.0,455000000.0,6000000.0,6000000.0,875000000.0,-335000000.0,536000000.0,-1211000000.0,46000000.0,1130000000.0,0.0,444000000.0,444000000.0,444000000.0,1000000.0,4000000.0,0.124,471000000.0,786000000.0,1160000000.0,0.758,1.376,20.585,20.651,43787000000.0,0.0,69.18,2.122,2.122,610000000.0,1598000000.0,3577000000.0,3577000000.0,0.0,,,,,0.0,0.0,1.0,446035156.0,446000000,446000000.0,8.02,58832000000.0,0.0,214000000.0,8652000000.0,131.91,348000000.0
37,DUK,MRQ,2012-03-31,2012-03-31,2012-03-31,2021-08-25,-174000000.0,61799000000.0,,5924000000.0,55875000000.0,,51.078,-988000000.0,1071000000.0,1071000000.0,2257000000.0,299000000.0,1.383,1.708,20549000000.0,1523000000.0,19026000000.0,20549000000.0,0.0,544000000.0,0.0,0.047,0.75,622000000.0,1166000000.0,0.321,1166000000.0,622000000.0,398000000.0,0.66,0.66,0.66,22781000000.0,,22781000000.0,46955813743.0,16.0,9.313,-116000000.0,-0.26,1.0,1373000000.0,0.378,4210000000.0,224000000.0,72784000000.0,,1754000000.0,785000000.0,238000000.0,547000000.0,38921000000.0,4283000000.0,34638000000.0,28065813743.0,-1039000000.0,-42000000.0,8000000.0,-401000000.0,-335000000.0,-731000000.0,-1180000000.0,-140000000.0,872000000.0,0.0,295000000.0,295000000.0,295000000.0,-2000000.0,4000000.0,0.081,476000000.0,897000000.0,1050000000.0,1.136,1.232,18.836,18.871,42971000000.0,0.0,63.03,1.936,1.939,613000000.0,1833000000.0,3630000000.0,3630000000.0,0.0,,,,,0.0,0.0,1.0,445277070.0,446000000,446000000.0,8.139,57589000000.0,0.0,103000000.0,8476000000.0,129.123,1641000000.0
38,DUK,MRQ,2011-12-31,2011-12-31,2011-12-31,2021-08-25,-234000000.0,62526000000.0,,6880000000.0,55646000000.0,,51.288,-1373000000.0,2110000000.0,2110000000.0,2364000000.0,290000000.0,1.245,1.742,21000000000.0,2321000000.0,18679000000.0,21000000000.0,0.0,518000000.0,0.0,0.045,0.75,631000000.0,1149000000.0,0.341,1149000000.0,631000000.0,407000000.0,0.64,0.64,0.64,22772000000.0,,22772000000.0,47154133062.0,14.0,8.825,-728000000.0,-1.64,1.0,1004000000.0,0.298,4212000000.0,224000000.0,71676000000.0,,1588000000.0,712000000.0,190000000.0,522000000.0,39661000000.0,5528000000.0,34133000000.0,29320133062.0,78000000.0,-1000000.0,54000000.0,1127000000.0,-335000000.0,797000000.0,-1364000000.0,69000000.0,645000000.0,0.0,288000000.0,288000000.0,288000000.0,0.0,2000000.0,0.086,461000000.0,543000000.0,1433000000.0,1.172,1.288,17.186,17.232,42661000000.0,0.0,66.0,2.018,2.017,784000000.0,1873000000.0,3368000000.0,3368000000.0,0.0,,,,,0.0,0.0,1.0,444244440.0,444000000,444000000.0,7.586,58314000000.0,0.0,119000000.0,8396000000.0,131.338,1352000000.0
39,DUK,MRQ,2011-09-30,2011-09-30,2011-09-30,2021-08-25,-188000000.0,60776000000.0,,6273000000.0,54503000000.0,,51.338,-1052000000.0,2032000000.0,2032000000.0,2437000000.0,470000000.0,1.226,1.662,19866000000.0,2282000000.0,17584000000.0,19866000000.0,0.0,517000000.0,0.0,0.049,0.75,893000000.0,1410000000.0,0.356,1410000000.0,893000000.0,680000000.0,1.06,1.06,1.06,22794000000.0,,22794000000.0,44235657812.0,12.0,7.903,258000000.0,0.581,1.0,1527000000.0,0.385,4218000000.0,213000000.0,69277000000.0,,1421000000.0,664000000.0,146000000.0,518000000.0,37877000000.0,5115000000.0,32762000000.0,26622657812.0,670000000.0,-46000000.0,3000000.0,893000000.0,-337000000.0,592000000.0,-1232000000.0,-98000000.0,1310000000.0,0.0,472000000.0,472000000.0,472000000.0,-1000000.0,-2000000.0,0.119,460000000.0,1067000000.0,1080000000.0,0.708,1.168,14.43,14.486,41877000000.0,0.0,59.97,1.823,1.823,764000000.0,1920000000.0,3964000000.0,3964000000.0,0.0,,,,,0.0,0.0,1.0,443932930.0,444000000,444000000.0,8.928,56558000000.0,0.0,208000000.0,8281000000.0,127.383,1158000000.0
40,DUK,MRQ,2011-06-30,2011-06-30,2011-06-30,2021-08-25,89000000.0,59792000000.0,,5634000000.0,54158000000.0,,50.863,-932000000.0,1362000000.0,1362000000.0,2413000000.0,441000000.0,1.285,1.642,18975000000.0,1288000000.0,17687000000.0,18975000000.0,0.0,487000000.0,0.0,0.052,0.735,830000000.0,1317000000.0,0.373,1317000000.0,830000000.0,627000000.0,0.98,0.98,0.98,22583000000.0,,22583000000.0,42179976890.0,11.0,7.195,-176000000.0,-0.396,1.0,1121000000.0,0.317,4336000000.0,203000000.0,68683000000.0,,1415000000.0,528000000.0,9000000.0,519000000.0,37090000000.0,4386000000.0,32704000000.0,25068976890.0,-57000000.0,-2000000.0,4000000.0,440000000.0,-326000000.0,107000000.0,-920000000.0,4000000.0,756000000.0,0.0,435000000.0,435000000.0,435000000.0,0.0,6000000.0,0.123,433000000.0,688000000.0,1189000000.0,0.75,1.11,12.271,12.254,41610000000.0,0.0,56.49,1.718,1.719,796000000.0,1448000000.0,3534000000.0,3534000000.0,0.0,,,,,0.0,0.0,1.0,443777251.0,444000000,444000000.0,7.959,55456000000.0,0.0,192000000.0,8085000000.0,124.901,1248000000.0
41,DUK,MRQ,2011-03-31,2011-03-31,2011-03-31,2021-08-25,30000000.0,58986000000.0,,5545000000.0,53441000000.0,,51.28,-1006000000.0,1419000000.0,1419000000.0,2405000000.0,513000000.0,1.321,1.589,18530000000.0,1304000000.0,17226000000.0,18530000000.0,0.0,504000000.0,0.0,0.054,0.735,963000000.0,1467000000.0,0.4,1467000000.0,963000000.0,744000000.0,1.14,1.14,1.14,22734000000.0,,22734000000.0,40879968882.0,13.0,7.978,-45000000.0,-0.102,1.0,1258000000.0,0.343,4325000000.0,219000000.0,67575000000.0,,1347000000.0,515000000.0,9000000.0,506000000.0,36130000000.0,4197000000.0,31933000000.0,24123968882.0,-251000000.0,-2000000.0,6000000.0,40000000.0,-331000000.0,-294000000.0,-918000000.0,-38000000.0,961000000.0,0.0,511000000.0,511000000.0,511000000.0,0.0,2000000.0,0.14,444000000.0,814000000.0,1305000000.0,0.645,1.061,17.405,17.452,40944000000.0,0.0,54.45,1.682,1.683,744000000.0,1676000000.0,3663000000.0,3663000000.0,0.0,,,,,0.0,0.0,1.0,443048097.0,443333000,443667000.0,8.262,54661000000.0,0.0,233000000.0,7782000000.0,123.296,1348000000.0
42,DUK,MRQ,2010-12-31,2010-12-31,2010-12-31,2021-08-25,2000000.0,59090000000.0,,6223000000.0,52867000000.0,,51.07,-1322000000.0,1670000000.0,1670000000.0,2425000000.0,429000000.0,1.597,1.618,18426000000.0,491000000.0,17935000000.0,18426000000.0,0.0,513000000.0,0.0,0.054,0.735,890000000.0,1403000000.0,0.407,1403000000.0,890000000.0,674000000.0,0.96,0.96,0.96,22522000000.0,,22522000000.0,40073212596.0,13.0,7.945,-472000000.0,-1.07,1.0,1020000000.0,0.296,4325000000.0,216000000.0,67624000000.0,,1318000000.0,486000000.0,0.0,486000000.0,36437000000.0,3897000000.0,32540000000.0,23590212596.0,-138000000.0,0.0,87000000.0,169000000.0,-327000000.0,-90000000.0,-898000000.0,73000000.0,850000000.0,0.0,427000000.0,427000000.0,427000000.0,-2000000.0,2000000.0,0.124,339000000.0,681000000.0,1387000000.0,0.766,1.047,17.871,17.81,40344000000.0,0.0,53.43,1.653,1.643,764000000.0,1496000000.0,3445000000.0,3445000000.0,0.0,,,,,0.0,0.0,1.0,441516238.0,441001000,443999000.0,7.812,54765000000.0,0.0,247000000.0,7749000000.0,124.183,2326000000.0
43,DUK,MRQ,2010-09-30,2010-09-30,2010-09-30,2021-08-25,-294000000.0,57857000000.0,,6037000000.0,51820000000.0,,50.034,-1156000000.0,1808000000.0,1808000000.0,2424000000.0,666000000.0,1.647,1.622,18291000000.0,529000000.0,17762000000.0,18291000000.0,0.0,502000000.0,0.0,0.054,0.735,1173000000.0,1675000000.0,0.424,1675000000.0,1173000000.0,971000000.0,1.53,1.53,1.53,22015000000.0,,22015000000.0,40135200058.0,14.0,8.384,381000000.0,0.866,1.0,1522000000.0,0.386,4346000000.0,202000000.0,66329000000.0,,1230000000.0,394000000.0,0.0,394000000.0,35708000000.0,3665000000.0,32043000000.0,23354200058.0,798000000.0,0.0,103000000.0,468000000.0,-322000000.0,278000000.0,-1017000000.0,133000000.0,1537000000.0,0.0,670000000.0,670000000.0,670000000.0,0.0,-4000000.0,0.17,489000000.0,1033000000.0,1387000000.0,0.48,1.061,18.849,18.642,39724000000.0,0.0,53.13,1.676,1.677,769000000.0,1396000000.0,3946000000.0,3946000000.0,0.0,,,,,0.0,0.0,1.0,439567101.0,440000000,440667000.0,8.968,53511000000.0,0.0,301000000.0,7188000000.0,121.616,2372000000.0
44,DUK,MRQ,2010-06-30,2010-06-30,2010-06-30,2021-08-25,-389000000.0,56400000000.0,,5443000000.0,50957000000.0,,48.235,-1146000000.0,1010000000.0,1010000000.0,2224000000.0,-217000000.0,1.419,1.663,17791000000.0,572000000.0,17219000000.0,17791000000.0,0.0,473000000.0,0.0,0.06,0.72,106000000.0,579000000.0,0.176,579000000.0,106000000.0,-106000000.0,-0.51,-0.51,-0.51,21127000000.0,,21127000000.0,37157154608.0,17.0,8.99,-143000000.0,-0.326,1.0,1063000000.0,0.323,4355000000.0,212000000.0,64989000000.0,,1302000000.0,400000000.0,0.0,400000000.0,35137000000.0,3837000000.0,31300000000.0,21010154608.0,-70000000.0,0.0,81000000.0,464000000.0,-319000000.0,199000000.0,-1272000000.0,-102000000.0,1003000000.0,0.0,-222000000.0,-222000000.0,-222000000.0,-1000000.0,5000000.0,-0.068,1077000000.0,-14000000.0,1234000000.0,-1.412,0.994,30.988,30.769,39060000000.0,0.0,48.0,1.569,1.57,756000000.0,726000000.0,3287000000.0,3287000000.0,0.0,,,,,0.0,0.0,1.0,437711554.0,438000000,438000000.0,7.505,52045000000.0,0.0,116000000.0,6952000000.0,118.824,1606000000.0
45,DUK,MRQ,2010-03-31,2010-03-31,2010-03-31,2021-08-25,-373000000.0,57633000000.0,,5491000000.0,52142000000.0,,50.185,-1179000000.0,1080000000.0,1080000000.0,2379000000.0,445000000.0,1.425,1.624,17227000000.0,948000000.0,16279000000.0,17227000000.0,0.0,506000000.0,0.0,0.058,0.72,881000000.0,1387000000.0,0.386,1387000000.0,881000000.0,671000000.0,1.02,1.02,1.02,21914000000.0,,21914000000.0,36841012379.0,13.0,7.928,-58000000.0,-0.133,1.0,1215000000.0,0.338,4920000000.0,210000000.0,65006000000.0,,1337000000.0,490000000.0,0.0,490000000.0,35585000000.0,3854000000.0,31731000000.0,21368012379.0,-462000000.0,0.0,31000000.0,-65000000.0,-316000000.0,-347000000.0,-1236000000.0,-61000000.0,1121000000.0,0.0,445000000.0,445000000.0,445000000.0,0.0,0.0,0.124,454000000.0,761000000.0,1299000000.0,0.706,0.975,18.17,18.133,38706000000.0,0.0,48.96,1.642,1.643,724000000.0,1589000000.0,3594000000.0,3594000000.0,0.0,,,,,0.0,0.0,1.0,436438161.0,436667000,437000000.0,8.231,52713000000.0,0.0,226000000.0,6760000000.0,120.717,1637000000.0
46,DUK,MRQ,2009-12-31,2009-12-31,2009-12-31,2021-08-25,-372000000.0,57040000000.0,,5766000000.0,51274000000.0,,50.0,-1272000000.0,1542000000.0,1542000000.0,2116000000.0,348000000.0,1.41,1.616,17015000000.0,902000000.0,16113000000.0,17015000000.0,0.0,451000000.0,0.0,0.055,0.72,695000000.0,1146000000.0,0.368,1146000000.0,695000000.0,504000000.0,0.81,0.81,0.81,21750000000.0,,21750000000.0,37274270241.0,14.0,8.414,-351000000.0,-0.807,1.0,994000000.0,0.32,4943000000.0,191000000.0,63482000000.0,,1515000000.0,481000000.0,0.0,481000000.0,35154000000.0,4088000000.0,31066000000.0,22452270241.0,-64000000.0,0.0,99000000.0,518000000.0,-314000000.0,286000000.0,-1271000000.0,49000000.0,921000000.0,0.0,346000000.0,346000000.0,346000000.0,-12000000.0,2000000.0,0.111,399000000.0,595000000.0,1390000000.0,0.889,1.032,20.886,20.735,37950000000.0,0.0,51.63,1.764,1.748,845000000.0,1460000000.0,3110000000.0,3110000000.0,0.0,,,,,0.0,0.0,1.0,434868686.0,434999000,435332000.0,7.149,52097000000.0,0.0,158000000.0,6353000000.0,119.763,1678000000.0
47,DUK,MRQ,2009-09-30,2009-09-30,2009-09-30,2021-08-25,-387000000.0,55774000000.0,,5815000000.0,49959000000.0,,49.903,-1124000000.0,1606000000.0,1606000000.0,2118000000.0,106000000.0,1.564,1.575,16428000000.0,1022000000.0,15406000000.0,16428000000.0,0.0,478000000.0,0.0,0.059,0.72,543000000.0,1021000000.0,0.301,1021000000.0,543000000.0,353000000.0,0.24,0.24,0.24,21608000000.0,,21608000000.0,35437429181.0,14.0,8.154,401000000.0,0.926,1.0,1278000000.0,0.376,4989000000.0,190000000.0,61889000000.0,,1420000000.0,592000000.0,1000000.0,591000000.0,34029000000.0,3718000000.0,30311000000.0,20410429181.0,900000000.0,-10000000.0,134000000.0,623000000.0,-312000000.0,463000000.0,-1088000000.0,-56000000.0,1525000000.0,0.0,109000000.0,109000000.0,109000000.0,1000000.0,-3000000.0,0.032,833000000.0,445000000.0,1095000000.0,3.0,0.945,19.255,18.964,36425000000.0,0.0,47.22,1.6,1.603,1489000000.0,1428000000.0,3396000000.0,3396000000.0,0.0,,,,,0.0,0.0,1.0,432241194.0,433000000,433333000.0,7.843,50785000000.0,0.0,244000000.0,6359000000.0,117.286,2097000000.0
48,DUK,MRQ,2009-06-30,2009-06-30,2009-06-30,2021-08-25,-521000000.0,54709000000.0,,5391000000.0,49318000000.0,,49.439,-1055000000.0,706000000.0,706000000.0,1991000000.0,282000000.0,1.302,1.571,15733000000.0,1300000000.0,14433000000.0,15733000000.0,0.0,454000000.0,0.0,0.063,0.69,639000000.0,1093000000.0,0.375,1093000000.0,639000000.0,453000000.0,0.63,0.63,0.63,21226000000.0,,21226000000.0,33073049431.0,13.0,7.643,-228000000.0,-0.531,1.0,922000000.0,0.317,5362000000.0,186000000.0,60233000000.0,,1368000000.0,605000000.0,4000000.0,601000000.0,33349000000.0,4141000000.0,29208000000.0,18779049431.0,-495000000.0,-114000000.0,115000000.0,137000000.0,-300000000.0,-83000000.0,-1239000000.0,-11000000.0,827000000.0,0.0,276000000.0,276000000.0,276000000.0,2000000.0,6000000.0,0.095,394000000.0,528000000.0,1015000000.0,1.095,0.885,16.106,15.859,35429000000.0,0.0,43.77,1.46,1.461,1511000000.0,1321000000.0,2913000000.0,2913000000.0,0.0,,,,,0.0,0.0,1.0,429039283.0,429333000,429667000.0,6.785,49347000000.0,0.0,177000000.0,6397000000.0,114.939,1250000000.0
49,DUK,MRQ,2009-03-31,2009-03-31,2009-03-31,2021-08-25,-730000000.0,53584000000.0,,5320000000.0,48264000000.0,,49.643,-845000000.0,1201000000.0,1201000000.0,2223000000.0,349000000.0,1.51,1.518,15495000000.0,926000000.0,14569000000.0,15495000000.0,0.0,463000000.0,0.0,0.064,0.69,707000000.0,1170000000.0,0.353,1170000000.0,707000000.0,523000000.0,0.81,0.81,0.81,21214000000.0,,21214000000.0,31799093404.0,12.0,7.224,-655000000.0,-1.533,1.0,1089000000.0,0.329,5360000000.0,184000000.0,58994000000.0,,1243000000.0,652000000.0,51000000.0,601000000.0,32202000000.0,3524000000.0,28678000000.0,18346093404.0,215000000.0,0.0,171000000.0,1050000000.0,-296000000.0,919000000.0,-894000000.0,-74000000.0,190000000.0,0.0,344000000.0,344000000.0,344000000.0,-3000000.0,5000000.0,0.104,408000000.0,681000000.0,1152000000.0,0.852,0.865,14.783,14.465,34505000000.0,0.0,42.96,1.392,1.393,1465000000.0,1655000000.0,3312000000.0,3312000000.0,0.0,,,,,0.0,0.0,1.0,427050591.0,427333000,427667000.0,7.75,48224000000.0,0.0,179000000.0,5791000000.0,112.849,1796000000.0
50,DUK,MRQ,2008-12-31,2008-12-31,2008-12-31,2021-08-25,-726000000.0,53077000000.0,,5273000000.0,47804000000.0,,49.656,-1175000000.0,986000000.0,986000000.0,2239000000.0,330000000.0,1.214,1.521,14439000000.0,1189000000.0,13250000000.0,14439000000.0,0.0,447000000.0,0.0,0.06,0.69,615000000.0,1062000000.0,0.339,1062000000.0,615000000.0,426000000.0,0.81,0.78,0.81,20988000000.0,,20988000000.0,32034992573.0,12.0,7.036,-324000000.0,-0.767,1.0,894000000.0,0.285,5400000000.0,189000000.0,56785000000.0,,1135000000.0,658000000.0,51000000.0,607000000.0,31926000000.0,4345000000.0,27581000000.0,18991992573.0,-890000000.0,0.0,105000000.0,-423000000.0,-292000000.0,-614000000.0,-1127000000.0,109000000.0,851000000.0,0.0,331000000.0,331000000.0,331000000.0,-2000000.0,-1000000.0,0.106,394000000.0,500000000.0,1477000000.0,0.852,0.905,13.944,13.898,34036000000.0,0.0,45.03,1.438,1.438,1653000000.0,1607000000.0,3133000000.0,3133000000.0,0.0,,,,,0.0,0.0,1.0,421763104.0,422669000,423332000.0,7.412,47677000000.0,0.0,95000000.0,5627000000.0,112.8,928000000.0
51,DUK,MRQ,2008-09-30,2008-09-30,2008-09-30,2021-08-25,-230000000.0,52769000000.0,,5852000000.0,46917000000.0,,50.585,-1069000000.0,1876000000.0,1876000000.0,2419000000.0,213000000.0,1.157,1.474,14919000000.0,2224000000.0,12695000000.0,14919000000.0,0.0,479000000.0,0.0,0.051,0.69,523000000.0,1002000000.0,0.286,1002000000.0,523000000.0,347000000.0,0.51,0.51,0.51,21330000000.0,,21330000000.0,34618127066.0,13.0,7.813,-287000000.0,-0.681,1.0,1089000000.0,0.31,5380000000.0,176000000.0,55372000000.0,,1125000000.0,1023000000.0,180000000.0,843000000.0,31439000000.0,5060000000.0,26379000000.0,22047127066.0,1159000000.0,-389000000.0,5000000.0,1611000000.0,-302000000.0,1334000000.0,-957000000.0,462000000.0,782000000.0,0.0,215000000.0,215000000.0,215000000.0,1000000.0,-2000000.0,0.061,512000000.0,577000000.0,1165000000.0,1.353,1.034,17.305,17.257,33248000000.0,0.0,52.29,1.682,1.682,1656000000.0,1567000000.0,3508000000.0,3508000000.0,0.0,,,,,0.0,0.0,1.0,421631805.0,421667000,422333000.0,8.319,47389000000.0,0.0,132000000.0,5700000000.0,112.385,792000000.0
52,DUK,MRQ,2008-06-30,2008-06-30,2008-06-30,2021-08-25,-27000000.0,51598000000.0,,5284000000.0,46314000000.0,,50.556,-1075000000.0,717000000.0,717000000.0,2161000000.0,349000000.0,1.066,1.422,13288000000.0,1641000000.0,11647000000.0,13288000000.0,0.0,456000000.0,0.0,0.051,0.66,712000000.0,1168000000.0,0.362,1168000000.0,712000000.0,518000000.0,0.84,0.84,0.84,21301000000.0,,21301000000.0,33439004251.0,10.0,6.605,-392000000.0,-0.93,1.0,1068000000.0,0.331,5348000000.0,194000000.0,53862000000.0,,1026000000.0,1270000000.0,460000000.0,810000000.0,30297000000.0,4959000000.0,25338000000.0,21979004251.0,75000000.0,0.0,15000000.0,1105000000.0,-271000000.0,844000000.0,-1452000000.0,-517000000.0,683000000.0,0.0,351000000.0,351000000.0,351000000.0,-13000000.0,-2000000.0,0.109,385000000.0,683000000.0,1274000000.0,0.786,1.032,13.193,13.167,32465000000.0,0.0,52.14,1.654,1.654,1845000000.0,1353000000.0,3229000000.0,3229000000.0,0.0,,,,,0.0,0.0,1.0,421538248.0,421333000,422000000.0,7.664,46250000000.0,0.0,167000000.0,5574000000.0,109.771,325000000.0
53,DUK,MRQ,2008-03-31,2008-03-31,2008-03-31,2021-08-25,-115000000.0,49647000000.0,,4207000000.0,45440000000.0,,50.732,-1067000000.0,642000000.0,642000000.0,2191000000.0,466000000.0,0.853,1.319,12102000000.0,2019000000.0,10083000000.0,12102000000.0,0.0,452000000.0,0.0,0.049,0.66,869000000.0,1321000000.0,0.396,1321000000.0,869000000.0,687000000.0,1.11,1.11,1.11,21409000000.0,,21409000000.0,33630148282.0,11.0,6.745,-55000000.0,-0.13,1.0,1146000000.0,0.343,5353000000.0,182000000.0,50823000000.0,,946000000.0,855000000.0,0.0,855000000.0,28238000000.0,4931000000.0,23307000000.0,22542148282.0,-36000000.0,0.0,8000000.0,298000000.0,-278000000.0,27000000.0,-1075000000.0,-8000000.0,1012000000.0,0.0,465000000.0,465000000.0,465000000.0,-2000000.0,1000000.0,0.139,395000000.0,751000000.0,1306000000.0,0.595,1.053,14.019,14.055,31692000000.0,0.0,53.55,1.731,1.735,1652000000.0,1574000000.0,3337000000.0,3337000000.0,0.0,,,,,0.0,0.0,1.0,420955150.0,422000000,422667000.0,7.908,44294000000.0,0.0,222000000.0,5279000000.0,104.962,-724000000.0
54,DUK,MRQ,2007-12-31,2007-12-31,2007-12-31,2021-08-25,-133000000.0,49686000000.0,,4916000000.0,44770000000.0,,50.354,-910000000.0,678000000.0,678000000.0,2152000000.0,245000000.0,0.863,1.344,11766000000.0,2268000000.0,9498000000.0,11766000000.0,0.0,394000000.0,0.0,0.043,0.66,546000000.0,940000000.0,0.31,940000000.0,546000000.0,360000000.0,0.57,0.57,0.57,21199000000.0,,21199000000.0,36535774630.0,13.0,7.635,-167000000.0,-0.397,1.0,879000000.0,0.29,5362000000.0,186000000.0,49714000000.0,,1012000000.0,1286000000.0,437000000.0,849000000.0,28487000000.0,5698000000.0,22789000000.0,25434774630.0,3000000.0,-8000000.0,26000000.0,-33000000.0,-279000000.0,-292000000.0,-448000000.0,415000000.0,743000000.0,0.0,243000000.0,243000000.0,243000000.0,70000000.0,2000000.0,0.08,395000000.0,484000000.0,1585000000.0,1.158,1.2,16.957,16.95,31110000000.0,0.0,60.51,2.0,1.998,1767000000.0,1398000000.0,3031000000.0,3031000000.0,0.0,,,,,0.0,0.0,1.0,420340020.0,420999000,420668000.0,7.2,44324000000.0,0.0,117000000.0,5295000000.0,105.283,-782000000.0
55,DUK,MRQ,2007-09-30,2007-09-30,2007-09-30,2021-08-25,-276000000.0,49027000000.0,,5270000000.0,43757000000.0,,50.169,-628000000.0,675000000.0,675000000.0,2284000000.0,607000000.0,1.127,1.327,11776000000.0,1839000000.0,9937000000.0,11776000000.0,0.0,546000000.0,0.0,0.051,0.66,1088000000.0,1634000000.0,0.443,1634000000.0,1088000000.0,911000000.0,1.44,1.44,1.44,21071000000.0,,21071000000.0,34903659451.0,12.0,7.068,425000000.0,1.012,1.0,1404000000.0,0.381,5403000000.0,177000000.0,50049000000.0,,1029000000.0,1756000000.0,909000000.0,847000000.0,27956000000.0,4676000000.0,23280000000.0,23553659451.0,64000000.0,-4000000.0,4000000.0,-243000000.0,-278000000.0,-467000000.0,-522000000.0,79000000.0,1053000000.0,0.0,607000000.0,607000000.0,607000000.0,-34000000.0,0.0,0.165,474000000.0,930000000.0,1093000000.0,0.458,1.118,14.327,14.488,30134000000.0,0.0,56.07,1.885,1.885,1778000000.0,1447000000.0,3688000000.0,3688000000.0,0.0,,,,,0.0,0.0,1.0,420075967.0,420000000,421667000.0,8.781,43624000000.0,0.0,304000000.0,5117000000.0,103.867,594000000.0
56,DUK,MRQ,2007-06-30,2007-06-30,2007-06-30,2021-08-25,-319000000.0,48448000000.0,,5029000000.0,43419000000.0,,48.621,-784000000.0,611000000.0,611000000.0,2037000000.0,293000000.0,1.003,1.372,11961000000.0,1996000000.0,9965000000.0,11961000000.0,0.0,487000000.0,0.0,0.058,0.63,604000000.0,1091000000.0,0.368,1091000000.0,604000000.0,445000000.0,0.69,0.69,0.69,20421000000.0,,20421000000.0,34016111833.0,11.0,6.581,-279000000.0,-0.664,1.0,929000000.0,0.313,5463000000.0,159000000.0,49321000000.0,,1027000000.0,1873000000.0,1022000000.0,851000000.0,28027000000.0,5014000000.0,23013000000.0,23048111833.0,41000000.0,-54000000.0,11000000.0,401000000.0,-267000000.0,123000000.0,-587000000.0,191000000.0,505000000.0,0.0,293000000.0,293000000.0,293000000.0,6000000.0,0.0,0.099,438000000.0,491000000.0,1104000000.0,0.913,1.129,12.805,12.887,29799000000.0,0.0,54.9,1.907,1.908,1486000000.0,847000000.0,2966000000.0,2966000000.0,0.0,,,,,0.0,0.0,1.0,419819888.0,420000000,422333000.0,7.062,42985000000.0,0.0,152000000.0,4663000000.0,102.345,15000000.0
57,DUK,MRQ,2007-03-31,2007-03-31,2007-03-31,2021-08-25,-333000000.0,48229000000.0,,5132000000.0,43097000000.0,,49.246,-803000000.0,570000000.0,570000000.0,2003000000.0,357000000.0,1.127,1.337,11538000000.0,1914000000.0,9624000000.0,11538000000.0,0.0,461000000.0,0.0,0.057,0.63,659000000.0,1120000000.0,0.369,1120000000.0,659000000.0,496000000.0,0.84,0.84,0.84,20634000000.0,,20634000000.0,44731889281.0,15.0,8.483,104000000.0,0.248,1.0,1032000000.0,0.34,5487000000.0,163000000.0,49157000000.0,,950000000.0,2090000000.0,1256000000.0,834000000.0,27595000000.0,4553000000.0,23042000000.0,25506889281.0,-378000000.0,0.0,9000000.0,-45000000.0,-265000000.0,-691000000.0,-594000000.0,188000000.0,907000000.0,0.0,357000000.0,357000000.0,357000000.0,-20000000.0,0.0,0.118,444000000.0,588000000.0,1131000000.0,0.75,1.236,13.699,13.709,29378000000.0,0.0,60.87,2.122,2.121,1466000000.0,1098000000.0,3035000000.0,3035000000.0,0.0,,,,,0.0,0.0,1.0,419038759.0,419000000,422667000.0,7.243,42742000000.0,0.0,139000000.0,4567000000.0,102.01,579000000.0
58,DUK,MRQ,2006-12-31,2006-12-31,2006-12-31,2021-08-25,595000000.0,68700000000.0,,7047000000.0,61653000000.0,,62.296,-1096000000.0,948000000.0,948000000.0,2220000000.0,387000000.0,1.066,1.632,20173000000.0,2055000000.0,18118000000.0,20173000000.0,0.0,563000000.0,0.0,0.038,0.96,530000000.0,1093000000.0,0.39,1093000000.0,530000000.0,368000000.0,0.9,0.9,0.9,26102000000.0,,26102000000.0,62114685008.0,21.0,12.038,-83000000.0,-0.198,1.0,585000000.0,0.209,9080000000.0,162000000.0,72232000000.0,,1358000000.0,4043000000.0,1514000000.0,2529000000.0,42598000000.0,6613000000.0,35985000000.0,41687685008.0,128000000.0,-195000000.0,60000000.0,-923000000.0,-405000000.0,-1287000000.0,402000000.0,-1170000000.0,1013000000.0,0.0,387000000.0,387000000.0,387000000.0,-187000000.0,0.0,0.138,402000000.0,183000000.0,1686000000.0,1.067,1.597,22.377,20.887,41447000000.0,0.0,99.63,3.93,3.663,2256000000.0,5652000000.0,2805000000.0,2805000000.0,0.0,,,,,0.0,0.0,1.0,418425023.0,419001000,422001000.0,6.694,59620000000.0,0.0,-19000000.0,7612000000.0,142.291,434000000.0
59,DUK,MRQ,2006-09-30,2006-09-30,2006-09-30,2021-08-25,1050000000.0,70282000000.0,,8182000000.0,62100000000.0,,63.388,-892000000.0,820000000.0,820000000.0,2212000000.0,763000000.0,1.124,1.653,21247000000.0,2569000000.0,18678000000.0,21247000000.0,0.0,610000000.0,0.0,0.041,0.96,1255000000.0,1865000000.0,0.569,1865000000.0,1255000000.0,1073000000.0,1.83,1.8,1.83,26496000000.0,,26496000000.0,58305949203.0,31.0,14.791,399000000.0,0.955,1.0,1067000000.0,0.325,9193000000.0,182000000.0,74239000000.0,,1243000000.0,4830000000.0,2097000000.0,2733000000.0,43786000000.0,7277000000.0,36509000000.0,37840949203.0,68000000.0,0.0,26000000.0,1265000000.0,-402000000.0,996000000.0,-2197000000.0,-1441000000.0,1291000000.0,0.0,763000000.0,763000000.0,763000000.0,-282000000.0,0.0,0.233,196000000.0,871000000.0,1225000000.0,0.525,1.428,18.219,15.567,40803000000.0,0.0,90.6,35.103,35.131,1969000000.0,5670000000.0,3279000000.0,3279000000.0,0.0,,,,,0.0,0.0,1.0,417670521.0,418000000,421000000.0,7.844,61089000000.0,0.0,310000000.0,7825000000.0,146.146,905000000.0
60,DUK,MRQ,2006-06-30,2006-06-30,2006-06-30,2021-08-25,1047000000.0,70368000000.0,,6815000000.0,63553000000.0,,62.205,-833000000.0,752000000.0,752000000.0,2224000000.0,355000000.0,0.844,1.741,21217000000.0,2643000000.0,18574000000.0,21217000000.0,0.0,604000000.0,0.0,0.042,0.93,591000000.0,1195000000.0,0.412,1195000000.0,591000000.0,406000000.0,0.87,0.84,0.87,25670000000.0,,25670000000.0,51658421105.0,38.0,16.068,-120000000.0,-0.291,1.0,679000000.0,0.234,9090000000.0,185000000.0,73673000000.0,,1201000000.0,4420000000.0,254000000.0,4166000000.0,44698000000.0,8070000000.0,36628000000.0,36271421105.0,-33000000.0,148000000.0,-404000000.0,-519000000.0,-392000000.0,-1351000000.0,605000000.0,1211000000.0,713000000.0,0.0,355000000.0,355000000.0,355000000.0,-159000000.0,0.0,0.122,451000000.0,228000000.0,1470000000.0,1.069,1.413,26.828,21.438,40895000000.0,0.0,88.11,43.859,43.966,2253000000.0,4907000000.0,2903000000.0,2903000000.0,0.0,,,,,0.0,0.0,1.0,411660664.0,412667000,419667000.0,7.035,61278000000.0,0.0,51000000.0,7789000000.0,148.493,-1255000000.0
61,DUK,MRQ,2006-03-31,2006-03-31,2006-03-31,2021-08-25,807000000.0,51417000000.0,,5210000000.0,46207000000.0,,53.509,-560000000.0,785000000.0,785000000.0,1009000000.0,358000000.0,0.854,2.106,16172000000.0,1571000000.0,14601000000.0,16172000000.0,0.0,438000000.0,0.0,0.041,0.93,569000000.0,1007000000.0,0.622,1007000000.0,569000000.0,466000000.0,1.17,1.11,1.17,16552000000.0,,16552000000.0,42575595840.0,28.0,12.855,171000000.0,0.553,1.0,611000000.0,0.377,3782000000.0,103000000.0,56920000000.0,,799000000.0,3540000000.0,32000000.0,3508000000.0,34865000000.0,6102000000.0,28763000000.0,27056595840.0,274000000.0,-90000000.0,-55000000.0,34000000.0,-289000000.0,-319000000.0,-138000000.0,460000000.0,731000000.0,0.0,358000000.0,358000000.0,358000000.0,-155000000.0,0.0,0.221,273000000.0,338000000.0,1315000000.0,0.795,1.635,20.749,20.674,29459000000.0,0.0,87.45,8.46,8.459,2071000000.0,5405000000.0,1620000000.0,1620000000.0,0.0,,,,,0.0,0.0,1.0,309395035.0,309333000,321000000.0,5.237,47635000000.0,0.0,108000000.0,5805000000.0,153.993,-892000000.0
62,DUK,MRQ,2005-12-31,2005-12-31,2005-12-31,2021-08-25,716000000.0,54723000000.0,,7957000000.0,46766000000.0,,53.144,-665000000.0,511000000.0,511000000.0,-5371000000.0,606000000.0,0.945,2.329,16030000000.0,1483000000.0,14547000000.0,16030000000.0,0.0,421000000.0,0.0,0.043,0.93,-546000000.0,-125000000.0,0.019,-125000000.0,-546000000.0,-114000000.0,1.95,1.89,1.95,16439000000.0,,16439000000.0,41196713326.0,16.0,9.229,-351000000.0,-1.135,1.0,-1353000000.0,0.201,3840000000.0,-432000000.0,57984000000.0,,863000000.0,3984000000.0,632000000.0,3352000000.0,38284000000.0,8418000000.0,29866000000.0,25461713326.0,134000000.0,-1000000.0,5000000.0,-53000000.0,-293000000.0,-409000000.0,229000000.0,785000000.0,314000000.0,0.0,606000000.0,601000000.0,601000000.0,-1829000000.0,0.0,-0.089,293000000.0,-1646000000.0,2431000000.0,0.477,1.549,14.052,14.149,29200000000.0,5000000.0,82.35,3.687,3.712,2580000000.0,5277000000.0,-6724000000.0,-6724000000.0,0.0,,,,,0.0,0.0,1.0,309188990.0,309332000,320333000.0,-21.737,50883000000.0,0.0,-720000000.0,5724000000.0,164.493,-461000000.0
63,DUK,MRQ,2005-09-30,2005-09-30,2005-09-30,2021-08-25,540000000.0,53333000000.0,,8109000000.0,45224000000.0,,51.557,-600000000.0,377000000.0,377000000.0,1715000000.0,41000000.0,1.074,2.351,16112000000.0,1050000000.0,15062000000.0,16112000000.0,0.0,382000000.0,0.0,0.039,0.93,756000000.0,1138000000.0,0.376,1138000000.0,756000000.0,528000000.0,0.12,0.12,0.12,15914000000.0,,15914000000.0,44381621805.0,11.0,7.522,-124000000.0,-0.402,1.0,1313000000.0,0.434,3773000000.0,228000000.0,57743000000.0,,879000000.0,5089000000.0,1062000000.0,4027000000.0,37419000000.0,7552000000.0,29867000000.0,27022621805.0,-632000000.0,-293000000.0,-16000000.0,-117000000.0,-290000000.0,-393000000.0,-717000000.0,93000000.0,476000000.0,0.0,41000000.0,38000000.0,38000000.0,883000000.0,0.0,0.013,-157000000.0,1470000000.0,1307000000.0,7.75,1.698,17.245,17.679,28600000000.0,3000000.0,87.51,1.483,1.483,2131000000.0,5014000000.0,3028000000.0,3028000000.0,0.0,,,,,0.0,0.0,1.0,308794673.0,308667000,321333000.0,9.81,49560000000.0,0.0,487000000.0,5930000000.0,160.561,557000000.0
64,DUK,MRQ,2005-06-30,2005-06-30,2005-06-30,2021-08-25,944000000.0,55995000000.0,,7962000000.0,48033000000.0,,52.689,-559000000.0,1009000000.0,1009000000.0,4044000000.0,309000000.0,1.021,2.439,18368000000.0,2009000000.0,16359000000.0,18368000000.0,0.0,531000000.0,0.0,0.037,0.825,761000000.0,1292000000.0,0.245,1292000000.0,761000000.0,466000000.0,0.99,0.96,0.99,16281000000.0,,16281000000.0,45140164795.0,11.0,7.271,592000000.0,1.916,1.0,1230000000.0,0.233,4106000000.0,295000000.0,61449000000.0,,957000000.0,3874000000.0,1040000000.0,2834000000.0,39714000000.0,7799000000.0,31915000000.0,27551164795.0,8000000.0,0.0,-61000000.0,-237000000.0,-256000000.0,-595000000.0,-550000000.0,-9000000.0,1151000000.0,0.0,309000000.0,307000000.0,307000000.0,19000000.0,0.0,0.058,464000000.0,766000000.0,2224000000.0,0.833,1.692,14.38,14.718,33390000000.0,2000000.0,89.19,1.359,1.359,2905000000.0,4962000000.0,5274000000.0,5274000000.0,0.0,,,,,0.0,0.0,1.0,308904191.0,309000000,321333000.0,17.068,51889000000.0,0.0,157000000.0,6330000000.0,167.926,163000000.0
65,DUK,MRQ,2005-03-31,2005-03-31,2005-03-31,2021-08-25,899000000.0,55908000000.0,,8277000000.0,47631000000.0,,51.836,-503000000.0,1001000000.0,1001000000.0,4060000000.0,868000000.0,1.162,2.392,18590000000.0,1656000000.0,16934000000.0,18590000000.0,0.0,550000000.0,0.0,0.039,0.825,1609000000.0,2159000000.0,0.405,2159000000.0,1609000000.0,1319000000.0,2.73,2.64,2.73,16484000000.0,,16484000000.0,45123898413.0,11.0,7.18,374000000.0,1.176,1.0,1268000000.0,0.238,4141000000.0,290000000.0,62235000000.0,,747000000.0,3749000000.0,1064000000.0,2685000000.0,39424000000.0,7121000000.0,32303000000.0,26824898413.0,468000000.0,0.0,-820000000.0,-231000000.0,-266000000.0,-1320000000.0,912000000.0,1364000000.0,877000000.0,0.0,868000000.0,866000000.0,866000000.0,-8000000.0,0.0,0.163,593000000.0,675000000.0,2304000000.0,0.302,1.627,13.162,13.028,33391000000.0,2000000.0,84.03,1.321,1.315,3202000000.0,5149000000.0,5328000000.0,5328000000.0,0.0,,,,,0.0,0.0,1.0,319230018.0,318000000,330000000.0,16.755,51767000000.0,0.0,451000000.0,5981000000.0,162.789,1156000000.0
66,DUK,MRQ,2004-12-31,2004-12-31,2004-12-31,2021-08-25,650000000.0,55770000000.0,,7918000000.0,47852000000.0,,51.974,-575000000.0,533000000.0,533000000.0,3385000000.0,358000000.0,1.055,2.392,18832000000.0,1900000000.0,16932000000.0,18832000000.0,0.0,513000000.0,0.0,0.043,0.825,798000000.0,1311000000.0,0.286,1311000000.0,798000000.0,500000000.0,1.11,1.08,1.11,16441000000.0,,16441000000.0,41553418540.0,13.0,7.817,90000000.0,0.285,1.0,1204000000.0,0.262,4148000000.0,298000000.0,62419000000.0,,942000000.0,3971000000.0,1319000000.0,2652000000.0,39329000000.0,7502000000.0,31827000000.0,23758418540.0,-261000000.0,0.0,756000000.0,-2076000000.0,-267000000.0,-1735000000.0,808000000.0,1108000000.0,665000000.0,0.0,358000000.0,356000000.0,356000000.0,-61000000.0,0.0,0.078,552000000.0,652000000.0,2414000000.0,0.743,1.445,16.042,15.931,33806000000.0,2000000.0,75.99,1.212,1.203,3184000000.0,4539000000.0,4589000000.0,4589000000.0,0.0,,,,,0.0,0.0,1.0,312651909.0,316333000,328000000.0,14.507,51622000000.0,0.0,142000000.0,5655000000.0,163.189,416000000.0
67,DUK,MRQ,2004-09-30,2004-09-30,2004-09-30,2021-08-25,360000000.0,54739000000.0,,8648000000.0,46091000000.0,,48.895,-471000000.0,2858000000.0,2858000000.0,3714000000.0,389000000.0,0.991,2.581,20653000000.0,3552000000.0,17101000000.0,20653000000.0,0.0,581000000.0,0.0,0.048,0.825,865000000.0,1446000000.0,0.285,1446000000.0,865000000.0,536000000.0,1.23,1.2,1.23,15288000000.0,,15288000000.0,39922847216.0,139.0,17.32,661000000.0,2.114,1.0,1367000000.0,0.269,4002000000.0,329000000.0,59802000000.0,,894000000.0,2799000000.0,0.0,2799000000.0,39451000000.0,8730000000.0,30721000000.0,21465847216.0,-218000000.0,0.0,1000000.0,-755000000.0,-272000000.0,-1096000000.0,-252000000.0,111000000.0,1132000000.0,0.0,389000000.0,387000000.0,387000000.0,-8000000.0,0.0,0.076,525000000.0,842000000.0,1742000000.0,0.671,1.404,-23.904,-18.917,32856000000.0,2000000.0,68.67,1.247,1.247,2720000000.0,4435000000.0,5081000000.0,5081000000.0,0.0,,,,,0.0,0.0,1.0,312594251.0,312667000,324333000.0,16.251,50737000000.0,0.0,147000000.0,5320000000.0,162.272,-82000000.0
68,DUK,MRQ,2004-06-30,2004-06-30,2004-06-30,2021-08-25,10000000.0,54827000000.0,,8578000000.0,46249000000.0,,47.154,-523000000.0,2696000000.0,2696000000.0,4114000000.0,432000000.0,1.099,2.767,21153000000.0,1972000000.0,19181000000.0,21153000000.0,0.0,467000000.0,0.0,0.054,0.825,902000000.0,1369000000.0,0.258,1369000000.0,902000000.0,566000000.0,1.38,1.35,1.38,14555000000.0,,14555000000.0,38860986418.0,-221.0,21.808,778000000.0,2.521,1.0,1202000000.0,0.226,3855000000.0,336000000.0,61621000000.0,,837000000.0,2803000000.0,0.0,2803000000.0,40272000000.0,7808000000.0,32464000000.0,18562986418.0,378000000.0,0.0,888000000.0,-513000000.0,-261000000.0,29000000.0,-1023000000.0,-559000000.0,1301000000.0,0.0,432000000.0,429000000.0,429000000.0,-26000000.0,0.0,0.081,434000000.0,768000000.0,2112000000.0,0.598,1.275,-14.982,-12.924,32730000000.0,3000000.0,60.87,1.05,1.063,2982000000.0,4053000000.0,5316000000.0,5316000000.0,0.0,,,,,0.0,0.0,1.0,304961170.0,308667000,320333000.0,17.222,50972000000.0,0.0,134000000.0,4872000000.0,165.136,770000000.0
69,DUK,MRQ,2004-03-31,2004-03-31,2004-03-31,2021-08-25,259000000.0,55351000000.0,,7525000000.0,47826000000.0,,45.98,-592000000.0,1500000000.0,1500000000.0,4491000000.0,311000000.0,0.986,2.96,21798000000.0,1764000000.0,20034000000.0,21798000000.0,0.0,476000000.0,0.0,0.049,0.825,700000000.0,1176000000.0,0.209,1176000000.0,700000000.0,344000000.0,1.02,0.99,1.02,13978000000.0,,13978000000.0,41423277320.0,-309.0,22.452,478000000.0,1.572,1.0,1145000000.0,0.203,3932000000.0,356000000.0,64084000000.0,,663000000.0,2954000000.0,0.0,2954000000.0,41373000000.0,7633000000.0,33740000000.0,20631277320.0,237000000.0,0.0,59000000.0,-216000000.0,-265000000.0,-476000000.0,-326000000.0,82000000.0,1070000000.0,0.0,311000000.0,309000000.0,309000000.0,-246000000.0,0.0,0.055,772000000.0,373000000.0,2000000000.0,0.809,1.476,-16.492,-14.395,32936000000.0,2000000.0,67.8,1.178,1.177,2689000000.0,4121000000.0,5636000000.0,5636000000.0,0.0,,,,,0.0,0.0,1.0,304296126.0,304000000,315667000.0,18.539,51419000000.0,0.0,33000000.0,4733000000.0,169.141,-108000000.0
70,DUK,MRQ,2003-12-31,2003-12-31,2003-12-31,2021-08-25,169000000.0,57225000000.0,,7675000000.0,49550000000.0,,45.373,-320000000.0,397000000.0,397000000.0,534000000.0,-2021000000.0,0.991,3.162,21952000000.0,1330000000.0,20622000000.0,21952000000.0,0.0,494000000.0,0.0,0.054,0.825,-2180000000.0,-1686000000.0,-1.428,-1686000000.0,-2180000000.0,-2483000000.0,-7.26,-7.26,-7.26,13748000000.0,,13748000000.0,40772051834.0,-469.0,21.459,594000000.0,1.96,1.0,647000000.0,0.548,3962000000.0,303000000.0,67070000000.0,,941000000.0,3774000000.0,763000000.0,3011000000.0,43477000000.0,7748000000.0,35729000000.0,18559051834.0,-861000000.0,0.0,63000000.0,-1316000000.0,-265000000.0,-1483000000.0,-237000000.0,-164000000.0,914000000.0,0.0,-2021000000.0,-2023000000.0,-2023000000.0,1293000000.0,0.0,-1.713,1676000000.0,-1029000000.0,2317000000.0,-0.114,1.35,-13.871,-13.818,33848000000.0,2000000.0,61.35,1.03,1.025,2953000000.0,4060000000.0,1181000000.0,1181000000.0,0.0,,,,,0.0,0.0,1.0,302511032.0,303001000,303331000.0,3.898,53263000000.0,0.0,-462000000.0,4299000000.0,175.785,-73000000.0
71,DUK,MRQ,2003-09-30,2003-09-30,2003-09-30,2021-08-25,148000000.0,60048000000.0,,9271000000.0,50777000000.0,,52.813,-527000000.0,1751000000.0,1751000000.0,4535000000.0,49000000.0,1.16,2.769,23964000000.0,1477000000.0,22487000000.0,23964000000.0,0.0,521000000.0,0.0,0.062,0.825,402000000.0,923000000.0,0.166,923000000.0,402000000.0,27000000.0,0.15,0.15,0.15,15932000000.0,,15932000000.0,38559432123.0,16.0,8.834,139000000.0,0.461,1.0,1014000000.0,0.183,3870000000.0,375000000.0,70402000000.0,,1279000000.0,1848000000.0,0.0,1848000000.0,44116000000.0,7989000000.0,36127000000.0,16107432123.0,252000000.0,0.0,64000000.0,204000000.0,-262000000.0,-113000000.0,-301000000.0,261000000.0,666000000.0,0.0,49000000.0,46000000.0,46000000.0,-44000000.0,0.0,0.008,806000000.0,208000000.0,2331000000.0,5.5,1.011,25.567,21.202,37497000000.0,3000000.0,53.43,0.738,0.739,3102000000.0,6336000000.0,5549000000.0,5549000000.0,0.0,,,,,0.0,0.0,1.0,301467942.0,301667000,302333000.0,18.394,56178000000.0,0.0,-22000000.0,5786000000.0,186.225,1282000000.0
72,DUK,MRQ,2003-06-30,2003-06-30,2003-06-30,2021-08-25,5000000.0,64178000000.0,,12535000000.0,51643000000.0,,52.244,-644000000.0,1482000000.0,1482000000.0,4048000000.0,424000000.0,1.053,3.086,23934000000.0,1673000000.0,22261000000.0,23934000000.0,0.0,488000000.0,0.0,0.055,0.825,944000000.0,1432000000.0,0.278,1432000000.0,944000000.0,619000000.0,1.38,1.38,1.38,15708000000.0,,15708000000.0,40635910021.0,15.0,8.884,-287000000.0,-0.955,1.0,1104000000.0,0.214,3747000000.0,325000000.0,70982000000.0,,1179000000.0,2160000000.0,0.0,2160000000.0,48470000000.0,11901000000.0,36569000000.0,17977910021.0,373000000.0,0.0,70000000.0,-315000000.0,-266000000.0,-284000000.0,300000000.0,973000000.0,357000000.0,0.0,424000000.0,417000000.0,417000000.0,-23000000.0,0.0,0.081,437000000.0,667000000.0,5259000000.0,0.598,1.145,22.168,18.821,37734000000.0,7000000.0,59.85,0.887,0.888,6111000000.0,6314000000.0,5152000000.0,5152000000.0,0.0,,,,,0.0,0.0,1.0,300382791.0,300667000,301000000.0,17.135,60431000000.0,0.0,195000000.0,5981000000.0,200.99,634000000.0
73,DUK,MRQ,2003-03-31,2003-03-31,2003-03-31,2021-08-25,-421000000.0,63245000000.0,,12888000000.0,50357000000.0,,51.11,-769000000.0,1109000000.0,1109000000.0,4854000000.0,225000000.0,0.988,3.139,23767000000.0,1879000000.0,21888000000.0,23767000000.0,0.0,484000000.0,0.0,0.076,0.825,746000000.0,1230000000.0,0.199,1230000000.0,746000000.0,420000000.0,1.29,1.29,1.29,15282000000.0,,15282000000.0,36064454442.0,13.0,7.931,698000000.0,2.334,1.0,1316000000.0,0.213,3730000000.0,326000000.0,69122000000.0,,946000000.0,2573000000.0,0.0,2573000000.0,47963000000.0,13051000000.0,34912000000.0,13046454442.0,252000000.0,0.0,80000000.0,-365000000.0,-258000000.0,-777000000.0,-438000000.0,306000000.0,1467000000.0,0.0,225000000.0,222000000.0,222000000.0,5000000.0,0.0,0.036,429000000.0,887000000.0,6559000000.0,0.64,0.854,15.1,12.427,36930000000.0,3000000.0,43.62,0.697,0.697,7422000000.0,6387000000.0,6170000000.0,6170000000.0,0.0,,,,,0.0,0.0,1.0,299093408.0,299000000,299000000.0,20.635,59515000000.0,0.0,195000000.0,5459000000.0,199.047,-163000000.0
74,DUK,MRQ,2002-12-31,2002-12-31,2002-12-31,2021-08-25,-709000000.0,60122000000.0,,9737000000.0,50385000000.0,,50.203,-359000000.0,874000000.0,874000000.0,3712000000.0,-52000000.0,0.97,3.023,23875000000.0,2246000000.0,21629000000.0,23875000000.0,0.0,423000000.0,0.0,0.056,0.825,357000000.0,780000000.0,0.157,780000000.0,357000000.0,46000000.0,-0.3,-0.27,-0.3,14944000000.0,,14944000000.0,41240711490.0,15.0,9.301,575000000.0,1.932,1.0,1241000000.0,0.251,3747000000.0,311000000.0,69339000000.0,,971000000.0,4044000000.0,0.0,4044000000.0,45178000000.0,10037000000.0,35141000000.0,17421711490.0,-92000000.0,0.0,1058000000.0,-707000000.0,-241000000.0,139000000.0,-1165000000.0,-911000000.0,934000000.0,0.0,-52000000.0,-55000000.0,-55000000.0,261000000.0,0.0,-0.011,714000000.0,527000000.0,3637000000.0,-2.75,1.166,17.063,16.016,36102000000.0,3000000.0,58.62,1.098,1.03,4861000000.0,6417000000.0,4953000000.0,4953000000.0,0.0,,,,,0.0,0.0,1.0,297197398.0,297669000,297669000.0,16.639,56375000000.0,0.0,98000000.0,5166000000.0,189.388,-300000000.0
75,DUK,MRQ,2002-09-30,2002-09-30,2002-09-30,2021-08-25,-763000000.0,62847000000.0,,11537000000.0,51310000000.0,,50.824,-1086000000.0,473000000.0,473000000.0,3017000000.0,230000000.0,0.859,3.448,24292000000.0,3305000000.0,20987000000.0,24292000000.0,0.0,480000000.0,0.0,0.056,0.825,652000000.0,1132000000.0,0.284,1132000000.0,652000000.0,338000000.0,0.81,0.81,0.81,14129000000.0,,14129000000.0,39633662294.0,14.0,8.927,633000000.0,2.277,1.0,965000000.0,0.242,3942000000.0,314000000.0,69289000000.0,,1166000000.0,2805000000.0,0.0,2805000000.0,48718000000.0,13435000000.0,35283000000.0,16288662294.0,386000000.0,0.0,54000000.0,9000000.0,-238000000.0,-191000000.0,-1142000000.0,42000000.0,1719000000.0,0.0,230000000.0,227000000.0,227000000.0,0.0,0.0,0.057,429000000.0,536000000.0,4441000000.0,1.019,1.153,12.539,13.299,36331000000.0,3000000.0,58.65,1.149,1.15,5958000000.0,6716000000.0,3982000000.0,3982000000.0,0.0,,,,,0.0,0.0,1.0,277726552.0,278000000,278000000.0,14.324,58905000000.0,0.0,108000000.0,5344000000.0,211.888,-1898000000.0
76,DUK,MRQ,2002-06-30,2002-06-30,2002-06-30,2021-08-25,150000000.0,65192000000.0,,12103000000.0,53089000000.0,,53.744,-2026000000.0,87000000.0,87000000.0,2378000000.0,474000000.0,0.821,3.379,23432000000.0,3706000000.0,19726000000.0,23432000000.0,0.0,410000000.0,0.0,0.035,0.825,995000000.0,1405000000.0,0.388,1405000000.0,995000000.0,721000000.0,1.71,1.68,1.71,14887000000.0,,14887000000.0,48567055204.0,13.0,9.329,-1300000000.0,-4.693,1.0,1239000000.0,0.343,4125000000.0,274000000.0,69666000000.0,,1174000000.0,2897000000.0,0.0,2897000000.0,50305000000.0,14746000000.0,35559000000.0,25807055204.0,-64000000.0,-40000000.0,134000000.0,319000000.0,-237000000.0,581000000.0,-1371000000.0,580000000.0,726000000.0,0.0,474000000.0,470000000.0,470000000.0,0.0,0.0,0.13,336000000.0,903000000.0,5254000000.0,0.482,1.734,13.845,14.009,36384000000.0,4000000.0,93.3,1.729,1.732,6597000000.0,6553000000.0,3617000000.0,3617000000.0,0.0,,,,,0.0,0.0,1.0,276602950.0,277000000,277000000.0,13.058,61067000000.0,0.0,247000000.0,5735000000.0,220.458,-2643000000.0
77,DUK,MRQ,2002-03-31,2002-03-31,2002-03-31,2021-08-25,307000000.0,62546000000.0,,11694000000.0,50852000000.0,,56.596,-1274000000.0,151000000.0,151000000.0,2296000000.0,382000000.0,0.904,3.207,22911000000.0,3181000000.0,19730000000.0,22911000000.0,0.0,379000000.0,0.0,0.029,0.825,738000000.0,1117000000.0,0.338,1117000000.0,738000000.0,540000000.0,1.44,1.44,1.44,14866000000.0,,14866000000.0,44730940117.0,13.0,8.912,-454000000.0,-1.728,1.0,1012000000.0,0.306,4085000000.0,198000000.0,68289000000.0,,1149000000.0,2695000000.0,0.0,2695000000.0,47680000000.0,12932000000.0,34748000000.0,29415940117.0,-139000000.0,-1667000000.0,77000000.0,2589000000.0,-222000000.0,2317000000.0,-3276000000.0,-313000000.0,820000000.0,0.0,382000000.0,379000000.0,379000000.0,0.0,0.0,0.115,344000000.0,668000000.0,4234000000.0,0.573,1.979,16.261,17.26,35304000000.0,3000000.0,113.4,1.094,1.108,5647000000.0,6475000000.0,3308000000.0,3308000000.0,0.0,,,,,0.0,0.0,1.0,259399825.0,262667000,262667000.0,12.594,58461000000.0,0.0,158000000.0,5399000000.0,222.567,-1238000000.0
78,DUK,MRQ,2001-12-31,2001-12-31,2001-12-31,2021-08-25,180000000.0,48531000000.0,,9601000000.0,38930000000.0,,49.246,-1651000000.0,290000000.0,290000000.0,2968000000.0,225000000.0,0.918,2.825,15605000000.0,1877000000.0,13728000000.0,15605000000.0,0.0,301000000.0,0.0,0.028,0.825,485000000.0,786000000.0,0.24,786000000.0,485000000.0,331000000.0,0.45,0.48,0.45,12689000000.0,,12689000000.0,44602393810.0,12.0,8.484,-1825000000.0,-7.083,1.0,302000000.0,0.092,1730000000.0,154000000.0,51661000000.0,,1017000000.0,2056000000.0,0.0,2056000000.0,35842000000.0,10455000000.0,25387000000.0,30471393810.0,-327000000.0,0.0,50000000.0,1103000000.0,-220000000.0,627000000.0,-780000000.0,795000000.0,-174000000.0,0.0,225000000.0,223000000.0,223000000.0,5000000.0,0.0,0.068,39000000.0,263000000.0,4231000000.0,1.833,2.401,16.174,16.024,28415000000.0,2000000.0,117.78,1.698,1.678,5301000000.0,6292000000.0,3270000000.0,3270000000.0,0.0,,,,,0.0,0.0,1.0,258714500.0,257668000,257668000.0,12.691,46801000000.0,0.0,106000000.0,4939000000.0,181.633,-854000000.0
79,DUK,MRQ,2001-09-30,2001-09-30,2001-09-30,2021-08-25,-26000000.0,50463000000.0,,13125000000.0,37338000000.0,,48.391,-1685000000.0,617000000.0,617000000.0,2862000000.0,796000000.0,0.97,3.037,14748000000.0,1211000000.0,13537000000.0,14748000000.0,0.0,431000000.0,0.0,0.029,0.825,1467000000.0,1898000000.0,0.401,1898000000.0,1467000000.0,1276000000.0,3.06,3.03,3.06,12501000000.0,,12501000000.0,42616115637.0,11.0,6.633,27000000.0,0.105,1.0,1867000000.0,0.395,1625000000.0,191000000.0,49443000000.0,,872000000.0,1794000000.0,0.0,1794000000.0,37962000000.0,13526000000.0,24436000000.0,29332115637.0,-624000000.0,0.0,44000000.0,240000000.0,-232000000.0,46000000.0,-2382000000.0,-361000000.0,1712000000.0,0.0,796000000.0,792000000.0,792000000.0,0.0,0.0,0.167,375000000.0,1492000000.0,7065000000.0,0.27,2.346,15.12,14.123,26827000000.0,4000000.0,113.55,1.609,1.609,8447000000.0,6354000000.0,4729000000.0,4729000000.0,0.0,,,,,0.0,0.0,1.0,258318940.0,258333000,258333000.0,18.306,48838000000.0,0.0,480000000.0,5450000000.0,189.051,-401000000.0
80,DUK,MRQ,2001-06-30,2001-06-30,2001-06-30,2021-08-25,403000000.0,50219000000.0,,14558000000.0,35661000000.0,,46.933,-1641000000.0,1241000000.0,1241000000.0,14374000000.0,419000000.0,1.074,3.153,14525000000.0,754000000.0,13771000000.0,14525000000.0,0.0,361000000.0,0.0,0.033,0.825,857000000.0,1218000000.0,0.078,1218000000.0,857000000.0,655000000.0,1.62,1.59,1.62,12093000000.0,,12093000000.0,44152632827.0,11.0,7.296,551000000.0,2.138,1.0,1206000000.0,0.077,1597000000.0,202000000.0,48345000000.0,,875000000.0,1962000000.0,0.0,1962000000.0,38126000000.0,13561000000.0,24565000000.0,30112632827.0,752000000.0,0.0,145000000.0,-74000000.0,-211000000.0,-97000000.0,-1343000000.0,-260000000.0,2192000000.0,0.0,419000000.0,415000000.0,415000000.0,0.0,0.0,0.027,326000000.0,880000000.0,7294000000.0,0.509,2.49,15.733,14.448,25561000000.0,4000000.0,117.03,1.031,1.033,8310000000.0,5558000000.0,15580000000.0,15580000000.0,0.0,,,,,0.0,0.0,1.0,257306954.0,257667000,257667000.0,60.466,48622000000.0,0.0,236000000.0,4943000000.0,188.701,997000000.0
81,DUK,MRQ,2001-03-31,2001-03-31,2001-03-31,2021-08-25,-1360000000.0,50965000000.0,,15092000000.0,35873000000.0,,41.102,-723000000.0,489000000.0,489000000.0,14993000000.0,458000000.0,0.994,3.993,14529000000.0,850000000.0,13679000000.0,14529000000.0,0.0,357000000.0,0.0,0.031,0.825,998000000.0,1355000000.0,0.082,1355000000.0,998000000.0,785000000.0,2.22,2.19,2.22,10207000000.0,,10207000000.0,44868884698.0,12.0,8.5,-704000000.0,-2.835,1.0,1498000000.0,0.091,1514000000.0,213000000.0,48309000000.0,,657000000.0,1737000000.0,0.0,1737000000.0,40758000000.0,15182000000.0,25576000000.0,31525884698.0,-133000000.0,0.0,1193000000.0,-140000000.0,-208000000.0,778000000.0,-930000000.0,-324000000.0,19000000.0,0.0,458000000.0,454000000.0,454000000.0,0.0,0.0,0.028,316000000.0,1182000000.0,7602000000.0,0.372,3.089,17.293,16.438,24434000000.0,4000000.0,128.22,1.285,1.297,8194000000.0,5569000000.0,16491000000.0,16491000000.0,0.0,,,,,0.0,0.0,1.0,245873379.0,248333000,248333000.0,66.407,49451000000.0,0.0,327000000.0,3815000000.0,199.132,-90000000.0
82,DUK,MRQ,2000-12-31,2000-12-31,2000-12-31,2021-08-25,-120000000.0,58232000000.0,,22513000000.0,35719000000.0,,40.823,-1070000000.0,622000000.0,622000000.0,-18850000000.0,284000000.0,0.965,4.791,14419000000.0,2296000000.0,12123000000.0,14419000000.0,0.0,1348000000.0,0.0,0.031,0.825,606000000.0,1954000000.0,-0.105,1954000000.0,606000000.0,365000000.0,1.14,1.14,1.14,10056000000.0,,10056000000.0,44784058382.0,12.0,8.859,-946000000.0,-3.84,1.0,285000000.0,-0.015,1566000000.0,241000000.0,47126000000.0,,739000000.0,1849000000.0,0.0,1849000000.0,48176000000.0,23337000000.0,24839000000.0,31441058382.0,-139000000.0,1063000000.0,100000000.0,399000000.0,-207000000.0,566000000.0,-829000000.0,-425000000.0,124000000.0,0.0,284000000.0,279000000.0,279000000.0,0.0,0.0,-0.015,89000000.0,196000000.0,7733000000.0,0.724,3.127,17.895,17.835,24452000000.0,5000000.0,127.875,2.049,2.045,8648000000.0,5379000000.0,-18565000000.0,-18565000000.0,0.0,,,,,0.0,0.0,1.0,245873379.0,246332000,246332000.0,-75.366,56666000000.0,0.0,81000000.0,4323000000.0,230.039,-824000000.0
83,DUK,MRQ,2000-09-30,2000-09-30,2000-09-30,2021-08-25,-62000000.0,49821000000.0,,16042000000.0,33779000000.0,,40.512,-1215000000.0,761000000.0,761000000.0,13890000000.0,770000000.0,0.952,4.013,14104000000.0,2122000000.0,11982000000.0,14104000000.0,0.0,0.0,0.0,0.03,1.444,1525000000.0,1525000000.0,0.097,1525000000.0,1525000000.0,1268000000.0,3.12,3.09,3.12,9939000000.0,,9939000000.0,45633996376.0,16.0,14.011,-24000000.0,-0.098,1.0,1801000000.0,0.115,1195000000.0,257000000.0,45111000000.0,,803000000.0,1778000000.0,0.0,1778000000.0,39882000000.0,16858000000.0,23024000000.0,31568996376.0,346000000.0,0.0,43000000.0,-414000000.0,-208000000.0,188000000.0,-1033000000.0,-163000000.0,1191000000.0,0.0,770000000.0,766000000.0,766000000.0,0.0,0.0,0.049,300000000.0,1501000000.0,7926000000.0,0.463,3.176,24.586,16.183,24046000000.0,4000000.0,128.655,0.787,0.787,8375000000.0,5283000000.0,15691000000.0,15691000000.0,0.0,,,,,0.0,0.0,1.0,245377143.0,245333000,245333000.0,63.958,48626000000.0,0.0,498000000.0,4658000000.0,198.204,-816000000.0
84,DUK,MRQ,2000-06-30,2000-06-30,2000-06-30,2021-08-25,-50000000.0,44435000000.0,,12774000000.0,31661000000.0,,38.143,-877000000.0,415000000.0,415000000.0,9828000000.0,329000000.0,0.839,3.755,14480000000.0,4172000000.0,10308000000.0,14480000000.0,0.0,-303000000.0,0.0,0.039,0.825,748000000.0,445000000.0,0.041,445000000.0,748000000.0,520000000.0,1.32,1.32,1.32,9345000000.0,,9345000000.0,32567481343.0,14.0,11.219,-369000000.0,-1.506,1.0,1098000000.0,0.1,1213000000.0,228000000.0,42067000000.0,,750000000.0,1728000000.0,0.0,1728000000.0,35090000000.0,15220000000.0,19870000000.0,20717481343.0,40000000.0,0.0,27000000.0,2252000000.0,-207000000.0,845000000.0,-1313000000.0,-300000000.0,508000000.0,0.0,329000000.0,324000000.0,324000000.0,0.0,0.0,0.03,304000000.0,794000000.0,4878000000.0,0.625,2.217,21.716,12.756,23386000000.0,5000000.0,84.57,0.666,0.666,5595000000.0,4714000000.0,10926000000.0,10926000000.0,0.0,,,,,0.0,0.0,1.0,244974357.0,245000000,245000000.0,44.596,43222000000.0,0.0,191000000.0,4158000000.0,176.416,-2446000000.0
85,DUK,MRQ,2000-03-31,2000-03-31,2000-03-31,2021-08-25,-3000000.0,36481000000.0,,6463000000.0,30018000000.0,,37.83,-1406000000.0,375000000.0,375000000.0,6218000000.0,393000000.0,0.777,2.947,12225000000.0,1858000000.0,10367000000.0,12225000000.0,0.0,303000000.0,0.0,0.042,0.825,828000000.0,1131000000.0,0.155,1131000000.0,828000000.0,643000000.0,1.59,1.59,1.59,9243000000.0,,9243000000.0,29507199170.0,14.0,9.037,-1218000000.0,-4.985,1.0,1072000000.0,0.147,1065000000.0,185000000.0,38949000000.0,,616000000.0,1669000000.0,0.0,1669000000.0,27238000000.0,8317000000.0,18921000000.0,19251199170.0,-238000000.0,0.0,60000000.0,1262000000.0,-206000000.0,1115000000.0,-1541000000.0,-236000000.0,188000000.0,0.0,393000000.0,388000000.0,388000000.0,0.0,0.0,0.053,260000000.0,812000000.0,2821000000.0,0.519,2.083,21.086,12.181,23091000000.0,5000000.0,78.75,0.774,0.773,3516000000.0,4588000000.0,7290000000.0,7290000000.0,0.0,,,,,0.0,0.0,1.0,244459672.0,244333000,244333000.0,29.836,35416000000.0,0.0,250000000.0,4354000000.0,144.95,-1854000000.0
86,DUK,MRQ,1999-12-31,1999-12-31,1999-12-31,2021-08-25,-2000000.0,33409000000.0,,6171000000.0,27238000000.0,,36.877,-858000000.0,613000000.0,613000000.0,6180000000.0,-189000000.0,1.05,2.713,10869000000.0,782000000.0,10087000000.0,10869000000.0,0.0,315000000.0,0.0,0.044,0.825,-159000000.0,156000000.0,0.025,156000000.0,-159000000.0,-355000000.0,1.92,1.89,1.92,8998000000.0,,8998000000.0,27787692199.0,11.0,7.486,37000000.0,0.152,1.0,41000000.0,0.007,844000000.0,196000000.0,36945000000.0,,599000000.0,1453000000.0,0.0,1453000000.0,24411000000.0,5876000000.0,18535000000.0,18331692199.0,-440000000.0,-7000000.0,56000000.0,149000000.0,-206000000.0,121000000.0,-1456000000.0,-513000000.0,895000000.0,0.0,-189000000.0,-194000000.0,-194000000.0,0.0,0.0,-0.031,264000000.0,-223000000.0,2312000000.0,0.43,2.037,12.328,12.287,20995000000.0,5000000.0,75.195,0.842,0.839,3248000000.0,4397000000.0,6221000000.0,6221000000.0,0.0,,,,,0.0,0.0,1.0,243788712.0,243999000,243999000.0,25.496,32565000000.0,0.0,-166000000.0,4312000000.0,133.464,295000000.0
87,DUK,MRQ,1999-09-30,1999-09-30,1999-09-30,2021-08-25,0.0,32349000000.0,,6272000000.0,26077000000.0,,38.24,-1643000000.0,1060000000.0,1060000000.0,5564000000.0,441000000.0,1.051,2.477,10516000000.0,1020000000.0,9496000000.0,10516000000.0,0.0,294000000.0,0.0,0.04,0.825,877000000.0,1171000000.0,0.175,1171000000.0,877000000.0,724000000.0,1.8,1.785,1.8,9305000000.0,,9305000000.0,28081341100.0,9.0,6.555,-976000000.0,-4.011,1.0,1112000000.0,0.167,727000000.0,153000000.0,35112000000.0,,590000000.0,1542000000.0,0.0,1542000000.0,23044000000.0,5966000000.0,17078000000.0,20116341100.0,753000000.0,7000000.0,29000000.0,1784000000.0,-206000000.0,1541000000.0,-1455000000.0,0.0,667000000.0,0.0,441000000.0,436000000.0,436000000.0,0.0,0.0,0.065,246000000.0,866000000.0,2538000000.0,0.458,2.162,10.588,16.167,20173000000.0,5000000.0,82.695,1.017,1.017,3580000000.0,4786000000.0,6676000000.0,6676000000.0,0.0,,,,,0.0,0.0,1.0,243259461.0,243333000,243333000.0,27.436,31622000000.0,0.0,283000000.0,4891000000.0,129.954,306000000.0
88,DUK,MRQ,1999-06-30,1999-06-30,1999-06-30,2021-08-25,0.0,29556000000.0,,5396000000.0,24160000000.0,,36.556,-704000000.0,300000000.0,300000000.0,3927000000.0,288000000.0,0.868,2.332,8265000000.0,1021000000.0,7244000000.0,8265000000.0,0.0,272000000.0,0.0,0.04,0.825,535000000.0,807000000.0,0.172,807000000.0,535000000.0,415000000.0,1.155,1.155,1.155,8871000000.0,,8871000000.0,27415387224.0,9.0,6.474,-129000000.0,-0.532,1.0,764000000.0,0.163,628000000.0,120000000.0,30676000000.0,,548000000.0,1452000000.0,0.0,1452000000.0,20685000000.0,6217000000.0,14468000000.0,19828387224.0,-283000000.0,0.0,20000000.0,-24000000.0,-205000000.0,-204000000.0,-654000000.0,0.0,575000000.0,0.0,288000000.0,283000000.0,283000000.0,0.0,0.0,0.06,233000000.0,531000000.0,1785000000.0,0.714,2.235,10.502,16.059,17736000000.0,5000000.0,81.66,1.077,1.077,2427000000.0,4349000000.0,4691000000.0,4691000000.0,0.0,,,,,0.0,0.0,1.0,242816400.0,242667000,242667000.0,19.331,28928000000.0,0.0,127000000.0,4644000000.0,119.209,-821000000.0
89,DUK,MRQ,1999-03-31,1999-03-31,1999-03-31,2021-08-25,0.0,28711000000.0,,5043000000.0,23668000000.0,,37.054,-2086000000.0,583000000.0,583000000.0,3308000000.0,967000000.0,0.918,2.202,8170000000.0,1086000000.0,7084000000.0,8170000000.0,0.0,270000000.0,0.0,0.04,0.825,1308000000.0,1578000000.0,0.378,1578000000.0,1308000000.0,1176000000.0,1.245,1.245,1.245,8967000000.0,,8967000000.0,27948922134.0,9.0,6.564,-1539000000.0,-6.36,1.0,870000000.0,0.208,641000000.0,132000000.0,30166000000.0,,516000000.0,1180000000.0,0.0,1180000000.0,19744000000.0,5491000000.0,14253000000.0,19921922134.0,503000000.0,1900000000.0,57000000.0,349000000.0,-205000000.0,142000000.0,-186000000.0,0.0,547000000.0,0.0,967000000.0,962000000.0,962000000.0,0.0,0.0,0.23,225000000.0,645000000.0,1541000000.0,0.663,2.222,10.602,16.216,17542000000.0,5000000.0,82.215,1.124,1.122,2323000000.0,4463000000.0,4178000000.0,4178000000.0,0.0,,,,,0.0,0.0,1.0,242314932.0,242000000,242000000.0,17.264,28070000000.0,0.0,209000000.0,4732000000.0,115.992,-448000000.0
90,DUK,MRQ,1998-12-31,1998-12-31,1998-12-31,2021-08-25,0.0,26806000000.0,,4843000000.0,21963000000.0,,33.864,-662000000.0,80000000.0,80000000.0,3508000000.0,224000000.0,0.977,2.289,8107000000.0,916000000.0,7191000000.0,8107000000.0,0.0,246000000.0,0.0,0.034,0.825,482000000.0,728000000.0,0.172,728000000.0,482000000.0,353000000.0,0.915,0.9,0.915,8150000000.0,,8150000000.0,30045630289.0,12.0,8.351,-87000000.0,-0.361,1.0,727000000.0,0.172,495000000.0,129000000.0,29383000000.0,,543000000.0,1146000000.0,0.0,1146000000.0,18656000000.0,4955000000.0,13701000000.0,23188030289.0,-368000000.0,0.0,85000000.0,-134000000.0,-204000000.0,-262000000.0,-681000000.0,0.0,575000000.0,0.0,224000000.0,219000000.0,219000000.0,0.0,0.0,0.052,225000000.0,502000000.0,1754000000.0,0.902,2.845,18.837,18.622,16875000000.0,5000000.0,96.09,1.313,1.309,2318000000.0,3701000000.0,4235000000.0,4235000000.0,0.0,,,,,0.0,0.0,1.0,241315749.0,240667000,240667000.0,17.597,26311000000.0,0.0,129000000.0,4066000000.0,109.325,-112000000.0
91,DUK,MRQ,1998-09-30,1998-09-30,1998-09-30,2021-08-25,0.0,26183900000.0,,4687300000.0,21496600000.0,,33.427,-1128000000.0,448200000.0,448200000.0,4235000000.0,428000000.0,1.111,2.255,7305800000.0,692200000.0,6613600000.0,7305800000.0,0.0,281000000.0,0.0,0.033,0.825,841000000.0,1122000000.0,0.212,1122000000.0,841000000.0,702000000.0,1.77,1.755,1.77,8044800000.0,,8044800000.0,30630877098.0,12.0,8.666,-340000000.0,-1.413,1.0,1064000000.0,0.201,504300000.0,139000000.0,28316400000.0,,521200000.0,1019500000.0,0.0,1019500000.0,18139100000.0,4220800000.0,13918300000.0,23900177098.0,381000000.0,3000000.0,42000000.0,835000000.0,-204000000.0,686000000.0,-1093000000.0,0.0,788000000.0,0.0,428000000.0,424000000.0,424000000.0,0.0,0.0,0.08,238000000.0,826000000.0,1679500000.0,0.466,2.971,20.65,20.429,16635900000.0,4000000.0,99.285,1.327,1.326,2585800000.0,3679600000.0,5299000000.0,5299000000.0,0.0,,,,,0.0,0.0,1.0,240722940.0,240667000,240667000.0,22.018,25679600000.0,0.0,274000000.0,4396200000.0,106.702,466500000.0
92,DUK,MRQ,1998-06-30,1998-06-30,1998-06-30,2021-08-25,0.0,25429100000.0,,4685800000.0,20743300000.0,,31.493,-323000000.0,63700000.0,63700000.0,3240000000.0,280000000.0,1.041,2.355,6794400000.0,374600000.0,6419800000.0,6794400000.0,0.0,265000000.0,0.0,0.037,0.825,565000000.0,830000000.0,0.207,830000000.0,565000000.0,443000000.0,1.14,1.14,1.14,7579300000.0,,7579300000.0,28337893180.0,13.0,8.583,131000000.0,0.544,1.0,773000000.0,0.193,506100000.0,122000000.0,27152600000.0,,521700000.0,992400000.0,0.0,992400000.0,17849800000.0,4501100000.0,13348700000.0,21354493180.0,7000000.0,0.0,49000000.0,-5000000.0,-203000000.0,-133000000.0,-314000000.0,0.0,454000000.0,0.0,280000000.0,274000000.0,274000000.0,0.0,0.0,0.068,224000000.0,549000000.0,1153000000.0,0.724,2.817,20.696,20.502,15901500000.0,6000000.0,88.875,1.218,1.22,1993300000.0,3254200000.0,4013000000.0,4013000000.0,0.0,,,,,0.0,0.0,1.0,240275591.0,240667000,240667000.0,16.674,24923000000.0,0.0,163000000.0,4202800000.0,103.558,184700000.0
93,DUK,MRQ,1998-03-31,1998-03-31,1998-03-31,2021-08-25,0.0,23974600000.0,,3497000000.0,20477600000.0,,31.935,-387000000.0,56900000.0,56900000.0,3285000000.0,320000000.0,1.141,2.128,7040300000.0,290600000.0,6749700000.0,7040300000.0,0.0,263000000.0,0.0,0.037,0.825,655000000.0,918000000.0,0.223,918000000.0,655000000.0,531000000.0,1.335,1.335,1.335,7664300000.0,,7664300000.0,28117897728.0,13.0,9.013,127000000.0,0.529,1.0,830000000.0,0.202,516500000.0,124000000.0,27377300000.0,,459500000.0,973100000.0,0.0,973100000.0,16310300000.0,3064200000.0,13246100000.0,21450497728.0,-87000000.0,35000000.0,0.0,194000000.0,-203000000.0,-213000000.0,-388000000.0,0.0,514000000.0,0.0,320000000.0,314000000.0,314000000.0,0.0,0.0,0.076,222000000.0,608000000.0,1155300000.0,0.618,2.799,23.433,23.266,15813400000.0,6000000.0,89.34,1.289,1.289,1995900000.0,3373900000.0,4115000000.0,4115000000.0,0.0,,,,,0.0,0.0,1.0,240099594.0,240000000,240000000.0,17.146,23458100000.0,0.0,211000000.0,4236800000.0,97.742,432800000.0
94,DUK,MRQ,1997-12-31,1997-12-31,1997-12-31,2021-08-25,0.0,24029000000.0,,3685000000.0,20344000000.0,,31.365,-1123600000.0,109000000.0,109000000.0,3970000000.0,184200000.0,1.125,2.187,7116000000.0,247000000.0,6869000000.0,7116000000.0,0.0,252300000.0,0.0,0.039,0.825,412200000.0,664500000.0,0.145,664500000.0,412200000.0,290000000.0,0.615,0.615,0.615,7540000000.0,,7540000000.0,,,,-536700000.0,-2.233,1.0,619800000.0,0.135,504000000.0,122200000.0,27257000000.0,,440000000.0,926000000.0,0.0,926000000.0,16489000000.0,3275000000.0,13214000000.0,19945073274.0,56900000.0,0.0,-4200000.0,705000000.0,-208500000.0,222000000.0,-752000000.0,366600000.0,586900000.0,0.0,184200000.0,145400000.0,145400000.0,0.0,0.0,0.032,218100000.0,401700000.0,1670000000.0,1.341,2.645,22.112,22.064,15736000000.0,38800000.0,83.07,1.223,1.222,2281000000.0,3256000000.0,4589800000.0,4589800000.0,0.0,,,,,0.0,0.0,1.0,240099594.0,240399000,240399000.0,19.092,23525000000.0,0.0,105800000.0,4089000000.0,97.858,410000000.0
95,DUK,MRQ,1997-09-30,1997-09-30,1997-09-30,2021-08-25,,,,,,,,-346900000.0,,,4000800000.0,309500000.0,,,,,,,,255500000.0,,0.043,0.825,633800000.0,889300000.0,0.184,889300000.0,633800000.0,513200000.0,1.245,1.245,1.245,,,,,,,330800000.0,1.379,1.0,819800000.0,0.17,,120600000.0,,,,,,,,,,,-61800000.0,0.0,-11800000.0,66700000.0,-209100000.0,-96800000.0,-642700000.0,-291900000.0,677700000.0,0.0,309500000.0,298400000.0,298400000.0,0.0,0.0,0.062,213500000.0,606300000.0,,0.663,,,,,11100000.0,74.25,,,,,4820600000.0,4820600000.0,0.0,,,,,0.0,0.0,1.0,,239933000,239933000.0,20.091,,,203700000.0,,,
96,DUK,MRQ,1997-06-30,1997-06-30,1997-06-30,2021-08-25,,,,,,,,-300200000.0,,,2555400000.0,168600000.0,,,,,,,,242600000.0,,0.044,0.795,405200000.0,647800000.0,0.208,647800000.0,405200000.0,293600000.0,0.645,0.645,0.645,,,,,,,-82300000.0,-0.343,1.0,557400000.0,0.179,,111600000.0,,,,,,,,,,,-5500000.0,0.0,6000000.0,240300000.0,-154300000.0,73900000.0,-297300000.0,-43300000.0,217900000.0,0.0,168600000.0,157600000.0,157600000.0,0.0,0.0,0.051,205400000.0,352000000.0,,1.233,,,,,11000000.0,72.0,,,,,3112800000.0,3112800000.0,0.0,,,,,0.0,0.0,1.0,,239867000,239867000.0,12.977,,,125000000.0,,,
97,DUK,MRQ,1997-03-31,1997-03-31,1997-03-31,2021-08-25,,,,,,,,-257300000.0,,,2971800000.0,311700000.0,,,,,,,,232600000.0,,0.048,0.795,633800000.0,866400000.0,0.229,866400000.0,633800000.0,516200000.0,1.26,1.245,1.26,,,,,,,400200000.0,1.669,1.0,814000000.0,0.215,,117600000.0,,,,,,,,,,,-46600000.0,0.0,0.0,-214000000.0,-154100000.0,-402100000.0,-302000000.0,-31400000.0,657500000.0,0.0,311700000.0,300600000.0,300600000.0,0.0,0.0,0.079,204000000.0,610000000.0,,0.631,,,,,11100000.0,66.195,,,,,3785800000.0,3785800000.0,0.0,,,,,0.0,0.0,1.0,,239733000,239733000.0,15.792,,,204500000.0,,,
98,DUK,MRQ,1996-12-31,1996-12-31,1996-12-31,2021-08-25,0.0,22366200000.0,,3146000000.0,19220200000.0,,30.504,,166000000.0,166000000.0,,,0.951,2.047,6295400000.0,810300000.0,5485100000.0,6295400000.0,0.0,,0.0,0.045,0.795,,,,,,,,,,7341200000.0,,7341200000.0,,,,,,1.0,,,222100000.0,,24964000000.0,,433500000.0,566400000.0,0.0,566400000.0,15025000000.0,3309500000.0,11715500000.0,,,,,,,,,,,,,,,,,,,,1286500000.0,,,,15.948,15269100000.0,,69.375,,1.357,1888000000.0,3051900000.0,,,,,,,,,,1.0,,240667000,,,22144100000.0,0.0,,3893400000.0,92.011,-163500000.0
0,DUK,MRT,2021-06-30,2021-06-30,2021-06-30,2021-08-25,-306000000.0,165385000000.0,163161750000.0,8985000000.0,156400000000.0,0.15,62.59,-9440000000.0,367000000.0,367000000.0,13938000000.0,2723000000.0,0.554,2.407,66997000000.0,8272000000.0,58725000000.0,66997000000.0,0.0,5588000000.0,0.0,0.039,3.86,5225000000.0,10813000000.0,0.443,10813000000.0,5225000000.0,3061000000.0,3.82,3.82,3.82,48132000000.0,47572000000.0,48132000000.0,141328295336.0,27.0,13.07,-68000000.0,-0.088,1.0,10468000000.0,0.429,19303000000.0,2164000000.0,196501000000.0,192486250000.0,3015000000.0,938000000.0,0.0,938000000.0,115840000000.0,16211000000.0,99629000000.0,75937295336.0,-76000000.0,0.0,2693000000.0,1084000000.0,-2962000000.0,1299000000.0,-10747000000.0,-913000000.0,9372000000.0,0.0,2998000000.0,2892000000.0,2892000000.0,-7000000.0,-275000000.0,0.118,4985000000.0,5483000000.0,2716000000.0,1.01,1.578,26.258,25.843,110136000000.0,106000000.0,98.72,3.111,3.111,868000000.0,2687000000.0,24406000000.0,24406000000.0,0.0,0.018,0.061,0.027,0.214,0.0,0.0,1.0,769218956.0,769000000,769000000.0,31.737,146082000000.0,0.0,63000000.0,11106000000.0,189.964,-7226000000.0
1,DUK,MRT,2021-03-31,2021-03-31,2021-03-31,2021-08-25,-218000000.0,163465000000.0,161827750000.0,8508000000.0,154957000000.0,0.149,62.661,-9290000000.0,379000000.0,379000000.0,13780000000.0,1133000000.0,0.491,2.362,65770000000.0,9650000000.0,56120000000.0,65770000000.0,0.0,5570000000.0,0.0,0.04,3.84,3288000000.0,8858000000.0,0.368,8858000000.0,3288000000.0,1142000000.0,1.73,1.73,1.73,48186000000.0,46910000000.0,48186000000.0,138016095377.0,42.0,15.581,100000000.0,0.13,1.0,10289000000.0,0.427,19303000000.0,2146000000.0,192220000000.0,190805000000.0,3076000000.0,919000000.0,0.0,919000000.0,113807000000.0,17333000000.0,96474000000.0,74199095377.0,-1006000000.0,0.0,2710000000.0,-7000000.0,-2888000000.0,323000000.0,-10719000000.0,-1015000000.0,9390000000.0,0.0,1431000000.0,1324000000.0,1324000000.0,-7000000.0,-298000000.0,0.055,4798000000.0,5491000000.0,2497000000.0,2.22,1.54,56.042,55.798,109169000000.0,107000000.0,96.53,3.083,3.084,950000000.0,2680000000.0,24069000000.0,24069000000.0,0.0,0.008,0.028,0.017,0.137,0.0,0.0,1.0,768663580.0,769000000,769000000.0,31.299,144162000000.0,0.0,-289000000.0,10780000000.0,187.467,-8825000000.0
2,DUK,MRT,2020-12-31,2020-12-31,2020-12-31,2021-08-25,-237000000.0,162388000000.0,160979500000.0,8682000000.0,153706000000.0,0.148,65.08,-9907000000.0,259000000.0,259000000.0,13636000000.0,1082000000.0,0.532,2.36,64076000000.0,7111000000.0,56965000000.0,64076000000.0,0.0,5486000000.0,0.0,0.042,3.82,3303000000.0,8789000000.0,0.368,8789000000.0,3303000000.0,1141000000.0,1.72,1.72,1.72,47964000000.0,46593750000.0,47964000000.0,132598365754.0,40.0,15.087,-1051000000.0,-1.426,1.0,10232000000.0,0.429,19303000000.0,2162000000.0,190597000000.0,190246000000.0,3167000000.0,961000000.0,0.0,961000000.0,113204000000.0,16305000000.0,96899000000.0,67384365754.0,-17000000.0,0.0,2745000000.0,1505000000.0,-2812000000.0,1731000000.0,-10604000000.0,-299000000.0,8856000000.0,0.0,1377000000.0,1270000000.0,1270000000.0,-7000000.0,-295000000.0,0.053,4695000000.0,5537000000.0,3144000000.0,2.221,1.405,53.059,53.233,108306000000.0,107000000.0,91.56,2.823,2.827,1009000000.0,2471000000.0,23868000000.0,23868000000.0,0.0,0.008,0.027,0.017,0.138,0.0,0.0,1.0,735958560.0,737000000,738000000.0,32.385,143085000000.0,0.0,-236000000.0,10413000000.0,194.145,-7623000000.0
3,DUK,MRT,2020-09-30,2020-09-30,2020-09-30,2021-08-25,-263000000.0,161409000000.0,160092000000.0,8679000000.0,152730000000.0,0.151,62.593,-10446000000.0,308000000.0,308000000.0,13887000000.0,1839000000.0,0.52,2.48,65522000000.0,8094000000.0,57428000000.0,65522000000.0,0.0,5426000000.0,0.0,0.043,3.8,4309000000.0,9735000000.0,0.402,9735000000.0,4309000000.0,2135000000.0,2.73,2.73,2.73,46006000000.0,46308250000.0,46006000000.0,130849870053.0,30.0,13.441,-1108000000.0,-1.507,1.0,10307000000.0,0.426,19303000000.0,2174000000.0,190627000000.0,189388000000.0,3190000000.0,924000000.0,0.0,924000000.0,114114000000.0,16693000000.0,97421000000.0,65129870053.0,18000000.0,0.0,418000000.0,3814000000.0,-2791000000.0,1968000000.0,-11288000000.0,-390000000.0,9338000000.0,0.0,2114000000.0,2007000000.0,2007000000.0,7000000.0,-275000000.0,0.083,4683000000.0,5624000000.0,2486000000.0,1.392,1.416,32.451,32.44,107337000000.0,107000000.0,88.56,2.692,2.69,719000000.0,3260000000.0,24194000000.0,24194000000.0,0.0,0.013,0.043,0.023,0.178,0.0,0.0,1.0,735432137.0,735000000,735000000.0,32.917,142106000000.0,0.0,21000000.0,10627000000.0,193.341,-8014000000.0
4,DUK,MRT,2020-06-30,2020-06-30,2020-06-30,2021-08-25,-183000000.0,160049000000.0,158719000000.0,9237000000.0,150812000000.0,0.154,61.883,-10760000000.0,341000000.0,341000000.0,14068000000.0,1928000000.0,0.553,2.494,66061000000.0,8541000000.0,57520000000.0,66061000000.0,0.0,5344000000.0,0.0,0.047,3.78,4480000000.0,9824000000.0,0.402,9824000000.0,4480000000.0,2256000000.0,2.81,2.81,2.81,45484000000.0,46416250000.0,45484000000.0,123092369341.0,27.0,12.53,-2250000000.0,-3.061,1.0,10345000000.0,0.424,19303000000.0,2224000000.0,189776000000.0,187902250000.0,3289000000.0,861000000.0,0.0,861000000.0,113438000000.0,16690000000.0,96748000000.0,58707369341.0,160000000.0,0.0,414000000.0,3905000000.0,-2747000000.0,3290000000.0,-11640000000.0,-369000000.0,8510000000.0,0.0,2152000000.0,2069000000.0,2069000000.0,7000000.0,-224000000.0,0.085,4654000000.0,5691000000.0,2398000000.0,1.345,1.291,28.375,28.431,105905000000.0,83000000.0,79.89,2.405,2.405,753000000.0,2707000000.0,24413000000.0,24413000000.0,0.0,0.013,0.045,0.024,0.184,0.0,0.0,1.0,734852539.0,735000000,735000000.0,33.215,140746000000.0,0.0,104000000.0,10319000000.0,191.491,-7453000000.0
5,DUK,MRT,2020-03-31,2020-03-31,2020-03-31,2021-08-25,-193000000.0,160072000000.0,157069000000.0,10181000000.0,149891000000.0,0.158,63.925,-11418000000.0,1450000000.0,1450000000.0,14458000000.0,3568000000.0,0.671,2.387,65835000000.0,8110000000.0,57725000000.0,65835000000.0,0.0,5239000000.0,0.0,0.047,3.763,6559000000.0,11798000000.0,0.474,11798000000.0,6559000000.0,4347000000.0,5.06,5.06,5.06,46921000000.0,46348500000.0,46921000000.0,121693080529.0,19.0,10.315,-2894000000.0,-3.943,1.0,10407000000.0,0.419,19303000000.0,2212000000.0,189984000000.0,186132750000.0,3324000000.0,2067000000.0,0.0,2067000000.0,111989000000.0,15170000000.0,96819000000.0,59311080529.0,1148000000.0,0.0,411000000.0,5338000000.0,-2726000000.0,4890000000.0,-12266000000.0,-337000000.0,8524000000.0,0.0,3786000000.0,3706000000.0,3706000000.0,7000000.0,-218000000.0,0.149,4591000000.0,5816000000.0,2364000000.0,0.744,1.264,16.004,15.984,104741000000.0,80000000.0,80.88,2.385,2.388,809000000.0,4221000000.0,24865000000.0,24865000000.0,0.0,0.024,0.08,0.035,0.264,0.0,0.0,1.0,733321965.0,734000000,736000000.0,33.876,140769000000.0,0.0,561000000.0,10473000000.0,191.783,-4989000000.0
6,DUK,MRT,2019-12-31,2019-12-31,2019-12-31,2021-08-25,-130000000.0,158838000000.0,154835000000.0,9163000000.0,149675000000.0,0.162,64.228,-11122000000.0,311000000.0,311000000.0,14826000000.0,3571000000.0,0.621,2.368,62693000000.0,6276000000.0,56417000000.0,62693000000.0,0.0,5176000000.0,0.0,0.041,3.745,6471000000.0,11647000000.0,0.464,11647000000.0,6471000000.0,4267000000.0,5.06,5.06,5.06,46822000000.0,45875750000.0,46822000000.0,127955087890.0,20.0,10.986,-2913000000.0,-3.996,1.0,10253000000.0,0.409,19303000000.0,2204000000.0,187165000000.0,183605000000.0,3232000000.0,1936000000.0,0.0,1936000000.0,110887000000.0,14752000000.0,96135000000.0,66495087890.0,-18000000.0,0.0,384000000.0,3235000000.0,-2668000000.0,3730000000.0,-11957000000.0,-318000000.0,8209000000.0,0.0,3748000000.0,3707000000.0,3707000000.0,7000000.0,-177000000.0,0.148,4552000000.0,5701000000.0,3487000000.0,0.74,1.42,17.938,18.026,103785000000.0,41000000.0,91.21,2.651,2.651,1066000000.0,4108000000.0,25079000000.0,25079000000.0,0.0,0.024,0.081,0.035,0.258,0.0,0.0,1.0,729032868.0,729000000,729000000.0,34.402,139535000000.0,0.0,519000000.0,9894000000.0,191.406,-5589000000.0
7,DUK,MRT,2019-09-30,2019-09-30,2019-09-30,2021-08-25,-153000000.0,155917000000.0,151473500000.0,9619000000.0,146298000000.0,0.166,63.701,-10721000000.0,379000000.0,379000000.0,15112000000.0,3418000000.0,0.718,2.337,61839000000.0,5565000000.0,56274000000.0,61839000000.0,0.0,5080000000.0,0.0,0.039,3.728,6162000000.0,11242000000.0,0.448,11242000000.0,6162000000.0,3961000000.0,4.82,4.83,4.82,46438000000.0,45124500000.0,46438000000.0,131842697612.0,21.0,11.728,-3565000000.0,-4.89,1.0,9979000000.0,0.398,19303000000.0,2201000000.0,184684000000.0,178950000000.0,3107000000.0,1864000000.0,0.0,1864000000.0,108510000000.0,13390000000.0,95120000000.0,69843697612.0,133000000.0,0.0,1045000000.0,3433000000.0,-2626000000.0,4400000000.0,-11423000000.0,-228000000.0,7156000000.0,0.0,3538000000.0,3511000000.0,3511000000.0,-20000000.0,-120000000.0,0.14,4461000000.0,5518000000.0,2946000000.0,0.773,1.504,19.893,19.888,100615000000.0,27000000.0,95.86,2.784,2.785,755000000.0,4139000000.0,25091000000.0,25091000000.0,0.0,0.023,0.078,0.034,0.246,0.0,0.0,1.0,728601060.0,729000000,729000000.0,34.418,136614000000.0,0.0,423000000.0,10067000000.0,187.399,-3771000000.0
8,DUK,MRT,2019-06-30,2019-06-30,2019-06-30,2021-08-25,-148000000.0,153449000000.0,148285500000.0,9509000000.0,143940000000.0,0.167,62.106,-10479000000.0,336000000.0,336000000.0,15163000000.0,3161000000.0,0.707,2.391,62335000000.0,6491000000.0,55844000000.0,62335000000.0,0.0,4929000000.0,0.0,0.042,3.71,5827000000.0,10756000000.0,0.434,10756000000.0,5827000000.0,3681000000.0,4.51,4.52,4.51,45213000000.0,44263750000.0,45213000000.0,124564862868.0,21.0,11.581,-3539000000.0,-4.861,1.0,9616000000.0,0.388,19303000000.0,2146000000.0,182698000000.0,174401500000.0,3189000000.0,1715000000.0,0.0,1715000000.0,108117000000.0,13447000000.0,94670000000.0,64242862868.0,54000000.0,0.0,1045000000.0,4687000000.0,-2584000000.0,4317000000.0,-11203000000.0,-288000000.0,6940000000.0,0.0,3278000000.0,3266000000.0,3266000000.0,-24000000.0,-117000000.0,0.132,4304000000.0,5312000000.0,2512000000.0,0.823,1.421,19.67,19.565,98933000000.0,12000000.0,88.24,2.593,2.592,2799000000.0,3502000000.0,24779000000.0,24779000000.0,0.0,0.022,0.074,0.033,0.235,0.0,0.0,1.0,728046950.0,728000000,728000000.0,34.037,134146000000.0,0.0,403000000.0,9622000000.0,184.266,-3938000000.0
9,DUK,MRT,2019-03-31,2019-03-31,2019-03-31,2021-08-25,-128000000.0,151136000000.0,144988000000.0,9168000000.0,141968000000.0,0.169,61.939,-9838000000.0,377000000.0,377000000.0,15200000000.0,2915000000.0,0.746,2.356,60699000000.0,5530000000.0,55169000000.0,60699000000.0,0.0,4845000000.0,0.0,0.041,3.672,5430000000.0,10275000000.0,0.419,10275000000.0,5430000000.0,3308000000.0,4.1,4.11,4.1,45030000000.0,43587250000.0,45030000000.0,122927979380.0,23.0,11.964,-2804000000.0,-3.857,1.0,9349000000.0,0.381,19303000000.0,2122000000.0,179873000000.0,169680000000.0,3102000000.0,1602000000.0,0.0,1602000000.0,106091000000.0,12282000000.0,93809000000.0,65430979380.0,-29000000.0,0.0,1830000000.0,3148000000.0,-2521000000.0,3446000000.0,-10509000000.0,-295000000.0,7034000000.0,0.0,2946000000.0,2946000000.0,2946000000.0,-19000000.0,-31000000.0,0.12,4188000000.0,5161000000.0,2538000000.0,0.896,1.453,22.21,21.951,97419000000.0,0.0,90.0,2.665,2.665,775000000.0,3360000000.0,24549000000.0,24549000000.0,0.0,0.02,0.068,0.032,0.221,0.0,0.0,1.0,727010882.0,727000000,727000000.0,33.768,131833000000.0,0.0,362000000.0,9081000000.0,181.338,-3114000000.0
10,DUK,MRT,2018-12-31,2018-12-31,2018-12-31,2021-08-25,-92000000.0,145392000000.0,141839250000.0,9714000000.0,135678000000.0,0.173,61.888,-9389000000.0,442000000.0,442000000.0,15271000000.0,2644000000.0,0.646,2.318,57939000000.0,6816000000.0,51123000000.0,57939000000.0,0.0,4696000000.0,0.0,0.042,3.635,5208000000.0,9904000000.0,0.404,9904000000.0,5208000000.0,3114000000.0,3.76,3.76,3.76,43817000000.0,42777750000.0,43817000000.0,118071333255.0,23.0,11.922,-2203000000.0,-3.112,1.0,9250000000.0,0.377,19303000000.0,2094000000.0,168545000000.0,165130750000.0,3084000000.0,1409000000.0,0.0,1409000000.0,101558000000.0,15041000000.0,86517000000.0,61521333255.0,86000000.0,0.0,1838000000.0,3564000000.0,-2471000000.0,2960000000.0,-10060000000.0,-294000000.0,7186000000.0,0.0,2666000000.0,2666000000.0,2666000000.0,-19000000.0,-22000000.0,0.109,4163000000.0,5087000000.0,3487000000.0,0.967,1.404,23.076,22.952,91694000000.0,0.0,86.3,2.509,2.492,962000000.0,3113000000.0,24521000000.0,24521000000.0,0.0,0.019,0.062,0.032,0.212,0.0,0.0,1.0,712877558.0,708000000,708000000.0,34.634,126089000000.0,0.0,448000000.0,8951000000.0,178.092,-5327000000.0
11,DUK,MRT,2018-09-30,2018-09-30,2018-09-30,2021-08-25,-66000000.0,143165000000.0,139969750000.0,9520000000.0,133645000000.0,0.173,60.302,-8963000000.0,303000000.0,303000000.0,14782000000.0,2893000000.0,0.684,2.329,56853000000.0,6346000000.0,50507000000.0,56853000000.0,0.0,4503000000.0,0.0,0.045,3.598,5576000000.0,10079000000.0,0.416,10079000000.0,5576000000.0,3515000000.0,4.1,4.1,4.1,42995000000.0,42258250000.0,42995000000.0,112742625014.0,20.0,11.186,-1650000000.0,-2.314,1.0,9423000000.0,0.389,19303000000.0,2061000000.0,166490000000.0,163024500000.0,3140000000.0,1328000000.0,0.0,1328000000.0,100152000000.0,13922000000.0,86230000000.0,57002625014.0,22000000.0,0.0,834000000.0,3681000000.0,-2460000000.0,2090000000.0,-9381000000.0,-108000000.0,7313000000.0,0.0,2905000000.0,2905000000.0,2905000000.0,3000000.0,-12000000.0,0.12,3995000000.0,5428000000.0,3234000000.0,0.878,1.326,19.622,19.517,89865000000.0,0.0,80.02,2.355,2.357,682000000.0,3313000000.0,24205000000.0,24205000000.0,0.0,0.021,0.069,0.034,0.23,0.0,0.0,1.0,712354724.0,713000000,714000000.0,33.948,123862000000.0,0.0,610000000.0,8978000000.0,173.719,-4402000000.0
12,DUK,MRT,2018-06-30,2018-06-30,2018-06-30,2021-08-25,-70000000.0,140259000000.0,138259750000.0,8476000000.0,131783000000.0,0.174,60.465,-8496000000.0,304000000.0,304000000.0,14606000000.0,2782000000.0,0.663,2.299,56044000000.0,6181000000.0,49863000000.0,56044000000.0,0.0,4343000000.0,0.0,0.045,3.56,5625000000.0,9968000000.0,0.414,9968000000.0,5625000000.0,3583000000.0,3.95,3.95,3.95,42507000000.0,41917250000.0,42507000000.0,110964654674.0,20.0,11.132,-1370000000.0,-1.949,1.0,9453000000.0,0.393,19396000000.0,2042000000.0,163812000000.0,161181500000.0,3177000000.0,1168000000.0,0.0,1168000000.0,97744000000.0,12791000000.0,84953000000.0,55435654674.0,-44000000.0,0.0,820000000.0,3193000000.0,-2449000000.0,1573000000.0,-8743000000.0,-28000000.0,7126000000.0,0.0,2777000000.0,2777000000.0,2777000000.0,9000000.0,5000000.0,0.115,3860000000.0,5593000000.0,2686000000.0,0.901,1.304,19.962,20.02,88495000000.0,0.0,79.08,2.304,2.311,612000000.0,2894000000.0,24059000000.0,24059000000.0,0.0,0.02,0.066,0.035,0.234,0.0,0.0,1.0,701007267.0,703000000,704000000.0,34.223,120863000000.0,0.0,806000000.0,8005000000.0,171.925,-4315000000.0
13,DUK,MRT,2018-03-31,2018-03-31,2018-03-31,2021-08-25,-69000000.0,138541000000.0,136946000000.0,8279000000.0,130262000000.0,0.175,59.618,-7979000000.0,421000000.0,421000000.0,14449000000.0,2969000000.0,0.637,2.315,55950000000.0,6920000000.0,49030000000.0,55950000000.0,0.0,4144000000.0,0.0,0.046,3.525,6006000000.0,10150000000.0,0.423,10150000000.0,6006000000.0,3996000000.0,4.22,4.22,4.22,41792000000.0,41611500000.0,41792000000.0,108320178912.0,18.0,10.672,-1210000000.0,-1.726,1.0,9522000000.0,0.397,19396000000.0,2010000000.0,161676000000.0,159183000000.0,3149000000.0,1189000000.0,0.0,1189000000.0,96743000000.0,12998000000.0,83745000000.0,54236178912.0,-443000000.0,0.0,21000000.0,3557000000.0,-2449000000.0,1133000000.0,-8345000000.0,-52000000.0,6769000000.0,0.0,2963000000.0,2963000000.0,2963000000.0,6000000.0,6000000.0,0.124,3718000000.0,5804000000.0,2391000000.0,0.835,1.298,18.304,18.358,87373000000.0,0.0,77.47,2.263,2.266,759000000.0,3021000000.0,23971000000.0,23971000000.0,0.0,0.022,0.071,0.038,0.251,0.0,0.0,1.0,700092667.0,701000000,701000000.0,34.195,119145000000.0,0.0,1033000000.0,7814000000.0,169.964,-4719000000.0
14,DUK,MRT,2017-12-31,2017-12-31,2017-12-31,2021-08-25,-67000000.0,137914000000.0,135837750000.0,8453000000.0,129461000000.0,0.173,59.627,-8052000000.0,358000000.0,358000000.0,14159000000.0,3064000000.0,0.677,2.304,54442000000.0,5407000000.0,49035000000.0,54442000000.0,0.0,4046000000.0,0.0,0.041,3.49,6241000000.0,10287000000.0,0.437,10287000000.0,6241000000.0,4255000000.0,4.36,4.36,4.36,41739000000.0,41458250000.0,41739000000.0,111905948894.0,18.0,10.878,-1428000000.0,-2.04,1.0,9406000000.0,0.399,19396000000.0,1986000000.0,160120000000.0,157619000000.0,3250000000.0,1175000000.0,0.0,1175000000.0,96177000000.0,12482000000.0,83695000000.0,58874948894.0,-36000000.0,0.0,0.0,4231000000.0,-2450000000.0,1782000000.0,-8442000000.0,-106000000.0,6624000000.0,0.0,3059000000.0,3059000000.0,3059000000.0,6000000.0,5000000.0,0.13,3499000000.0,5907000000.0,3043000000.0,0.8,1.411,19.246,19.291,86391000000.0,0.0,84.11,2.498,2.498,779000000.0,3013000000.0,23565000000.0,23565000000.0,0.0,0.023,0.074,0.04,0.265,0.0,0.0,1.0,699975614.0,700000000,700000000.0,33.664,118518000000.0,0.0,1196000000.0,7711000000.0,169.311,-4029000000.0
15,DUK,MRT,2017-09-30,2017-09-30,2017-09-30,2021-08-25,-80000000.0,136325000000.0,134549500000.0,7706000000.0,128619000000.0,0.173,59.473,-8490000000.0,282000000.0,282000000.0,14502000000.0,2139000000.0,0.712,2.274,53313000000.0,4384000000.0,48929000000.0,53313000000.0,0.0,4023000000.0,0.0,0.041,3.455,5260000000.0,9283000000.0,0.398,9283000000.0,5260000000.0,3300000000.0,3.02,3.03,3.02,41631000000.0,41281750000.0,41631000000.0,111444836141.0,21.0,12.005,-2260000000.0,-3.229,1.0,8841000000.0,0.379,19418000000.0,1960000000.0,159118000000.0,155532750000.0,3265000000.0,1366000000.0,0.0,1366000000.0,94683000000.0,10820000000.0,83863000000.0,58739836141.0,-5387000000.0,-3360000000.0,724000000.0,1912000000.0,-2426000000.0,224000000.0,-12304000000.0,-425000000.0,6230000000.0,0.0,2129000000.0,2129000000.0,2129000000.0,602000000.0,10000000.0,0.091,3456000000.0,5385000000.0,2645000000.0,1.144,1.411,27.59,27.788,84862000000.0,0.0,83.92,2.516,2.517,2617000000.0,2936000000.0,23343000000.0,23343000000.0,0.0,0.016,0.052,0.034,0.225,0.0,0.0,1.0,699950383.0,700000000,700000000.0,33.347,116907000000.0,0.0,1171000000.0,16219000000.0,167.01,-3114000000.0
16,DUK,MRT,2017-06-30,2017-06-30,2017-06-30,2021-08-25,-82000000.0,135004000000.0,132889750000.0,7673000000.0,127331000000.0,0.176,58.977,-8439000000.0,298000000.0,298000000.0,14581000000.0,2365000000.0,0.616,2.27,53003000000.0,6960000000.0,46043000000.0,53003000000.0,0.0,3965000000.0,0.0,0.041,3.42,5599000000.0,9564000000.0,0.408,9564000000.0,5599000000.0,3673000000.0,3.36,3.37,3.36,41284000000.0,40996250000.0,41284000000.0,110181264106.0,20.0,11.52,-2001000000.0,-2.859,1.0,8856000000.0,0.378,19425000000.0,1926000000.0,155818000000.0,152066500000.0,3369000000.0,1267000000.0,0.0,1267000000.0,93710000000.0,12466000000.0,81244000000.0,58503264106.0,92000000.0,-3360000000.0,724000000.0,7196000000.0,-2392000000.0,5523000000.0,-12264000000.0,-373000000.0,6438000000.0,0.0,2351000000.0,2351000000.0,2351000000.0,420000000.0,14000000.0,0.1,3375000000.0,5481000000.0,2177000000.0,1.018,1.417,24.884,24.878,84404000000.0,0.0,83.59,2.496,2.497,498000000.0,2607000000.0,23437000000.0,23437000000.0,0.0,0.018,0.057,0.037,0.239,0.0,0.0,1.0,699883528.0,700000000,700000000.0,33.481,115579000000.0,0.0,1322000000.0,15661000000.0,165.113,-4793000000.0
17,DUK,MRT,2017-03-31,2017-03-31,2017-03-31,2021-08-25,-85000000.0,134108000000.0,129802250000.0,8005000000.0,126103000000.0,0.178,58.827,-8416000000.0,878000000.0,878000000.0,14387000000.0,2188000000.0,0.732,2.257,52556000000.0,5535000000.0,47021000000.0,52556000000.0,0.0,3940000000.0,0.0,0.041,3.39,5340000000.0,9280000000.0,0.402,9280000000.0,5340000000.0,3422000000.0,3.12,3.13,3.12,41179000000.0,40649000000.0,41179000000.0,107364846257.0,20.0,11.569,-1989000000.0,-2.841,1.0,8708000000.0,0.377,19425000000.0,1918000000.0,155420000000.0,148187000000.0,3366000000.0,1122000000.0,0.0,1122000000.0,92922000000.0,10941000000.0,81981000000.0,57374846257.0,590000000.0,-3360000000.0,724000000.0,7493000000.0,-2362000000.0,5850000000.0,-12131000000.0,-335000000.0,6427000000.0,0.0,2174000000.0,2174000000.0,2174000000.0,530000000.0,14000000.0,0.094,3329000000.0,5379000000.0,2203000000.0,1.087,1.393,26.391,26.285,83516000000.0,0.0,82.01,2.484,2.486,623000000.0,2521000000.0,23095000000.0,23095000000.0,0.0,0.017,0.053,0.036,0.231,0.0,0.0,1.0,699607929.0,700000000,700000000.0,32.993,114683000000.0,0.0,1248000000.0,15343000000.0,163.833,-2936000000.0
18,DUK,MRT,2016-12-31,2016-12-31,2016-12-31,2021-08-25,-93000000.0,132761000000.0,126702500000.0,8039000000.0,124722000000.0,0.179,59.382,-7901000000.0,392000000.0,392000000.0,14256000000.0,2170000000.0,0.696,2.235,50382000000.0,4806000000.0,45576000000.0,50382000000.0,0.0,3880000000.0,0.0,0.043,3.36,5224000000.0,9104000000.0,0.4,9104000000.0,5224000000.0,3308000000.0,3.11,3.11,3.11,41033000000.0,40327250000.0,41033000000.0,97472629295.0,19.0,10.707,-1038000000.0,-1.502,1.0,8487000000.0,0.373,19425000000.0,1916000000.0,151775000000.0,143703000000.0,3522000000.0,925000000.0,0.0,925000000.0,91720000000.0,11551000000.0,80169000000.0,53475629295.0,60000000.0,-3360000000.0,731000000.0,5868000000.0,-2332000000.0,4251000000.0,-11528000000.0,-223000000.0,6863000000.0,0.0,2152000000.0,2152000000.0,2152000000.0,408000000.0,18000000.0,0.095,3267000000.0,5220000000.0,2994000000.0,1.08,1.303,24.849,24.958,82520000000.0,0.0,77.62,2.351,2.358,2644000000.0,2384000000.0,22743000000.0,22743000000.0,0.0,0.017,0.053,0.036,0.23,0.0,0.0,1.0,688941372.0,691000000,691000000.0,32.913,113336000000.0,0.0,1156000000.0,15032000000.0,164.017,-3512000000.0
19,DUK,MRT,2016-09-30,2016-09-30,2016-09-30,2021-08-25,-721000000.0,129686000000.0,123801250000.0,13534000000.0,116152000000.0,0.173,58.765,-7376000000.0,6179000000.0,6179000000.0,13156000000.0,2874000000.0,1.121,2.202,50176000000.0,6212000000.0,43964000000.0,50176000000.0,0.0,3780000000.0,0.0,0.042,3.33,5764000000.0,9544000000.0,0.446,9544000000.0,5764000000.0,4014000000.0,4.14,4.14,4.14,40489000000.0,40000750000.0,40489000000.0,99051237980.0,17.0,10.378,-461000000.0,-0.669,1.0,8244000000.0,0.385,16354000000.0,1750000000.0,145253000000.0,139709750000.0,3351000000.0,604000000.0,0.0,604000000.0,89140000000.0,12076000000.0,77064000000.0,55142237980.0,5919000000.0,159000000.0,8000000.0,7780000000.0,-2300000000.0,5435000000.0,-7541000000.0,-331000000.0,6915000000.0,0.0,2856000000.0,2856000000.0,2856000000.0,-338000000.0,18000000.0,0.133,3094000000.0,5150000000.0,2138000000.0,0.804,1.362,19.308,19.333,78216000000.0,0.0,80.04,2.577,2.577,583000000.0,3212000000.0,21400000000.0,21400000000.0,0.0,0.023,0.071,0.041,0.269,0.0,0.0,1.0,688933508.0,689000000,691000000.0,31.06,113332000000.0,0.0,1158000000.0,14323000000.0,164.488,1458000000.0
20,DUK,MRT,2016-06-30,2016-06-30,2016-06-30,2021-08-25,-717000000.0,122654000000.0,121638000000.0,8097000000.0,114557000000.0,0.175,57.903,-7097000000.0,676000000.0,676000000.0,13271000000.0,2628000000.0,0.817,2.073,44585000000.0,4654000000.0,39931000000.0,44585000000.0,0.0,3697000000.0,0.0,0.038,3.3,5363000000.0,9060000000.0,0.425,9060000000.0,5363000000.0,3675000000.0,3.79,3.79,3.79,39895000000.0,39836500000.0,39895000000.0,102116054085.0,19.0,11.271,-51000000.0,-0.074,1.0,8036000000.0,0.377,16357000000.0,1688000000.0,140300000000.0,137260750000.0,3627000000.0,613000000.0,0.0,613000000.0,82706000000.0,9906000000.0,72800000000.0,59101054085.0,894000000.0,1663000000.0,8000000.0,3586000000.0,-2279000000.0,1261000000.0,-8591000000.0,-322000000.0,7046000000.0,0.0,2612000000.0,2612000000.0,2612000000.0,-153000000.0,16000000.0,0.123,3051000000.0,4985000000.0,2221000000.0,0.871,1.481,22.627,22.636,77329000000.0,0.0,85.79,2.774,2.774,575000000.0,2627000000.0,21307000000.0,21307000000.0,0.0,0.021,0.066,0.039,0.252,0.0,0.0,1.0,688903766.0,689000000,690000000.0,30.925,106297000000.0,0.0,1063000000.0,13997000000.0,154.277,-1809000000.0
21,DUK,MRT,2016-03-31,2016-03-31,2016-03-31,2021-08-25,-766000000.0,121709000000.0,120618250000.0,7943000000.0,113766000000.0,0.18,57.898,-7000000000.0,778000000.0,778000000.0,13666000000.0,2663000000.0,0.729,2.05,43793000000.0,5561000000.0,38232000000.0,43793000000.0,0.0,3661000000.0,0.0,0.041,3.27,5403000000.0,9064000000.0,0.418,9064000000.0,5403000000.0,3790000000.0,3.83,3.83,3.83,39892000000.0,39757750000.0,39892000000.0,97883330828.0,18.0,10.799,-58000000.0,-0.084,1.0,8017000000.0,0.37,16349000000.0,1613000000.0,137484000000.0,135428750000.0,3721000000.0,547000000.0,0.0,547000000.0,81768000000.0,10891000000.0,70877000000.0,55538330828.0,-914000000.0,1663000000.0,-1491000000.0,399000000.0,-2260000000.0,-3406000000.0,-5579000000.0,-321000000.0,6942000000.0,0.0,2646000000.0,2646000000.0,2646000000.0,-208000000.0,17000000.0,0.122,3046000000.0,4971000000.0,2086000000.0,0.854,1.392,20.99,21.065,76432000000.0,0.0,80.68,2.561,2.564,609000000.0,2688000000.0,21683000000.0,21683000000.0,0.0,0.022,0.067,0.04,0.249,0.0,0.0,1.0,688377923.0,689000000,689000000.0,31.47,105360000000.0,0.0,1144000000.0,13712000000.0,152.917,-2948000000.0
22,DUK,MRT,2015-12-31,2015-12-31,2015-12-31,2021-08-25,-806000000.0,121156000000.0,120726500000.0,8322000000.0,112834000000.0,0.185,57.244,-6766000000.0,383000000.0,383000000.0,14164000000.0,2831000000.0,0.73,2.049,42501000000.0,5659000000.0,36842000000.0,42501000000.0,0.0,3613000000.0,0.0,0.045,3.24,5599000000.0,9212000000.0,0.412,9212000000.0,5599000000.0,4072000000.0,4.05,4.05,4.05,39727000000.0,40047500000.0,39727000000.0,90392191245.0,16.0,9.812,-66000000.0,-0.095,1.0,8207000000.0,0.367,16072000000.0,1527000000.0,135802000000.0,134770750000.0,3746000000.0,499000000.0,0.0,499000000.0,81385000000.0,11400000000.0,69985000000.0,49140191245.0,-80000000.0,1634000000.0,-1483000000.0,1171000000.0,-2254000000.0,-2602000000.0,-5277000000.0,-257000000.0,6700000000.0,0.0,2816000000.0,2816000000.0,2816000000.0,-177000000.0,15000000.0,0.126,3023000000.0,5184000000.0,2350000000.0,0.8,1.237,17.45,17.627,73779000000.0,0.0,71.39,2.197,2.215,515000000.0,2564000000.0,22371000000.0,22371000000.0,0.0,0.023,0.07,0.042,0.25,0.0,0.0,1.0,688334378.0,694000000,694000000.0,32.235,105084000000.0,0.0,1256000000.0,13309000000.0,151.418,-3078000000.0
23,DUK,MRT,2015-09-30,2015-09-30,2015-09-30,2021-08-25,-778000000.0,121033000000.0,120576750000.0,10195000000.0,110838000000.0,0.185,57.895,-6271000000.0,1370000000.0,1370000000.0,14232000000.0,2449000000.0,0.969,2.038,42622000000.0,4955000000.0,37667000000.0,42622000000.0,0.0,3546000000.0,0.0,0.045,3.21,5223000000.0,8769000000.0,0.394,8769000000.0,5223000000.0,3698000000.0,3.49,3.49,3.49,39832000000.0,40334500000.0,39832000000.0,89889493005.0,17.0,10.251,544000000.0,0.791,1.0,8048000000.0,0.361,16312000000.0,1525000000.0,135457000000.0,134157500000.0,3537000000.0,501000000.0,0.0,501000000.0,81165000000.0,10516000000.0,70649000000.0,49518493005.0,-1109000000.0,1444000000.0,-1483000000.0,1313000000.0,-2249000000.0,-2446000000.0,-4930000000.0,-88000000.0,6815000000.0,0.0,2436000000.0,2436000000.0,2436000000.0,42000000.0,13000000.0,0.109,2975000000.0,5073000000.0,2078000000.0,0.92,1.243,20.328,20.613,73776000000.0,0.0,71.94,2.223,2.221,722000000.0,2656000000.0,22280000000.0,22280000000.0,0.0,0.02,0.06,0.039,0.234,0.0,0.0,1.0,688330456.0,688000000,688000000.0,32.384,104721000000.0,0.0,1262000000.0,15043000000.0,152.211,-321000000.0
24,DUK,MRT,2015-06-30,2015-06-30,2015-06-30,2021-08-25,-648000000.0,118575000000.0,120232500000.0,9598000000.0,108977000000.0,0.185,57.197,-6046000000.0,960000000.0,960000000.0,14309000000.0,2783000000.0,0.995,1.995,41331000000.0,4536000000.0,36795000000.0,41331000000.0,0.0,3543000000.0,0.0,0.045,3.18,5608000000.0,9151000000.0,0.412,9151000000.0,5608000000.0,4080000000.0,3.94,3.94,3.94,39580000000.0,40729500000.0,39580000000.0,89778371188.0,16.0,9.811,800000000.0,1.156,1.0,7883000000.0,0.355,16328000000.0,1528000000.0,132972000000.0,133990250000.0,3469000000.0,375000000.0,0.0,375000000.0,78958000000.0,9646000000.0,69312000000.0,48836371188.0,-1596000000.0,112000000.0,-1482000000.0,-827000000.0,-2242000000.0,-4594000000.0,-3300000000.0,-213000000.0,6846000000.0,0.0,2778000000.0,2778000000.0,2778000000.0,-341000000.0,5000000.0,0.125,2989000000.0,4894000000.0,1920000000.0,0.807,1.234,17.58,17.924,71759000000.0,0.0,70.62,2.201,2.202,650000000.0,2294000000.0,22192000000.0,22192000000.0,0.0,0.023,0.068,0.042,0.253,0.0,0.0,1.0,691537400.0,692000000,692000000.0,32.069,102247000000.0,0.0,1302000000.0,14634000000.0,147.756,-48000000.0
25,DUK,MRT,2015-03-31,2015-03-31,2015-03-31,2021-08-25,-672000000.0,122142000000.0,119382000000.0,12322000000.0,109820000000.0,0.187,57.982,-5563000000.0,2821000000.0,2821000000.0,14422000000.0,2849000000.0,1.035,1.974,43763000000.0,6590000000.0,37173000000.0,43763000000.0,0.0,3506000000.0,0.0,0.041,3.165,5622000000.0,9128000000.0,0.409,9128000000.0,5622000000.0,4094000000.0,4.02,4.02,4.02,41051000000.0,41035250000.0,41051000000.0,94824009019.0,17.0,10.388,1090000000.0,1.54,1.0,7889000000.0,0.354,16329000000.0,1528000000.0,134852000000.0,133390750000.0,3413000000.0,343000000.0,0.0,343000000.0,81055000000.0,11903000000.0,69152000000.0,54326009019.0,742000000.0,96000000.0,21000000.0,2444000000.0,-2245000000.0,180000000.0,-5543000000.0,-52000000.0,6653000000.0,0.0,2844000000.0,2844000000.0,2844000000.0,-285000000.0,5000000.0,0.127,2968000000.0,4921000000.0,1920000000.0,0.787,1.323,19.102,19.1,70301000000.0,0.0,76.78,2.435,2.436,750000000.0,2309000000.0,22311000000.0,22311000000.0,0.0,0.024,0.069,0.042,0.252,0.0,0.0,1.0,707554168.0,708000000,708000000.0,31.513,105813000000.0,0.0,1250000000.0,14846000000.0,149.453,419000000.0
26,DUK,MRT,2014-12-31,2014-12-31,2014-12-31,2021-08-25,-543000000.0,120557000000.0,117294500000.0,11575000000.0,108982000000.0,0.192,57.815,-5384000000.0,2036000000.0,2036000000.0,14627000000.0,1889000000.0,1.03,1.949,42382000000.0,5321000000.0,37061000000.0,42382000000.0,0.0,3507000000.0,0.0,0.038,3.15,4637000000.0,8144000000.0,0.362,8144000000.0,4637000000.0,3108000000.0,2.66,2.66,2.66,40875000000.0,40949750000.0,40875000000.0,98801057392.0,21.0,12.132,1202000000.0,1.7,1.0,7882000000.0,0.35,16321000000.0,1529000000.0,133349000000.0,132190000000.0,3459000000.0,358000000.0,0.0,358000000.0,79658000000.0,11233000000.0,68425000000.0,59087057392.0,-13000000.0,125000000.0,25000000.0,1565000000.0,-2234000000.0,-678000000.0,-5373000000.0,-67000000.0,6586000000.0,0.0,1883000000.0,1883000000.0,1883000000.0,649000000.0,6000000.0,0.084,2959000000.0,4923000000.0,2271000000.0,1.184,1.446,31.379,31.406,70046000000.0,0.0,83.54,2.625,2.624,791000000.0,2012000000.0,22509000000.0,22509000000.0,0.0,0.016,0.046,0.035,0.206,0.0,0.0,1.0,707290608.0,707000000,707000000.0,31.837,104236000000.0,0.0,1225000000.0,14419000000.0,147.434,342000000.0
27,DUK,MRT,2014-09-30,2014-09-30,2014-09-30,2021-08-25,-456000000.0,119656000000.0,115850000000.0,11575000000.0,108081000000.0,0.207,58.574,-5427000000.0,1931000000.0,1931000000.0,15396000000.0,2481000000.0,1.403,1.888,41645000000.0,2943000000.0,38702000000.0,41645000000.0,0.0,3505000000.0,0.0,0.042,3.135,5481000000.0,8986000000.0,0.375,8986000000.0,5481000000.0,3851000000.0,3.5,3.49,3.5,41412000000.0,41063500000.0,41412000000.0,93334703140.0,17.0,10.387,1132000000.0,1.601,1.0,8594000000.0,0.358,16331000000.0,1630000000.0,134788000000.0,131200000000.0,3200000000.0,350000000.0,0.0,350000000.0,78203000000.0,8251000000.0,69952000000.0,52882703140.0,-235000000.0,433000000.0,25000000.0,564000000.0,-2222000000.0,-1648000000.0,-5146000000.0,-54000000.0,6559000000.0,0.0,2474000000.0,2474000000.0,2474000000.0,574000000.0,7000000.0,0.103,3041000000.0,5553000000.0,1801000000.0,0.896,1.277,21.375,21.363,69595000000.0,0.0,74.77,2.204,2.204,854000000.0,2479000000.0,23990000000.0,23990000000.0,0.0,0.021,0.06,0.042,0.228,0.0,0.0,1.0,707271675.0,707000000,707000000.0,33.932,103325000000.0,0.0,1377000000.0,14124000000.0,146.146,3324000000.0
28,DUK,MRT,2014-06-30,2014-06-30,2014-06-30,2021-08-25,-355000000.0,115173000000.0,114583500000.0,11515000000.0,103658000000.0,0.208,57.713,-5211000000.0,2008000000.0,2008000000.0,15287000000.0,2220000000.0,1.322,1.821,42460000000.0,3754000000.0,38706000000.0,42460000000.0,0.0,3433000000.0,0.0,0.042,3.12,5147000000.0,8580000000.0,0.36,8580000000.0,5147000000.0,3544000000.0,3.12,3.11,3.12,40803000000.0,41001750000.0,40803000000.0,92560947306.0,18.0,10.788,947000000.0,1.339,1.0,8525000000.0,0.358,16343000000.0,1603000000.0,130574000000.0,129453250000.0,3056000000.0,381000000.0,0.0,381000000.0,74292000000.0,8708000000.0,65584000000.0,52469947306.0,437000000.0,261000000.0,25000000.0,1231000000.0,-2210000000.0,-938000000.0,-4783000000.0,294000000.0,6158000000.0,0.0,2204000000.0,2204000000.0,2204000000.0,890000000.0,16000000.0,0.093,2930000000.0,5595000000.0,1782000000.0,1.0,1.286,23.807,23.779,66908000000.0,0.0,74.19,2.204,2.203,877000000.0,1768000000.0,23812000000.0,23812000000.0,0.0,0.019,0.054,0.04,0.216,0.0,0.0,1.0,707237462.0,707000000,707000000.0,33.68,98830000000.0,0.0,1340000000.0,12971000000.0,139.788,2807000000.0
29,DUK,MRT,2014-03-31,2014-03-31,2014-03-31,2021-08-25,-377000000.0,113792000000.0,114315250000.0,10565000000.0,103227000000.0,0.21,57.661,-5383000000.0,1531000000.0,1531000000.0,15603000000.0,1949000000.0,1.41,1.793,41622000000.0,2622000000.0,39000000000.0,41622000000.0,0.0,3351000000.0,0.0,0.044,3.105,4738000000.0,8089000000.0,0.337,8089000000.0,4738000000.0,3157000000.0,2.74,2.73,2.74,40709000000.0,40834000000.0,40709000000.0,89907746822.0,19.0,11.115,1281000000.0,1.814,1.0,8380000000.0,0.349,16342000000.0,1581000000.0,130049000000.0,128616500000.0,2908000000.0,392000000.0,6000000.0,386000000.0,73003000000.0,7492000000.0,65511000000.0,50313746822.0,235000000.0,309000000.0,23000000.0,530000000.0,-2199000000.0,-1630000000.0,-4799000000.0,176000000.0,6664000000.0,0.0,1934000000.0,1934000000.0,1934000000.0,780000000.0,15000000.0,0.081,2851000000.0,5529000000.0,1892000000.0,1.133,1.236,26.015,25.993,66355000000.0,0.0,71.22,2.098,2.097,597000000.0,1713000000.0,23983000000.0,23983000000.0,0.0,0.017,0.047,0.037,0.198,0.0,0.0,1.0,706455305.0,706000000,706000000.0,33.97,97450000000.0,0.0,1223000000.0,12713000000.0,138.031,3073000000.0
30,DUK,MRT,2013-12-31,2013-12-31,2013-12-31,2021-08-25,-399000000.0,114779000000.0,114283750000.0,10516000000.0,104263000000.0,0.199,58.541,-5526000000.0,1501000000.0,1501000000.0,14819000000.0,2676000000.0,1.217,1.775,41095000000.0,2943000000.0,38152000000.0,41095000000.0,0.0,3229000000.0,0.0,0.045,3.09,5413000000.0,8642000000.0,0.38,8642000000.0,5413000000.0,3870000000.0,3.77,3.76,3.77,41330000000.0,40895000000.0,41330000000.0,87866601843.0,16.0,10.167,856000000.0,1.212,1.0,7937000000.0,0.349,16340000000.0,1543000000.0,129389000000.0,127860750000.0,3250000000.0,434000000.0,44000000.0,390000000.0,73371000000.0,8644000000.0,64727000000.0,48720601843.0,77000000.0,277000000.0,9000000.0,933000000.0,-2188000000.0,-1327000000.0,-4978000000.0,92000000.0,6382000000.0,0.0,2665000000.0,2665000000.0,2665000000.0,-86000000.0,11000000.0,0.117,2684000000.0,5253000000.0,2391000000.0,0.82,1.179,18.282,18.305,69490000000.0,0.0,69.01,2.141,2.141,1286000000.0,2363000000.0,22756000000.0,22756000000.0,0.0,0.023,0.065,0.042,0.238,0.0,0.0,1.0,705993361.0,706000000,706000000.0,32.232,98439000000.0,0.0,1205000000.0,13090000000.0,139.432,1872000000.0
31,DUK,MRT,2013-09-30,2013-09-30,2013-09-30,2021-08-25,-380000000.0,114590000000.0,114053000000.0,10418000000.0,104172000000.0,0.193,58.307,-5510000000.0,2166000000.0,2166000000.0,14799000000.0,2421000000.0,1.128,1.782,41312000000.0,3910000000.0,37402000000.0,41312000000.0,0.0,3152000000.0,0.0,0.046,3.075,4901000000.0,8053000000.0,0.366,8053000000.0,4901000000.0,3388000000.0,3.35,3.35,3.35,41165000000.0,40778250000.0,41165000000.0,86977555940.0,18.0,10.801,745000000.0,1.055,1.0,7178000000.0,0.327,16696000000.0,1513000000.0,127801000000.0,127152500000.0,3100000000.0,694000000.0,118000000.0,576000000.0,73353000000.0,9239000000.0,64114000000.0,47140555940.0,405000000.0,-415000000.0,15000000.0,2184000000.0,-2177000000.0,-76000000.0,-5774000000.0,345000000.0,6255000000.0,0.0,2412000000.0,2412000000.0,2412000000.0,-225000000.0,9000000.0,0.11,2544000000.0,4634000000.0,1819000000.0,0.918,1.145,19.544,19.934,69284000000.0,0.0,66.78,2.145,2.145,1585000000.0,2227000000.0,21977000000.0,21977000000.0,0.0,0.021,0.059,0.039,0.223,0.0,0.0,1.0,705908295.0,706000000,706000000.0,31.129,97894000000.0,0.0,976000000.0,12641000000.0,138.66,1179000000.0
32,DUK,MRT,2013-06-30,2013-06-30,2013-06-30,2021-08-25,-376000000.0,114100000000.0,113407500000.0,9875000000.0,104225000000.0,0.198,56.844,-5964000000.0,1571000000.0,1571000000.0,15643000000.0,2011000000.0,0.986,1.841,41408000000.0,4049000000.0,37359000000.0,41408000000.0,0.0,3119000000.0,0.0,0.045,3.06,4339000000.0,7458000000.0,0.332,7458000000.0,4339000000.0,2803000000.0,2.78,2.78,2.78,40132000000.0,40713250000.0,40132000000.0,87689400118.0,20.0,11.758,121000000.0,0.171,1.0,6839000000.0,0.304,16695000000.0,1536000000.0,127227000000.0,126358250000.0,3130000000.0,856000000.0,280000000.0,576000000.0,73899000000.0,10015000000.0,63884000000.0,47637400118.0,45000000.0,-344000000.0,16000000.0,2533000000.0,-2167000000.0,328000000.0,-6368000000.0,17000000.0,6085000000.0,0.0,2002000000.0,2002000000.0,2002000000.0,-167000000.0,9000000.0,0.089,2523000000.0,4316000000.0,1936000000.0,1.101,1.187,23.795,24.281,68877000000.0,0.0,67.5,2.119,2.12,1593000000.0,1223000000.0,22482000000.0,22482000000.0,0.0,0.018,0.049,0.034,0.193,0.0,0.0,1.0,705739261.0,706000000,706000000.0,31.844,97405000000.0,0.0,801000000.0,11832000000.0,137.967,-140000000.0
33,DUK,MRT,2013-03-31,2013-03-31,2013-03-31,2021-08-25,-289000000.0,113666000000.0,100640250000.0,9549000000.0,104117000000.0,0.201,58.089,-5888000000.0,1296000000.0,1296000000.0,13968000000.0,2117000000.0,0.958,1.774,41348000000.0,5009000000.0,36339000000.0,41348000000.0,0.0,2870000000.0,0.0,0.042,3.045,4344000000.0,7214000000.0,0.357,7214000000.0,4344000000.0,2957000000.0,3.29,3.29,3.29,40953000000.0,36285000000.0,40953000000.0,90244821229.0,21.0,12.51,-425000000.0,-0.603,1.0,6212000000.0,0.308,16727000000.0,1387000000.0,127026000000.0,112689750000.0,3096000000.0,835000000.0,288000000.0,547000000.0,72636000000.0,9965000000.0,62671000000.0,51150821229.0,225000000.0,-370000000.0,20000000.0,3240000000.0,-1959000000.0,1244000000.0,-6482000000.0,85000000.0,5463000000.0,0.0,2107000000.0,2107000000.0,2107000000.0,-169000000.0,10000000.0,0.104,2317000000.0,3895000000.0,1985000000.0,0.926,1.249,24.277,22.064,68813000000.0,0.0,72.59,2.535,2.536,1503000000.0,1978000000.0,20180000000.0,20180000000.0,0.0,0.021,0.058,0.039,0.215,0.0,0.0,1.0,704653826.0,705000000,705000000.0,28.624,96939000000.0,0.0,850000000.0,11397000000.0,137.502,-416000000.0
34,DUK,MRT,2012-12-31,2012-12-31,2012-12-31,2021-08-25,-306000000.0,113856000000.0,87673500000.0,10122000000.0,103734000000.0,0.204,71.19,-5501000000.0,1424000000.0,1424000000.0,12200000000.0,1782000000.0,1.009,1.784,40518000000.0,4167000000.0,36351000000.0,40518000000.0,0.0,2652000000.0,0.0,0.047,3.03,3635000000.0,6287000000.0,0.351,6287000000.0,3635000000.0,2391000000.0,3.07,3.07,3.07,40863000000.0,31742000000.0,40863000000.0,82641749783.0,23.0,13.145,-257000000.0,-0.448,1.0,5712000000.0,0.319,16365000000.0,1244000000.0,126556000000.0,99129250000.0,3223000000.0,816000000.0,333000000.0,483000000.0,72915000000.0,10029000000.0,62886000000.0,44930749783.0,-686000000.0,-380000000.0,23000000.0,1950000000.0,-1752000000.0,267000000.0,-6197000000.0,24000000.0,5244000000.0,0.0,1768000000.0,1768000000.0,1768000000.0,-171000000.0,14000000.0,0.099,2135000000.0,3577000000.0,2444000000.0,0.987,1.1,25.413,20.782,68558000000.0,0.0,63.8,2.508,2.045,1516000000.0,1889000000.0,17912000000.0,17912000000.0,0.0,0.02,0.056,0.037,0.203,0.0,0.0,1.0,704243727.0,574000000,575000000.0,31.206,97491000000.0,0.0,623000000.0,11407000000.0,169.845,93000000.0
35,DUK,MRT,2012-09-30,2012-09-30,2012-09-30,2021-08-25,-340000000.0,112008000000.0,74841000000.0,10106000000.0,101902000000.0,0.231,58.519,-5218000000.0,1761000000.0,1761000000.0,11667000000.0,1635000000.0,1.181,1.736,39472000000.0,3363000000.0,36109000000.0,39472000000.0,0.0,2383000000.0,0.0,0.047,3.015,3386000000.0,5769000000.0,0.334,5769000000.0,3386000000.0,2305000000.0,3.14,3.14,3.14,40905000000.0,27219250000.0,40905000000.0,65480271708.0,19.0,11.35,-594000000.0,-0.85,1.0,5630000000.0,0.325,16539000000.0,1081000000.0,124624000000.0,85409250000.0,3041000000.0,951000000.0,335000000.0,616000000.0,71013000000.0,8556000000.0,62457000000.0,45620271708.0,-271000000.0,34000000.0,70000000.0,1917000000.0,-1546000000.0,458000000.0,-5353000000.0,-150000000.0,4624000000.0,0.0,1621000000.0,1621000000.0,1621000000.0,-5000000.0,14000000.0,0.094,2060000000.0,3570000000.0,1912000000.0,0.96,1.115,28.143,20.634,69031000000.0,0.0,64.79,2.637,2.618,1596000000.0,1995000000.0,17297000000.0,17297000000.0,0.0,0.022,0.06,0.04,0.196,0.0,0.0,1.0,704125200.0,699000000,699000000.0,24.745,95469000000.0,0.0,684000000.0,11380000000.0,136.579,1550000000.0
36,DUK,MRT,2012-06-30,2012-06-30,2012-06-30,2021-08-25,-320000000.0,63031000000.0,62033000000.0,6487000000.0,56544000000.0,0.234,50.267,-4677000000.0,1526000000.0,1526000000.0,9378000000.0,1507000000.0,1.057,1.807,21386000000.0,2932000000.0,18454000000.0,21386000000.0,0.0,2112000000.0,0.0,0.043,3.0,3036000000.0,5148000000.0,0.354,5148000000.0,3036000000.0,2143000000.0,3.35,3.35,3.35,22419000000.0,22691500000.0,22419000000.0,50334712115.0,17.0,9.778,-720000000.0,-1.614,1.0,5161000000.0,0.355,4199000000.0,893000000.0,72553000000.0,71572500000.0,1762000000.0,756000000.0,234000000.0,522000000.0,40515000000.0,6139000000.0,34376000000.0,30856712115.0,164000000.0,-83000000.0,71000000.0,2494000000.0,-1342000000.0,1194000000.0,-4987000000.0,-123000000.0,3957000000.0,0.0,1499000000.0,1499000000.0,1499000000.0,-2000000.0,8000000.0,0.103,1868000000.0,3293000000.0,1160000000.0,0.896,1.376,20.585,20.651,43787000000.0,0.0,69.18,2.122,2.122,610000000.0,1598000000.0,14539000000.0,14539000000.0,0.0,0.024,0.066,0.042,0.209,0.0,0.0,1.0,446035156.0,446000000,446000000.0,32.599,58832000000.0,0.0,644000000.0,8652000000.0,131.91,348000000.0
37,DUK,MRT,2012-03-31,2012-03-31,2012-03-31,2021-08-25,-174000000.0,61799000000.0,61223250000.0,5924000000.0,55875000000.0,0.237,51.078,-4345000000.0,1071000000.0,1071000000.0,9471000000.0,1500000000.0,1.383,1.708,20549000000.0,1523000000.0,19026000000.0,20549000000.0,0.0,2066000000.0,0.0,0.047,2.985,2976000000.0,5042000000.0,0.348,5042000000.0,2976000000.0,2112000000.0,3.34,3.34,3.34,22781000000.0,22732500000.0,22781000000.0,46955813743.0,16.0,9.313,-762000000.0,-1.709,1.0,5025000000.0,0.347,4210000000.0,864000000.0,72784000000.0,70605000000.0,1754000000.0,785000000.0,238000000.0,547000000.0,38921000000.0,4283000000.0,34638000000.0,28065813743.0,-348000000.0,-91000000.0,69000000.0,2059000000.0,-1333000000.0,765000000.0,-4696000000.0,-165000000.0,3583000000.0,0.0,1490000000.0,1490000000.0,1490000000.0,-3000000.0,10000000.0,0.103,1830000000.0,3195000000.0,1050000000.0,0.894,1.232,18.836,18.871,42971000000.0,0.0,63.03,1.936,1.939,613000000.0,1833000000.0,14496000000.0,14496000000.0,0.0,0.024,0.066,0.042,0.205,0.0,0.0,1.0,445277070.0,446000000,446000000.0,32.502,57589000000.0,0.0,622000000.0,8476000000.0,129.123,1641000000.0
38,DUK,MRT,2011-12-31,2011-12-31,2011-12-31,2021-08-25,-234000000.0,62526000000.0,60520000000.0,6880000000.0,55646000000.0,0.24,51.288,-4363000000.0,2110000000.0,2110000000.0,9619000000.0,1714000000.0,1.245,1.742,21000000000.0,2321000000.0,18679000000.0,21000000000.0,0.0,2026000000.0,0.0,0.045,2.97,3317000000.0,5343000000.0,0.368,5343000000.0,3317000000.0,2458000000.0,3.83,3.83,3.83,22772000000.0,22720750000.0,22772000000.0,47154133062.0,14.0,8.825,-691000000.0,-1.556,1.0,4910000000.0,0.338,4212000000.0,859000000.0,71676000000.0,69302750000.0,1588000000.0,712000000.0,190000000.0,522000000.0,39661000000.0,5528000000.0,34133000000.0,29320133062.0,440000000.0,-51000000.0,67000000.0,2500000000.0,-1329000000.0,1202000000.0,-4434000000.0,-63000000.0,3672000000.0,0.0,1706000000.0,1706000000.0,1706000000.0,-1000000.0,8000000.0,0.117,1798000000.0,3112000000.0,1433000000.0,0.775,1.288,17.186,17.232,42661000000.0,0.0,66.0,2.018,2.017,784000000.0,1873000000.0,14529000000.0,14529000000.0,0.0,0.028,0.075,0.048,0.228,0.0,0.0,1.0,444244440.0,444000000,444000000.0,32.723,58314000000.0,0.0,752000000.0,8396000000.0,131.338,1352000000.0
39,DUK,MRT,2011-09-30,2011-09-30,2011-09-30,2021-08-25,-188000000.0,60776000000.0,59661000000.0,6273000000.0,54503000000.0,0.245,51.338,-4312000000.0,2032000000.0,2032000000.0,9680000000.0,1853000000.0,1.226,1.662,19866000000.0,2282000000.0,17584000000.0,19866000000.0,0.0,2021000000.0,0.0,0.049,2.955,3576000000.0,5597000000.0,0.383,5597000000.0,3576000000.0,2725000000.0,4.14,4.14,4.14,22794000000.0,22658250000.0,22794000000.0,44235657812.0,12.0,7.903,-435000000.0,-0.98,1.0,4926000000.0,0.337,4218000000.0,851000000.0,69277000000.0,68289750000.0,1421000000.0,664000000.0,146000000.0,518000000.0,37877000000.0,5115000000.0,32762000000.0,26622657812.0,224000000.0,-50000000.0,100000000.0,1542000000.0,-1321000000.0,315000000.0,-3968000000.0,-59000000.0,3877000000.0,0.0,1845000000.0,1845000000.0,1845000000.0,-3000000.0,8000000.0,0.126,1676000000.0,3250000000.0,1080000000.0,0.714,1.168,14.43,14.486,41877000000.0,0.0,59.97,1.823,1.823,764000000.0,1920000000.0,14606000000.0,14606000000.0,0.0,0.031,0.081,0.052,0.245,0.0,0.0,1.0,443932930.0,444000000,444000000.0,32.896,56558000000.0,0.0,880000000.0,8281000000.0,127.383,1158000000.0
40,DUK,MRT,2011-06-30,2011-06-30,2011-06-30,2021-08-25,89000000.0,59792000000.0,58931250000.0,5634000000.0,54158000000.0,0.248,50.863,-4416000000.0,1362000000.0,1362000000.0,9667000000.0,2049000000.0,1.285,1.642,18975000000.0,1288000000.0,17687000000.0,18975000000.0,0.0,2006000000.0,0.0,0.052,2.94,3856000000.0,5862000000.0,0.402,5862000000.0,3856000000.0,3016000000.0,4.61,4.61,4.61,22583000000.0,22463500000.0,22583000000.0,42179976890.0,11.0,7.195,-312000000.0,-0.703,1.0,4921000000.0,0.337,4336000000.0,840000000.0,68683000000.0,67552750000.0,1415000000.0,528000000.0,9000000.0,519000000.0,37090000000.0,4386000000.0,32704000000.0,25068976890.0,352000000.0,-4000000.0,200000000.0,1117000000.0,-1306000000.0,1000000.0,-3753000000.0,172000000.0,4104000000.0,0.0,2043000000.0,2043000000.0,2043000000.0,-2000000.0,6000000.0,0.14,1705000000.0,3216000000.0,1189000000.0,0.638,1.11,12.271,12.254,41610000000.0,0.0,56.49,1.718,1.719,796000000.0,1448000000.0,14588000000.0,14588000000.0,0.0,0.035,0.091,0.057,0.264,0.0,0.0,1.0,443777251.0,444000000,444000000.0,32.856,55456000000.0,0.0,973000000.0,8085000000.0,124.901,1248000000.0
41,DUK,MRT,2011-03-31,2011-03-31,2011-03-31,2021-08-25,30000000.0,58986000000.0,58083250000.0,5545000000.0,53441000000.0,0.247,51.28,-4630000000.0,1419000000.0,1419000000.0,9478000000.0,1391000000.0,1.321,1.589,18530000000.0,1304000000.0,17226000000.0,18530000000.0,0.0,1992000000.0,0.0,0.054,2.925,3132000000.0,5124000000.0,0.357,5124000000.0,3132000000.0,2283000000.0,3.12,3.12,3.12,22734000000.0,22099500000.0,22734000000.0,40879968882.0,13.0,7.978,-279000000.0,-0.629,1.0,4863000000.0,0.339,4325000000.0,849000000.0,67575000000.0,66629250000.0,1347000000.0,515000000.0,9000000.0,506000000.0,36130000000.0,4197000000.0,31933000000.0,24123968882.0,339000000.0,-2000000.0,277000000.0,1141000000.0,-1299000000.0,93000000.0,-4105000000.0,66000000.0,4351000000.0,0.0,1386000000.0,1386000000.0,1386000000.0,-3000000.0,5000000.0,0.097,2349000000.0,2514000000.0,1305000000.0,0.938,1.061,17.405,17.452,40944000000.0,0.0,54.45,1.682,1.683,744000000.0,1676000000.0,14341000000.0,14341000000.0,0.0,0.024,0.063,0.047,0.218,0.0,0.0,1.0,443048097.0,443333000,443667000.0,32.348,54661000000.0,0.0,897000000.0,7782000000.0,123.296,1348000000.0
42,DUK,MRT,2010-12-31,2010-12-31,2010-12-31,2021-08-25,2000000.0,59090000000.0,57745000000.0,6223000000.0,52867000000.0,0.247,51.303,-4803000000.0,1670000000.0,1670000000.0,9452000000.0,1323000000.0,1.597,1.618,18426000000.0,491000000.0,17935000000.0,18426000000.0,0.0,1994000000.0,0.0,0.054,2.91,3050000000.0,5044000000.0,0.353,5044000000.0,3050000000.0,2210000000.0,3.0,3.0,3.0,22522000000.0,21894500000.0,22522000000.0,40073212596.0,13.0,7.945,-292000000.0,-0.665,1.0,4820000000.0,0.338,4325000000.0,840000000.0,67624000000.0,65987000000.0,1318000000.0,486000000.0,0.0,486000000.0,36437000000.0,3897000000.0,32540000000.0,23590212596.0,128000000.0,0.0,302000000.0,1036000000.0,-1284000000.0,40000000.0,-4423000000.0,43000000.0,4511000000.0,0.0,1320000000.0,1320000000.0,1320000000.0,-3000000.0,3000000.0,0.092,2359000000.0,2461000000.0,1387000000.0,0.97,1.047,17.871,17.81,40344000000.0,0.0,53.43,1.653,1.643,764000000.0,1496000000.0,14272000000.0,14272000000.0,0.0,0.023,0.06,0.046,0.214,0.0,0.0,1.0,441516238.0,439000000,440000000.0,32.51,54765000000.0,0.0,890000000.0,7749000000.0,124.749,2326000000.0
43,DUK,MRT,2010-09-30,2010-09-30,2010-09-30,2021-08-25,-294000000.0,57857000000.0,57232500000.0,6037000000.0,51820000000.0,0.244,50.034,-4753000000.0,1808000000.0,1808000000.0,9143000000.0,1242000000.0,1.647,1.622,18291000000.0,529000000.0,17762000000.0,18291000000.0,0.0,1932000000.0,0.0,0.054,2.895,2855000000.0,4787000000.0,0.343,4787000000.0,2855000000.0,2040000000.0,2.85,2.85,2.85,22015000000.0,21701500000.0,22015000000.0,40135200058.0,14.0,8.384,-171000000.0,-0.389,1.0,4794000000.0,0.344,4346000000.0,815000000.0,66329000000.0,64951500000.0,1230000000.0,394000000.0,0.0,394000000.0,35708000000.0,3665000000.0,32043000000.0,23354200058.0,202000000.0,0.0,314000000.0,1385000000.0,-1271000000.0,416000000.0,-4796000000.0,19000000.0,4582000000.0,0.0,1239000000.0,1239000000.0,1239000000.0,-13000000.0,3000000.0,0.089,2419000000.0,2375000000.0,1387000000.0,1.016,1.061,18.849,18.642,39724000000.0,0.0,53.13,1.676,1.677,769000000.0,1396000000.0,13937000000.0,13937000000.0,0.0,0.022,0.057,0.044,0.205,0.0,0.0,1.0,439567101.0,440000000,440667000.0,31.675,53511000000.0,0.0,801000000.0,7188000000.0,121.616,2372000000.0
44,DUK,MRT,2010-06-30,2010-06-30,2010-06-30,2021-08-25,-389000000.0,56400000000.0,56711750000.0,5443000000.0,50957000000.0,0.236,48.235,-4721000000.0,1010000000.0,1010000000.0,8837000000.0,682000000.0,1.419,1.663,17791000000.0,572000000.0,17219000000.0,17791000000.0,0.0,1908000000.0,0.0,0.06,2.88,2225000000.0,4133000000.0,0.309,4133000000.0,2225000000.0,1422000000.0,1.56,1.56,1.56,21127000000.0,21599750000.0,21127000000.0,37157154608.0,17.0,8.99,-151000000.0,-0.345,1.0,4550000000.0,0.34,4355000000.0,803000000.0,64989000000.0,63841500000.0,1302000000.0,400000000.0,0.0,400000000.0,35137000000.0,3837000000.0,31300000000.0,21010154608.0,304000000.0,-10000000.0,345000000.0,1540000000.0,-1261000000.0,601000000.0,-4867000000.0,-170000000.0,4570000000.0,0.0,678000000.0,678000000.0,678000000.0,-12000000.0,4000000.0,0.051,2763000000.0,1787000000.0,1234000000.0,1.846,0.994,30.988,30.769,39060000000.0,0.0,48.0,1.569,1.57,756000000.0,726000000.0,13387000000.0,13387000000.0,0.0,0.012,0.031,0.035,0.166,0.0,0.0,1.0,437711554.0,438000000,438000000.0,30.564,52045000000.0,0.0,744000000.0,6952000000.0,118.824,1606000000.0
45,DUK,MRT,2010-03-31,2010-03-31,2010-03-31,2021-08-25,-373000000.0,57633000000.0,56289000000.0,5491000000.0,52142000000.0,0.231,50.185,-4630000000.0,1080000000.0,1080000000.0,8604000000.0,1181000000.0,1.425,1.624,17227000000.0,948000000.0,16279000000.0,17227000000.0,0.0,1889000000.0,0.0,0.058,2.85,2758000000.0,4647000000.0,0.357,4647000000.0,2758000000.0,1981000000.0,2.7,2.7,2.7,21914000000.0,21624500000.0,21914000000.0,36841012379.0,13.0,7.928,-236000000.0,-0.54,1.0,4409000000.0,0.339,4920000000.0,777000000.0,65006000000.0,62652500000.0,1337000000.0,490000000.0,0.0,490000000.0,35585000000.0,3854000000.0,31731000000.0,21368012379.0,-121000000.0,-124000000.0,379000000.0,1213000000.0,-1242000000.0,319000000.0,-4834000000.0,-79000000.0,4394000000.0,0.0,1176000000.0,1176000000.0,1176000000.0,-9000000.0,5000000.0,0.09,2080000000.0,2329000000.0,1299000000.0,1.056,0.975,18.17,18.133,38706000000.0,0.0,48.96,1.642,1.643,724000000.0,1589000000.0,13013000000.0,13013000000.0,0.0,0.021,0.054,0.044,0.212,0.0,0.0,1.0,436438161.0,436667000,437000000.0,29.801,52713000000.0,0.0,805000000.0,6760000000.0,120.717,1637000000.0
46,DUK,MRT,2009-12-31,2009-12-31,2009-12-31,2021-08-25,-372000000.0,57040000000.0,55276750000.0,5766000000.0,51274000000.0,0.23,50.464,-4296000000.0,1542000000.0,1542000000.0,8442000000.0,1085000000.0,1.41,1.616,17015000000.0,902000000.0,16113000000.0,17015000000.0,0.0,1846000000.0,0.0,0.055,2.82,2584000000.0,4430000000.0,0.348,4430000000.0,2584000000.0,1833000000.0,2.49,2.49,2.49,21750000000.0,21449500000.0,21750000000.0,37274270241.0,14.0,8.414,-833000000.0,-1.933,1.0,4289000000.0,0.337,4943000000.0,751000000.0,63482000000.0,61149500000.0,1515000000.0,481000000.0,0.0,481000000.0,35154000000.0,4088000000.0,31066000000.0,22452270241.0,556000000.0,-124000000.0,519000000.0,2328000000.0,-1222000000.0,1585000000.0,-4492000000.0,-92000000.0,3463000000.0,0.0,1075000000.0,1075000000.0,1075000000.0,-12000000.0,10000000.0,0.084,2040000000.0,2249000000.0,1390000000.0,1.133,1.032,20.886,20.735,37950000000.0,0.0,51.63,1.764,1.748,845000000.0,1460000000.0,12731000000.0,12731000000.0,0.0,0.019,0.05,0.042,0.203,0.0,0.0,1.0,434868686.0,431000000,431333000.0,29.538,52097000000.0,0.0,758000000.0,6353000000.0,120.875,1678000000.0
47,DUK,MRT,2009-09-30,2009-09-30,2009-09-30,2021-08-25,-387000000.0,55774000000.0,54286000000.0,5815000000.0,49959000000.0,0.235,49.903,-4199000000.0,1606000000.0,1606000000.0,8571000000.0,1067000000.0,1.564,1.575,16428000000.0,1022000000.0,15406000000.0,16428000000.0,0.0,1842000000.0,0.0,0.059,2.79,2504000000.0,4346000000.0,0.341,4346000000.0,2504000000.0,1755000000.0,2.49,2.46,2.49,21608000000.0,21259000000.0,21608000000.0,35437429181.0,14.0,8.154,-806000000.0,-1.861,1.0,4183000000.0,0.328,4989000000.0,749000000.0,61889000000.0,59475250000.0,1420000000.0,592000000.0,1000000.0,591000000.0,34029000000.0,3718000000.0,30311000000.0,20410429181.0,-270000000.0,-124000000.0,525000000.0,1387000000.0,-1200000000.0,685000000.0,-4348000000.0,-32000000.0,3393000000.0,0.0,1060000000.0,1060000000.0,1060000000.0,-2000000.0,7000000.0,0.083,2029000000.0,2154000000.0,1095000000.0,1.12,0.945,19.255,18.964,36425000000.0,0.0,47.22,1.6,1.603,1489000000.0,1428000000.0,12754000000.0,12754000000.0,0.0,0.02,0.05,0.042,0.196,0.0,0.0,1.0,432241194.0,433000000,433333000.0,29.455,50785000000.0,0.0,695000000.0,6359000000.0,117.286,2097000000.0
48,DUK,MRT,2009-06-30,2009-06-30,2009-06-30,2021-08-25,-521000000.0,54709000000.0,53534750000.0,5391000000.0,49318000000.0,0.24,49.439,-4144000000.0,706000000.0,706000000.0,8872000000.0,1174000000.0,1.302,1.571,15733000000.0,1300000000.0,14433000000.0,15733000000.0,0.0,1843000000.0,0.0,0.063,2.76,2484000000.0,4327000000.0,0.336,4327000000.0,2484000000.0,1749000000.0,2.76,2.73,2.76,21226000000.0,21189500000.0,21226000000.0,33073049431.0,13.0,7.643,-1494000000.0,-3.48,1.0,3994000000.0,0.31,5362000000.0,735000000.0,60233000000.0,57846000000.0,1368000000.0,605000000.0,4000000.0,601000000.0,33349000000.0,4141000000.0,29208000000.0,18779049431.0,-11000000.0,-503000000.0,396000000.0,2375000000.0,-1190000000.0,1556000000.0,-4217000000.0,486000000.0,2650000000.0,0.0,1166000000.0,1166000000.0,1166000000.0,-2000000.0,8000000.0,0.091,1708000000.0,2286000000.0,1015000000.0,1.0,0.885,16.106,15.859,35429000000.0,0.0,43.77,1.46,1.461,1511000000.0,1321000000.0,12866000000.0,12866000000.0,0.0,0.022,0.055,0.043,0.193,0.0,0.0,1.0,429039283.0,429333000,429667000.0,29.967,49347000000.0,0.0,583000000.0,6397000000.0,114.939,1250000000.0
49,DUK,MRT,2009-03-31,2009-03-31,2009-03-31,2021-08-25,-730000000.0,53584000000.0,52757000000.0,5320000000.0,48264000000.0,0.25,49.643,-4164000000.0,1201000000.0,1201000000.0,9042000000.0,1241000000.0,1.51,1.518,15495000000.0,926000000.0,14569000000.0,15495000000.0,0.0,1845000000.0,0.0,0.064,2.73,2557000000.0,4402000000.0,0.334,4402000000.0,2557000000.0,1814000000.0,2.97,2.94,2.97,21214000000.0,21208250000.0,21214000000.0,31799093404.0,12.0,7.224,-1658000000.0,-3.88,1.0,4140000000.0,0.314,5360000000.0,743000000.0,58994000000.0,56253250000.0,1243000000.0,652000000.0,51000000.0,601000000.0,32202000000.0,3524000000.0,28678000000.0,18346093404.0,559000000.0,-389000000.0,296000000.0,3343000000.0,-1161000000.0,2483000000.0,-4430000000.0,-20000000.0,2506000000.0,0.0,1241000000.0,1241000000.0,1241000000.0,-17000000.0,0.0,0.094,1699000000.0,2441000000.0,1152000000.0,0.919,0.865,14.783,14.465,34505000000.0,0.0,42.96,1.392,1.393,1465000000.0,1655000000.0,13182000000.0,13182000000.0,0.0,0.024,0.059,0.045,0.194,0.0,0.0,1.0,427050591.0,427333000,427667000.0,30.847,48224000000.0,0.0,573000000.0,5791000000.0,112.849,1796000000.0
50,DUK,MRT,2008-12-31,2008-12-31,2008-12-31,2021-08-25,-726000000.0,53077000000.0,51772750000.0,5273000000.0,47804000000.0,0.255,49.774,-4386000000.0,986000000.0,986000000.0,9010000000.0,1358000000.0,1.214,1.521,14439000000.0,1189000000.0,13250000000.0,14439000000.0,0.0,1834000000.0,0.0,0.06,2.7,2719000000.0,4553000000.0,0.345,4553000000.0,2719000000.0,1978000000.0,3.24,3.21,3.24,20988000000.0,21257000000.0,20988000000.0,32034992573.0,12.0,7.036,-1058000000.0,-2.509,1.0,4197000000.0,0.318,5400000000.0,741000000.0,56785000000.0,54210500000.0,1135000000.0,658000000.0,51000000.0,607000000.0,31926000000.0,4345000000.0,27581000000.0,18991992573.0,308000000.0,-389000000.0,133000000.0,2591000000.0,-1143000000.0,1591000000.0,-4611000000.0,46000000.0,3328000000.0,0.0,1362000000.0,1362000000.0,1362000000.0,-16000000.0,-4000000.0,0.103,1686000000.0,2511000000.0,1477000000.0,0.833,0.905,13.944,13.898,34036000000.0,0.0,45.03,1.438,1.438,1653000000.0,1607000000.0,13207000000.0,13207000000.0,0.0,0.026,0.064,0.05,0.206,0.0,0.0,1.0,421763104.0,421667000,422333000.0,31.321,47677000000.0,0.0,616000000.0,5627000000.0,113.068,928000000.0
51,DUK,MRT,2008-09-30,2008-09-30,2008-09-30,2021-08-25,-230000000.0,52769000000.0,50925000000.0,5852000000.0,46917000000.0,0.257,50.585,-4121000000.0,1876000000.0,1876000000.0,8923000000.0,1273000000.0,1.157,1.474,14919000000.0,2224000000.0,12695000000.0,14919000000.0,0.0,1781000000.0,0.0,0.051,2.67,2650000000.0,4431000000.0,0.338,4431000000.0,2650000000.0,1912000000.0,3.03,3.03,3.03,21330000000.0,21309750000.0,21330000000.0,34618127066.0,13.0,7.813,-901000000.0,-2.137,1.0,4182000000.0,0.319,5380000000.0,738000000.0,55372000000.0,52442750000.0,1125000000.0,1023000000.0,180000000.0,843000000.0,31439000000.0,5060000000.0,26379000000.0,22047127066.0,1201000000.0,-397000000.0,54000000.0,2981000000.0,-1130000000.0,1913000000.0,-3932000000.0,352000000.0,3220000000.0,0.0,1274000000.0,1274000000.0,1274000000.0,56000000.0,-1000000.0,0.097,1687000000.0,2495000000.0,1165000000.0,0.881,1.034,17.305,17.257,33248000000.0,0.0,52.29,1.682,1.682,1656000000.0,1567000000.0,13105000000.0,13105000000.0,0.0,0.025,0.06,0.051,0.202,0.0,0.0,1.0,421631805.0,421667000,422333000.0,31.079,47389000000.0,0.0,638000000.0,5700000000.0,112.385,792000000.0
52,DUK,MRT,2008-06-30,2008-06-30,2008-06-30,2021-08-25,-27000000.0,51598000000.0,49989500000.0,5284000000.0,46314000000.0,0.266,50.556,-3680000000.0,717000000.0,717000000.0,8788000000.0,1667000000.0,1.066,1.422,13288000000.0,1641000000.0,11647000000.0,13288000000.0,0.0,1848000000.0,0.0,0.051,2.64,3215000000.0,5063000000.0,0.381,5063000000.0,3215000000.0,2476000000.0,3.96,3.96,3.96,21301000000.0,21245000000.0,21301000000.0,33439004251.0,10.0,6.605,-189000000.0,-0.449,1.0,4497000000.0,0.339,5348000000.0,739000000.0,53862000000.0,51112000000.0,1026000000.0,1270000000.0,460000000.0,810000000.0,30297000000.0,4959000000.0,25338000000.0,21979004251.0,106000000.0,-12000000.0,53000000.0,1127000000.0,-1106000000.0,112000000.0,-3497000000.0,-31000000.0,3491000000.0,0.0,1666000000.0,1666000000.0,1666000000.0,21000000.0,1000000.0,0.125,1649000000.0,2848000000.0,1274000000.0,0.667,1.032,13.193,13.167,32465000000.0,0.0,52.14,1.654,1.654,1845000000.0,1353000000.0,13285000000.0,13285000000.0,0.0,0.033,0.078,0.063,0.242,0.0,0.0,1.0,421538248.0,421333000,422000000.0,31.531,46250000000.0,0.0,810000000.0,5574000000.0,109.771,325000000.0
53,DUK,MRT,2008-03-31,2008-03-31,2008-03-31,2021-08-25,-115000000.0,49647000000.0,49202000000.0,4207000000.0,45440000000.0,0.265,50.732,-3389000000.0,642000000.0,642000000.0,8664000000.0,1611000000.0,0.853,1.319,12102000000.0,2019000000.0,10083000000.0,12102000000.0,0.0,1879000000.0,0.0,0.049,2.61,3107000000.0,4986000000.0,0.383,4986000000.0,3107000000.0,2403000000.0,3.81,3.81,3.81,21409000000.0,21025000000.0,21409000000.0,33630148282.0,11.0,6.745,-76000000.0,-0.18,1.0,4358000000.0,0.335,5353000000.0,704000000.0,50823000000.0,49976750000.0,946000000.0,855000000.0,0.0,855000000.0,28238000000.0,4931000000.0,23307000000.0,22542148282.0,72000000.0,-66000000.0,49000000.0,423000000.0,-1102000000.0,-609000000.0,-2632000000.0,677000000.0,3313000000.0,0.0,1608000000.0,1608000000.0,1608000000.0,40000000.0,3000000.0,0.123,1702000000.0,2656000000.0,1306000000.0,0.685,1.053,14.019,14.055,31692000000.0,0.0,53.55,1.731,1.735,1652000000.0,1574000000.0,13022000000.0,13022000000.0,0.0,0.033,0.076,0.062,0.239,0.0,0.0,1.0,420955150.0,422000000,422667000.0,30.858,44294000000.0,0.0,795000000.0,5279000000.0,104.962,-724000000.0
54,DUK,MRT,2007-12-31,2007-12-31,2007-12-31,2021-08-25,-133000000.0,49686000000.0,48847500000.0,4916000000.0,44770000000.0,0.26,50.474,-3125000000.0,678000000.0,678000000.0,8476000000.0,1502000000.0,0.863,1.344,11766000000.0,2268000000.0,9498000000.0,11766000000.0,0.0,1888000000.0,0.0,0.043,2.58,2897000000.0,4785000000.0,0.376,4785000000.0,2897000000.0,2212000000.0,3.57,3.54,3.57,21199000000.0,20831250000.0,21199000000.0,36535774630.0,13.0,7.635,83000000.0,0.198,1.0,4244000000.0,0.334,5362000000.0,685000000.0,49714000000.0,49560250000.0,1012000000.0,1286000000.0,437000000.0,849000000.0,28487000000.0,5698000000.0,22789000000.0,25434774630.0,-270000000.0,-66000000.0,50000000.0,80000000.0,-1089000000.0,-1327000000.0,-2151000000.0,873000000.0,3208000000.0,0.0,1500000000.0,1500000000.0,1500000000.0,22000000.0,2000000.0,0.118,1751000000.0,2493000000.0,1585000000.0,0.723,1.2,16.957,16.95,31110000000.0,0.0,60.51,2.0,1.998,1767000000.0,1398000000.0,12720000000.0,12720000000.0,0.0,0.031,0.072,0.058,0.228,0.0,0.0,1.0,420340020.0,420000000,421667000.0,30.286,44324000000.0,0.0,712000000.0,5295000000.0,105.533,-782000000.0
55,DUK,MRT,2007-09-30,2007-09-30,2007-09-30,2021-08-25,-276000000.0,49027000000.0,53601000000.0,5270000000.0,43757000000.0,0.233,50.169,-3311000000.0,675000000.0,675000000.0,8544000000.0,1644000000.0,1.127,1.327,11776000000.0,1839000000.0,9937000000.0,11776000000.0,0.0,2057000000.0,0.0,0.051,2.88,2881000000.0,4938000000.0,0.395,4938000000.0,2881000000.0,2220000000.0,3.87,3.87,3.87,21071000000.0,22057000000.0,21071000000.0,34903659451.0,12.0,7.068,167000000.0,0.398,1.0,3950000000.0,0.316,5403000000.0,661000000.0,50049000000.0,55189750000.0,1029000000.0,1756000000.0,909000000.0,847000000.0,27956000000.0,4676000000.0,23280000000.0,23553659451.0,-145000000.0,-253000000.0,84000000.0,-810000000.0,-1215000000.0,-2322000000.0,-1301000000.0,-712000000.0,3478000000.0,0.0,1644000000.0,1644000000.0,1644000000.0,-235000000.0,0.0,0.132,1758000000.0,2192000000.0,1093000000.0,0.744,1.118,14.327,14.488,30134000000.0,0.0,56.07,1.885,1.885,1778000000.0,1447000000.0,12494000000.0,12494000000.0,0.0,0.031,0.075,0.052,0.231,0.0,0.0,1.0,420075967.0,420000000,421667000.0,29.748,43624000000.0,0.0,576000000.0,5117000000.0,103.867,594000000.0
56,DUK,MRT,2007-06-30,2007-06-30,2007-06-30,2021-08-25,-319000000.0,48448000000.0,58914750000.0,5029000000.0,43419000000.0,0.205,48.621,-3575000000.0,611000000.0,611000000.0,8472000000.0,1800000000.0,1.003,1.372,11961000000.0,1996000000.0,9965000000.0,11961000000.0,0.0,2121000000.0,0.0,0.058,3.18,3048000000.0,5169000000.0,0.428,5169000000.0,3048000000.0,2382000000.0,4.26,4.23,4.26,20421000000.0,23413250000.0,20421000000.0,34016111833.0,11.0,6.581,141000000.0,0.336,1.0,3613000000.0,0.299,5463000000.0,666000000.0,49321000000.0,61237250000.0,1027000000.0,1873000000.0,1022000000.0,851000000.0,28027000000.0,5014000000.0,23013000000.0,23048111833.0,-141000000.0,-249000000.0,106000000.0,698000000.0,-1339000000.0,-859000000.0,-2976000000.0,-2232000000.0,3716000000.0,0.0,1800000000.0,1800000000.0,1800000000.0,-483000000.0,0.0,0.149,1480000000.0,2133000000.0,1104000000.0,0.746,1.129,12.805,12.887,29799000000.0,0.0,54.9,1.907,1.908,1486000000.0,847000000.0,12085000000.0,12085000000.0,0.0,0.031,0.077,0.05,0.252,0.0,0.0,1.0,419819888.0,420000000,422333000.0,28.774,42985000000.0,0.0,582000000.0,4663000000.0,102.345,15000000.0
57,DUK,MRT,2007-03-31,2007-03-31,2007-03-31,2021-08-25,-333000000.0,48229000000.0,64394750000.0,5132000000.0,43097000000.0,0.187,49.246,-3624000000.0,570000000.0,570000000.0,8659000000.0,1862000000.0,1.127,1.337,11538000000.0,1914000000.0,9624000000.0,11538000000.0,0.0,2238000000.0,0.0,0.057,3.48,3035000000.0,5273000000.0,0.439,5273000000.0,3035000000.0,2343000000.0,4.44,4.38,4.44,20634000000.0,24725500000.0,20634000000.0,44731889281.0,15.0,8.483,300000000.0,0.716,1.0,3363000000.0,0.28,5487000000.0,692000000.0,49157000000.0,67325250000.0,950000000.0,2090000000.0,1256000000.0,834000000.0,27595000000.0,4553000000.0,23042000000.0,25506889281.0,-215000000.0,-47000000.0,-309000000.0,-222000000.0,-1464000000.0,-2333000000.0,-1784000000.0,-1212000000.0,3924000000.0,0.0,1862000000.0,1862000000.0,1862000000.0,-648000000.0,0.0,0.155,1493000000.0,1870000000.0,1131000000.0,0.784,1.236,13.699,13.709,29378000000.0,0.0,60.87,2.122,2.121,1466000000.0,1098000000.0,12022000000.0,12022000000.0,0.0,0.029,0.075,0.045,0.252,0.0,0.0,1.0,419038759.0,419000000,422667000.0,28.692,42742000000.0,0.0,481000000.0,4567000000.0,102.01,579000000.0
58,DUK,MRT,2006-12-31,2006-12-31,2006-12-31,2021-08-25,595000000.0,68700000000.0,65191750000.0,7047000000.0,61653000000.0,0.163,66.928,-3381000000.0,948000000.0,948000000.0,7665000000.0,1863000000.0,1.066,1.632,20173000000.0,2055000000.0,18118000000.0,20173000000.0,0.0,2215000000.0,0.0,0.038,3.78,2945000000.0,5160000000.0,0.486,5160000000.0,2945000000.0,2313000000.0,4.77,4.71,4.77,26102000000.0,23705000000.0,26102000000.0,62114685008.0,21.0,12.038,367000000.0,0.941,1.0,2942000000.0,0.277,9080000000.0,632000000.0,72232000000.0,69266000000.0,1358000000.0,4043000000.0,1514000000.0,2529000000.0,42598000000.0,6613000000.0,35985000000.0,41687685008.0,437000000.0,-137000000.0,-373000000.0,-143000000.0,-1488000000.0,-1961000000.0,-1328000000.0,-940000000.0,3748000000.0,0.0,1863000000.0,1863000000.0,1863000000.0,-783000000.0,0.0,0.176,1322000000.0,1620000000.0,1686000000.0,0.792,1.597,22.377,20.887,41447000000.0,0.0,99.63,3.93,3.663,2256000000.0,5652000000.0,10607000000.0,10607000000.0,0.0,0.029,0.079,0.043,0.278,0.0,0.0,1.0,418425023.0,390000000,396000000.0,27.197,59620000000.0,0.0,450000000.0,7612000000.0,152.872,434000000.0
59,DUK,MRT,2006-09-30,2006-09-30,2006-09-30,2021-08-25,1050000000.0,70282000000.0,61697500000.0,8182000000.0,62100000000.0,0.017,63.388,-2950000000.0,820000000.0,820000000.0,74000000.0,2082000000.0,1.124,1.653,21247000000.0,2569000000.0,18678000000.0,21247000000.0,0.0,2073000000.0,0.0,0.041,3.75,1869000000.0,3942000000.0,3.657,3942000000.0,1869000000.0,1831000000.0,5.82,5.64,5.82,26496000000.0,21289250000.0,26496000000.0,58305949203.0,31.0,14.791,99000000.0,0.237,1.0,1004000000.0,0.931,9193000000.0,38000000.0,74239000000.0,65704000000.0,1243000000.0,4830000000.0,2097000000.0,2733000000.0,43786000000.0,7277000000.0,36509000000.0,37840949203.0,443000000.0,57000000.0,-428000000.0,727000000.0,-1376000000.0,-1083000000.0,-1501000000.0,1015000000.0,3049000000.0,0.0,2082000000.0,2077000000.0,2077000000.0,-2425000000.0,0.0,1.927,1213000000.0,-209000000.0,1225000000.0,0.644,1.428,18.219,15.567,40803000000.0,5000000.0,90.6,35.103,35.131,1969000000.0,5670000000.0,1078000000.0,1078000000.0,0.0,0.034,0.098,0.028,1.734,0.0,0.0,1.0,417670521.0,418000000,421000000.0,2.579,61089000000.0,0.0,-251000000.0,7825000000.0,146.146,905000000.0
60,DUK,MRT,2006-06-30,2006-06-30,2006-06-30,2021-08-25,1047000000.0,70368000000.0,57460250000.0,6815000000.0,63553000000.0,0.014,62.205,-2658000000.0,752000000.0,752000000.0,-423000000.0,1360000000.0,0.844,1.741,21217000000.0,2643000000.0,18574000000.0,21217000000.0,0.0,1845000000.0,0.0,0.042,3.72,1370000000.0,3215000000.0,3.888,3215000000.0,1370000000.0,1286000000.0,4.11,3.96,4.11,25670000000.0,18643750000.0,25670000000.0,51658421105.0,38.0,16.068,-424000000.0,-1.027,1.0,1250000000.0,1.511,9090000000.0,84000000.0,73673000000.0,61580000000.0,1201000000.0,4420000000.0,254000000.0,4166000000.0,44698000000.0,8070000000.0,36628000000.0,36271421105.0,-257000000.0,-236000000.0,-470000000.0,-655000000.0,-1264000000.0,-2472000000.0,-21000000.0,2549000000.0,2234000000.0,0.0,1360000000.0,1352000000.0,1352000000.0,-1260000000.0,0.0,1.635,860000000.0,390000000.0,1470000000.0,0.905,1.413,26.828,21.438,40895000000.0,8000000.0,88.11,43.859,43.966,2253000000.0,4907000000.0,827000000.0,827000000.0,0.0,0.024,0.073,0.022,1.657,0.0,0.0,1.0,411660664.0,412667000,419667000.0,2.004,61278000000.0,0.0,-74000000.0,7789000000.0,148.493,-1255000000.0
61,DUK,MRT,2006-03-31,2006-03-31,2006-03-31,2021-08-25,807000000.0,51417000000.0,53867000000.0,5210000000.0,46207000000.0,0.059,53.509,-2384000000.0,785000000.0,785000000.0,1397000000.0,1314000000.0,0.854,2.106,16172000000.0,1571000000.0,14601000000.0,16172000000.0,0.0,1772000000.0,0.0,0.041,3.615,1540000000.0,3312000000.0,1.036,3312000000.0,1540000000.0,1346000000.0,4.23,4.08,4.23,16552000000.0,16296500000.0,16552000000.0,42575595840.0,28.0,12.855,288000000.0,0.931,1.0,1801000000.0,0.563,3782000000.0,194000000.0,56920000000.0,58524000000.0,799000000.0,3540000000.0,32000000.0,3508000000.0,34865000000.0,6102000000.0,28763000000.0,27056595840.0,-216000000.0,-384000000.0,-127000000.0,-373000000.0,-1128000000.0,-1716000000.0,-1176000000.0,1329000000.0,2672000000.0,0.0,1314000000.0,1304000000.0,1304000000.0,-1082000000.0,0.0,0.408,873000000.0,928000000.0,1315000000.0,0.855,1.635,20.749,20.674,29459000000.0,10000000.0,87.45,8.46,8.459,2071000000.0,5405000000.0,3198000000.0,3198000000.0,0.0,0.024,0.08,0.026,0.482,0.0,0.0,1.0,309395035.0,309333000,321000000.0,10.338,47635000000.0,0.0,32000000.0,5805000000.0,153.993,-892000000.0
62,DUK,MRT,2005-12-31,2005-12-31,2005-12-31,2021-08-25,716000000.0,54723000000.0,54989750000.0,7957000000.0,46766000000.0,0.126,52.802,-2327000000.0,511000000.0,511000000.0,4448000000.0,1824000000.0,0.945,2.329,16030000000.0,1483000000.0,14547000000.0,16030000000.0,0.0,1884000000.0,0.0,0.043,3.51,2580000000.0,4464000000.0,0.646,4464000000.0,2580000000.0,2199000000.0,5.82,5.64,5.82,16439000000.0,16279500000.0,16439000000.0,41196713326.0,16.0,9.229,491000000.0,1.577,1.0,2458000000.0,0.356,3840000000.0,381000000.0,57984000000.0,59852750000.0,863000000.0,3984000000.0,632000000.0,3352000000.0,38284000000.0,8418000000.0,29866000000.0,25461713326.0,-22000000.0,-294000000.0,-892000000.0,-638000000.0,-1105000000.0,-2717000000.0,-126000000.0,2233000000.0,2818000000.0,0.0,1824000000.0,1812000000.0,1812000000.0,-935000000.0,0.0,0.262,1193000000.0,1265000000.0,2431000000.0,0.603,1.549,14.052,14.149,29200000000.0,12000000.0,82.35,3.687,3.712,2580000000.0,5277000000.0,6906000000.0,6906000000.0,0.0,0.033,0.111,0.043,0.374,0.0,0.0,1.0,309188990.0,311333000,323333000.0,22.182,50883000000.0,0.0,375000000.0,5724000000.0,163.436,-461000000.0
63,DUK,MRT,2005-09-30,2005-09-30,2005-09-30,2021-08-25,540000000.0,53333000000.0,55251500000.0,8109000000.0,45224000000.0,0.33,51.557,-2237000000.0,377000000.0,377000000.0,13204000000.0,1576000000.0,1.074,2.351,16112000000.0,1050000000.0,15062000000.0,16112000000.0,0.0,1976000000.0,0.0,0.039,3.405,3924000000.0,5900000000.0,0.324,5900000000.0,3924000000.0,2813000000.0,4.95,4.8,4.95,15914000000.0,16280000000.0,15914000000.0,44381621805.0,11.0,7.522,932000000.0,3.019,1.0,5015000000.0,0.275,3773000000.0,1111000000.0,57743000000.0,60961500000.0,879000000.0,5089000000.0,1062000000.0,4027000000.0,37419000000.0,7552000000.0,29867000000.0,27022621805.0,-417000000.0,-293000000.0,-141000000.0,-2661000000.0,-1079000000.0,-4043000000.0,453000000.0,2556000000.0,3169000000.0,0.0,1576000000.0,1567000000.0,1567000000.0,833000000.0,0.0,0.086,1452000000.0,3563000000.0,1307000000.0,0.688,1.698,17.245,17.679,28600000000.0,9000000.0,87.51,1.483,1.483,2131000000.0,5014000000.0,18219000000.0,18219000000.0,0.0,0.028,0.096,0.064,0.215,0.0,0.0,1.0,308794673.0,308667000,321333000.0,59.025,49560000000.0,0.0,1237000000.0,5930000000.0,160.561,557000000.0
64,DUK,MRT,2005-06-30,2005-06-30,2005-06-30,2021-08-25,944000000.0,55995000000.0,55603000000.0,7962000000.0,48033000000.0,0.365,52.689,-2108000000.0,1009000000.0,1009000000.0,15203000000.0,1924000000.0,1.021,2.439,18368000000.0,2009000000.0,16359000000.0,18368000000.0,0.0,2175000000.0,0.0,0.037,3.3,4033000000.0,6208000000.0,0.306,6208000000.0,4033000000.0,2821000000.0,6.06,5.88,6.06,16281000000.0,16123500000.0,16281000000.0,45140164795.0,11.0,7.271,1717000000.0,5.557,1.0,5069000000.0,0.25,4106000000.0,1212000000.0,61449000000.0,61476250000.0,957000000.0,3874000000.0,1040000000.0,2834000000.0,39714000000.0,7799000000.0,31915000000.0,27551164795.0,-3000000.0,0.0,-124000000.0,-3299000000.0,-1061000000.0,-4746000000.0,918000000.0,2574000000.0,3825000000.0,0.0,1924000000.0,1916000000.0,1916000000.0,-58000000.0,0.0,0.095,2134000000.0,2935000000.0,2224000000.0,0.545,1.692,14.38,14.718,33390000000.0,8000000.0,89.19,1.359,1.359,2905000000.0,4962000000.0,20272000000.0,20272000000.0,0.0,0.034,0.119,0.066,0.199,0.0,0.0,1.0,308904191.0,309000000,321333000.0,65.605,51889000000.0,0.0,897000000.0,6330000000.0,167.926,163000000.0
65,DUK,MRT,2005-03-31,2005-03-31,2005-03-31,2021-08-25,899000000.0,55908000000.0,55311000000.0,8277000000.0,47631000000.0,0.367,51.836,-2072000000.0,1001000000.0,1001000000.0,15273000000.0,2047000000.0,1.162,2.392,18590000000.0,1656000000.0,16934000000.0,18590000000.0,0.0,2111000000.0,0.0,0.039,3.3,4174000000.0,6285000000.0,0.309,6285000000.0,4174000000.0,2921000000.0,6.45,6.27,6.45,16484000000.0,15692000000.0,16484000000.0,45123898413.0,11.0,7.18,1903000000.0,5.984,1.0,5041000000.0,0.248,4141000000.0,1253000000.0,62235000000.0,61519250000.0,747000000.0,3749000000.0,1064000000.0,2685000000.0,39424000000.0,7121000000.0,32303000000.0,26824898413.0,367000000.0,0.0,825000000.0,-3575000000.0,-1066000000.0,-4122000000.0,445000000.0,2024000000.0,3975000000.0,0.0,2047000000.0,2038000000.0,2038000000.0,-103000000.0,0.0,0.1,2104000000.0,2937000000.0,2304000000.0,0.512,1.627,13.162,13.028,33391000000.0,9000000.0,84.03,1.321,1.315,3202000000.0,5149000000.0,20314000000.0,20314000000.0,0.0,0.037,0.13,0.068,0.205,0.0,0.0,1.0,319230018.0,318000000,330000000.0,63.881,51767000000.0,0.0,874000000.0,5981000000.0,162.789,1156000000.0
66,DUK,MRT,2004-12-31,2004-12-31,2004-12-31,2021-08-25,650000000.0,55770000000.0,55171750000.0,7918000000.0,47852000000.0,0.355,52.979,-2161000000.0,533000000.0,533000000.0,14627000000.0,1490000000.0,1.055,2.392,18832000000.0,1900000000.0,16932000000.0,18832000000.0,0.0,2037000000.0,0.0,0.043,3.3,3279000000.0,5316000000.0,0.271,5316000000.0,3279000000.0,1997000000.0,4.77,4.62,4.77,16441000000.0,15065500000.0,16441000000.0,41553418540.0,13.0,7.817,2007000000.0,6.467,1.0,4969000000.0,0.254,4148000000.0,1282000000.0,62419000000.0,61981500000.0,942000000.0,3971000000.0,1319000000.0,2652000000.0,39329000000.0,7502000000.0,31827000000.0,23758418540.0,136000000.0,0.0,1704000000.0,-3560000000.0,-1065000000.0,-3278000000.0,-793000000.0,742000000.0,4168000000.0,0.0,1490000000.0,1481000000.0,1481000000.0,-244000000.0,0.0,0.076,2230000000.0,2739000000.0,2414000000.0,0.692,1.445,16.042,15.931,33806000000.0,9000000.0,75.99,1.212,1.203,3184000000.0,4539000000.0,19596000000.0,19596000000.0,0.0,0.027,0.098,0.053,0.167,0.0,0.0,1.0,312651909.0,310333000,322000000.0,63.145,51622000000.0,0.0,507000000.0,5655000000.0,166.344,416000000.0
67,DUK,MRT,2004-09-30,2004-09-30,2004-09-30,2021-08-25,360000000.0,54739000000.0,55535500000.0,8648000000.0,46091000000.0,0.31,48.895,-1906000000.0,2858000000.0,2858000000.0,12853000000.0,-889000000.0,0.991,2.581,20653000000.0,3552000000.0,17101000000.0,20653000000.0,0.0,2018000000.0,0.0,0.048,3.3,287000000.0,2305000000.0,0.134,2305000000.0,287000000.0,-1037000000.0,-3.63,-3.72,-3.63,15288000000.0,14392250000.0,15288000000.0,39922847216.0,139.0,17.32,2511000000.0,8.031,1.0,4361000000.0,0.253,4002000000.0,1324000000.0,59802000000.0,63144250000.0,894000000.0,2799000000.0,0.0,2799000000.0,39451000000.0,8730000000.0,30721000000.0,21465847216.0,-464000000.0,0.0,1011000000.0,-2800000000.0,-1063000000.0,-3026000000.0,-1838000000.0,-530000000.0,4417000000.0,0.0,-889000000.0,-898000000.0,-898000000.0,1013000000.0,0.0,-0.052,3407000000.0,954000000.0,1742000000.0,-0.909,1.404,-23.904,-18.917,32856000000.0,9000000.0,68.67,1.247,1.247,2720000000.0,4435000000.0,17214000000.0,17214000000.0,0.0,-0.016,-0.062,0.005,0.017,0.0,0.0,1.0,312594251.0,312667000,324333000.0,55.055,50737000000.0,0.0,-148000000.0,5320000000.0,162.272,-82000000.0
68,DUK,MRT,2004-06-30,2004-06-30,2004-06-30,2021-08-25,10000000.0,54827000000.0,56862750000.0,8578000000.0,46249000000.0,0.311,47.154,-1962000000.0,2696000000.0,2696000000.0,13674000000.0,-1229000000.0,1.099,2.767,21153000000.0,1972000000.0,19181000000.0,21153000000.0,0.0,1958000000.0,0.0,0.054,3.3,-176000000.0,1782000000.0,0.101,1782000000.0,-176000000.0,-1546000000.0,-4.71,-4.77,-4.71,14555000000.0,14553250000.0,14555000000.0,38860986418.0,-221.0,21.808,1989000000.0,6.444,1.0,4008000000.0,0.227,3855000000.0,1370000000.0,61621000000.0,65794250000.0,837000000.0,2803000000.0,0.0,2803000000.0,40272000000.0,7808000000.0,32464000000.0,18562986418.0,6000000.0,0.0,1074000000.0,-1841000000.0,-1053000000.0,-2043000000.0,-1887000000.0,-380000000.0,3951000000.0,0.0,-1229000000.0,-1239000000.0,-1239000000.0,977000000.0,0.0,-0.07,3688000000.0,320000000.0,2112000000.0,-0.701,1.275,-14.982,-12.924,32730000000.0,10000000.0,60.87,1.05,1.063,2982000000.0,4053000000.0,17682000000.0,17682000000.0,0.0,-0.022,-0.085,-0.003,-0.01,0.0,0.0,1.0,304961170.0,308667000,320333000.0,57.285,50972000000.0,0.0,-317000000.0,4872000000.0,165.136,770000000.0
69,DUK,MRT,2004-03-31,2004-03-31,2004-03-31,2021-08-25,259000000.0,55351000000.0,59200500000.0,7525000000.0,47826000000.0,0.296,45.98,-2083000000.0,1500000000.0,1500000000.0,13608000000.0,-1237000000.0,0.986,2.96,21798000000.0,1764000000.0,20034000000.0,21798000000.0,0.0,1979000000.0,0.0,0.049,3.3,-134000000.0,1845000000.0,0.105,1845000000.0,-134000000.0,-1493000000.0,-4.71,-4.74,-4.71,13978000000.0,14841500000.0,13978000000.0,41423277320.0,-309.0,22.452,924000000.0,3.039,1.0,3910000000.0,0.223,3932000000.0,1359000000.0,64084000000.0,68134500000.0,663000000.0,2954000000.0,0.0,2954000000.0,41373000000.0,7633000000.0,33740000000.0,20631277320.0,1000000.0,0.0,256000000.0,-1643000000.0,-1058000000.0,-2356000000.0,-564000000.0,1152000000.0,3007000000.0,0.0,-1237000000.0,-1251000000.0,-1251000000.0,980000000.0,0.0,-0.071,3691000000.0,219000000.0,2000000000.0,-0.701,1.476,-16.492,-14.395,32936000000.0,14000000.0,67.8,1.178,1.177,2689000000.0,4121000000.0,17518000000.0,17518000000.0,0.0,-0.021,-0.084,-0.002,-0.008,0.0,0.0,1.0,304296126.0,304000000,315667000.0,57.625,51419000000.0,0.0,-256000000.0,4733000000.0,169.141,-108000000.0
70,DUK,MRT,2003-12-31,2003-12-31,2003-12-31,2021-08-25,169000000.0,57225000000.0,61174000000.0,7675000000.0,49550000000.0,0.295,45.674,-2260000000.0,397000000.0,397000000.0,13939000000.0,-1323000000.0,0.991,3.162,21952000000.0,1330000000.0,20622000000.0,21952000000.0,0.0,1987000000.0,0.0,0.054,3.3,-87000000.0,1900000000.0,0.105,1900000000.0,-87000000.0,-1417000000.0,-4.44,-4.44,-4.44,13748000000.0,15167500000.0,13748000000.0,40772051834.0,-469.0,21.459,1144000000.0,3.801,1.0,4082000000.0,0.227,3962000000.0,1330000000.0,67070000000.0,69394000000.0,941000000.0,3774000000.0,763000000.0,3011000000.0,43477000000.0,7748000000.0,35729000000.0,18559051834.0,16000000.0,0.0,277000000.0,-1792000000.0,-1051000000.0,-2657000000.0,-676000000.0,1376000000.0,3404000000.0,0.0,-1323000000.0,-1338000000.0,-1338000000.0,1232000000.0,0.0,-0.074,3347000000.0,735000000.0,2317000000.0,-0.743,1.35,-13.871,-13.818,33848000000.0,15000000.0,61.35,1.03,1.025,2953000000.0,4060000000.0,18021000000.0,18021000000.0,0.0,-0.022,-0.088,-0.001,-0.005,0.0,0.0,1.0,302511032.0,301000000,301333000.0,59.87,53263000000.0,0.0,-94000000.0,4299000000.0,176.953,-73000000.0
71,DUK,MRT,2003-09-30,2003-09-30,2003-09-30,2021-08-25,148000000.0,60048000000.0,61898250000.0,9271000000.0,50777000000.0,0.353,52.813,-2299000000.0,1751000000.0,1751000000.0,17149000000.0,646000000.0,1.16,2.769,23964000000.0,1477000000.0,22487000000.0,23964000000.0,0.0,1916000000.0,0.0,0.062,3.3,2449000000.0,4365000000.0,0.2,4365000000.0,2449000000.0,1112000000.0,2.52,2.55,2.52,15932000000.0,15466500000.0,15932000000.0,38559432123.0,16.0,8.834,1125000000.0,3.729,1.0,4675000000.0,0.214,3870000000.0,1337000000.0,70402000000.0,69961250000.0,1279000000.0,1848000000.0,0.0,1848000000.0,44116000000.0,7989000000.0,36127000000.0,16107432123.0,785000000.0,0.0,1272000000.0,-1183000000.0,-1027000000.0,-1035000000.0,-1604000000.0,629000000.0,3424000000.0,0.0,646000000.0,630000000.0,630000000.0,199000000.0,0.0,0.029,2386000000.0,2289000000.0,2331000000.0,1.31,1.011,25.567,21.202,37497000000.0,16000000.0,53.43,0.738,0.739,3102000000.0,6336000000.0,21824000000.0,21824000000.0,0.0,0.01,0.041,0.035,0.112,0.0,0.0,1.0,301467942.0,301667000,302333000.0,72.345,56178000000.0,0.0,466000000.0,5786000000.0,186.225,1282000000.0
72,DUK,MRT,2003-06-30,2003-06-30,2003-06-30,2021-08-25,5000000.0,64178000000.0,62598000000.0,12535000000.0,51643000000.0,0.324,52.244,-2858000000.0,1482000000.0,1482000000.0,15631000000.0,827000000.0,1.053,3.086,23934000000.0,1673000000.0,22261000000.0,23934000000.0,0.0,1875000000.0,0.0,0.055,3.3,2699000000.0,4574000000.0,0.226,4574000000.0,2699000000.0,1423000000.0,3.18,3.21,3.18,15708000000.0,15015750000.0,15708000000.0,40635910021.0,15.0,8.884,1619000000.0,5.385,1.0,4626000000.0,0.228,3747000000.0,1276000000.0,70982000000.0,69683000000.0,1179000000.0,2160000000.0,0.0,2160000000.0,48470000000.0,11901000000.0,36569000000.0,17977910021.0,919000000.0,0.0,1262000000.0,-1378000000.0,-1003000000.0,-1113000000.0,-2445000000.0,410000000.0,4477000000.0,0.0,827000000.0,811000000.0,811000000.0,243000000.0,0.0,0.04,2009000000.0,2617000000.0,5259000000.0,1.038,1.145,22.168,18.821,37734000000.0,16000000.0,59.85,0.887,0.888,6111000000.0,6314000000.0,20257000000.0,20257000000.0,0.0,0.013,0.054,0.039,0.133,0.0,0.0,1.0,300382791.0,300667000,301000000.0,67.374,60431000000.0,0.0,596000000.0,5981000000.0,200.99,634000000.0
73,DUK,MRT,2003-03-31,2003-03-31,2003-03-31,2021-08-25,-421000000.0,63245000000.0,62851500000.0,12888000000.0,50357000000.0,0.298,51.11,-4240000000.0,1109000000.0,1109000000.0,13961000000.0,877000000.0,0.988,3.139,23767000000.0,1879000000.0,21888000000.0,23767000000.0,0.0,1797000000.0,0.0,0.076,3.3,2750000000.0,4547000000.0,0.243,4547000000.0,2750000000.0,1525000000.0,3.51,3.51,3.51,15282000000.0,14810500000.0,15282000000.0,36064454442.0,13.0,7.931,606000000.0,2.027,1.0,4761000000.0,0.254,3730000000.0,1225000000.0,69122000000.0,69354000000.0,946000000.0,2573000000.0,0.0,2573000000.0,47963000000.0,13051000000.0,34912000000.0,13046454442.0,482000000.0,-40000000.0,1326000000.0,-744000000.0,-974000000.0,-248000000.0,-4116000000.0,17000000.0,4846000000.0,0.0,877000000.0,864000000.0,864000000.0,266000000.0,0.0,0.046,1908000000.0,2853000000.0,6559000000.0,0.94,0.854,15.1,12.427,36930000000.0,13000000.0,43.62,0.697,0.697,7422000000.0,6387000000.0,18722000000.0,18722000000.0,0.0,0.014,0.058,0.04,0.147,0.0,0.0,1.0,299093408.0,299000000,299000000.0,62.615,59515000000.0,0.0,648000000.0,5459000000.0,199.047,-163000000.0
74,DUK,MRT,2002-12-31,2002-12-31,2002-12-31,2021-08-25,-709000000.0,60122000000.0,62676750000.0,9737000000.0,50385000000.0,0.253,53.627,-4745000000.0,874000000.0,874000000.0,11388000000.0,1034000000.0,0.97,3.023,23875000000.0,2246000000.0,21629000000.0,23875000000.0,0.0,1692000000.0,0.0,0.056,3.3,2742000000.0,4434000000.0,0.28,4434000000.0,2742000000.0,1645000000.0,3.66,3.66,3.66,14944000000.0,14706500000.0,14944000000.0,41240711490.0,15.0,9.301,-546000000.0,-1.959,1.0,4472000000.0,0.282,3747000000.0,1097000000.0,69339000000.0,69145750000.0,971000000.0,4044000000.0,0.0,4044000000.0,45178000000.0,10037000000.0,35141000000.0,17421711490.0,91000000.0,-1707000000.0,1323000000.0,2210000000.0,-938000000.0,2846000000.0,-6954000000.0,-602000000.0,4199000000.0,0.0,1034000000.0,1021000000.0,1021000000.0,261000000.0,0.0,0.064,1838000000.0,2634000000.0,3637000000.0,0.902,1.166,17.063,16.016,36102000000.0,13000000.0,58.62,1.098,1.03,4861000000.0,6417000000.0,15860000000.0,15860000000.0,0.0,0.016,0.069,0.04,0.173,0.0,0.0,1.0,297197398.0,278667000,278667000.0,56.914,56375000000.0,0.0,611000000.0,5166000000.0,202.302,-300000000.0
75,DUK,MRT,2002-09-30,2002-09-30,2002-09-30,2021-08-25,-763000000.0,62847000000.0,59779000000.0,11537000000.0,51310000000.0,0.237,50.824,-6037000000.0,473000000.0,473000000.0,10659000000.0,1311000000.0,0.859,3.448,24292000000.0,3305000000.0,20987000000.0,24292000000.0,0.0,1570000000.0,0.0,0.056,3.3,2870000000.0,4440000000.0,0.313,4440000000.0,2870000000.0,1930000000.0,4.41,4.41,4.41,14129000000.0,14142750000.0,14129000000.0,39633662294.0,14.0,8.927,-2946000000.0,-10.597,1.0,3518000000.0,0.248,3942000000.0,940000000.0,69289000000.0,64726250000.0,1166000000.0,2805000000.0,0.0,2805000000.0,48718000000.0,13435000000.0,35283000000.0,16288662294.0,-144000000.0,-1707000000.0,315000000.0,4020000000.0,-917000000.0,3334000000.0,-6569000000.0,1104000000.0,3091000000.0,0.0,1311000000.0,1299000000.0,1299000000.0,5000000.0,0.0,0.092,1148000000.0,2370000000.0,4441000000.0,0.748,1.153,12.539,13.299,36331000000.0,12000000.0,58.65,1.149,1.15,5958000000.0,6716000000.0,14177000000.0,14177000000.0,0.0,0.022,0.092,0.044,0.202,0.0,0.0,1.0,277726552.0,278000000,278000000.0,50.996,58905000000.0,0.0,619000000.0,5344000000.0,211.888,-1898000000.0
76,DUK,MRT,2002-06-30,2002-06-30,2002-06-30,2021-08-25,150000000.0,65192000000.0,56683000000.0,12103000000.0,53089000000.0,0.263,53.744,-6636000000.0,87000000.0,87000000.0,10504000000.0,1877000000.0,0.821,3.379,23432000000.0,3706000000.0,19726000000.0,23432000000.0,0.0,1521000000.0,0.0,0.035,3.3,3685000000.0,5206000000.0,0.349,5206000000.0,3685000000.0,2868000000.0,6.66,6.63,6.66,14887000000.0,13735750000.0,14887000000.0,48567055204.0,13.0,9.329,-3552000000.0,-12.823,1.0,4420000000.0,0.296,4125000000.0,817000000.0,69666000000.0,59764750000.0,1174000000.0,2897000000.0,0.0,2897000000.0,50305000000.0,14746000000.0,35559000000.0,25807055204.0,-1154000000.0,-1707000000.0,305000000.0,4251000000.0,-911000000.0,3571000000.0,-7809000000.0,701000000.0,3084000000.0,0.0,1877000000.0,1864000000.0,1864000000.0,5000000.0,0.0,0.125,1094000000.0,3326000000.0,5254000000.0,0.495,1.734,13.845,14.009,36384000000.0,13000000.0,93.3,1.729,1.732,6597000000.0,6553000000.0,14924000000.0,14924000000.0,0.0,0.033,0.136,0.062,0.247,0.0,0.0,1.0,276602950.0,277000000,277000000.0,53.877,61067000000.0,0.0,991000000.0,5735000000.0,220.458,-2643000000.0
77,DUK,MRT,2002-03-31,2002-03-31,2002-03-31,2021-08-25,307000000.0,62546000000.0,52939750000.0,11694000000.0,50852000000.0,0.508,56.596,-6251000000.0,151000000.0,151000000.0,22500000000.0,1822000000.0,0.904,3.207,22911000000.0,3181000000.0,19730000000.0,22911000000.0,0.0,1472000000.0,0.0,0.029,3.3,3547000000.0,5019000000.0,0.187,5019000000.0,3547000000.0,2802000000.0,6.57,6.54,6.57,14866000000.0,13037250000.0,14866000000.0,44730940117.0,13.0,8.912,-1701000000.0,-6.476,1.0,4387000000.0,0.163,4085000000.0,745000000.0,68289000000.0,54434500000.0,1149000000.0,2695000000.0,0.0,2695000000.0,47680000000.0,12932000000.0,34748000000.0,29415940117.0,-338000000.0,-1667000000.0,316000000.0,3858000000.0,-885000000.0,2893000000.0,-7781000000.0,-139000000.0,4550000000.0,0.0,1822000000.0,1809000000.0,1809000000.0,5000000.0,0.0,0.067,1084000000.0,3303000000.0,4234000000.0,0.502,1.979,16.261,17.26,35304000000.0,13000000.0,113.4,1.094,1.108,5647000000.0,6475000000.0,26887000000.0,26887000000.0,0.0,0.034,0.139,0.065,0.132,0.0,0.0,1.0,259399825.0,262667000,262667000.0,102.362,58461000000.0,0.0,980000000.0,5399000000.0,222.567,-1238000000.0
78,DUK,MRT,2001-12-31,2001-12-31,2001-12-31,2021-08-25,180000000.0,48531000000.0,50044500000.0,9601000000.0,38930000000.0,0.359,49.631,-5700000000.0,290000000.0,290000000.0,13073000000.0,1898000000.0,0.918,2.825,15605000000.0,1877000000.0,13728000000.0,15605000000.0,0.0,1450000000.0,0.0,0.028,3.3,3807000000.0,5257000000.0,0.293,5257000000.0,3807000000.0,3047000000.0,7.35,7.32,7.35,12689000000.0,11872500000.0,12689000000.0,44602393810.0,12.0,8.484,-1951000000.0,-7.631,1.0,4873000000.0,0.272,1730000000.0,760000000.0,51661000000.0,49439500000.0,1017000000.0,2056000000.0,0.0,2056000000.0,35842000000.0,10455000000.0,25387000000.0,30471393810.0,-332000000.0,0.0,1432000000.0,1129000000.0,-871000000.0,1354000000.0,-5435000000.0,-150000000.0,3749000000.0,0.0,1898000000.0,1884000000.0,1884000000.0,5000000.0,0.0,0.105,1056000000.0,3817000000.0,4231000000.0,0.449,2.401,16.174,16.024,28415000000.0,14000000.0,117.78,1.698,1.678,5301000000.0,6292000000.0,17946000000.0,17946000000.0,0.0,0.038,0.159,0.077,0.212,0.0,0.0,1.0,258714500.0,255667000,255667000.0,70.193,46801000000.0,0.0,1149000000.0,4939000000.0,183.055,-854000000.0
79,DUK,MRT,2001-09-30,2001-09-30,2001-09-30,2021-08-25,-26000000.0,50463000000.0,52469750000.0,13125000000.0,37338000000.0,0.348,48.391,-5119000000.0,617000000.0,617000000.0,13379000000.0,1957000000.0,0.97,3.037,14748000000.0,1211000000.0,13537000000.0,14748000000.0,0.0,2497000000.0,0.0,0.029,3.3,3928000000.0,6425000000.0,0.352,6425000000.0,3928000000.0,3081000000.0,8.04,7.95,8.04,12501000000.0,11214250000.0,12501000000.0,42616115637.0,11.0,6.633,-1072000000.0,-4.15,1.0,4856000000.0,0.266,1625000000.0,847000000.0,49443000000.0,48305750000.0,872000000.0,1794000000.0,0.0,1794000000.0,37962000000.0,13526000000.0,24436000000.0,29332115637.0,-144000000.0,1063000000.0,1482000000.0,425000000.0,-858000000.0,1293000000.0,-5484000000.0,-1370000000.0,4047000000.0,0.0,1957000000.0,1940000000.0,1940000000.0,0.0,0.0,0.106,1106000000.0,3750000000.0,7065000000.0,0.41,2.346,15.12,14.123,26827000000.0,17000000.0,113.55,1.609,1.609,8447000000.0,6354000000.0,18235000000.0,18235000000.0,0.0,0.037,0.173,0.081,0.215,0.0,0.0,1.0,258318940.0,258333000,258333000.0,70.587,48838000000.0,0.0,1124000000.0,5450000000.0,189.051,-401000000.0
80,DUK,MRT,2001-06-30,2001-06-30,2001-06-30,2021-08-25,403000000.0,50219000000.0,52309250000.0,14558000000.0,35661000000.0,0.558,46.933,-4649000000.0,1241000000.0,1241000000.0,24407000000.0,1931000000.0,1.074,3.153,14525000000.0,754000000.0,13771000000.0,14525000000.0,0.0,2066000000.0,0.0,0.033,3.919,3986000000.0,6052000000.0,0.207,6052000000.0,3986000000.0,3073000000.0,8.1,8.01,8.1,12093000000.0,10573750000.0,12093000000.0,44152632827.0,11.0,7.296,-1123000000.0,-4.358,1.0,4790000000.0,0.164,1597000000.0,913000000.0,48345000000.0,47222750000.0,875000000.0,1962000000.0,0.0,1962000000.0,38126000000.0,13561000000.0,24565000000.0,30112632827.0,826000000.0,1063000000.0,1481000000.0,-229000000.0,-834000000.0,1435000000.0,-4135000000.0,-1172000000.0,3526000000.0,0.0,1931000000.0,1914000000.0,1914000000.0,0.0,0.0,0.066,1031000000.0,3759000000.0,7294000000.0,0.484,2.49,15.733,14.448,25561000000.0,17000000.0,117.03,1.031,1.033,8310000000.0,5558000000.0,29197000000.0,29197000000.0,0.0,0.037,0.181,0.084,0.137,0.0,0.0,1.0,257306954.0,257667000,257667000.0,113.313,48622000000.0,0.0,1142000000.0,4943000000.0,188.701,997000000.0
81,DUK,MRT,2001-03-31,2001-03-31,2001-03-31,2021-08-25,-1360000000.0,50965000000.0,50863250000.0,15092000000.0,35873000000.0,0.483,41.102,-3885000000.0,489000000.0,489000000.0,19861000000.0,1841000000.0,0.994,3.993,14529000000.0,850000000.0,13679000000.0,14529000000.0,0.0,1402000000.0,0.0,0.031,3.919,3877000000.0,5279000000.0,0.215,5279000000.0,3877000000.0,2938000000.0,7.8,7.74,7.8,10207000000.0,9886750000.0,10207000000.0,44868884698.0,12.0,8.5,-2043000000.0,-8.227,1.0,4682000000.0,0.191,1514000000.0,939000000.0,48309000000.0,45653250000.0,657000000.0,1737000000.0,0.0,1737000000.0,40758000000.0,15182000000.0,25576000000.0,31525884698.0,114000000.0,1063000000.0,1363000000.0,2097000000.0,-830000000.0,2377000000.0,-4105000000.0,-1212000000.0,1842000000.0,0.0,1841000000.0,1823000000.0,1823000000.0,0.0,0.0,0.074,1009000000.0,3673000000.0,7602000000.0,0.502,3.089,17.293,16.438,24434000000.0,18000000.0,128.22,1.285,1.297,8194000000.0,5569000000.0,24543000000.0,24543000000.0,0.0,0.036,0.184,0.085,0.158,0.0,0.0,1.0,245873379.0,248333000,248333000.0,98.831,49451000000.0,0.0,1097000000.0,3815000000.0,199.132,-90000000.0
82,DUK,MRT,2000-12-31,2000-12-31,2000-12-31,2021-08-25,-120000000.0,58232000000.0,47242250000.0,22513000000.0,35719000000.0,0.325,40.989,-4568000000.0,622000000.0,622000000.0,11086000000.0,1776000000.0,0.965,4.791,14419000000.0,2296000000.0,12123000000.0,14419000000.0,0.0,1348000000.0,0.0,0.031,3.919,3707000000.0,5055000000.0,0.329,5055000000.0,3707000000.0,2796000000.0,7.17,7.14,7.17,10056000000.0,9645750000.0,10056000000.0,44784058382.0,12.0,8.859,-2557000000.0,-10.423,1.0,4256000000.0,0.277,1566000000.0,911000000.0,47126000000.0,43313250000.0,739000000.0,1849000000.0,0.0,1849000000.0,48176000000.0,23337000000.0,24839000000.0,31441058382.0,9000000.0,1063000000.0,230000000.0,3499000000.0,-828000000.0,2714000000.0,-4716000000.0,-1124000000.0,2011000000.0,0.0,1776000000.0,1757000000.0,1757000000.0,0.0,0.0,0.115,953000000.0,3303000000.0,7733000000.0,0.547,3.127,17.895,17.835,24452000000.0,19000000.0,127.875,2.049,2.045,8648000000.0,5379000000.0,15342000000.0,15342000000.0,0.0,0.037,0.182,0.086,0.242,0.0,0.0,1.0,245873379.0,245333000,245333000.0,62.535,56666000000.0,0.0,1020000000.0,4323000000.0,230.976,-824000000.0
83,DUK,MRT,2000-09-30,2000-09-30,2000-09-30,2021-08-25,-62000000.0,49821000000.0,41036500000.0,16042000000.0,33779000000.0,0.978,40.512,-4356000000.0,761000000.0,761000000.0,36116000000.0,1303000000.0,0.952,4.013,14104000000.0,2122000000.0,11982000000.0,14104000000.0,0.0,315000000.0,0.0,0.03,3.919,2942000000.0,3257000000.0,0.081,3257000000.0,2942000000.0,2076000000.0,7.95,7.89,7.95,9939000000.0,9381250000.0,9939000000.0,45633996376.0,16.0,14.011,-1574000000.0,-6.416,1.0,4012000000.0,0.1,1195000000.0,866000000.0,45111000000.0,40768000000.0,803000000.0,1778000000.0,0.0,1778000000.0,39882000000.0,16858000000.0,23024000000.0,31568996376.0,-292000000.0,-7000000.0,186000000.0,3249000000.0,-827000000.0,2269000000.0,-5343000000.0,-1212000000.0,2782000000.0,0.0,1303000000.0,1284000000.0,1284000000.0,0.0,0.0,0.032,1128000000.0,2884000000.0,7926000000.0,0.493,3.176,24.586,16.183,24046000000.0,19000000.0,128.655,0.787,0.787,8375000000.0,5283000000.0,40128000000.0,40128000000.0,0.0,0.031,0.137,0.072,0.073,0.0,0.0,1.0,245377143.0,245333000,245333000.0,163.565,48626000000.0,0.0,773000000.0,4658000000.0,198.204,-816000000.0
84,DUK,MRT,2000-06-30,2000-06-30,2000-06-30,2021-08-25,-50000000.0,44435000000.0,36668500000.0,12774000000.0,31661000000.0,0.848,38.143,-4784000000.0,415000000.0,415000000.0,27790000000.0,974000000.0,0.839,3.755,14480000000.0,4172000000.0,10308000000.0,14480000000.0,0.0,609000000.0,0.0,0.039,3.3,2294000000.0,2903000000.0,0.093,2903000000.0,2294000000.0,1532000000.0,6.63,6.585,6.63,9345000000.0,9222750000.0,9345000000.0,32567481343.0,14.0,11.219,-2526000000.0,-10.31,1.0,3323000000.0,0.107,1213000000.0,762000000.0,42067000000.0,38268250000.0,750000000.0,1728000000.0,0.0,1728000000.0,35090000000.0,15220000000.0,19870000000.0,20717481343.0,115000000.0,0.0,172000000.0,5447000000.0,-825000000.0,3622000000.0,-5765000000.0,-1049000000.0,2258000000.0,0.0,974000000.0,954000000.0,954000000.0,0.0,0.0,0.031,1074000000.0,2249000000.0,4878000000.0,0.498,2.217,21.716,12.756,23386000000.0,20000000.0,84.57,0.666,0.666,5595000000.0,4714000000.0,31113000000.0,31113000000.0,0.0,0.026,0.103,0.06,0.074,0.0,0.0,1.0,244974357.0,245000000,245000000.0,126.992,43222000000.0,0.0,558000000.0,4158000000.0,176.416,-2446000000.0
85,DUK,MRT,2000-03-31,2000-03-31,2000-03-31,2021-08-25,-3000000.0,36481000000.0,32948750000.0,6463000000.0,30018000000.0,0.755,37.83,-4611000000.0,375000000.0,375000000.0,21889000000.0,933000000.0,0.777,2.947,12225000000.0,1858000000.0,10367000000.0,12225000000.0,0.0,1184000000.0,0.0,0.042,3.3,2081000000.0,3265000000.0,0.131,3265000000.0,2081000000.0,1427000000.0,6.465,6.42,6.465,9243000000.0,9104250000.0,9243000000.0,29507199170.0,14.0,9.037,-2286000000.0,-9.356,1.0,2989000000.0,0.12,1065000000.0,654000000.0,38949000000.0,35420500000.0,616000000.0,1669000000.0,0.0,1669000000.0,27238000000.0,8317000000.0,18921000000.0,19251199170.0,-208000000.0,0.0,165000000.0,3171000000.0,-823000000.0,2573000000.0,-5106000000.0,-749000000.0,2325000000.0,0.0,933000000.0,913000000.0,913000000.0,0.0,0.0,0.037,1003000000.0,1986000000.0,2821000000.0,0.51,2.083,21.086,12.181,23091000000.0,20000000.0,78.75,0.774,0.773,3516000000.0,4588000000.0,24878000000.0,24878000000.0,0.0,0.028,0.1,0.059,0.084,0.0,0.0,1.0,244459672.0,244333000,244333000.0,101.82,35416000000.0,0.0,494000000.0,4354000000.0,144.95,-1854000000.0
86,DUK,MRT,1999-12-31,1999-12-31,1999-12-31,2021-08-25,-2000000.0,33409000000.0,31006250000.0,6171000000.0,27238000000.0,0.702,37.029,-5291000000.0,613000000.0,613000000.0,18979000000.0,1507000000.0,1.05,2.713,10869000000.0,782000000.0,10087000000.0,10869000000.0,0.0,1151000000.0,0.0,0.044,3.3,2561000000.0,3712000000.0,0.171,3712000000.0,2561000000.0,1960000000.0,6.12,6.09,6.12,8998000000.0,9035250000.0,8998000000.0,27787692199.0,11.0,7.486,-2607000000.0,-10.728,1.0,2787000000.0,0.128,844000000.0,601000000.0,36945000000.0,33224750000.0,599000000.0,1453000000.0,0.0,1453000000.0,24411000000.0,5876000000.0,18535000000.0,18331692199.0,533000000.0,1900000000.0,162000000.0,2258000000.0,-822000000.0,1600000000.0,-3751000000.0,-513000000.0,2684000000.0,0.0,1507000000.0,1487000000.0,1487000000.0,0.0,0.0,0.068,968000000.0,1819000000.0,2312000000.0,0.539,2.037,12.328,12.287,20995000000.0,20000000.0,75.195,0.842,0.839,3248000000.0,4397000000.0,21766000000.0,21766000000.0,0.0,0.048,0.165,0.077,0.118,0.0,0.0,1.0,243788712.0,243000000,243000000.0,89.572,32565000000.0,0.0,453000000.0,4312000000.0,134.012,295000000.0
87,DUK,MRT,1999-09-30,1999-09-30,1999-09-30,2021-08-25,0.0,32349000000.0,29355500000.0,6272000000.0,26077000000.0,0.674,38.24,-5095000000.0,1060000000.0,1060000000.0,16307000000.0,1920000000.0,1.051,2.477,10516000000.0,1020000000.0,9496000000.0,10516000000.0,0.0,1082000000.0,0.0,0.04,3.3,3202000000.0,4284000000.0,0.217,4284000000.0,3202000000.0,2668000000.0,5.115,5.085,5.115,9305000000.0,8823250000.0,9305000000.0,28081341100.0,9.0,6.555,-2731000000.0,-11.223,1.0,3473000000.0,0.176,727000000.0,534000000.0,35112000000.0,31334250000.0,590000000.0,1542000000.0,0.0,1542000000.0,23044000000.0,5966000000.0,17078000000.0,20116341100.0,605000000.0,1907000000.0,191000000.0,1975000000.0,-820000000.0,1217000000.0,-2976000000.0,0.0,2364000000.0,0.0,1920000000.0,1900000000.0,1900000000.0,0.0,0.0,0.096,929000000.0,2544000000.0,2538000000.0,0.645,2.162,10.588,16.167,20173000000.0,20000000.0,82.695,1.017,1.017,3580000000.0,4786000000.0,19780000000.0,19780000000.0,0.0,0.065,0.215,0.102,0.162,0.0,0.0,1.0,243259461.0,243333000,243333000.0,81.288,31622000000.0,0.0,748000000.0,4891000000.0,129.954,306000000.0
88,DUK,MRT,1999-06-30,1999-06-30,1999-06-30,2021-08-25,0.0,29556000000.0,27814225000.0,5396000000.0,24160000000.0,0.662,36.556,-4580000000.0,300000000.0,300000000.0,14978000000.0,1907000000.0,0.868,2.332,8265000000.0,1021000000.0,7244000000.0,8265000000.0,0.0,1069000000.0,0.0,0.04,3.3,3166000000.0,4235000000.0,0.23,4235000000.0,3166000000.0,2646000000.0,5.085,5.055,5.085,8871000000.0,8508200000.0,8871000000.0,27415387224.0,9.0,6.474,-2095000000.0,-8.633,1.0,3425000000.0,0.186,628000000.0,520000000.0,30676000000.0,29635350000.0,548000000.0,1452000000.0,0.0,1452000000.0,20685000000.0,6217000000.0,14468000000.0,19828387224.0,233000000.0,1903000000.0,204000000.0,1026000000.0,-818000000.0,362000000.0,-2614000000.0,0.0,2485000000.0,0.0,1907000000.0,1888000000.0,1888000000.0,0.0,0.0,0.103,921000000.0,2504000000.0,1785000000.0,0.649,2.235,10.502,16.059,17736000000.0,19000000.0,81.66,1.077,1.077,2427000000.0,4349000000.0,18403000000.0,18403000000.0,0.0,0.068,0.222,0.107,0.172,0.0,0.0,1.0,242816400.0,242667000,242667000.0,75.836,28928000000.0,0.0,739000000.0,4644000000.0,119.209,-821000000.0
89,DUK,MRT,1999-03-31,1999-03-31,1999-03-31,2021-08-25,0.0,28711000000.0,26782500000.0,5043000000.0,23668000000.0,0.662,37.054,-4199000000.0,583000000.0,583000000.0,14291000000.0,1899000000.0,0.918,2.202,8170000000.0,1086000000.0,7084000000.0,8170000000.0,0.0,1062000000.0,0.0,0.04,3.3,3196000000.0,4258000000.0,0.24,4258000000.0,3196000000.0,2674000000.0,5.07,5.04,5.07,8967000000.0,8185275000.0,8967000000.0,27948922134.0,9.0,6.564,-1835000000.0,-7.583,1.0,3434000000.0,0.194,641000000.0,522000000.0,30166000000.0,28754500000.0,516000000.0,1180000000.0,0.0,1180000000.0,19744000000.0,5491000000.0,14253000000.0,19921922134.0,523000000.0,1903000000.0,233000000.0,1045000000.0,-816000000.0,433000000.0,-2274000000.0,0.0,2364000000.0,0.0,1899000000.0,1879000000.0,1879000000.0,0.0,0.0,0.106,912000000.0,2522000000.0,1541000000.0,0.651,2.222,10.602,16.216,17542000000.0,20000000.0,82.215,1.124,1.122,2323000000.0,4463000000.0,17725000000.0,17725000000.0,0.0,0.07,0.23,0.111,0.18,0.0,0.0,1.0,242314932.0,242000000,242000000.0,73.244,28070000000.0,0.0,775000000.0,4732000000.0,115.992,-448000000.0
90,DUK,MRT,1998-12-31,1998-12-31,1998-12-31,2021-08-25,0.0,26806000000.0,25598400000.0,4843000000.0,21963000000.0,0.69,33.864,-2500000000.0,80000000.0,80000000.0,14268000000.0,1252000000.0,0.977,2.289,8107000000.0,916000000.0,7191000000.0,8107000000.0,0.0,1055000000.0,0.0,0.034,3.3,2543000000.0,3598000000.0,0.204,3598000000.0,2543000000.0,2029000000.0,5.16,5.13,5.16,8150000000.0,7859600000.0,8150000000.0,30045630289.0,12.0,8.351,-169000000.0,-0.702,1.0,3394000000.0,0.192,495000000.0,514000000.0,29383000000.0,28057325000.0,543000000.0,1146000000.0,0.0,1146000000.0,18656000000.0,4955000000.0,13701000000.0,23188030289.0,-67000000.0,38000000.0,176000000.0,890000000.0,-814000000.0,78000000.0,-2476000000.0,0.0,2331000000.0,0.0,1252000000.0,1231000000.0,1231000000.0,0.0,0.0,0.07,909000000.0,2485000000.0,1754000000.0,0.64,2.845,18.837,18.622,16875000000.0,21000000.0,96.09,1.313,1.309,2318000000.0,3701000000.0,17662000000.0,17662000000.0,0.0,0.048,0.157,0.091,0.144,0.0,0.0,1.0,241315749.0,240667000,240667000.0,73.388,26311000000.0,0.0,777000000.0,4066000000.0,109.325,-112000000.0
91,DUK,MRT,1998-09-30,1998-09-30,1998-09-30,2021-08-25,0.0,26183900000.0,24904150000.0,4687300000.0,21496600000.0,0.723,33.427,-2961600000.0,448200000.0,448200000.0,14730000000.0,1212200000.0,1.111,2.255,7305800000.0,692200000.0,6613600000.0,7305800000.0,0.0,1061300000.0,0.0,0.033,3.3,2473200000.0,3534500000.0,0.196,3534500000.0,2473200000.0,1966000000.0,4.86,4.845,4.86,8044800000.0,7707100000.0,8044800000.0,30630877098.0,12.0,8.666,-618700000.0,-2.571,1.0,3286800000.0,0.182,504300000.0,507200000.0,28316400000.0,27525825000.0,521200000.0,1019500000.0,0.0,1019500000.0,18139100000.0,4220800000.0,13918300000.0,23900177098.0,357900000.0,38000000.0,86800000.0,1729000000.0,-818500000.0,562000000.0,-2547000000.0,366600000.0,2342900000.0,0.0,1212200000.0,1157400000.0,1157400000.0,0.0,0.0,0.064,902100000.0,2384700000.0,1679500000.0,0.679,2.971,20.65,20.429,16635900000.0,54800000.0,99.285,1.327,1.326,2585800000.0,3679600000.0,18016800000.0,18016800000.0,0.0,0.046,0.15,0.09,0.137,0.0,0.0,1.0,240722940.0,240667000,240667000.0,74.862,25679600000.0,0.0,753800000.0,4396200000.0,106.702,466500000.0
92,DUK,MRT,1998-06-30,1998-06-30,1998-06-30,2021-08-25,0.0,25429100000.0,,4685800000.0,20743300000.0,,31.493,-2180500000.0,63700000.0,63700000.0,14495800000.0,1093700000.0,1.041,2.355,6794400000.0,374600000.0,6419800000.0,6794400000.0,0.0,1035800000.0,0.0,0.037,3.3,2266000000.0,3301800000.0,0.188,3301800000.0,2266000000.0,1777200000.0,4.335,4.335,4.335,7579300000.0,,7579300000.0,28337893180.0,13.0,8.583,52100000.0,0.216,1.0,3042600000.0,0.173,506100000.0,488800000.0,27152600000.0,,521700000.0,992400000.0,0.0,992400000.0,17849800000.0,4501100000.0,13348700000.0,21354493180.0,-84900000.0,35000000.0,33000000.0,960700000.0,-823600000.0,-220800000.0,-2096700000.0,74700000.0,2232600000.0,0.0,1093700000.0,1031800000.0,1031800000.0,0.0,0.0,0.059,877600000.0,2165000000.0,1153000000.0,0.761,2.817,20.696,20.502,15901500000.0,61900000.0,88.875,1.218,1.22,1993300000.0,3254200000.0,17538400000.0,17538400000.0,0.0,,,,0.129,0.0,0.0,1.0,240275591.0,240667000,240667000.0,72.874,24923000000.0,0.0,683500000.0,4202800000.0,103.558,184700000.0
93,DUK,MRT,1998-03-31,1998-03-31,1998-03-31,2021-08-25,0.0,23974600000.0,,3497000000.0,20477600000.0,,31.935,-2157700000.0,56900000.0,56900000.0,13811200000.0,982300000.0,1.141,2.128,7040300000.0,290600000.0,6749700000.0,7040300000.0,0.0,1013400000.0,0.0,0.037,3.27,2106200000.0,3119600000.0,0.187,3119600000.0,2106200000.0,1627800000.0,3.84,3.84,3.84,7664300000.0,,7664300000.0,28117897728.0,13.0,9.013,-161200000.0,-0.672,1.0,2827000000.0,0.17,516500000.0,478400000.0,27377300000.0,,459500000.0,973100000.0,0.0,973100000.0,16310300000.0,3064200000.0,13246100000.0,21450497728.0,-97400000.0,35000000.0,-10000000.0,1206000000.0,-774900000.0,-13900000.0,-2080000000.0,31400000.0,1996500000.0,0.0,982300000.0,915400000.0,915400000.0,0.0,0.0,0.055,859000000.0,1968000000.0,1155300000.0,0.852,2.799,23.433,23.266,15813400000.0,66900000.0,89.34,1.289,1.289,1995900000.0,3373900000.0,16638200000.0,16638200000.0,0.0,,,,0.127,0.0,0.0,1.0,240099594.0,240000000,240000000.0,69.326,23458100000.0,0.0,645500000.0,4236800000.0,97.742,432800000.0
94,DUK,MRT,1997-12-31,1997-12-31,1997-12-31,2021-08-25,0.0,24029000000.0,23197600000.0,3685000000.0,20344000000.0,0.703,31.417,-2028000000.0,109000000.0,109000000.0,13498000000.0,974000000.0,1.125,2.187,7116000000.0,247000000.0,6869000000.0,7116000000.0,0.0,983000000.0,0.0,0.039,3.24,2085000000.0,3068000000.0,0.188,3068000000.0,2085000000.0,1613000000.0,3.765,3.75,3.765,7540000000.0,7440600000.0,7540000000.0,,,,112000000.0,0.467,1.0,2811000000.0,0.172,504000000.0,472000000.0,27257000000.0,26110500000.0,440000000.0,926000000.0,0.0,926000000.0,16489000000.0,3275000000.0,13214000000.0,19945073274.0,-57000000.0,0.0,-10000000.0,798000000.0,-726000000.0,-203000000.0,-1994000000.0,0.0,2140000000.0,0.0,974000000.0,902000000.0,902000000.0,0.0,0.0,0.055,841000000.0,1970000000.0,1670000000.0,0.861,2.645,22.112,22.064,15736000000.0,72000000.0,83.07,1.223,1.222,2281000000.0,3256000000.0,16309000000.0,16309000000.0,0.0,0.039,0.121,0.08,0.128,0.0,0.0,1.0,240099594.0,240000000,240000000.0,67.954,23525000000.0,0.0,639000000.0,4089000000.0,98.021,410000000.0
95,DUK,MRT,1997-09-30,1997-09-30,1997-09-30,2021-08-25,,,,,,,,,,,,,,,,,,,,,,0.043,3.21,,,,,,,,,,,,,,,,,,1.0,,,,,,,,,,,,,,,,,,,,,,,,,,,,,,,,,,,,,,,,74.25,,,,,,,,,,,,,,1.0,,239933000,,,,,,,,
96,DUK,MRT,1997-06-30,1997-06-30,1997-06-30,2021-08-25,,,,,,,,,,,,,,,,,,,,,,0.044,3.18,,,,,,,,,,,,,,,,,,1.0,,,,,,,,,,,,,,,,,,,,,,,,,,,,,,,,,,,,,,,,72.0,,,,,,,,,,,,,,1.0,,239867000,,,,,,,,
97,DUK,MRT,1997-03-31,1997-03-31,1997-03-31,2021-08-25,,,,,,,,,,,,,,,,,,,,,,0.048,3.15,,,,,,,,,,,,,,,,,,1.0,,,,,,,,,,,,,,,,,,,,,,,,,,,,,,,,,,,,,,,,66.195,,,,,,,,,,,,,,1.0,,239733000,,,,,,,,
98,DUK,MRT,1996-12-31,1996-12-31,1996-12-31,2021-08-25,0.0,22366200000.0,,3146000000.0,19220200000.0,,30.504,-1394000000.0,166000000.0,166000000.0,9354000000.0,1074000000.0,0.951,2.047,6295400000.0,810300000.0,5485100000.0,6295400000.0,0.0,965000000.0,0.0,0.045,3.12,2271000000.0,3236000000.0,0.263,3236000000.0,2271000000.0,1772000000.0,4.35,4.32,4.35,7341200000.0,,7341200000.0,,,,941000000.0,3.91,1.0,2948000000.0,0.24,222100000.0,499000000.0,24964000000.0,,433500000.0,566400000.0,0.0,566400000.0,15025000000.0,3309500000.0,11715500000.0,,-6000000.0,0.0,-147000000.0,-5000000.0,-609000000.0,-773000000.0,-1568000000.0,-156000000.0,2335000000.0,0.0,1074000000.0,1030000000.0,1030000000.0,0.0,0.0,0.084,789000000.0,2159000000.0,1286500000.0,0.717,,,15.948,15269100000.0,44000000.0,69.375,,1.357,1888000000.0,3051900000.0,12302000000.0,12302000000.0,0.0,,,,0.185,0.0,0.0,1.0,,240667000,240667000.0,51.116,22144100000.0,0.0,698000000.0,3893400000.0,92.011,-163500000.0
99,DUK,MRT,1995-12-31,1995-12-31,1995-12-31,2021-08-25,,,,,,,,-1223000000.0,,,6889300000.0,1018100000.0,,,,,,,,953800000.0,,0.042,3.0,2190500000.0,3144300000.0,0.324,3144300000.0,2190500000.0,1682300000.0,4.02,4.005,4.02,,,,,,,609200000.0,2.53,1.0,2805400000.0,0.289,,508200000.0,,,,,,,,,,,-30900000.0,0.0,16500000.0,133800000.0,-590500000.0,-545500000.0,-1317600000.0,-67700000.0,1832200000.0,0.0,1018100000.0,969200000.0,969200000.0,0.0,0.0,0.1,737100000.0,2068300000.0,,0.746,,,17.679,,48900000.0,71.07,,1.765,,,9694700000.0,9694700000.0,0.0,,,,0.226,0.0,0.0,1.0,,240800000,240800000.0,40.26,,,664200000.0,,,
