None,ticker,dimension,calendardate,datekey,reportperiod,lastupdated,accoci,assets,assetsavg,assetsc,assetsnc,assetturnover,bvps,capex,cashneq,cashnequsd,cor,consolinc,currentratio,de,debt,debtc,debtnc,debtusd,deferredrev,depamor,deposits,divyield,dps,ebit,ebitda,ebitdamargin,ebitdausd,ebitusd,ebt,eps,epsdil,epsusd,equity,equityavg,equityusd,ev,evebit,evebitda,fcf,fcfps,fxusd,gp,grossmargin,intangibles,intexp,invcap,invcapavg,inventory,investments,investmentsc,investmentsnc,liabilities,liabilitiesc,liabilitiesnc,marketcap,ncf,ncfbus,ncfcommon,ncfdebt,ncfdiv,ncff,ncfi,ncfinv,ncfo,ncfx,netinc,netinccmn,netinccmnusd,netincdis,netincnci,netmargin,opex,opinc,payables,payoutratio,pb,pe,pe1,ppnenet,prefdivis,price,ps,ps1,receivables,retearn,revenue,revenueusd,rnd,roa,roe,roic,ros,sbcomp,sgna,sharefactor,sharesbas,shareswa,shareswadil,sps,tangibles,taxassets,taxexp,taxliabilities,tbvps,workingcapital
0,MAA,MRY,2020-12-31,2020-12-31,2020-12-31,2021-07-29,-12128000.0,11194791000.0,11152696250.0,,,0.15,51.339,-483906000.0,35615000.0,35615000.0,1151313000.0,264015000.0,,0.867,4562712000.0,,,4562712000.0,0.0,511678000.0,0.0,0.032,4.0,425851000.0,937529000.0,0.559,937529000.0,425851000.0,258289000.0,2.2,2.19,2.2,5871633000.0,5931989500.0,5871633000.0,18887516482.0,44.0,20.146,340043000.0,2.973,1.0,526671000.0,0.314,0.0,167562000.0,15721888000.0,15601886750.0,0.0,0.0,,,5090986000.0,,,14489511482.0,-34926000.0,-5000000.0,0.0,104268000.0,-457355000.0,-374144000.0,-484731000.0,0.0,823949000.0,0.0,254962000.0,251274000.0,251274000.0,0.0,9053000.0,0.15,99158000.0,427513000.0,0.0,1.818,2.468,57.664,57.586,10967115000.0,3688000.0,126.69,8.635,8.635,0.0,-1294182000.0,1677984000.0,1677984000.0,0.0,0.023,0.042,0.027,0.254,14329000.0,99158000.0,1.0,114369812.0,114369812.0,,14.672,11194791000.0,0.0,3327000.0,0.0,97.882,
1,MAA,MRY,2019-12-31,2019-12-31,2019-12-31,2021-07-29,-13178000.0,11230450000.0,11264199000.0,,,0.146,53.202,-408203000.0,70541000.0,70541000.0,1109688000.0,366618000.0,,0.812,4454598000.0,,,4454598000.0,0.0,497790000.0,0.0,0.029,3.84,537354000.0,1035144000.0,0.631,1035144000.0,537354000.0,357507000.0,3.07,3.07,3.07,6068565000.0,6059651250.0,6068565000.0,19474156168.0,36.0,18.813,373217000.0,3.272,1.0,531329000.0,0.324,0.0,179847000.0,15614507000.0,15711325250.0,0.0,0.0,,,4926860000.0,,,15040724168.0,18868000.0,-4884000.0,0.0,-82604000.0,-437743000.0,-524279000.0,-238273000.0,0.0,781420000.0,0.0,353811000.0,350123000.0,350123000.0,0.0,12807000.0,0.213,98856000.0,432473000.0,0.0,1.251,2.478,42.958,42.951,10987128000.0,3688000.0,131.86,9.165,9.165,0.0,-1085479000.0,1641017000.0,1641017000.0,0.0,0.031,0.058,0.034,0.327,13654000.0,98856000.0,1.0,114065859.0,114065859.0,,14.387,11230450000.0,0.0,3696000.0,0.0,98.456,
2,MAA,MRY,2018-12-31,2018-12-31,2018-12-31,2021-07-29,-212000.0,11323781000.0,11401818250.0,,,0.138,54.023,-384202000.0,51673000.0,51673000.0,1084347000.0,231022000.0,,0.804,4528328000.0,,,4528328000.0,0.0,490995000.0,0.0,0.039,3.691,399104000.0,890099000.0,0.566,890099000.0,399104000.0,225510000.0,1.93,1.93,1.93,6149840000.0,6225212500.0,6149840000.0,15318897302.0,38.0,17.21,350090000.0,3.075,1.0,486999000.0,0.31,0.0,173594000.0,15800436000.0,15853281000.0,0.0,0.0,,,4942178000.0,,,10894274302.0,-37194000.0,-2130000.0,0.0,34960000.0,-419849000.0,-405136000.0,-366350000.0,0.0,734292000.0,0.0,222899000.0,219211000.0,219211000.0,0.0,8123000.0,0.14,95600000.0,391399000.0,0.0,1.912,1.771,49.698,49.585,11151701000.0,3688000.0,95.7,6.933,6.933,0.0,-989263000.0,1571346000.0,1571346000.0,0.0,0.019,0.035,0.025,0.254,12444000.0,86488000.0,1.0,113837767.0,113837767.0,,13.803,11323781000.0,0.0,2611000.0,0.0,99.473,
3,MAA,MRY,2017-12-31,2017-12-31,2017-12-31,2021-07-29,2157000.0,11491919000.0,11529637000.0,,,0.133,55.796,-479955000.0,88867000.0,88867000.0,1070439000.0,340536000.0,,0.774,4502057000.0,,,4502057000.0,0.0,494540000.0,0.0,0.035,3.48,485749000.0,980289000.0,0.641,980289000.0,485749000.0,330998000.0,2.86,2.86,2.86,6339912000.0,6326560500.0,6339912000.0,15791062528.0,33.0,16.109,180845000.0,1.592,1.0,458548000.0,0.3,0.0,154751000.0,15905109000.0,15974242500.0,0.0,0.0,,,4907617000.0,,,11426332528.0,-32933000.0,-1500000.0,0.0,18565000.0,-395294000.0,-399523000.0,-294210000.0,0.0,660800000.0,0.0,328379000.0,324691000.0,324691000.0,0.0,12157000.0,0.212,103772000.0,354776000.0,0.0,1.217,1.802,35.191,35.161,11261924000.0,3688000.0,100.56,7.473,7.473,0.0,-784500000.0,1528987000.0,1528987000.0,0.0,0.028,0.051,0.03,0.318,10570000.0,83782000.0,1.0,113627014.0,113627014.0,,13.456,11491919000.0,0.0,2619000.0,0.0,101.137,
4,MAA,MRY,2016-12-31,2016-12-31,2016-12-31,2021-07-29,1144000.0,11604491000.0,8045776500.0,,,0.14,84.771,-523163000.0,121800000.0,121800000.0,746314000.0,224402000.0,,0.773,4499712000.0,,,4499712000.0,0.0,323283000.0,0.0,0.033,3.28,343868000.0,667151000.0,0.593,667151000.0,343868000.0,213921000.0,2.69,2.69,2.69,6403819000.0,3828406000.0,6403819000.0,10772392482.0,31.0,16.147,-38159000.0,-0.505,1.0,379034000.0,0.337,0.0,129947000.0,15982403000.0,11690913500.0,0.0,0.0,,,4952317000.0,,,7397089482.0,58159000.0,-422378000.0,-1728000.0,486440000.0,-247652000.0,222286000.0,-649131000.0,0.0,485004000.0,0.0,212222000.0,211915000.0,211915000.0,0.0,12180000.0,0.188,103956000.0,275078000.0,0.0,1.219,1.155,34.906,36.401,11341862000.0,307000.0,97.92,6.573,6.573,0.0,-707479000.0,1125348000.0,1125348000.0,0.0,0.026,0.055,0.029,0.306,11486000.0,63133000.0,1.0,75542172.0,75542172.0,,14.897,11604491000.0,0.0,1699000.0,0.0,153.616,
5,MAA,MRY,2015-12-31,2015-12-31,2015-12-31,2021-07-29,-1589000.0,6847781000.0,6844554250.0,,,0.152,39.694,-494214000.0,63641000.0,63641000.0,695165000.0,350745000.0,,1.23,3427568000.0,,,3427568000.0,0.0,294897000.0,11623000.0,0.034,3.08,456304000.0,751201000.0,0.72,751201000.0,456304000.0,333960000.0,4.41,4.41,4.41,2992097000.0,2966177250.0,2992097000.0,10136139589.0,22.0,13.493,-30493000.0,-0.405,1.0,347614000.0,0.333,1607000.0,122344000.0,10210101000.0,10204739750.0,0.0,0.0,,,3681708000.0,,,6845201589.0,10906000.0,-18000.0,84000.0,-71707000.0,-232079000.0,-316600000.0,-136215000.0,0.0,463721000.0,0.0,332287000.0,332287000.0,332287000.0,0.0,18458000.0,0.319,56706000.0,290908000.0,5922000.0,0.698,2.288,20.6,20.592,6718366000.0,0.0,90.81,6.564,6.564,0.0,-634141000.0,1042779000.0,1042779000.0,0.0,0.049,0.112,0.045,0.438,6147000.0,56706000.0,1.0,75379381.0,75379381.0,,13.834,6846174000.0,0.0,1673000.0,0.0,90.823,
6,MAA,MRY,2014-12-31,2014-12-31,2014-12-31,2021-07-29,-412000.0,6821778000.0,6793394000.0,,,0.146,38.41,-499250000.0,54834000.0,54834000.0,695160000.0,156277000.0,,1.302,3512699000.0,,,3512699000.0,0.0,301744000.0,10526000.0,0.039,2.92,273983000.0,575727000.0,0.58,575727000.0,273983000.0,150030000.0,1.97,1.97,1.97,2890524000.0,2902959750.0,2890524000.0,8902449315.0,32.0,15.463,-113872000.0,-1.513,1.0,297172000.0,0.299,2321000.0,123953000.0,10277322000.0,10147185750.0,0.0,0.0,,,3764056000.0,,,5619987315.0,-62680000.0,40848000.0,12822000.0,-25668000.0,-219158000.0,-244294000.0,-203764000.0,0.0,385378000.0,0.0,147980000.0,147980000.0,147980000.0,-5331000.0,8297000.0,0.149,66939000.0,230233000.0,8395000.0,1.482,1.944,37.978,37.909,6697508000.0,0.0,74.68,5.663,5.663,0.0,-729086000.0,992332000.0,992332000.0,0.0,0.022,0.051,0.027,0.276,4226000.0,53004000.0,1.0,75254249.0,75254249.0,,13.186,6819457000.0,0.0,2050000.0,0.0,90.619,
7,MAA,MRY,2013-12-31,2013-12-31,2013-12-31,2021-07-29,108000.0,6841925000.0,3869851750.0,,,0.164,39.408,-260836000.0,133694000.0,133694000.0,440612000.0,119279000.0,,1.264,3472718000.0,,,3472718000.0,0.0,189673000.0,9270000.0,0.046,2.78,195152000.0,384825000.0,0.606,384825000.0,195152000.0,116174000.0,2.27,2.25,2.27,2946811000.0,1462417250.0,2946811000.0,6162426149.0,32.0,16.014,-2456000.0,-0.033,1.0,194878000.0,0.307,4106000.0,78978000.0,10176843000.0,5943666250.0,0.0,0.0,,,3723338000.0,,,4541908149.0,80258000.0,48070000.0,31190000.0,21723000.0,-140697000.0,-94334000.0,-83788000.0,0.0,258380000.0,0.0,115281000.0,115281000.0,115281000.0,-81494000.0,3998000.0,0.181,77550000.0,117328000.0,15067000.0,1.225,1.541,39.399,26.758,6556303000.0,0.0,60.74,7.147,7.147,0.0,-653593000.0,635490000.0,635490000.0,0.0,0.03,0.079,0.033,0.307,2268000.0,38652000.0,1.0,74776229.0,74776229.0,,8.499,6837819000.0,0.0,893000.0,0.0,91.444,
8,MAA,MRY,2012-12-31,2012-12-31,2012-12-31,2021-07-29,-26054000.0,2751068000.0,2663350250.0,,,0.179,21.625,-451270000.0,9883000.0,9883000.0,315360000.0,109825000.0,,1.971,1673848000.0,,,1673848000.0,0.0,132195000.0,6669000.0,0.041,2.64,163963000.0,296158000.0,0.622,296158000.0,163963000.0,106026000.0,2.56,2.56,2.56,914052000.0,870535000.0,914052000.0,4428360344.0,27.0,14.953,-240303000.0,-5.685,1.0,160528000.0,0.337,4106000.0,57937000.0,4410927000.0,4258502750.0,0.0,0.0,,,1801245000.0,,,2736823344.0,-48242000.0,11946000.0,194335000.0,-11624000.0,-107749000.0,70014000.0,-329223000.0,0.0,210967000.0,0.0,105223000.0,105223000.0,105223000.0,-48573000.0,4602000.0,0.221,36624000.0,123904000.0,4586000.0,1.031,2.994,26.01,25.293,2694071000.0,0.0,64.75,5.751,5.751,0.0,-603315000.0,475888000.0,475888000.0,0.0,0.04,0.121,0.039,0.345,2233000.0,35043000.0,1.0,42267542.0,42267542.0,,11.259,2746962000.0,0.0,803000.0,0.0,64.99,
9,MAA,MRY,2011-12-31,2011-12-31,2011-12-31,2021-07-29,-35848000.0,2530468000.0,2364440750.0,,,0.173,18.991,-465715000.0,58679000.0,58679000.0,279572000.0,51231000.0,,2.482,1649755000.0,,,1649755000.0,0.0,119329000.0,6310000.0,0.04,2.51,105931000.0,225260000.0,0.55,225260000.0,105931000.0,49548000.0,1.32,1.31,1.32,718331000.0,647619250.0,718331000.0,3916577510.0,37.0,17.387,-293427000.0,-7.758,1.0,130210000.0,0.318,4106000.0,56383000.0,4117438000.0,3876939000.0,0.0,0.0,,,1782969000.0,,,2365888510.0,11375000.0,-108000.0,233193000.0,145281000.0,-92028000.0,281247000.0,-442160000.0,0.0,172288000.0,0.0,48821000.0,48821000.0,48821000.0,-22541000.0,2410000.0,0.119,41415000.0,88795000.0,2091000.0,1.902,3.294,48.46,47.386,2423808000.0,0.0,62.55,5.774,5.774,0.0,-621833000.0,409782000.0,409782000.0,0.0,0.021,0.075,0.027,0.259,5519000.0,38096000.0,1.0,37823957.0,37823957.0,,10.834,2526362000.0,0.0,727000.0,0.0,66.793,
10,MAA,MRY,2010-12-31,2010-12-31,2010-12-31,2021-07-29,-48847000.0,2176048000.0,2079983500.0,,,0.183,16.276,-334211000.0,47456000.0,47456000.0,261972000.0,30875000.0,,3.147,1500193000.0,,,1500193000.0,0.0,106692000.0,6693000.0,0.039,2.46,84393000.0,191085000.0,0.503,191085000.0,84393000.0,29761000.0,0.57,0.56,0.57,518503000.0,475850500.0,518503000.0,3619070571.0,43.0,18.94,-200417000.0,-6.291,1.0,118166000.0,0.311,4106000.0,54632000.0,3624679000.0,3466928250.0,0.0,0.0,,,1631656000.0,,,2170384571.0,32123000.0,-10395000.0,304351000.0,93712000.0,-77135000.0,152600000.0,-254271000.0,0.0,133794000.0,0.0,29761000.0,18063000.0,18063000.0,-2049000.0,1114000.0,0.048,32901000.0,85265000.0,1815000.0,4.316,4.186,120.156,111.386,2084863000.0,11698000.0,63.49,5.709,5.321,0.0,-575021000.0,380138000.0,380138000.0,0.0,0.009,0.038,0.024,0.222,3013000.0,30389000.0,1.0,34184668.0,31856000.0,31977000.0,11.933,2171942000.0,0.0,0.0,0.0,68.18,
11,MAA,MRY,2009-12-31,2009-12-31,2009-12-31,2021-07-29,-47435000.0,1986826000.0,1935661750.0,,,0.193,15.192,-181282000.0,14380000.0,14380000.0,252640000.0,39221000.0,,3.555,1399596000.0,,,1399596000.0,0.0,98393000.0,8789000.0,0.051,2.46,94205000.0,192598000.0,0.514,192598000.0,94205000.0,37211000.0,0.85,0.85,0.85,430566000.0,422715750.0,430566000.0,2689824529.0,29.0,13.966,-40997000.0,-1.447,1.0,121725000.0,0.325,4106000.0,56994000.0,3367936000.0,3257676000.0,0.0,0.0,,,1530798000.0,,,1393257529.0,4393000.0,-2611000.0,32790000.0,73777000.0,-69505000.0,18069000.0,-153961000.0,0.0,140285000.0,0.0,37211000.0,24346000.0,24346000.0,-6878000.0,2010000.0,0.065,29490000.0,92235000.0,1702000.0,2.894,3.236,57.227,56.8,1935221000.0,12865000.0,48.28,3.722,3.655,0.0,-510993000.0,374365000.0,374365000.0,0.0,0.013,0.058,0.029,0.252,1328000.0,28540000.0,1.0,28857861.0,28341000.0,28348000.0,13.209,1982720000.0,0.0,0.0,0.0,69.959,
12,MAA,MRY,2008-12-31,2008-12-31,2008-12-31,2021-07-29,-72885000.0,1921955000.0,1884559250.0,,,0.196,15.476,-239309000.0,9840000.0,9840000.0,245478000.0,32071000.0,,3.544,1323056000.0,,,1323056000.0,0.0,93181000.0,8705000.0,0.066,2.46,92259000.0,185440000.0,0.501,185440000.0,92259000.0,30249000.0,0.64,0.64,0.64,416969000.0,436370000.0,416969000.0,2355843701.0,26.0,12.704,-99515000.0,-3.694,1.0,124533000.0,0.337,4106000.0,62010000.0,3231065000.0,3158624000.0,0.0,0.0,,,1477533000.0,,,1047586701.0,-7766000.0,-7566000.0,125324000.0,57011000.0,-65809000.0,97348000.0,-244908000.0,0.0,139794000.0,0.0,30249000.0,17384000.0,17384000.0,-1192000.0,1822000.0,0.047,28636000.0,95897000.0,1234000.0,3.844,2.512,60.262,58.062,1851331000.0,12865000.0,37.16,2.831,2.706,0.0,-464617000.0,370011000.0,370011000.0,0.0,0.009,0.04,0.029,0.249,2018000.0,28636000.0,1.0,28191246.0,26943000.0,27084000.0,13.733,1917849000.0,0.0,0.0,0.0,71.182,
13,MAA,MRY,2007-12-31,2007-12-31,2007-12-31,2021-07-29,-16908000.0,1783822000.0,1767010000.0,,,0.197,15.851,-147740000.0,20916000.0,20916000.0,227170000.0,43456000.0,,3.371,1264620000.0,,,1264620000.0,0.0,88713000.0,8453000.0,0.057,2.42,103585000.0,192298000.0,0.553,192298000.0,103585000.0,39946000.0,1.01,1.01,1.01,400956000.0,433618750.0,400956000.0,2331882565.0,23.0,12.126,-29163000.0,-1.153,1.0,120274000.0,0.346,4106000.0,63639000.0,3023420000.0,2973522000.0,0.0,0.0,,,1351424000.0,,,1093473565.0,11647000.0,9612000.0,26331000.0,68658000.0,-61257000.0,1862000.0,-108792000.0,0.0,118577000.0,0.0,39946000.0,25669000.0,25669000.0,-10410000.0,3510000.0,0.074,28726000.0,91548000.0,1099000.0,2.396,2.727,42.599,42.327,1720553000.0,14277000.0,42.75,3.147,3.112,0.0,-414966000.0,347444000.0,347444000.0,0.0,0.015,0.059,0.035,0.298,1640000.0,28726000.0,1.0,25578329.0,25296000.0,25503000.0,13.735,1779716000.0,0.0,0.0,0.0,70.356,
14,MAA,MRY,2006-12-31,2006-12-31,2006-12-31,2021-07-29,10897000.0,1746646000.0,1679573000.0,,,0.19,18.985,-243531000.0,9690000.0,9690000.0,210048000.0,20945000.0,,2.839,1196349000.0,,,1196349000.0,0.0,81584000.0,7670000.0,0.042,2.38,83253000.0,164837000.0,0.518,164837000.0,83253000.0,20945000.0,0.3,0.29,0.3,445648000.0,419174750.0,445648000.0,2591236261.0,31.0,15.72,-141067000.0,-6.009,1.0,108322000.0,0.34,4472000.0,62308000.0,2928833000.0,2837380500.0,0.0,0.0,,,1264980000.0,,,1401894261.0,-8519000.0,350000.0,151917000.0,53616000.0,-61437000.0,130134000.0,-241117000.0,0.0,102464000.0,0.0,20945000.0,6983000.0,6983000.0,-1453000.0,0.0,0.022,22951000.0,85371000.0,2773000.0,7.933,3.146,200.758,190.8,1669539000.0,13962000.0,57.24,4.403,4.22,0.0,-379573000.0,318370000.0,318370000.0,0.0,0.004,0.017,0.029,0.261,2160000.0,23001000.0,1.0,24491514.0,23474000.0,23698000.0,13.563,1742174000.0,0.0,0.0,0.0,74.217,
15,MAA,MRY,2005-12-31,2005-12-31,2005-12-31,2021-07-29,7128000.0,1580125000.0,1557617750.0,,,0.189,16.937,-131000000.0,19598000.0,19598000.0,197882000.0,19744000.0,,3.276,1140046000.0,,,1140046000.0,0.0,75928000.0,6429000.0,0.048,2.35,77886000.0,153814000.0,0.524,153814000.0,77886000.0,19744000.0,0.25,0.25,0.25,362526000.0,354832750.0,362526000.0,2176666852.0,28.0,14.151,-32195000.0,-1.504,1.0,95904000.0,0.326,5051000.0,58142000.0,2695522000.0,2657188500.0,0.0,0.0,,,1187801000.0,,,1054845852.0,4931000.0,14903000.0,38397000.0,44922000.0,-56456000.0,12534000.0,-106408000.0,0.0,98805000.0,0.0,19744000.0,5415000.0,5415000.0,-673000.0,0.0,0.018,20862000.0,75042000.0,3278000.0,9.4,2.91,194.801,194.0,1510289000.0,14329000.0,48.5,3.591,3.534,0.0,-314352000.0,293786000.0,293786000.0,0.0,0.003,0.015,0.029,0.265,2469000.0,20862000.0,1.0,21749399.0,21405000.0,21607000.0,13.725,1575074000.0,0.0,0.0,0.0,73.584,
16,MAA,MRY,2004-12-31,2004-12-31,2004-12-31,2021-07-29,-14737000.0,1522307000.0,1465757750.0,,,0.182,17.095,-184420000.0,15174000.0,15174000.0,180359000.0,25198000.0,,3.264,1083473000.0,,,1083473000.0,0.0,69763000.0,5821000.0,0.057,2.34,75881000.0,145644000.0,0.547,145644000.0,75881000.0,25198000.0,0.51,0.5,0.51,347325000.0,353548000.0,347325000.0,1851085383.0,24.0,12.71,-96718000.0,-4.76,1.0,85770000.0,0.322,5400000.0,50683000.0,2585206000.0,2460868000.0,0.0,0.0,,,1133606000.0,,,850196383.0,338000.0,1439000.0,24800000.0,123840000.0,-53877000.0,79938000.0,-167302000.0,0.0,87702000.0,0.0,25198000.0,10373000.0,10373000.0,-6066000.0,0.0,0.039,19597000.0,66173000.0,767000.0,4.588,2.448,81.962,80.824,1459952000.0,14825000.0,41.22,3.195,3.147,0.0,-269482000.0,266129000.0,266129000.0,0.0,0.007,0.029,0.031,0.285,1117000.0,19597000.0,1.0,20625822.0,20317000.0,20652000.0,13.099,1516907000.0,0.0,0.0,0.0,74.662,
17,MAA,MRY,2003-12-31,2003-12-31,2003-12-31,2021-07-29,-25448000.0,1406533000.0,1318105500.0,,,0.18,19.663,-139667000.0,19523000.0,19523000.0,156766000.0,20206000.0,,2.804,951941000.0,,,951941000.0,0.0,60124000.0,5036000.0,0.07,2.34,65197000.0,125321000.0,0.529,125321000.0,65197000.0,20206000.0,-0.07,-0.07,-0.07,361294000.0,339733750.0,361294000.0,1551454493.0,24.0,12.38,-63147000.0,-3.437,1.0,79996000.0,0.338,5762000.0,44991000.0,2333189000.0,2179101250.0,0.0,0.0,,,1013220000.0,,,655698493.0,-1355000.0,-26135000.0,59989000.0,64962000.0,-49245000.0,61680000.0,-139555000.0,0.0,76520000.0,0.0,20206000.0,-1200000.0,-1200000.0,-1342000.0,0.0,-0.005,15670000.0,64326000.0,1696000.0,-33.429,1.815,-546.415,-479.714,1351849000.0,21406000.0,33.58,2.769,2.606,0.0,-232224000.0,236762000.0,236762000.0,0.0,-0.001,-0.004,0.03,0.275,801000.0,15670000.0,1.0,19526459.0,18374000.0,18374000.0,12.886,1400771000.0,0.0,0.0,0.0,76.237,
18,MAA,MRY,2002-12-31,2002-12-31,2002-12-31,2021-07-29,-28100000.0,1239467000.0,1255379500.0,,,0.182,19.257,-61535000.0,18057000.0,18057000.0,145154000.0,16141000.0,,2.566,803703000.0,,,803703000.0,0.0,56985000.0,4406000.0,0.12,2.926,64522000.0,121507000.0,0.531,121507000.0,64522000.0,16141000.0,-0.11,-0.11,-0.11,338171000.0,363781500.0,338171000.0,1234166650.0,19.0,10.157,18490000.0,1.053,1.0,83697000.0,0.366,5762000.0,48381000.0,2019351000.0,2031323000.0,0.0,0.0,,,867891000.0,,,435665650.0,-1598000.0,-8487000.0,875000.0,20002000.0,-47875000.0,-48492000.0,-33131000.0,0.0,80025000.0,0.0,16141000.0,-1929000.0,-1929000.0,-58000.0,0.0,-0.008,15298000.0,68399000.0,464000.0,-26.6,1.288,-225.851,-222.273,1192539000.0,18070000.0,24.45,1.904,1.876,0.0,-188155000.0,228851000.0,228851000.0,0.0,-0.002,-0.005,0.032,0.282,625000.0,15298000.0,1.0,17818636.0,17561000.0,17561000.0,13.032,1233705000.0,0.0,0.0,0.0,70.253,
19,MAA,MRY,2001-12-31,2001-12-31,2001-12-31,2021-07-29,-8756000.0,1263488000.0,1279577250.0,,,0.182,22.859,-36113000.0,23432000.0,23432000.0,89224000.0,28698000.0,,2.062,779664000.0,,,779664000.0,0.0,54403000.0,4514000.0,0.111,2.926,81296000.0,135699000.0,0.583,135699000.0,81296000.0,28698000.0,0.72,0.72,0.72,398358000.0,407539750.0,398358000.0,1208984801.0,15.0,8.909,44464000.0,2.551,1.0,143418000.0,0.616,0.0,52598000.0,2019720000.0,2037613750.0,0.0,0.0,,,821228000.0,,,458564801.0,-3903000.0,289000.0,-1814000.0,-5681000.0,-47693000.0,-71301000.0,-13179000.0,0.0,80577000.0,0.0,28698000.0,12585000.0,12585000.0,0.0,0.0,0.054,68008000.0,75410000.0,1219000.0,4.064,1.151,36.437,36.528,1216933000.0,16113000.0,26.3,1.971,1.97,0.0,-145061000.0,232642000.0,232642000.0,0.0,0.01,0.031,0.04,0.349,145000.0,16083000.0,1.0,17435924.0,17427000.0,17532000.0,13.35,1263488000.0,0.0,0.0,0.0,72.502,
20,MAA,MRY,2000-12-31,2000-12-31,2000-12-31,2021-07-29,0.0,1303771000.0,1304741000.0,,,0.174,24.737,-85657000.0,33567000.0,33567000.0,86293000.0,29787000.0,,1.886,781089000.0,,,781089000.0,0.0,54602000.0,4611000.0,0.103,2.32,80523000.0,135125000.0,0.594,135125000.0,80523000.0,29787000.0,0.78,0.79,0.78,433993000.0,446083750.0,433993000.0,1136760048.0,14.0,8.413,-14493000.0,-0.826,1.0,141194000.0,0.621,0.0,50736000.0,2051293000.0,2041596750.0,0.0,0.0,,,818395000.0,,,394398048.0,2003000.0,267000.0,-3356000.0,24862000.0,-47591000.0,-42199000.0,-26962000.0,0.0,71164000.0,0.0,29787000.0,13673000.0,13673000.0,0.0,0.0,0.06,66670000.0,74524000.0,1740000.0,2.974,0.909,28.845,28.923,1244475000.0,16114000.0,22.56,1.734,1.74,0.0,-116889000.0,227487000.0,227487000.0,0.0,0.01,0.031,0.039,0.354,120000.0,14826000.0,1.0,17482183.0,17544000.0,17597000.0,12.967,1303771000.0,0.0,0.0,0.0,74.314,
21,MAA,MRY,1999-12-31,1999-12-31,1999-12-31,2021-07-29,0.0,1298823000.0,1322326500.0,,,0.171,24.696,-87806000.0,26629000.0,26629000.0,84885000.0,33572000.0,,1.679,744238000.0,,,744238000.0,0.0,52757000.0,4739000.0,0.102,2.3,81874000.0,134631000.0,0.595,134631000.0,81874000.0,33572000.0,0.93,0.93,0.93,463884000.0,495631500.0,463884000.0,1102956672.0,13.0,8.192,-12828000.0,-0.683,1.0,141437000.0,0.625,0.0,48302000.0,2016432000.0,2022799250.0,0.0,0.0,,,778879000.0,,,416933672.0,6855000.0,-8085000.0,-29524000.0,-11260000.0,-50311000.0,-107209000.0,39086000.0,0.0,74978000.0,0.0,33572000.0,17458000.0,17458000.0,0.0,0.0,0.077,64382000.0,77055000.0,2122000.0,2.473,0.899,23.882,24.333,1248051000.0,16114000.0,22.63,1.842,1.878,0.0,-89869000.0,226322000.0,226322000.0,0.0,0.013,0.035,0.04,0.362,494000.0,14479000.0,1.0,18423936.0,18784000.0,18808000.0,12.049,1298823000.0,0.0,0.0,0.0,69.145,
22,MAA,MRY,1998-12-31,1998-12-31,1998-12-31,2021-07-29,0.0,1366427000.0,1290648000.0,,,0.167,27.626,-204031000.0,16519000.0,16519000.0,79917000.0,26757000.0,,1.523,753427000.0,,,753427000.0,0.0,48369000.0,4917000.0,0.097,2.2,72461000.0,120830000.0,0.561,120830000.0,72461000.0,26757000.0,0.82,0.82,0.82,517299000.0,494390750.0,517299000.0,1128160555.0,16.0,9.337,-123626000.0,-6.602,1.0,135626000.0,0.629,0.0,45704000.0,2103335000.0,1966268750.0,0.0,0.0,,,787687000.0,,,427479555.0,-7568000.0,0.0,9586000.0,86920000.0,-47117000.0,110634000.0,-198607000.0,0.0,80405000.0,0.0,26757000.0,15327000.0,15327000.0,0.0,0.0,0.071,57981000.0,77645000.0,10384000.0,2.683,0.826,27.891,27.671,1315368000.0,11430000.0,22.69,1.983,1.971,0.0,-63876000.0,215543000.0,215543000.0,0.0,0.012,0.031,0.037,0.336,121000.0,11960000.0,1.0,18839998.0,18725000.0,18770000.0,11.511,1366427000.0,0.0,0.0,0.0,72.973,
23,MAA,MRY,1997-12-31,1997-12-31,1997-12-31,2021-07-29,0.0,1193870000.0,902534500.0,,,0.154,33.206,-112585000.0,28202000.0,28202000.0,52404000.0,11227000.0,,1.452,632213000.0,,,632213000.0,0.0,28746000.0,4509000.0,0.075,2.14,40170000.0,68916000.0,0.495,68916000.0,40170000.0,11227000.0,0.43,0.43,0.43,461300000.0,351342000.0,461300000.0,,,,-67667000.0,-4.871,1.0,86712000.0,0.623,0.0,28943000.0,1797881000.0,1357364000.0,0.0,0.0,,,669705000.0,,,382487915.0,10752000.0,-25678000.0,165737000.0,-68496000.0,-34519000.0,104097000.0,-138263000.0,0.0,44918000.0,0.0,11227000.0,5975000.0,5975000.0,0.0,0.0,0.043,34339000.0,52373000.0,10098000.0,4.977,0.829,64.015,66.419,1134704000.0,5252000.0,28.56,2.749,2.852,0.0,-38371000.0,139116000.0,139116000.0,0.0,0.007,0.017,0.03,0.289,121000.0,6602000.0,1.0,13392434.0,13892000.0,13955000.0,10.014,1193870000.0,0.0,0.0,0.0,85.939,
24,MAA,MRY,1996-12-31,1996-12-31,1996-12-31,2021-07-29,0.0,611199000.0,,,,,22.068,-87532000.0,9591000.0,9591000.0,42570000.0,14260000.0,,1.37,315239000.0,,,315239000.0,0.0,22243000.0,2412000.0,0.071,2.04,40026000.0,62269000.0,0.557,62269000.0,40026000.0,14260000.0,1.21,1.21,1.21,241384000.0,,241384000.0,,,,-49514000.0,-4.527,1.0,69312000.0,0.62,0.0,25766000.0,916847000.0,,0.0,0.0,,,330577000.0,,,,1007000.0,0.0,271000.0,13724000.0,-27312000.0,33425000.0,-70436000.0,0.0,38018000.0,0.0,14260000.0,13270000.0,13270000.0,0.0,0.0,0.119,25412000.0,43900000.0,744000.0,1.686,,,23.868,592335000.0,990000.0,28.88,,2.823,0.0,-15174000.0,111882000.0,111882000.0,0.0,,,,0.358,0.0,6154000.0,1.0,,10938000.0,10983000.0,10.229,611199000.0,0.0,0.0,0.0,55.878,
25,MAA,MRY,1995-12-31,1995-12-31,1995-12-31,2021-07-29,,,,,,,,-40486000.0,,,37954000.0,9810000.0,,,,,,,,17291000.0,,0.081,2.0,32494000.0,49785000.0,0.524,49785000.0,32494000.0,9810000.0,1.0,,1.0,,,,,,,-6197000.0,,1.0,57009000.0,0.6,,22684000.0,,,,,,,,,,,-1934000.0,1319000.0,346000.0,26375000.0,-23250000.0,2944000.0,-39167000.0,0.0,34289000.0,0.0,9810000.0,9810000.0,9810000.0,0.0,0.0,0.103,21425000.0,35584000.0,,2.0,,,24.75,,0.0,24.75,,,,,94963000.0,94963000.0,0.0,,,,0.342,0.0,4851000.0,1.0,,,,,,,0.0,,,
0,MAA,MRQ,2021-06-30,2021-06-30,2021-06-30,2021-07-29,-11632000.0,11242120000.0,,,,,51.698,-180061000.0,43004000.0,43004000.0,300585000.0,223875000.0,,0.862,4553237000.0,,,4553237000.0,0.0,132092000.0,0.0,0.024,1.025,257390000.0,389482000.0,0.891,389482000.0,257390000.0,218523000.0,1.88,1.88,1.88,5918715000.0,,5918715000.0,23896074161.0,42.0,21.855,69146000.0,0.604,1.0,136342000.0,0.312,0.0,38867000.0,15752353000.0,,0.0,0.0,,,5099761000.0,,,19281864161.0,-371000.0,-836000.0,0.0,-105327000.0,-117349000.0,-229539000.0,-20039000.0,0.0,249207000.0,0.0,216478000.0,215556000.0,215556000.0,0.0,7397000.0,0.493,26866000.0,109476000.0,0.0,0.545,3.258,47.818,47.847,10982401000.0,922000.0,168.42,11.284,11.284,0.0,-1272694000.0,436927000.0,436927000.0,0.0,,,,,3843000.0,26866000.0,1.0,114486784.0,114486784.0,,3.816,11242120000.0,0.0,2045000.0,0.0,98.196,
1,MAA,MRQ,2021-03-31,2021-03-31,2021-03-31,2021-07-29,-11859000.0,11192378000.0,,,,,50.745,-113511000.0,43375000.0,43375000.0,293971000.0,48864000.0,,0.888,4657585000.0,,,4657585000.0,0.0,131820000.0,0.0,0.028,1.025,87864000.0,219684000.0,0.517,219684000.0,87864000.0,48192000.0,0.4,0.4,0.4,5804716000.0,,5804716000.0,21040345298.0,49.0,22.153,34600000.0,0.302,1.0,131034000.0,0.308,0.0,39672000.0,15806588000.0,,0.0,0.0,,,5155017000.0,,,16513248298.0,7760000.0,114000.0,0.0,93846000.0,-117242000.0,-27852000.0,-112499000.0,0.0,148111000.0,0.0,47193000.0,46271000.0,46271000.0,0.0,1671000.0,0.109,25918000.0,105116000.0,0.0,2.562,2.845,63.071,63.039,10961007000.0,922000.0,144.36,9.801,9.801,0.0,-1367347000.0,425005000.0,425005000.0,0.0,,,,,5369000.0,25918000.0,1.0,114389362.0,114389362.0,,3.715,11192378000.0,0.0,999000.0,0.0,97.845,
2,MAA,MRQ,2020-12-31,2020-12-31,2020-12-31,2021-07-29,-12128000.0,11194791000.0,,,,,51.339,-190719000.0,35615000.0,35615000.0,289599000.0,86299000.0,,0.867,4562712000.0,,,4562712000.0,0.0,129740000.0,0.0,0.032,1.0,125089000.0,254829000.0,0.601,254829000.0,125089000.0,84137000.0,0.72,0.72,0.72,5871633000.0,,5871633000.0,18887516482.0,44.0,20.146,-10655000.0,-0.093,1.0,134062000.0,0.316,0.0,40952000.0,15721888000.0,,0.0,0.0,,,5090986000.0,,,14489511482.0,8026000.0,-1757000.0,0.0,136093000.0,-114372000.0,19541000.0,-191579000.0,0.0,180064000.0,0.0,83342000.0,82420000.0,82420000.0,0.0,2957000.0,0.195,24913000.0,109149000.0,0.0,1.389,2.468,57.664,57.586,10967115000.0,922000.0,126.69,8.635,8.635,0.0,-1294182000.0,423661000.0,423661000.0,0.0,,,,,1797000.0,24913000.0,1.0,114369812.0,114369812.0,,3.704,11194791000.0,0.0,795000.0,0.0,97.882,
3,MAA,MRQ,2020-09-30,2020-09-30,2020-09-30,2021-07-29,-12396000.0,11128704000.0,,,,,51.625,-96333000.0,27589000.0,27589000.0,297493000.0,62036000.0,,0.846,4425594000.0,,,4425594000.0,0.0,127833000.0,0.0,0.034,1.0,101585000.0,229418000.0,0.542,229418000.0,101585000.0,60575000.0,0.52,0.52,0.52,5904072000.0,,5904072000.0,17697659288.0,36.0,17.654,157937000.0,1.381,1.0,125706000.0,0.297,0.0,41010000.0,15526709000.0,,0.0,0.0,,,4995608000.0,,,13260645288.0,-8005000.0,-1602000.0,0.0,-48311000.0,-114365000.0,-166958000.0,-95317000.0,0.0,254270000.0,0.0,59910000.0,58988000.0,58988000.0,0.0,2126000.0,0.139,24051000.0,101655000.0,0.0,1.923,2.246,41.763,41.709,10928375000.0,922000.0,115.95,7.935,7.935,0.0,-1258072000.0,423199000.0,423199000.0,0.0,,,,,4382000.0,24051000.0,1.0,114365203.0,114365203.0,,3.7,11128704000.0,0.0,665000.0,0.0,97.308,
4,MAA,MRQ,2020-06-30,2020-06-30,2020-06-30,2021-07-29,-12665000.0,11131313000.0,,,,,52.075,-107240000.0,35594000.0,35594000.0,284661000.0,77728000.0,,0.831,4472608000.0,,,4472608000.0,0.0,127448000.0,0.0,0.034,1.0,118380000.0,245828000.0,0.595,245828000.0,118380000.0,76262000.0,0.65,0.65,0.65,5954834000.0,,5954834000.0,17547291224.0,34.0,17.159,121773000.0,1.065,1.0,128365000.0,0.311,0.0,42118000.0,15568327000.0,,0.0,0.0,,,4946403000.0,,,13112645224.0,-13453000.0,-741000.0,0.0,-11774000.0,-114348000.0,-134620000.0,-107846000.0,0.0,229013000.0,0.0,75062000.0,74140000.0,74140000.0,0.0,2666000.0,0.18,22287000.0,106078000.0,0.0,1.538,2.202,38.996,39.003,10938702000.0,922000.0,114.67,7.882,7.882,0.0,-1202536000.0,413026000.0,413026000.0,0.0,,,,,2862000.0,22287000.0,1.0,114351140.0,114351140.0,,3.612,11131313000.0,0.0,1200000.0,0.0,97.343,
5,MAA,MRQ,2020-03-31,2020-03-31,2020-03-31,2021-07-29,-12934000.0,11155977000.0,,,,,52.484,-89614000.0,49047000.0,49047000.0,279560000.0,37952000.0,,0.822,4483693000.0,,,4483693000.0,0.0,126657000.0,0.0,0.038,1.0,80797000.0,207454000.0,0.496,207454000.0,80797000.0,37315000.0,0.31,0.31,0.31,5997419000.0,,5997419000.0,16157440784.0,32.0,16.005,70988000.0,0.621,1.0,138538000.0,0.331,0.0,43482000.0,15590623000.0,,0.0,0.0,,,4929145000.0,,,11773383784.0,-21494000.0,-900000.0,0.0,28260000.0,-114270000.0,-92107000.0,-89989000.0,0.0,160602000.0,0.0,36648000.0,35726000.0,35726000.0,0.0,1304000.0,0.085,27907000.0,110631000.0,0.0,3.226,1.963,36.438,36.535,10965184000.0,922000.0,103.03,7.101,7.101,0.0,-1160944000.0,418098000.0,418098000.0,0.0,,,,,5288000.0,27907000.0,1.0,114271414.0,114271414.0,,3.659,11155977000.0,0.0,667000.0,0.0,97.627,
6,MAA,MRQ,2019-12-31,2019-12-31,2019-12-31,2021-07-29,-13178000.0,11230450000.0,,,,,53.202,-165673000.0,70541000.0,70541000.0,275213000.0,155060000.0,,0.812,4454598000.0,,,4454598000.0,0.0,125580000.0,0.0,0.029,0.96,194169000.0,319749000.0,0.767,319749000.0,194169000.0,150471000.0,1.3,1.3,1.3,6068565000.0,,6068565000.0,19474156168.0,36.0,18.813,-5791000.0,-0.051,1.0,141604000.0,0.34,0.0,43698000.0,15614507000.0,,0.0,0.0,,,4926860000.0,,,15040724168.0,27859000.0,-749000.0,0.0,-22442000.0,-109504000.0,-124431000.0,-7592000.0,0.0,159882000.0,0.0,149589000.0,148667000.0,148667000.0,0.0,5471000.0,0.357,24701000.0,116903000.0,0.0,0.738,2.478,42.958,42.951,10987128000.0,922000.0,131.86,9.165,9.165,0.0,-1085479000.0,416817000.0,416817000.0,0.0,,,,,2104000.0,24701000.0,1.0,114065859.0,114065859.0,,3.654,11230450000.0,0.0,882000.0,0.0,98.456,
7,MAA,MRQ,2019-09-30,2019-09-30,2019-09-30,2021-07-29,-14870000.0,11247754000.0,,,,,52.755,-89580000.0,42682000.0,42682000.0,284223000.0,81459000.0,,0.831,4476114000.0,,,4476114000.0,0.0,124944000.0,0.0,0.029,0.96,124649000.0,249593000.0,0.601,249593000.0,124649000.0,80136000.0,0.68,0.68,0.68,6016452000.0,,6016452000.0,19309229015.0,43.0,20.461,163491000.0,1.434,1.0,131409000.0,0.316,0.0,44513000.0,15681186000.0,,0.0,0.0,,,4997488000.0,,,14826924015.0,-15002000.0,-1619000.0,0.0,-64877000.0,-109481000.0,-178218000.0,-89855000.0,0.0,253071000.0,0.0,78645000.0,77723000.0,77723000.0,0.0,2814000.0,0.187,24124000.0,107285000.0,0.0,1.412,2.464,56.631,56.773,11004200000.0,922000.0,130.01,9.139,9.139,0.0,-1119714000.0,415632000.0,415632000.0,0.0,,,,,3313000.0,24124000.0,1.0,114044489.0,114044489.0,,3.644,11247754000.0,0.0,1491000.0,0.0,98.626,
8,MAA,MRQ,2019-06-30,2019-06-30,2019-06-30,2021-07-29,-9092000.0,11274830000.0,,,,,53.085,-86141000.0,57684000.0,57684000.0,278086000.0,64141000.0,,0.825,4539989000.0,,,4539989000.0,0.0,124184000.0,0.0,0.032,0.96,108535000.0,232719000.0,0.571,232719000.0,108535000.0,62599000.0,0.53,0.53,0.53,6051466000.0,,6051466000.0,17912833798.0,42.0,19.537,127648000.0,1.12,1.0,129304000.0,0.317,0.0,45936000.0,15757135000.0,,0.0,0.0,,,4990201000.0,,,13424122798.0,-1703000.0,-2559000.0,0.0,-14168000.0,-109434000.0,-127550000.0,-87942000.0,0.0,213789000.0,0.0,61917000.0,60995000.0,60995000.0,0.0,2224000.0,0.15,23852000.0,105452000.0,0.0,1.811,2.218,56.891,56.889,11067850000.0,922000.0,117.76,8.37,8.37,0.0,-1086665000.0,407390000.0,407390000.0,0.0,,,,,3452000.0,23852000.0,1.0,113995608.0,113995608.0,,3.574,11274830000.0,0.0,682000.0,0.0,98.906,
9,MAA,MRQ,2019-03-31,2019-03-31,2019-03-31,2021-07-29,-3300000.0,11303762000.0,,,,,53.58,-66809000.0,59387000.0,59387000.0,272166000.0,65958000.0,,0.814,4548098000.0,,,4548098000.0,0.0,123082000.0,0.0,0.034,0.96,110001000.0,233083000.0,0.581,233083000.0,110001000.0,64301000.0,0.55,0.55,0.55,6102122000.0,,6102122000.0,16928067212.0,40.0,18.577,87869000.0,0.772,1.0,129012000.0,0.322,0.0,45700000.0,15792473000.0,,0.0,0.0,,,4967418000.0,,,12451412212.0,7714000.0,43000.0,0.0,18883000.0,-109324000.0,-94080000.0,-52884000.0,0.0,154678000.0,0.0,63660000.0,62738000.0,62738000.0,0.0,2298000.0,0.156,17216000.0,111796000.0,0.0,1.745,2.041,53.245,53.073,11099997000.0,922000.0,109.33,7.848,7.848,0.0,-1037268000.0,401178000.0,401178000.0,0.0,,,,,4785000.0,26179000.0,1.0,113888340.0,113888340.0,,3.523,11303762000.0,0.0,641000.0,0.0,99.253,
10,MAA,MRQ,2018-12-31,2018-12-31,2018-12-31,2021-07-29,-212000.0,11323781000.0,,,,,54.023,-79026000.0,51673000.0,51673000.0,268255000.0,63517000.0,,0.804,4528328000.0,,,4528328000.0,0.0,121772000.0,0.0,0.039,0.923,106521000.0,228293000.0,0.573,228293000.0,106521000.0,62067000.0,0.53,0.53,0.53,6149840000.0,,6149840000.0,15318897302.0,38.0,17.21,54210000.0,0.476,1.0,129893000.0,0.326,0.0,44454000.0,15800436000.0,,0.0,0.0,,,4942178000.0,,,10894274302.0,-27727000.0,-630000.0,0.0,27328000.0,-105015000.0,-82371000.0,-78592000.0,0.0,133236000.0,0.0,61282000.0,60360000.0,60360000.0,0.0,2235000.0,0.152,25795000.0,104098000.0,0.0,1.742,1.771,49.698,49.585,11151701000.0,922000.0,95.7,6.933,6.933,0.0,-989263000.0,398148000.0,398148000.0,0.0,,,,,2567000.0,25186000.0,1.0,113837767.0,113837767.0,,3.498,11323781000.0,0.0,785000.0,0.0,99.473,
11,MAA,MRQ,2018-09-30,2018-09-30,2018-09-30,2021-07-29,11556000.0,11418987000.0,,,,,54.542,-68413000.0,79400000.0,79400000.0,279289000.0,54704000.0,,0.802,4504023000.0,,,4504023000.0,0.0,124702000.0,0.0,0.036,0.922,98057000.0,222759000.0,0.561,222759000.0,98057000.0,53407000.0,0.46,0.46,0.46,6207407000.0,,6207407000.0,15889313192.0,35.0,16.809,168638000.0,1.482,1.0,117819000.0,0.297,0.0,44650000.0,15843610000.0,,0.0,0.0,,,4977826000.0,,,11401481192.0,18597000.0,-750000.0,0.0,-42887000.0,-104991000.0,-152058000.0,-66396000.0,0.0,237051000.0,0.0,52791000.0,51869000.0,51869000.0,0.0,1913000.0,0.131,19561000.0,98258000.0,0.0,2.004,1.837,40.52,40.395,11196041000.0,922000.0,100.18,7.328,7.328,0.0,-940773000.0,397108000.0,397108000.0,0.0,,,,,2890000.0,17683000.0,1.0,113809954.0,113809954.0,,3.489,11418987000.0,0.0,616000.0,0.0,100.334,
12,MAA,MRQ,2018-06-30,2018-06-30,2018-06-30,2021-07-29,7986000.0,11447129000.0,,,,,54.946,-184988000.0,60803000.0,60803000.0,271655000.0,61981000.0,,0.793,4548635000.0,,,4548635000.0,0.0,123160000.0,0.0,0.036,0.922,103962000.0,227122000.0,0.582,227122000.0,103962000.0,60377000.0,0.52,0.52,0.52,6252361000.0,,6252361000.0,15872122345.0,31.0,15.937,26313000.0,0.231,1.0,118418000.0,0.304,0.0,43585000.0,15934961000.0,,0.0,0.0,,,4958239000.0,,,11455381345.0,-21307000.0,0.0,0.0,51561000.0,-104967000.0,-57911000.0,-174697000.0,0.0,211301000.0,0.0,59807000.0,58885000.0,58885000.0,0.0,2174000.0,0.151,23433000.0,94985000.0,0.0,1.773,1.832,33.369,33.334,11263013000.0,922000.0,100.67,7.422,7.422,0.0,-887672000.0,390073000.0,390073000.0,0.0,,,,,2963000.0,20607000.0,1.0,113791411.0,113791411.0,,3.428,11447129000.0,0.0,570000.0,0.0,100.597,
13,MAA,MRQ,2018-03-31,2018-03-31,2018-03-31,2021-07-29,3000000.0,11417376000.0,,,,,55.337,-51775000.0,82110000.0,82110000.0,265148000.0,50820000.0,,0.777,4498851000.0,,,4498851000.0,0.0,121361000.0,0.0,0.039,0.923,90564000.0,211925000.0,0.549,211925000.0,90564000.0,49659000.0,0.42,0.42,0.42,6291242000.0,,6291242000.0,14786171805.0,30.0,15.042,100929000.0,0.888,1.0,120869000.0,0.313,0.0,40905000.0,15834117000.0,,0.0,0.0,,,4889231000.0,,,10372981805.0,-6757000.0,-750000.0,0.0,-1042000.0,-104876000.0,-112796000.0,-46665000.0,0.0,152704000.0,0.0,49019000.0,48097000.0,48097000.0,0.0,1801000.0,0.125,26811000.0,94058000.0,0.0,2.198,1.649,31.262,31.247,11193527000.0,922000.0,91.24,6.753,6.753,0.0,-840642000.0,386017000.0,386017000.0,0.0,,,,,4024000.0,23012000.0,1.0,113688972.0,113688972.0,,3.395,11417376000.0,0.0,640000.0,0.0,100.426,
14,MAA,MRQ,2017-12-31,2017-12-31,2017-12-31,2021-07-29,2157000.0,11491919000.0,,,,,55.796,-147758000.0,88867000.0,88867000.0,259733000.0,128007000.0,,0.774,4502057000.0,,,4502057000.0,0.0,119593000.0,0.0,0.035,0.87,163905000.0,283498000.0,0.741,283498000.0,163905000.0,124159000.0,1.08,1.08,1.08,6339912000.0,,6339912000.0,15791062528.0,33.0,16.109,-44414000.0,-0.391,1.0,123005000.0,0.321,0.0,39746000.0,15905109000.0,,0.0,0.0,,,4907617000.0,,,11426332528.0,-39237000.0,-750000.0,3343000.0,13078000.0,-98853000.0,-91461000.0,-51120000.0,0.0,103344000.0,0.0,123450000.0,122528000.0,122528000.0,0.0,4557000.0,0.32,26532000.0,96473000.0,0.0,0.806,1.802,35.191,35.161,11261924000.0,922000.0,100.56,7.473,7.473,0.0,-784500000.0,382738000.0,382738000.0,0.0,,,,,2139000.0,21040000.0,1.0,113627014.0,113627014.0,,3.368,11491919000.0,0.0,709000.0,0.0,101.137,
15,MAA,MRQ,2017-09-30,2017-09-30,2017-09-30,2021-07-29,790000.0,11532801000.0,,,,,55.603,-83008000.0,128104000.0,128104000.0,267107000.0,118958000.0,,0.787,4492834000.0,,,4492834000.0,0.0,118075000.0,18998000.0,0.032,0.87,155290000.0,273365000.0,0.711,273365000.0,155290000.0,115350000.0,1.0,1.0,1.0,6316927000.0,,6316927000.0,16647928503.0,42.0,19.237,153225000.0,1.349,1.0,117443000.0,0.305,1239000.0,39940000.0,15896292000.0,,0.0,0.0,,,4971371000.0,,,12142394503.0,60586000.0,-750000.0,224000.0,-76991000.0,-98839000.0,-180195000.0,4548000.0,0.0,236233000.0,0.0,114709000.0,113787000.0,113787000.0,0.0,4249000.0,0.296,22772000.0,94671000.0,17275000.0,0.87,1.922,50.333,49.028,11279059000.0,922000.0,106.88,8.354,8.354,0.0,-802835000.0,384550000.0,384550000.0,0.0,,,,,2813000.0,18642000.0,1.0,113607733.0,113607733.0,,3.385,11531562000.0,0.0,641000.0,0.0,101.503,
16,MAA,MRQ,2017-06-30,2017-06-30,2017-06-30,2021-07-29,735000.0,11534129000.0,,,,,55.455,-100034000.0,67518000.0,67518000.0,272329000.0,50155000.0,,0.793,4573052000.0,,,4573052000.0,0.0,126790000.0,19637000.0,0.032,0.87,87414000.0,214204000.0,0.56,214204000.0,87414000.0,48933000.0,0.42,0.42,0.42,6298341000.0,,6298341000.0,16467274773.0,46.0,20.953,88416000.0,0.778,1.0,110462000.0,0.289,1239000.0,38481000.0,16038424000.0,,0.0,0.0,,,4991479000.0,,,11968589773.0,9019000.0,0.0,1100000.0,21350000.0,-98811000.0,-80948000.0,-98483000.0,0.0,188450000.0,0.0,48315000.0,47393000.0,47393000.0,0.0,1840000.0,0.124,24486000.0,85976000.0,13932000.0,2.071,1.9,56.527,45.817,11344375000.0,922000.0,105.38,8.893,8.893,0.0,-817616000.0,382791000.0,382791000.0,0.0,,,,,2600000.0,20279000.0,1.0,113575534.0,113575534.0,,3.37,11532890000.0,0.0,618000.0,0.0,101.544,
17,MAA,MRQ,2017-03-31,2017-03-31,2017-03-31,2021-07-29,4223000.0,11559699000.0,,,,,55.934,-149155000.0,58499000.0,58499000.0,271270000.0,43416000.0,,0.782,4557184000.0,,,4557184000.0,0.0,130082000.0,19419000.0,0.033,0.87,79140000.0,209222000.0,0.552,209222000.0,79140000.0,42556000.0,0.36,0.36,0.36,6351062000.0,,6351062000.0,15930003802.0,46.0,21.963,-16382000.0,-0.144,1.0,107638000.0,0.284,1239000.0,36584000.0,16057145000.0,,0.0,0.0,,,4963735000.0,,,11552091802.0,-63301000.0,0.0,-4667000.0,61128000.0,-98791000.0,-46919000.0,-149155000.0,0.0,132773000.0,0.0,41905000.0,40983000.0,40983000.0,0.0,1511000.0,0.108,29982000.0,77656000.0,13346000.0,2.417,1.819,55.145,41.024,11371148000.0,922000.0,101.74,9.352,9.352,0.0,-765749000.0,378908000.0,378908000.0,0.0,,,,,3018000.0,23821000.0,1.0,113545231.0,113545231.0,,3.337,11558460000.0,0.0,651000.0,0.0,101.796,
18,MAA,MRQ,2016-12-31,2016-12-31,2016-12-31,2021-07-29,1144000.0,11604491000.0,,,,,84.771,-117810000.0,121800000.0,121800000.0,208003000.0,42058000.0,,0.773,4499712000.0,,,4499712000.0,0.0,95210000.0,0.0,0.033,0.82,73414000.0,168624000.0,0.549,168624000.0,73414000.0,39885000.0,0.4,0.4,0.4,6403819000.0,,6403819000.0,10772392482.0,31.0,16.147,-22028000.0,-0.292,1.0,99195000.0,0.323,0.0,33529000.0,15982403000.0,,0.0,0.0,,,4952317000.0,,,7397089482.0,67901000.0,-424201000.0,299000.0,471334000.0,-61948000.0,405145000.0,-433026000.0,0.0,95782000.0,0.0,39386000.0,39079000.0,39079000.0,0.0,2672000.0,0.127,54580000.0,44615000.0,0.0,2.05,1.155,34.906,36.401,11341862000.0,307000.0,97.92,6.573,6.573,0.0,-707479000.0,307198000.0,307198000.0,0.0,,,,,5509000.0,17655000.0,1.0,75542172.0,75542172.0,,4.067,11604491000.0,0.0,499000.0,0.0,153.616,
19,MAA,MRQ,2016-09-30,2016-09-30,2016-09-30,2021-07-29,-2045000.0,6881313000.0,,,,,39.496,-180176000.0,58854000.0,58854000.0,183605000.0,88906000.0,,1.248,3434157000.0,,,3434157000.0,0.0,76959000.0,12221000.0,0.034,0.82,116901000.0,193860000.0,0.7,193860000.0,116901000.0,84733000.0,1.12,1.12,1.12,2983332000.0,,2983332000.0,10537463743.0,31.0,16.298,-29170000.0,-0.386,1.0,93293000.0,0.337,1607000.0,32168000.0,10255009000.0,,0.0,0.0,,,3724373000.0,,,7099448743.0,1538000.0,30000.0,-913000.0,-52492000.0,-61930000.0,-118746000.0,-30722000.0,0.0,151006000.0,0.0,84279000.0,84279000.0,84279000.0,0.0,4627000.0,0.304,19503000.0,73790000.0,9080000.0,0.732,2.38,32.895,32.749,6759821000.0,0.0,93.99,6.565,6.565,0.0,-647390000.0,276898000.0,276898000.0,0.0,,,,,2019000.0,14569000.0,1.0,75534086.0,75534086.0,,3.666,6879706000.0,0.0,454000.0,0.0,91.081,
20,MAA,MRQ,2016-06-30,2016-06-30,2016-06-30,2021-07-29,-4150000.0,6869381000.0,,,,,39.144,-125361000.0,51410000.0,51410000.0,178697000.0,47630000.0,,1.265,3489425000.0,,,3489425000.0,0.0,75966000.0,12386000.0,0.03,0.82,77640000.0,153606000.0,0.564,153606000.0,77640000.0,45601000.0,0.6,0.6,0.6,2955744000.0,,2955744000.0,11428376826.0,33.0,17.627,8770000.0,0.116,1.0,93539000.0,0.344,1607000.0,32039000.0,10305789000.0,,0.0,0.0,,,3739693000.0,,,8034237826.0,-1905000.0,375000.0,526000.0,48231000.0,-61917000.0,-16570000.0,-119466000.0,0.0,134131000.0,0.0,45144000.0,45144000.0,45144000.0,0.0,2486000.0,0.166,15745000.0,77794000.0,7464000.0,1.367,2.718,35.983,35.825,6759790000.0,0.0,106.4,7.533,7.533,0.0,-670954000.0,272236000.0,272236000.0,0.0,,,,,2073000.0,15324000.0,1.0,75509754.0,75509754.0,,3.605,6867774000.0,0.0,457000.0,0.0,90.952,
21,MAA,MRQ,2016-03-31,2016-03-31,2016-03-31,2021-07-29,-3976000.0,6827921000.0,,,,,39.383,-99816000.0,49824000.0,49824000.0,176008000.0,45808000.0,,1.24,3443963000.0,,,3443963000.0,0.0,75148000.0,12052000.0,0.031,0.82,75912000.0,151060000.0,0.562,151060000.0,75912000.0,43701000.0,0.58,0.58,0.58,2970729000.0,,2970729000.0,11073809745.0,25.0,15.035,4269000.0,0.057,1.0,93008000.0,0.346,1607000.0,32211000.0,10220453000.0,,0.0,0.0,,,3683275000.0,,,7709882745.0,-9375000.0,1418000.0,-1640000.0,19367000.0,-61857000.0,-47543000.0,-65917000.0,0.0,104085000.0,0.0,43413000.0,43413000.0,43413000.0,0.0,2395000.0,0.161,16299000.0,76709000.0,8222000.0,1.414,2.595,24.52,24.452,6714366000.0,0.0,102.21,7.32,7.32,0.0,-653756000.0,269016000.0,269016000.0,0.0,,,,,1885000.0,15586000.0,1.0,75431785.0,75431785.0,,3.566,6826314000.0,0.0,288000.0,0.0,90.497,
22,MAA,MRQ,2015-12-31,2015-12-31,2015-12-31,2021-07-29,-1589000.0,6847781000.0,,,,,39.694,-119941000.0,63641000.0,63641000.0,171456000.0,45367000.0,,1.23,3427568000.0,,,3427568000.0,0.0,73956000.0,11623000.0,0.034,0.77,74074000.0,148030000.0,0.562,148030000.0,74074000.0,43241000.0,0.57,0.57,0.57,2992097000.0,,2992097000.0,10136139589.0,22.0,13.493,-17756000.0,-0.236,1.0,91882000.0,0.349,1607000.0,30833000.0,10210101000.0,,0.0,0.0,,,3681708000.0,,,6845201589.0,-7317000.0,59612000.0,295000.0,11797000.0,-58043000.0,-49173000.0,-60329000.0,0.0,102185000.0,0.0,42987000.0,42987000.0,42987000.0,0.0,2380000.0,0.163,12342000.0,79540000.0,5922000.0,1.351,2.288,20.6,20.592,6718366000.0,0.0,90.81,6.564,6.564,0.0,-634141000.0,263338000.0,263338000.0,0.0,,,,,1709000.0,14497000.0,1.0,75379381.0,75379381.0,,3.494,6846174000.0,0.0,254000.0,0.0,90.823,
23,MAA,MRQ,2015-09-30,2015-09-30,2015-09-30,2021-07-29,-6306000.0,6887341000.0,,,,,39.851,-133242000.0,134197000.0,134197000.0,174697000.0,96828000.0,,1.235,3425135000.0,,,3425135000.0,0.0,73176000.0,11446000.0,0.037,0.77,122475000.0,195651000.0,0.747,195651000.0,122475000.0,92246000.0,1.22,1.22,1.22,3003782000.0,,3003782000.0,9529748443.0,21.0,12.847,1764000.0,0.023,1.0,87301000.0,0.333,1607000.0,30229000.0,10176672000.0,,0.0,0.0,,,3708754000.0,,,6170940443.0,14846000.0,-32661000.0,130000.0,-12012000.0,-58310000.0,-73425000.0,-46735000.0,0.0,135006000.0,0.0,91734000.0,91734000.0,91734000.0,0.0,5094000.0,0.35,14163000.0,73138000.0,10509000.0,0.631,2.054,19.056,19.04,6675575000.0,0.0,81.87,5.976,5.976,0.0,-614500000.0,261998000.0,261998000.0,0.0,,,,,1675000.0,13507000.0,1.0,75374868.0,75374868.0,,3.476,6885734000.0,0.0,512000.0,0.0,91.353,
24,MAA,MRQ,2015-06-30,2015-06-30,2015-06-30,2021-07-29,952000.0,6843413000.0,,,,,39.506,-162510000.0,83436000.0,83436000.0,175252000.0,143873000.0,,1.241,3442244000.0,,,3442244000.0,0.0,74648000.0,11281000.0,0.041,0.77,167130000.0,241778000.0,0.934,241778000.0,167130000.0,136697000.0,1.81,1.81,1.81,2976616000.0,,2976616000.0,8920203062.0,21.0,12.51,-38839000.0,-0.515,1.0,83639000.0,0.323,1607000.0,30433000.0,10200614000.0,,0.0,0.0,,,3694830000.0,,,5485992062.0,8445000.0,-20544000.0,588000.0,-57733000.0,-57886000.0,-118251000.0,3025000.0,0.0,123671000.0,0.0,136299000.0,136299000.0,136299000.0,0.0,7574000.0,0.526,14802000.0,68837000.0,11884000.0,0.425,1.843,18.344,18.34,6683457000.0,0.0,72.81,5.377,5.377,0.0,-647413000.0,258891000.0,258891000.0,0.0,,,,,1474000.0,13643000.0,1.0,75346684.0,75346684.0,,3.436,6841806000.0,0.0,398000.0,0.0,90.804,
25,MAA,MRQ,2015-03-31,2015-03-31,2015-03-31,2021-07-29,-2453000.0,6799682000.0,,,,,38.411,-78521000.0,45282000.0,45282000.0,173761000.0,64677000.0,,1.293,3479493000.0,,,3479493000.0,0.0,73117000.0,10490000.0,0.038,0.77,92625000.0,165742000.0,0.641,165742000.0,92625000.0,61777000.0,0.81,0.81,0.81,2892214000.0,,2892214000.0,9289159775.0,29.0,15.375,24338000.0,0.323,1.0,84791000.0,0.328,2321000.0,30848000.0,10231572000.0,,0.0,0.0,,,3739976000.0,,,5818226775.0,-5068000.0,-6425000.0,-929000.0,-13759000.0,-57840000.0,-75751000.0,-32176000.0,0.0,102859000.0,0.0,61267000.0,61267000.0,61267000.0,0.0,3410000.0,0.237,15398000.0,69393000.0,7680000.0,0.951,2.012,29.932,29.95,6687578000.0,0.0,77.27,5.78,5.78,0.0,-726062000.0,258552000.0,258552000.0,0.0,,,,,1289000.0,15059000.0,1.0,75297357.0,75297357.0,,3.434,6797361000.0,0.0,510000.0,0.0,90.274,
26,MAA,MRQ,2014-12-31,2014-12-31,2014-12-31,2021-07-29,-412000.0,6821778000.0,,,,,38.41,-192050000.0,54834000.0,54834000.0,168886000.0,36458000.0,,1.302,3512699000.0,,,3512699000.0,0.0,68432000.0,10526000.0,0.039,0.73,70203000.0,138635000.0,0.547,138635000.0,70203000.0,35340000.0,0.46,0.46,0.46,2890524000.0,,2890524000.0,8902449315.0,32.0,15.463,-104012000.0,-1.382,1.0,84333000.0,0.333,2321000.0,34863000.0,10277322000.0,,0.0,0.0,,,3764056000.0,,,5619987315.0,-61636000.0,30473000.0,634000.0,56245000.0,-54860000.0,-1044000.0,-148630000.0,0.0,88038000.0,0.0,34525000.0,34525000.0,34525000.0,-12000.0,1933000.0,0.136,15542000.0,68791000.0,8395000.0,1.587,1.944,37.978,37.909,6697508000.0,0.0,74.68,5.663,5.663,0.0,-729086000.0,253219000.0,253219000.0,0.0,,,,,1046000.0,12920000.0,1.0,75254249.0,75254249.0,,3.365,6819457000.0,0.0,815000.0,0.0,90.619,
27,MAA,MRQ,2014-09-30,2014-09-30,2014-09-30,2021-07-29,396000.0,6783014000.0,,,,,38.739,-60292000.0,147552000.0,147552000.0,171104000.0,70719000.0,,1.271,3430014000.0,,,3430014000.0,0.0,71213000.0,9970000.0,0.044,0.73,95669000.0,166882000.0,0.669,166882000.0,95669000.0,67418000.0,0.89,0.89,0.89,2912973000.0,,2912973000.0,8320952196.0,36.0,15.16,48688000.0,0.647,1.0,78470000.0,0.314,2321000.0,28251000.0,10063155000.0,,0.0,0.0,,,3702054000.0,,,4936540196.0,62204000.0,15576000.0,2405000.0,-62563000.0,-54884000.0,-118111000.0,71335000.0,0.0,108980000.0,0.0,66976000.0,66976000.0,66976000.0,111000.0,3743000.0,0.268,14431000.0,64039000.0,10089000.0,0.82,1.695,47.383,76.337,6516541000.0,0.0,65.65,5.044,5.044,0.0,-705022000.0,249574000.0,249574000.0,0.0,,,,,1135000.0,13940000.0,1.0,75194824.0,75194824.0,,3.319,6780693000.0,0.0,442000.0,0.0,90.175,
28,MAA,MRQ,2014-06-30,2014-06-30,2014-06-30,2021-07-29,-1395000.0,6783121000.0,,,,,38.594,-168848000.0,91001000.0,91001000.0,167529000.0,33386000.0,,1.285,3475413000.0,,,3475413000.0,0.0,70630000.0,9808000.0,0.039,0.73,62299000.0,132929000.0,0.542,132929000.0,62299000.0,32136000.0,0.42,0.42,0.42,2894935000.0,,2894935000.0,8782694417.0,46.0,18.476,-76549000.0,-1.021,1.0,77776000.0,0.317,4106000.0,30163000.0,10163427000.0,,0.0,0.0,,,3720512000.0,,,5479412417.0,-95883000.0,-18461000.0,8066000.0,16373000.0,-54753000.0,-33386000.0,-154796000.0,0.0,92299000.0,0.0,31613000.0,31613000.0,31613000.0,4000.0,1773000.0,0.129,19684000.0,58092000.0,15297000.0,1.738,1.893,67.239,72.327,6583828000.0,0.0,73.05,6.338,6.338,0.0,-717642000.0,245305000.0,245305000.0,0.0,,,,,1097000.0,14791000.0,1.0,75009068.0,75009068.0,,3.27,6779015000.0,0.0,523000.0,0.0,90.376,
29,MAA,MRQ,2014-03-31,2014-03-31,2014-03-31,2021-07-29,2691000.0,6785663000.0,,,,,38.861,-78060000.0,159777000.0,159777000.0,187376000.0,15714000.0,,1.271,3463059000.0,,,3463059000.0,0.0,91469000.0,9522000.0,0.041,0.73,45812000.0,137281000.0,0.564,137281000.0,45812000.0,15136000.0,0.2,0.2,0.2,2913407000.0,,2913407000.0,8457211563.0,41.0,18.755,18001000.0,0.24,1.0,56111000.0,0.23,4106000.0,30676000.0,10084839000.0,,0.0,0.0,,,3703689000.0,,,5118187563.0,32635000.0,13260000.0,1717000.0,-35723000.0,-54661000.0,-91753000.0,28327000.0,0.0,96061000.0,0.0,14866000.0,14866000.0,14866000.0,-5897000.0,848000.0,0.061,17282000.0,38829000.0,15174000.0,3.65,1.757,46.97,34.655,6513985000.0,0.0,68.27,6.815,6.815,0.0,-694150000.0,243487000.0,243487000.0,0.0,,,,,948000.0,11353000.0,1.0,74969790.0,74969790.0,,3.248,6781557000.0,0.0,270000.0,0.0,90.457,
30,MAA,MRQ,2013-12-31,2013-12-31,2013-12-31,2021-07-29,108000.0,6841925000.0,,,,,39.408,-96940000.0,133694000.0,133694000.0,184394000.0,-9810000.0,,1.264,3472718000.0,,,3472718000.0,0.0,87515000.0,9270000.0,0.046,0.695,24273000.0,111788000.0,0.465,111788000.0,24273000.0,-9048000.0,-0.65,-0.66,-0.65,2946811000.0,,2946811000.0,6162426149.0,32.0,16.014,-7337000.0,-0.098,1.0,55969000.0,0.233,4106000.0,33321000.0,10176843000.0,,0.0,0.0,,,3723338000.0,,,4541908149.0,-91772000.0,97322000.0,6834000.0,-143927000.0,-51883000.0,-191952000.0,10577000.0,0.0,89603000.0,0.0,-9272000.0,-9272000.0,-9272000.0,-5134000.0,-538000.0,-0.039,39813000.0,16156000.0,15067000.0,-1.069,1.541,39.399,26.758,6556303000.0,0.0,60.74,7.147,7.147,0.0,-653593000.0,240363000.0,240363000.0,0.0,,,,,539000.0,12747000.0,1.0,74776229.0,74776229.0,,3.214,6837819000.0,0.0,224000.0,0.0,91.444,
31,MAA,MRQ,2013-09-30,2013-09-30,2013-09-30,2021-07-29,-4599000.0,3028257000.0,,,,,23.174,-23466000.0,239684000.0,239684000.0,88459000.0,46056000.0,,2.013,1860202000.0,,,1860202000.0,0.0,33922000.0,6892000.0,0.044,0.695,59430000.0,93352000.0,0.689,93352000.0,59430000.0,44507000.0,1.04,1.04,1.04,990377000.0,,990377000.0,4340742625.0,21.0,12.54,35929000.0,0.841,1.0,46947000.0,0.347,4106000.0,14923000.0,4644669000.0,,0.0,0.0,,,1993197000.0,,,2670982625.0,172313000.0,-45364000.0,61000.0,166875000.0,-29699000.0,136054000.0,-23136000.0,0.0,59395000.0,0.0,44284000.0,44284000.0,44284000.0,-29760000.0,1772000.0,0.327,14542000.0,32405000.0,6963000.0,0.668,2.697,18.187,18.169,2723808000.0,0.0,62.5,5.156,5.156,0.0,-567662000.0,135406000.0,135406000.0,0.0,,,,,558000.0,8946000.0,1.0,42735722.0,42735722.0,,3.168,3024151000.0,0.0,223000.0,0.0,70.764,
32,MAA,MRQ,2013-06-30,2013-06-30,2013-06-30,2021-07-29,-6336000.0,2834217000.0,,,,,22.945,-84165000.0,21781000.0,21781000.0,85043000.0,61028000.0,,1.853,1691541000.0,,,1691541000.0,0.0,33999000.0,6934000.0,0.04,0.695,74501000.0,108500000.0,0.823,108500000.0,74501000.0,59312000.0,1.38,1.37,1.38,980297000.0,,980297000.0,4577729028.0,23.0,13.807,-16900000.0,-0.396,1.0,46758000.0,0.355,4106000.0,15189000.0,4499871000.0,,0.0,0.0,,,1816899000.0,,,2895349028.0,568000.0,-8836000.0,2910000.0,-18735000.0,-29697000.0,-46709000.0,-19988000.0,0.0,67265000.0,0.0,59089000.0,59089000.0,59089000.0,-44818000.0,1939000.0,0.448,14838000.0,31920000.0,10085000.0,0.504,2.954,21.697,21.583,2746897000.0,0.0,67.77,5.724,5.724,0.0,-582884000.0,131801000.0,131801000.0,0.0,,,,,541000.0,8612000.0,1.0,42723167.0,42723167.0,,3.085,2830111000.0,0.0,223000.0,0.0,66.243,
33,MAA,MRQ,2013-03-31,2013-03-31,2013-03-31,2021-07-29,-21869000.0,2775008000.0,,,,,22.01,-56265000.0,8873000.0,8873000.0,82716000.0,22005000.0,,1.939,1691253000.0,,,1691253000.0,0.0,34237000.0,6830000.0,0.039,0.695,36948000.0,71185000.0,0.556,71185000.0,36948000.0,21403000.0,0.5,0.5,0.5,932184000.0,,932184000.0,4588786178.0,28.0,15.395,-14148000.0,-0.334,1.0,45204000.0,0.353,4106000.0,15545000.0,4453282000.0,,0.0,0.0,,,1807504000.0,,,2924821178.0,-851000.0,4948000.0,21385000.0,17510000.0,-29418000.0,8273000.0,-51241000.0,0.0,42117000.0,0.0,21180000.0,21180000.0,21180000.0,-1782000.0,825000.0,0.166,8357000.0,36847000.0,5672000.0,1.39,3.138,28.531,28.188,2716270000.0,0.0,69.06,5.933,5.933,0.0,-612128000.0,127920000.0,127920000.0,0.0,,,,,630000.0,8347000.0,1.0,42351885.0,42351885.0,,3.02,2770902000.0,0.0,223000.0,0.0,65.426,
34,MAA,MRQ,2012-12-31,2012-12-31,2012-12-31,2021-07-29,-26054000.0,2751068000.0,,,,,21.625,-31499000.0,9883000.0,9883000.0,79595000.0,23207000.0,,1.971,1673848000.0,,,1673848000.0,0.0,34504000.0,6669000.0,0.041,0.66,38619000.0,73123000.0,0.595,73123000.0,38619000.0,23110000.0,0.52,0.53,0.52,914052000.0,,914052000.0,4428360344.0,27.0,14.953,21447000.0,0.507,1.0,43299000.0,0.352,4106000.0,15509000.0,4410927000.0,,0.0,0.0,,,1801245000.0,,,2736823344.0,-4347000.0,270000.0,22238000.0,-32223000.0,-27894000.0,-39052000.0,-18241000.0,0.0,52946000.0,0.0,22307000.0,22307000.0,22307000.0,-5893000.0,900000.0,0.182,8130000.0,35169000.0,4586000.0,1.269,2.994,26.01,25.293,2694071000.0,0.0,64.75,5.751,5.751,0.0,-603315000.0,122894000.0,122894000.0,0.0,,,,,503000.0,8123000.0,1.0,42267542.0,42267542.0,,2.908,2746962000.0,0.0,803000.0,0.0,64.99,
35,MAA,MRQ,2012-09-30,2012-09-30,2012-09-30,2021-07-29,-30467000.0,2775835000.0,,,,,21.754,-244693000.0,14721000.0,14721000.0,82268000.0,32078000.0,,2.064,1706258000.0,,,1706258000.0,0.0,33350000.0,6745000.0,0.04,0.66,45396000.0,78746000.0,0.639,78746000.0,45396000.0,30866000.0,0.74,0.74,0.74,894175000.0,,894175000.0,4250512630.0,27.0,14.74,-187536000.0,-4.563,1.0,40922000.0,0.332,4106000.0,14530000.0,4463266000.0,,0.0,0.0,,,1845830000.0,,,2684470630.0,-8919000.0,970000.0,53589000.0,106417000.0,-27123000.0,131667000.0,-197743000.0,0.0,57157000.0,0.0,30866000.0,30866000.0,30866000.0,-16845000.0,1212000.0,0.251,10330000.0,30592000.0,5637000.0,0.892,3.002,26.403,25.814,2698112000.0,0.0,65.31,5.945,5.945,0.0,-596027000.0,123190000.0,123190000.0,0.0,,,,,499000.0,8987000.0,1.0,41103516.0,41103516.0,,2.997,2771729000.0,0.0,0.0,0.0,67.433,
36,MAA,MRQ,2012-06-30,2012-06-30,2012-06-30,2021-07-29,-30891000.0,2599088000.0,,,,,20.504,-133178000.0,23379000.0,23379000.0,78970000.0,29472000.0,,2.059,1589421000.0,,,1589421000.0,0.0,32792000.0,6586000.0,0.038,0.66,42233000.0,75025000.0,0.63,75025000.0,42233000.0,28160000.0,0.69,0.69,0.69,839387000.0,,839387000.0,4269039956.0,30.0,15.885,-70225000.0,-1.715,1.0,40038000.0,0.336,4106000.0,14073000.0,4161024000.0,,0.0,0.0,,,1728428000.0,,,2793549956.0,-19485000.0,31883000.0,-212000.0,25188000.0,-27009000.0,-3312000.0,-79126000.0,0.0,62953000.0,0.0,28160000.0,28160000.0,28160000.0,-14246000.0,1312000.0,0.237,9900000.0,30138000.0,5582000.0,0.957,3.328,33.021,31.593,2519706000.0,0.0,68.24,6.368,6.368,0.0,-624304000.0,119008000.0,119008000.0,0.0,,,,,417000.0,9032000.0,1.0,40937133.0,40937133.0,,2.907,2594982000.0,0.0,0.0,0.0,63.389,
37,MAA,MRQ,2012-03-31,2012-03-31,2012-03-31,2021-07-29,-31800000.0,2527410000.0,,,,,21.415,-41900000.0,64566000.0,64566000.0,78056000.0,25068000.0,,1.988,1540056000.0,,,1540056000.0,0.0,31549000.0,6392000.0,0.038,0.66,38000000.0,69549000.0,0.598,69549000.0,38000000.0,23890000.0,0.6,0.6,0.6,834526000.0,,834526000.0,4203149972.0,35.0,17.229,-3989000.0,-0.102,1.0,38230000.0,0.329,4106000.0,14110000.0,3998794000.0,,0.0,0.0,,,1659246000.0,,,2612073972.0,-15491000.0,-21177000.0,118720000.0,-111006000.0,-25723000.0,-19289000.0,-34113000.0,0.0,37911000.0,0.0,23890000.0,23890000.0,23890000.0,-9913000.0,1178000.0,0.205,8267000.0,29963000.0,4001000.0,1.1,3.13,40.899,40.138,2417265000.0,0.0,67.03,6.119,6.119,0.0,-625266000.0,116286000.0,116286000.0,0.0,,,,,814000.0,8901000.0,1.0,38968730.0,38968730.0,,2.984,2523304000.0,0.0,0.0,0.0,64.752,
38,MAA,MRQ,2011-12-31,2011-12-31,2011-12-31,2021-07-29,-35848000.0,2530468000.0,,,,,18.991,-133825000.0,58679000.0,58679000.0,63442000.0,19945000.0,,2.482,1649755000.0,,,1649755000.0,0.0,31854000.0,6310000.0,0.04,0.627,33187000.0,65041000.0,0.699,65041000.0,33187000.0,19485000.0,0.5,0.5,0.5,718331000.0,,718331000.0,3916577510.0,37.0,17.387,-90748000.0,-2.399,1.0,29605000.0,0.318,4106000.0,13702000.0,4117438000.0,,0.0,0.0,,,1782969000.0,,,2365888510.0,33063000.0,121000.0,65149000.0,59965000.0,-23697000.0,110961000.0,-120975000.0,0.0,43077000.0,0.0,18758000.0,18758000.0,18758000.0,-14837000.0,1187000.0,0.202,9797000.0,19808000.0,2091000.0,1.254,3.294,48.46,47.386,2423808000.0,0.0,62.55,5.774,5.774,0.0,-621833000.0,93047000.0,93047000.0,0.0,,,,,1074000.0,8809000.0,1.0,37823957.0,37823957.0,,2.46,2526362000.0,0.0,727000.0,0.0,66.793,
39,MAA,MRQ,2011-09-30,2011-09-30,2011-09-30,2021-07-29,-41584000.0,2412027000.0,,,,,17.622,-105545000.0,37200000.0,37200000.0,76034000.0,14451000.0,,2.643,1587889000.0,,,1587889000.0,0.0,30157000.0,6428000.0,0.041,0.627,28974000.0,59131000.0,0.536,59131000.0,28974000.0,13791000.0,0.37,0.37,0.37,654501000.0,,654501000.0,3758146992.0,40.0,17.983,-59885000.0,-1.612,1.0,34287000.0,0.311,4106000.0,15183000.0,3958610000.0,,0.0,0.0,,,1729940000.0,,,2236677992.0,11416000.0,316000.0,44567000.0,51095000.0,-23267000.0,60371000.0,-94615000.0,0.0,45660000.0,0.0,13791000.0,13791000.0,13791000.0,-5732000.0,660000.0,0.125,9492000.0,24795000.0,3088000.0,1.695,3.417,60.446,58.466,2329781000.0,0.0,60.22,5.504,5.504,0.0,-614762000.0,110321000.0,110321000.0,0.0,,,,,2759000.0,8900000.0,1.0,37141780.0,37141780.0,,2.97,2407921000.0,0.0,0.0,0.0,64.831,
40,MAA,MRQ,2011-06-30,2011-06-30,2011-06-30,2021-07-29,-42268000.0,2313521000.0,,,,,16.83,-180065000.0,14465000.0,14465000.0,73002000.0,7680000.0,,2.702,1535934000.0,,,1535934000.0,0.0,28862000.0,6604000.0,0.037,0.627,21373000.0,50235000.0,0.469,50235000.0,21373000.0,7428000.0,0.2,0.2,0.2,617640000.0,,617640000.0,3879177899.0,46.0,19.658,-127816000.0,-3.483,1.0,34199000.0,0.319,4106000.0,13945000.0,3830884000.0,,0.0,0.0,,,1669079000.0,,,2475994899.0,-34384000.0,462000.0,33973000.0,82962000.0,-22988000.0,92650000.0,-179283000.0,0.0,52249000.0,0.0,7428000.0,7428000.0,7428000.0,-641000.0,252000.0,0.069,12131000.0,22068000.0,2826000.0,3.135,4.009,92.54,87.623,2253435000.0,0.0,67.47,6.238,6.238,0.0,-605316000.0,107201000.0,107201000.0,0.0,,,,,842000.0,10633000.0,1.0,36697716.0,36697716.0,,2.921,2309415000.0,0.0,0.0,0.0,62.931,
41,MAA,MRQ,2011-03-31,2011-03-31,2011-03-31,2021-07-29,-41639000.0,2201747000.0,,,,,16.8,-46280000.0,48599000.0,48599000.0,71545000.0,9155000.0,,2.625,1451782000.0,,,1451782000.0,0.0,28456000.0,6553000.0,0.039,0.627,22758000.0,51214000.0,0.488,51214000.0,22758000.0,8844000.0,0.25,0.24,0.25,600005000.0,,600005000.0,3745553587.0,45.0,19.374,-14978000.0,-0.419,1.0,33400000.0,0.318,4106000.0,13914000.0,3600824000.0,,0.0,0.0,,,1574725000.0,,,2292816587.0,1280000.0,-1007000.0,89504000.0,-48741000.0,-22076000.0,17265000.0,-47287000.0,0.0,31302000.0,0.0,8844000.0,8844000.0,8844000.0,-521000.0,311000.0,0.084,9979000.0,23421000.0,2615000.0,2.508,3.821,110.705,105.246,2109186000.0,0.0,64.2,5.908,5.908,0.0,-589191000.0,104945000.0,104945000.0,0.0,,,,,844000.0,9754000.0,1.0,35713654.0,35713654.0,,2.939,2197641000.0,0.0,0.0,0.0,61.535,
42,MAA,MRQ,2010-12-31,2010-12-31,2010-12-31,2021-07-29,-48847000.0,2176048000.0,,,,,15.114,-82658000.0,47456000.0,47456000.0,57348000.0,7165000.0,,3.147,1500193000.0,,,1500193000.0,0.0,28285000.0,6693000.0,0.039,0.615,20122000.0,48407000.0,0.577,48407000.0,20122000.0,6940000.0,0.21,0.2,0.21,518503000.0,,518503000.0,3619070571.0,43.0,18.94,-55532000.0,-1.619,1.0,26534000.0,0.316,4106000.0,13182000.0,3624679000.0,,0.0,0.0,,,1631656000.0,,,2170384571.0,-54149000.0,-2263000.0,58138000.0,-51043000.0,-20963000.0,-15268000.0,-66007000.0,0.0,27126000.0,0.0,6940000.0,6940000.0,6940000.0,-1798000.0,225000.0,0.083,7355000.0,19179000.0,1815000.0,2.929,4.186,120.156,111.386,2084863000.0,0.0,63.49,5.709,5.321,0.0,-575021000.0,83882000.0,83882000.0,0.0,,,,,1098000.0,8208000.0,1.0,34184668.0,34307000.0,34488000.0,2.445,2171942000.0,0.0,0.0,0.0,63.309,
43,MAA,MRQ,2010-09-30,2010-09-30,2010-09-30,2021-07-29,-60975000.0,2189851000.0,,,,,13.972,-156382000.0,102517000.0,102517000.0,71214000.0,6973000.0,,3.655,1551203000.0,,,1551203000.0,0.0,27141000.0,7181000.0,0.042,0.615,20336000.0,47477000.0,0.471,47477000.0,20336000.0,6749000.0,0.11,0.11,0.11,465450000.0,,465450000.0,3248692044.0,37.0,16.99,-116630000.0,-3.501,1.0,29667000.0,0.294,4106000.0,13587000.0,3634431000.0,,0.0,0.0,,,1701000000.0,,,1911472044.0,74846000.0,-3607000.0,85027000.0,186707000.0,-19974000.0,171736000.0,-136642000.0,0.0,39752000.0,0.0,6749000.0,3544000.0,3544000.0,-100000.0,224000.0,0.035,8817000.0,20850000.0,2099000.0,5.591,4.107,111.048,102.246,2027587000.0,3205000.0,58.28,4.928,5.005,0.0,-559610000.0,100881000.0,100881000.0,0.0,,,,,784000.0,7504000.0,1.0,32798079.0,33312000.0,33413000.0,3.028,2185745000.0,0.0,0.0,0.0,65.614,
44,MAA,MRQ,2010-06-30,2010-06-30,2010-06-30,2021-07-29,-56836000.0,1998044000.0,,,,,15.539,-85399000.0,25975000.0,25975000.0,67185000.0,6888000.0,,3.146,1363195000.0,,,1363195000.0,0.0,25591000.0,8092000.0,0.048,0.615,20642000.0,46233000.0,0.47,46233000.0,20642000.0,6660000.0,0.04,0.04,0.04,475939000.0,,475939000.0,2875179591.0,33.0,15.195,-43616000.0,-1.424,1.0,31210000.0,0.317,4106000.0,13982000.0,3331158000.0,,0.0,0.0,,,1497240000.0,,,1549619591.0,-7084000.0,1210000.0,131586000.0,3202000.0,-18312000.0,34255000.0,-83122000.0,0.0,41783000.0,0.0,6660000.0,1383000.0,1383000.0,-83000.0,228000.0,0.014,9665000.0,21545000.0,1483000.0,15.375,3.256,90.775,88.741,1936344000.0,5277000.0,51.47,4.057,4.127,0.0,-541725000.0,98395000.0,98395000.0,0.0,,,,,783000.0,7589000.0,1.0,30107239.0,30628000.0,30736000.0,3.213,1993938000.0,0.0,0.0,0.0,65.102,
45,MAA,MRQ,2010-03-31,2010-03-31,2010-03-31,2021-07-29,-50713000.0,1955991000.0,,,,,15.225,-9772000.0,33173000.0,33173000.0,66631000.0,9849000.0,,3.352,1358733000.0,,,1358733000.0,0.0,25675000.0,8842000.0,0.047,0.615,23303000.0,48978000.0,0.503,48978000.0,23303000.0,9412000.0,0.21,0.21,0.21,443510000.0,,443510000.0,2898093879.0,31.0,15.093,15361000.0,0.527,1.0,30833000.0,0.316,4106000.0,13891000.0,3277445000.0,,0.0,0.0,,,1486779000.0,,,1512877879.0,18510000.0,-5735000.0,29600000.0,-45154000.0,-17886000.0,-38123000.0,31500000.0,0.0,25133000.0,0.0,9412000.0,6196000.0,6196000.0,0.0,437000.0,0.064,7064000.0,23769000.0,1158000.0,2.929,3.411,66.885,65.557,1883201000.0,3216000.0,51.79,4.001,3.989,0.0,-523298000.0,97464000.0,97464000.0,0.0,,,,,348000.0,7088000.0,1.0,29211776.0,29130000.0,29204000.0,3.346,1951885000.0,0.0,0.0,0.0,67.006,
46,MAA,MRQ,2009-12-31,2009-12-31,2009-12-31,2021-07-29,-47435000.0,1986826000.0,,,,,14.947,-117663000.0,14380000.0,14380000.0,61970000.0,9780000.0,,3.555,1399596000.0,,,1399596000.0,0.0,25296000.0,8789000.0,0.051,0.615,23228000.0,48524000.0,0.532,48524000.0,23228000.0,9306000.0,0.21,0.21,0.21,430566000.0,,430566000.0,2689824529.0,29.0,13.966,-88464000.0,-3.071,1.0,29170000.0,0.32,4106000.0,13922000.0,3367936000.0,,0.0,0.0,,,1530798000.0,,,1393257529.0,-2670000.0,10000.0,8294000.0,84339000.0,-17669000.0,70224000.0,-102093000.0,0.0,29199000.0,0.0,9306000.0,6090000.0,6090000.0,-3220000.0,474000.0,0.067,8294000.0,20876000.0,1702000.0,2.929,3.236,57.227,56.8,1935221000.0,3216000.0,48.28,3.722,3.655,0.0,-510993000.0,91140000.0,91140000.0,0.0,,,,,389000.0,7483000.0,1.0,28857861.0,28806000.0,28816000.0,3.164,1982720000.0,0.0,0.0,0.0,68.83,
47,MAA,MRQ,2009-09-30,2009-09-30,2009-09-30,2021-07-29,-55090000.0,1911872000.0,,,,,15.001,-16024000.0,17590000.0,17590000.0,66050000.0,6878000.0,,3.431,1314157000.0,,,1314157000.0,0.0,24500000.0,8758000.0,0.055,0.615,20989000.0,45489000.0,0.479,45489000.0,20989000.0,6618000.0,0.12,0.12,0.12,425480000.0,,425480000.0,2590610940.0,27.0,13.448,21128000.0,0.745,1.0,28949000.0,0.305,4106000.0,14371000.0,3204333000.0,,0.0,0.0,,,1459834000.0,,,1273729940.0,10409000.0,-2521000.0,24569000.0,-10393000.0,-17293000.0,-7825000.0,-18918000.0,0.0,37152000.0,0.0,6618000.0,3402000.0,3402000.0,-324000.0,260000.0,0.036,7200000.0,21749000.0,1175000.0,5.125,2.994,55.932,55.716,1843729000.0,3216000.0,45.13,3.376,3.393,0.0,-499040000.0,94999000.0,94999000.0,0.0,,,,,316000.0,7170000.0,1.0,28223575.0,28364000.0,28441000.0,3.349,1907766000.0,0.0,0.0,0.0,67.26,
48,MAA,MRQ,2009-06-30,2009-06-30,2009-06-30,2021-07-29,-50218000.0,1904134000.0,,,,,14.982,-33418000.0,6767000.0,6767000.0,62740000.0,10718000.0,,3.459,1323648000.0,,,1323648000.0,0.0,24406000.0,8966000.0,0.067,0.615,24620000.0,49026000.0,0.518,49026000.0,24620000.0,10148000.0,0.25,0.25,0.25,421081000.0,,421081000.0,2341796548.0,25.0,12.238,8529000.0,0.303,1.0,31822000.0,0.337,4106000.0,14472000.0,3216909000.0,,0.0,0.0,,,1456526000.0,,,1035979548.0,-41586000.0,-29000.0,-137000.0,-31313000.0,-17276000.0,-53494000.0,-30039000.0,0.0,41947000.0,0.0,10148000.0,6931000.0,6931000.0,-1481000.0,570000.0,0.073,7296000.0,24526000.0,1916000.0,2.46,2.46,46.357,45.888,1851155000.0,3217000.0,36.71,2.755,2.744,0.0,-484312000.0,94562000.0,94562000.0,0.0,,,,,320000.0,7189000.0,1.0,28220636.0,28105000.0,28184000.0,3.365,1900028000.0,0.0,0.0,0.0,67.605,
49,MAA,MRQ,2009-03-31,2009-03-31,2009-03-31,2021-07-29,-67754000.0,1939815000.0,,,,,14.732,-14177000.0,48429000.0,48429000.0,61880000.0,11845000.0,,3.625,1354246000.0,,,1354246000.0,0.0,24191000.0,8994000.0,0.08,0.615,25368000.0,49559000.0,0.529,49559000.0,25368000.0,11139000.0,0.28,0.28,0.28,413736000.0,,413736000.0,2183431010.0,23.0,11.6,17810000.0,0.634,1.0,31784000.0,0.339,4106000.0,14229000.0,3241526000.0,,0.0,0.0,,,1499671000.0,,,870215010.0,38240000.0,-71000.0,64000.0,31144000.0,-17267000.0,9164000.0,-2911000.0,0.0,31987000.0,0.0,11139000.0,7923000.0,7923000.0,-1853000.0,706000.0,0.085,6700000.0,25084000.0,1448000.0,2.196,2.103,41.749,41.107,1844081000.0,3216000.0,30.83,2.333,2.322,0.0,-473661000.0,93664000.0,93664000.0,0.0,,,,,303000.0,6698000.0,1.0,28226241.0,28085000.0,28165000.0,3.335,1935709000.0,0.0,0.0,0.0,68.923,
50,MAA,MRQ,2008-12-31,2008-12-31,2008-12-31,2021-07-29,-72885000.0,1921955000.0,,,,,14.859,-20260000.0,9840000.0,9840000.0,63180000.0,8189000.0,,3.544,1323056000.0,,,1323056000.0,0.0,25108000.0,8705000.0,0.066,0.615,23464000.0,48572000.0,0.517,48572000.0,23464000.0,7733000.0,0.16,0.16,0.16,416969000.0,,416969000.0,2355843701.0,26.0,12.704,13028000.0,0.464,1.0,30854000.0,0.328,4106000.0,15731000.0,3231065000.0,,0.0,0.0,,,1477533000.0,,,1047586701.0,-34243000.0,-215000.0,8083000.0,-33707000.0,-17239000.0,-47652000.0,-19879000.0,0.0,33288000.0,0.0,7733000.0,4517000.0,4517000.0,-578000.0,456000.0,0.048,7014000.0,23840000.0,1234000.0,3.844,2.512,60.262,58.062,1851331000.0,3216000.0,37.16,2.831,2.706,0.0,-464617000.0,94034000.0,94034000.0,0.0,,,,,571000.0,7014000.0,1.0,28191246.0,28062000.0,28173000.0,3.351,1917849000.0,0.0,0.0,0.0,68.343,
51,MAA,MRQ,2008-09-30,2008-09-30,2008-09-30,2021-07-29,-19629000.0,1975035000.0,,,,,17.333,-120911000.0,47943000.0,47943000.0,63520000.0,6514000.0,,3.076,1356200000.0,,,1356200000.0,0.0,22973000.0,8831000.0,0.05,0.615,21232000.0,44205000.0,0.471,44205000.0,21232000.0,6193000.0,0.11,0.11,0.11,476216000.0,,476216000.0,2581278499.0,28.0,13.985,-84998000.0,-3.094,1.0,30272000.0,0.323,4106000.0,15039000.0,3279186000.0,,0.0,0.0,,,1464960000.0,,,1351261499.0,33692000.0,-439000.0,28000000.0,112217000.0,-16812000.0,118615000.0,-120836000.0,0.0,35913000.0,0.0,6193000.0,2977000.0,2977000.0,-386000.0,321000.0,0.032,7226000.0,23046000.0,2395000.0,5.591,2.837,81.079,79.258,1853847000.0,3216000.0,49.14,3.685,3.682,0.0,-452420000.0,93792000.0,93792000.0,0.0,,,,,572000.0,7226000.0,1.0,27498199.0,27474000.0,27597000.0,3.414,1970929000.0,0.0,0.0,0.0,71.738,
52,MAA,MRQ,2008-06-30,2008-06-30,2008-06-30,2021-07-29,-14932000.0,1841363000.0,,,,,17.591,-58652000.0,13810000.0,13810000.0,59960000.0,9157000.0,,2.863,1243827000.0,,,1243827000.0,0.0,22204000.0,8851000.0,0.048,0.615,23679000.0,45883000.0,0.502,45883000.0,23679000.0,8644000.0,0.2,0.2,0.2,467915000.0,,467915000.0,2600704624.0,26.0,13.728,-19247000.0,-0.724,1.0,31476000.0,0.344,4106000.0,15035000.0,3067274000.0,,0.0,0.0,,,1339729000.0,,,1339511624.0,2918000.0,-136000.0,70558000.0,-27772000.0,-16083000.0,21946000.0,-58433000.0,0.0,39405000.0,0.0,8644000.0,5427000.0,5427000.0,-87000.0,513000.0,0.059,7218000.0,24258000.0,1552000.0,3.075,2.863,60.617,60.762,1787195000.0,3217000.0,51.04,3.707,3.758,0.0,-438251000.0,91436000.0,91436000.0,0.0,,,,,416000.0,7218000.0,1.0,26244350.0,26599000.0,26761000.0,3.438,1837257000.0,0.0,0.0,0.0,69.072,
53,MAA,MRQ,2008-03-31,2008-03-31,2008-03-31,2021-07-29,-42488000.0,1799884000.0,,,,,14.998,-39486000.0,10580000.0,10580000.0,58818000.0,8211000.0,,3.602,1271773000.0,,,1271773000.0,0.0,22896000.0,8734000.0,0.049,0.615,23884000.0,46780000.0,0.515,46780000.0,23884000.0,7679000.0,0.17,0.17,0.17,384380000.0,,384380000.0,2528358907.0,25.0,13.279,-8298000.0,-0.324,1.0,31931000.0,0.352,4106000.0,16205000.0,3056971000.0,,0.0,0.0,,,1384598000.0,,,1284654907.0,-10133000.0,-6776000.0,18683000.0,6273000.0,-15675000.0,4439000.0,-45760000.0,0.0,31188000.0,0.0,7679000.0,4463000.0,4463000.0,-141000.0,532000.0,0.049,7181000.0,24750000.0,1569000.0,3.618,3.342,57.61,57.953,1750544000.0,3216000.0,49.84,3.602,3.581,0.0,-426789000.0,90749000.0,90749000.0,0.0,,,,,459000.0,7178000.0,1.0,25775580.0,25628000.0,25797000.0,3.541,1795778000.0,0.0,0.0,0.0,70.071,
54,MAA,MRQ,2007-12-31,2007-12-31,2007-12-31,2021-07-29,-16908000.0,1783822000.0,,,,,15.759,-17420000.0,20916000.0,20916000.0,57953000.0,11114000.0,,3.371,1264620000.0,,,1264620000.0,0.0,23886000.0,8453000.0,0.057,0.605,23815000.0,47701000.0,0.526,47701000.0,23815000.0,7604000.0,0.14,0.15,0.14,400956000.0,,400956000.0,2331882565.0,23.0,12.126,12023000.0,0.473,1.0,32743000.0,0.361,4106000.0,16211000.0,3023420000.0,,0.0,0.0,,,1351424000.0,,,1093473565.0,13151000.0,-117000.0,3219000.0,29265000.0,-10748000.0,338000.0,-16630000.0,0.0,29443000.0,0.0,7604000.0,3799000.0,3799000.0,-9239000.0,3510000.0,0.042,7947000.0,24796000.0,1099000.0,4.321,2.727,42.599,42.327,1720553000.0,3805000.0,42.75,3.147,3.112,0.0,-414966000.0,90696000.0,90696000.0,0.0,,,,,424000.0,7947000.0,1.0,25578329.0,25443000.0,25743000.0,3.565,1779716000.0,0.0,0.0,0.0,69.949,
55,MAA,MRQ,2007-09-30,2007-09-30,2007-09-30,2021-07-29,1676000.0,1789997000.0,,,,,16.796,-66513000.0,9136000.0,9136000.0,57930000.0,11900000.0,,3.124,1247545000.0,,,1247545000.0,0.0,21296000.0,8535000.0,0.048,0.605,27787000.0,49083000.0,0.555,49083000.0,27787000.0,11900000.0,0.33,0.33,0.33,425978000.0,,425978000.0,2458957284.0,25.0,13.112,-36233000.0,-1.429,1.0,30493000.0,0.345,4106000.0,15887000.0,3024300000.0,,0.0,0.0,,,1330938000.0,,,1271828284.0,-251000.0,-28000.0,1329000.0,40452000.0,-16931000.0,21359000.0,-51890000.0,0.0,30280000.0,0.0,11900000.0,8409000.0,8409000.0,-220000.0,0.0,0.095,6758000.0,23735000.0,1931000.0,1.833,2.986,56.085,56.011,1729896000.0,3491000.0,49.85,3.75,3.727,0.0,-403481000.0,88423000.0,88423000.0,0.0,,,,,286000.0,6758000.0,1.0,25513105.0,25362000.0,25514000.0,3.486,1785891000.0,0.0,0.0,0.0,70.416,
56,MAA,MRQ,2007-06-30,2007-06-30,2007-06-30,2021-07-29,17842000.0,1761108000.0,,,,,18.089,-52360000.0,8441000.0,8441000.0,57577000.0,9118000.0,,2.773,1195570000.0,,,1195570000.0,0.0,21682000.0,8345000.0,0.046,0.605,25152000.0,46834000.0,0.54,46834000.0,25152000.0,9118000.0,0.22,0.22,0.22,457442000.0,,457442000.0,2508822168.0,27.0,13.978,-13616000.0,-0.538,1.0,29202000.0,0.337,4105000.0,16034000.0,2944132000.0,,0.0,0.0,,,1268679000.0,,,1335594168.0,-2083000.0,-98000.0,7197000.0,11639000.0,-16896000.0,-1550000.0,-39277000.0,0.0,38744000.0,0.0,9118000.0,5628000.0,5628000.0,-274000.0,0.0,0.065,6936000.0,22266000.0,647000.0,2.75,2.92,81.404,80.738,1685369000.0,3490000.0,52.48,4.011,3.986,0.0,-396652000.0,86779000.0,86779000.0,0.0,,,,,411000.0,6936000.0,1.0,25449584.0,25288000.0,25464000.0,3.432,1757003000.0,0.0,0.0,0.0,69.48,
57,MAA,MRQ,2007-03-31,2007-03-31,2007-03-31,2021-07-29,7971000.0,1733113000.0,,,,,17.942,-11447000.0,10460000.0,10460000.0,56234000.0,11324000.0,,2.771,1183688000.0,,,1183688000.0,0.0,21849000.0,7961000.0,0.042,0.605,27338000.0,49187000.0,0.579,49187000.0,27338000.0,11324000.0,0.31,0.31,0.31,450099000.0,,450099000.0,2611875296.0,29.0,14.996,8663000.0,0.345,1.0,28757000.0,0.338,4105000.0,16014000.0,2902236000.0,,0.0,0.0,,,1247205000.0,,,1425216296.0,830000.0,9855000.0,14586000.0,-12698000.0,-16682000.0,-18285000.0,-995000.0,0.0,20110000.0,0.0,11324000.0,7833000.0,7833000.0,-262000.0,0.0,0.092,7085000.0,21672000.0,1690000.0,1.952,3.166,108.135,106.151,1652042000.0,3491000.0,56.26,4.372,4.33,0.0,-387020000.0,84991000.0,84991000.0,0.0,,,,,519000.0,7085000.0,1.0,25332675.0,25087000.0,25289000.0,3.388,1729008000.0,0.0,0.0,0.0,68.92,
58,MAA,MRQ,2006-12-31,2006-12-31,2006-12-31,2021-07-29,10897000.0,1746646000.0,,,,,18.117,-48184000.0,9690000.0,9690000.0,53169000.0,4297000.0,,2.839,1196349000.0,,,1196349000.0,0.0,22569000.0,7670000.0,0.042,0.595,19869000.0,42438000.0,0.537,42438000.0,19869000.0,4297000.0,0.03,0.03,0.03,445648000.0,,445648000.0,2591236261.0,31.0,15.72,-23142000.0,-0.941,1.0,25832000.0,0.327,4472000.0,15572000.0,2928833000.0,,0.0,0.0,,,1264980000.0,,,1401894261.0,-2144000.0,142000.0,46618000.0,-6207000.0,-16090000.0,20831000.0,-48017000.0,0.0,25042000.0,0.0,4297000.0,807000.0,807000.0,-820000.0,0.0,0.01,5905000.0,19927000.0,2773000.0,19.833,3.146,200.758,190.8,1669539000.0,3490000.0,57.24,4.403,4.22,0.0,-379573000.0,79001000.0,79001000.0,0.0,,,,,574000.0,5955000.0,1.0,24491514.0,24599000.0,24814000.0,3.212,1742174000.0,0.0,0.0,0.0,70.823,
59,MAA,MRQ,2006-09-30,2006-09-30,2006-09-30,2021-07-29,10999000.0,1723483000.0,,,,,17.918,-95759000.0,12875000.0,12875000.0,54662000.0,5630000.0,,2.935,1202217000.0,,,1202217000.0,0.0,20000000.0,7498000.0,0.039,0.595,21028000.0,41028000.0,0.499,41028000.0,21028000.0,5630000.0,0.09,0.09,0.09,429843000.0,,429843000.0,2581304615.0,32.0,16.114,-79018000.0,-3.294,1.0,27521000.0,0.335,5051000.0,15398000.0,2907774000.0,,0.0,0.0,,,1261433000.0,,,1472021615.0,-3677000.0,71000.0,17978000.0,75571000.0,-15738000.0,74320000.0,-94738000.0,0.0,16741000.0,0.0,5630000.0,2139000.0,2139000.0,-199000.0,0.0,0.026,5922000.0,21599000.0,678000.0,6.611,3.425,233.84,235.462,1643677000.0,3491000.0,61.22,4.678,4.667,0.0,-363717000.0,82183000.0,82183000.0,0.0,,,,,555000.0,5922000.0,1.0,24044783.0,23990000.0,24215000.0,3.426,1718432000.0,0.0,0.0,0.0,71.631,
60,MAA,MRQ,2006-06-30,2006-06-30,2006-06-30,2021-07-29,24633000.0,1630919000.0,,,,,18.627,-38919000.0,15952000.0,15952000.0,51763000.0,5892000.0,,2.708,1125235000.0,,,1125235000.0,0.0,19890000.0,7209000.0,0.043,0.595,21628000.0,41518000.0,0.52,41518000.0,21628000.0,5892000.0,0.1,0.1,0.1,431252000.0,,431252000.0,2429379959.0,31.0,15.424,354000.0,0.015,1.0,28032000.0,0.351,5051000.0,15736000.0,2735151000.0,,0.0,0.0,,,1167732000.0,,,1263808959.0,293000.0,60000.0,74293000.0,-56239000.0,-14972000.0,-409000.0,-38571000.0,0.0,39273000.0,0.0,5892000.0,2401000.0,2401000.0,-250000.0,0.0,0.03,6146000.0,21886000.0,5986000.0,5.95,2.931,295.213,309.722,1564008000.0,3491000.0,55.75,4.111,4.199,0.0,-351269000.0,79795000.0,79795000.0,0.0,,,,,594000.0,6146000.0,1.0,22669219.0,23152000.0,23374000.0,3.447,1625868000.0,0.0,0.0,0.0,70.226,
61,MAA,MRQ,2006-03-31,2006-03-31,2006-03-31,2021-07-29,17545000.0,1617244000.0,,,,,16.714,-60669000.0,15475000.0,15475000.0,49569000.0,5126000.0,,3.295,1181046000.0,,,1181046000.0,0.0,19125000.0,6871000.0,0.043,0.595,20728000.0,39853000.0,0.515,39853000.0,20728000.0,5126000.0,0.07,0.07,0.07,369956000.0,,369956000.0,2334502860.0,29.0,14.854,-39261000.0,-1.774,1.0,27822000.0,0.359,5051000.0,15602000.0,2777764000.0,,0.0,0.0,,,1218932000.0,,,1214054860.0,-2991000.0,77000.0,13028000.0,40491000.0,-14637000.0,35392000.0,-59791000.0,0.0,21408000.0,0.0,5126000.0,1636000.0,1636000.0,-193000.0,0.0,0.021,5872000.0,21950000.0,2663000.0,8.5,3.282,188.576,188.793,1551629000.0,3490000.0,54.75,4.045,4.038,0.0,-339311000.0,77391000.0,77391000.0,0.0,,,,,437000.0,5872000.0,1.0,22174518.0,22134000.0,22366000.0,3.496,1612193000.0,0.0,0.0,0.0,72.838,
62,MAA,MRQ,2005-12-31,2005-12-31,2005-12-31,2021-07-29,7128000.0,1580125000.0,,,,,16.64,-8913000.0,19598000.0,19598000.0,50813000.0,3610000.0,,3.276,1140046000.0,,,1140046000.0,0.0,19365000.0,6429000.0,0.048,0.595,18428000.0,37793000.0,0.502,37793000.0,18428000.0,3610000.0,0.0,0.0,0.0,362526000.0,,362526000.0,2176666852.0,28.0,14.151,13567000.0,0.623,1.0,24492000.0,0.325,5051000.0,14818000.0,2695522000.0,,0.0,0.0,,,1187801000.0,,,1054845852.0,3971000.0,108000.0,8564000.0,-132000.0,-14544000.0,-9603000.0,-8906000.0,0.0,22480000.0,0.0,3610000.0,119000.0,119000.0,-551000.0,0.0,0.002,5265000.0,19227000.0,3278000.0,,2.91,194.801,194.0,1510289000.0,3491000.0,48.5,3.591,3.534,0.0,-314352000.0,75305000.0,75305000.0,0.0,,,,,1895000.0,5265000.0,1.0,21749399.0,21786000.0,21742000.0,3.457,1575074000.0,0.0,0.0,0.0,72.298,
63,MAA,MRQ,2005-09-30,2005-09-30,2005-09-30,2021-07-29,1292000.0,1575168000.0,,,,,16.08,-64252000.0,18375000.0,18375000.0,51382000.0,3615000.0,,3.463,1140196000.0,,,1140196000.0,0.0,19479000.0,6398000.0,0.05,0.585,18866000.0,38345000.0,0.512,38345000.0,18866000.0,3615000.0,0.01,0.01,0.01,346494000.0,,346494000.0,2075178193.0,24.0,13.056,-42911000.0,-1.991,1.0,23540000.0,0.314,5051000.0,15251000.0,2691938000.0,,0.0,0.0,,,1200014000.0,,,1002413193.0,3477000.0,40000.0,8882000.0,53718000.0,-14120000.0,44990000.0,-62854000.0,0.0,21341000.0,0.0,3615000.0,125000.0,125000.0,-53000.0,0.0,0.002,5078000.0,18462000.0,2592000.0,58.5,2.893,73.653,70.47,1519639000.0,3490000.0,46.51,3.503,3.502,0.0,-314459000.0,74922000.0,74922000.0,0.0,,,,,182000.0,5078000.0,1.0,21552638.0,21548000.0,21844000.0,3.477,1570117000.0,0.0,0.0,0.0,72.866,
64,MAA,MRQ,2005-06-30,2005-06-30,2005-06-30,2021-07-29,-12429000.0,1520531000.0,,,,,16.368,-6422000.0,13882000.0,13882000.0,48473000.0,8193000.0,,3.261,1086647000.0,,,1086647000.0,0.0,18575000.0,6274000.0,0.052,0.585,22597000.0,41172000.0,0.568,41172000.0,22597000.0,8193000.0,0.21,0.21,0.21,349464000.0,,349464000.0,2074167435.0,25.0,13.449,28748000.0,1.346,1.0,24044000.0,0.332,5051000.0,14404000.0,2588245000.0,,0.0,0.0,,,1139762000.0,,,970459435.0,607000.0,14537000.0,5872000.0,-39290000.0,-14033000.0,-51086000.0,16523000.0,0.0,35170000.0,0.0,8193000.0,4558000.0,4558000.0,-102000.0,0.0,0.063,5055000.0,18989000.0,2439000.0,2.786,2.777,75.177,73.258,1474847000.0,3635000.0,45.42,3.481,3.479,0.0,-289036000.0,72517000.0,72517000.0,0.0,,,,,259000.0,5055000.0,1.0,21366346.0,21351000.0,21625000.0,3.396,1515480000.0,0.0,0.0,0.0,70.979,
65,MAA,MRQ,2005-03-31,2005-03-31,2005-03-31,2021-07-29,-3436000.0,1554647000.0,,,,,17.242,-51413000.0,12567000.0,12567000.0,47675000.0,4326000.0,,3.193,1116275000.0,,,1116275000.0,0.0,18509000.0,6087000.0,0.064,0.585,18058000.0,36567000.0,0.51,36567000.0,18058000.0,4326000.0,0.03,0.03,0.03,360847000.0,,360847000.0,1836920599.0,24.0,12.466,-31599000.0,-1.51,1.0,24018000.0,0.335,5306000.0,13732000.0,2653049000.0,,0.0,0.0,,,1152319000.0,,,768621599.0,-3124000.0,218000.0,15079000.0,30626000.0,-13759000.0,28233000.0,-51171000.0,0.0,19814000.0,0.0,4326000.0,613000.0,613000.0,160000.0,0.0,0.009,5464000.0,18554000.0,2427000.0,19.5,2.13,79.757,77.66,1495662000.0,3713000.0,36.5,2.822,2.805,0.0,-281094000.0,71693000.0,71693000.0,0.0,,,,,133000.0,5464000.0,1.0,21058126.0,20928000.0,21212000.0,3.426,1549341000.0,0.0,0.0,0.0,74.032,
66,MAA,MRQ,2004-12-31,2004-12-31,2004-12-31,2021-07-29,-14737000.0,1522307000.0,,,,,16.849,-85852000.0,15174000.0,15174000.0,45641000.0,12020000.0,,3.264,1083473000.0,,,1083473000.0,0.0,17401000.0,5821000.0,0.057,0.585,25464000.0,42865000.0,0.639,42865000.0,25464000.0,12020000.0,0.41,0.4,0.41,347325000.0,,347325000.0,1851085383.0,24.0,12.71,-70666000.0,-3.428,1.0,21394000.0,0.319,5400000.0,13444000.0,2585206000.0,,0.0,0.0,,,1133606000.0,,,850196383.0,1084000.0,6661000.0,9587000.0,62106000.0,-14004000.0,53983000.0,-68085000.0,0.0,15186000.0,0.0,12020000.0,8314000.0,8314000.0,-6249000.0,0.0,0.124,4790000.0,16604000.0,767000.0,1.427,2.448,81.962,80.824,1459952000.0,3706000.0,41.22,3.195,3.147,0.0,-269482000.0,67035000.0,67035000.0,0.0,,,,,705000.0,4790000.0,1.0,20625822.0,20614000.0,20973000.0,3.252,1516907000.0,0.0,0.0,0.0,73.586,
67,MAA,MRQ,2004-09-30,2004-09-30,2004-09-30,2021-07-29,-19796000.0,1457101000.0,,,,,17.195,-34654000.0,15897000.0,15897000.0,46600000.0,3131000.0,,3.085,1016786000.0,,,1016786000.0,0.0,17617000.0,5327000.0,0.06,0.585,15999000.0,33616000.0,0.498,33616000.0,15999000.0,3131000.0,-0.03,-0.03,-0.03,349706000.0,,349706000.0,1766546014.0,27.0,13.054,-17337000.0,-0.852,1.0,20927000.0,0.31,5762000.0,12868000.0,2452228000.0,,0.0,0.0,,,1078907000.0,,,794440014.0,-29501000.0,-684000.0,6693000.0,-1189000.0,-13492000.0,-11695000.0,-35123000.0,0.0,17317000.0,0.0,3131000.0,-576000.0,-576000.0,54000.0,0.0,-0.009,4354000.0,16573000.0,2391000.0,-19.5,2.272,339.504,354.091,1388845000.0,3707000.0,38.95,3.026,3.017,0.0,-265730000.0,67527000.0,67527000.0,0.0,,,,,-432000.0,4354000.0,1.0,20396406.0,20338000.0,20338000.0,3.32,1451339000.0,0.0,0.0,0.0,71.361,
68,MAA,MRQ,2004-06-30,2004-06-30,2004-06-30,2021-07-29,-13158000.0,1458805000.0,,,,,17.877,-25635000.0,45472000.0,45472000.0,44081000.0,4992000.0,,2.943,1017578000.0,,,1017578000.0,0.0,17279000.0,5207000.0,0.062,0.585,17022000.0,34301000.0,0.519,34301000.0,17022000.0,4992000.0,0.06,0.06,0.06,362454000.0,,362454000.0,1733469935.0,25.0,12.927,8689000.0,0.429,1.0,21985000.0,0.333,5762000.0,12030000.0,2425149000.0,,0.0,0.0,,,1066630000.0,,,771636935.0,30607000.0,89000.0,619000.0,36171000.0,-13283000.0,19801000.0,-23518000.0,0.0,34324000.0,0.0,4992000.0,1286000.0,1286000.0,53000.0,0.0,0.019,5529000.0,16456000.0,1658000.0,9.75,2.129,-5285.184,-1263.0,1384976000.0,3706000.0,37.89,3.034,3.02,0.0,-253224000.0,66066000.0,66066000.0,0.0,,,,,712000.0,5529000.0,1.0,20365187.0,20275000.0,20585000.0,3.258,1453043000.0,0.0,0.0,0.0,71.667,
69,MAA,MRQ,2004-03-31,2004-03-31,2004-03-31,2021-07-29,-30009000.0,1424818000.0,,,,,17.702,-38279000.0,17662000.0,17662000.0,44037000.0,5055000.0,,2.93,979495000.0,,,979495000.0,0.0,17466000.0,5181000.0,0.063,0.585,17396000.0,34862000.0,0.532,34862000.0,17396000.0,5055000.0,0.07,0.07,0.07,354707000.0,,354707000.0,1676866024.0,25.0,12.879,-17404000.0,-0.869,1.0,21464000.0,0.328,5762000.0,12341000.0,2380889000.0,,0.0,0.0,,,1039362000.0,,,745805024.0,-1852000.0,-4627000.0,7901000.0,26752000.0,-13098000.0,17849000.0,-40576000.0,0.0,20875000.0,0.0,5055000.0,1349000.0,1349000.0,76000.0,0.0,0.021,4924000.0,16540000.0,1736000.0,8.357,2.103,-2959.544,-1856.5,1377545000.0,3706000.0,37.13,3.027,3.02,0.0,-242598000.0,65501000.0,65501000.0,0.0,,,,,132000.0,4924000.0,1.0,20086319.0,20038000.0,20365000.0,3.269,1419056000.0,0.0,0.0,0.0,70.818,
70,MAA,MRQ,2003-12-31,2003-12-31,2003-12-31,2021-07-29,-25448000.0,1406533000.0,,,,,18.421,-50000000.0,19523000.0,19523000.0,43077000.0,4305000.0,,2.804,951941000.0,,,951941000.0,0.0,16568000.0,5036000.0,0.07,0.585,15977000.0,32545000.0,0.513,32545000.0,15977000.0,4305000.0,0.01,0.01,0.01,361294000.0,,361294000.0,1551454493.0,24.0,12.38,-36409000.0,-1.856,1.0,20391000.0,0.321,5762000.0,11672000.0,2333189000.0,,0.0,0.0,,,1013220000.0,,,655698493.0,3663000.0,76000.0,15493000.0,41220000.0,-13560000.0,38899000.0,-48827000.0,0.0,13591000.0,0.0,4305000.0,281000.0,281000.0,248000.0,0.0,0.004,3553000.0,16838000.0,1696000.0,58.5,1.815,-546.415,-479.714,1351849000.0,4024000.0,33.58,2.769,2.606,0.0,-232224000.0,63468000.0,63468000.0,0.0,,,,,204000.0,3553000.0,1.0,19526459.0,19613000.0,19613000.0,3.236,1400771000.0,0.0,0.0,0.0,71.421,
71,MAA,MRQ,2003-09-30,2003-09-30,2003-09-30,2021-07-29,-29102000.0,1366458000.0,,,,,19.368,-39255000.0,15940000.0,15940000.0,40345000.0,6470000.0,,2.763,911696000.0,,,911696000.0,0.0,14490000.0,4709000.0,0.078,0.585,17896000.0,32386000.0,0.546,32386000.0,17896000.0,6470000.0,-0.17,-0.17,-0.17,354471000.0,,354471000.0,1351556297.0,21.0,11.176,-21836000.0,-1.193,1.0,18987000.0,0.32,0.0,11426000.0,2262214000.0,,0.0,0.0,,,979230000.0,,,543256297.0,-12191000.0,-21794000.0,41648000.0,-1560000.0,-11574000.0,26592000.0,-56202000.0,0.0,17419000.0,0.0,6470000.0,-3062000.0,-3062000.0,-1744000.0,0.0,-0.052,3966000.0,15021000.0,1875000.0,-3.441,1.533,-123.692,-120.72,1319732000.0,9532000.0,30.18,2.37,2.41,0.0,-221080000.0,59332000.0,59332000.0,0.0,,,,,224000.0,3966000.0,1.0,18000540.0,18302000.0,18302000.0,3.242,1366458000.0,0.0,0.0,0.0,74.662,
72,MAA,MRQ,2003-06-30,2003-06-30,2003-06-30,2021-07-29,-34542000.0,1253570000.0,,,,,17.709,-27645000.0,24912000.0,24912000.0,37745000.0,5105000.0,,2.875,833212000.0,,,833212000.0,0.0,14527000.0,4345000.0,0.108,0.585,15877000.0,30404000.0,0.523,30404000.0,15877000.0,5105000.0,0.07,0.07,0.07,315652000.0,,315652000.0,1296654304.0,21.0,10.811,1985000.0,0.111,1.0,20338000.0,0.35,0.0,10772000.0,2061870000.0,,0.0,0.0,,,907406000.0,,,483383304.0,12008000.0,-2054000.0,2156000.0,5905000.0,-12067000.0,-7931000.0,-9691000.0,0.0,29630000.0,0.0,5105000.0,1180000.0,1180000.0,0.0,0.0,0.02,4064000.0,16274000.0,3390000.0,8.357,1.531,-309.663,-300.111,1199725000.0,3925000.0,27.01,2.106,2.098,0.0,-207484000.0,58083000.0,58083000.0,0.0,,,,,280000.0,4064000.0,1.0,17896457.0,17824000.0,18047000.0,3.259,1253570000.0,0.0,0.0,0.0,70.33,
73,MAA,MRQ,2003-03-31,2003-03-31,2003-03-31,2021-07-29,-29527000.0,1245861000.0,,,,,18.45,-22767000.0,12505000.0,12505000.0,23058000.0,4326000.0,,2.707,825776000.0,,,825776000.0,0.0,14539000.0,4362000.0,0.123,0.585,15961000.0,30500000.0,0.528,30500000.0,15961000.0,4326000.0,0.02,0.02,0.02,327518000.0,,327518000.0,1209401550.0,19.0,9.98,-6887000.0,-0.388,1.0,34717000.0,0.601,0.0,11635000.0,2059132000.0,,0.0,0.0,,,886437000.0,,,423755550.0,-4835000.0,-2363000.0,692000.0,19397000.0,-12044000.0,4120000.0,-24835000.0,0.0,15880000.0,0.0,4326000.0,401000.0,401000.0,0.0,0.0,0.007,17883000.0,16834000.0,1037000.0,29.25,1.294,-235.42,-215.455,1203100000.0,3925000.0,23.7,1.846,1.833,0.0,-198197000.0,57775000.0,57775000.0,0.0,,,,,93000.0,4087000.0,1.0,17879981.0,17752000.0,17921000.0,3.255,1245861000.0,0.0,0.0,0.0,70.181,
74,MAA,MRQ,2002-12-31,2002-12-31,2002-12-31,2021-07-29,-28100000.0,1239467000.0,,,,,19.094,-11590000.0,18057000.0,18057000.0,76242000.0,3074000.0,,2.566,803703000.0,,,803703000.0,0.0,13566000.0,4406000.0,0.12,0.585,14074000.0,27640000.0,0.511,27640000.0,14074000.0,3074000.0,-0.17,-0.17,-0.17,338171000.0,,338171000.0,1234166650.0,19.0,10.157,10794000.0,0.609,1.0,-22197000.0,-0.411,5762000.0,11000000.0,2019351000.0,,0.0,0.0,,,867891000.0,,,435665650.0,-3584000.0,-8628000.0,489000.0,-21710000.0,-12011000.0,-42641000.0,16673000.0,0.0,22384000.0,0.0,3074000.0,-2911000.0,-2911000.0,-58000.0,0.0,-0.054,-37887000.0,15690000.0,464000.0,-3.441,1.288,-225.851,-222.273,1192539000.0,5985000.0,24.45,1.904,1.876,0.0,-188155000.0,54045000.0,54045000.0,0.0,,,,,319000.0,3408000.0,1.0,17818636.0,17711000.0,17102000.0,3.051,1233705000.0,0.0,0.0,0.0,69.658,
75,MAA,MRQ,2002-09-30,2002-09-30,2002-09-30,2021-07-29,-24713000.0,1278493000.0,,,,,20.099,-40564000.0,24231000.0,24231000.0,23933000.0,3797000.0,,2.508,822732000.0,,,822732000.0,0.0,14942000.0,4544000.0,0.117,1.171,16454000.0,31396000.0,0.527,31396000.0,16454000.0,3797000.0,-0.01,-0.01,-0.01,353325000.0,,353325000.0,1202067794.0,17.0,9.541,-20303000.0,-1.155,1.0,35662000.0,0.598,0.0,12657000.0,2076994000.0,,0.0,0.0,,,886019000.0,,,439275794.0,-1925000.0,20000.0,556000.0,33843000.0,-12013000.0,18358000.0,-40544000.0,0.0,20261000.0,0.0,3797000.0,-231000.0,-231000.0,0.0,0.0,-0.004,18197000.0,17465000.0,1038000.0,-117.1,1.243,141.748,177.929,1225333000.0,4028000.0,24.91,1.874,1.868,0.0,-174836000.0,59595000.0,59595000.0,0.0,,,,,11000.0,3983000.0,1.0,17634516.0,17579000.0,17579000.0,3.39,1278493000.0,0.0,0.0,0.0,72.728,
76,MAA,MRQ,2002-06-30,2002-06-30,2002-06-30,2021-07-29,-12526000.0,1250962000.0,,,,,21.328,-5971000.0,25344000.0,25344000.0,22732000.0,4970000.0,,2.236,788136000.0,,,788136000.0,0.0,14311000.0,4643000.0,0.109,0.585,17332000.0,31643000.0,0.544,31643000.0,17332000.0,4970000.0,0.05,0.05,0.05,373204000.0,,373204000.0,1230715179.0,16.0,9.174,16063000.0,0.918,1.0,35410000.0,0.609,0.0,12362000.0,2013754000.0,,0.0,0.0,,,834652000.0,,,468118179.0,3582000.0,155000.0,-735000.0,4069000.0,-11941000.0,-12636000.0,-5816000.0,0.0,22034000.0,0.0,4970000.0,941000.0,941000.0,0.0,0.0,0.016,17636000.0,17774000.0,1546000.0,11.7,1.254,37.776,39.338,1198938000.0,4029000.0,26.75,2.018,2.017,0.0,-164290000.0,58142000.0,58142000.0,0.0,,,,,171000.0,3989000.0,1.0,17499745.0,17498000.0,17749000.0,3.323,1250962000.0,0.0,0.0,0.0,71.492,
77,MAA,MRQ,2002-03-31,2002-03-31,2002-03-31,2021-07-29,-4968000.0,1252596000.0,,,,,22.368,-3410000.0,21010000.0,21010000.0,21187000.0,4300000.0,,2.094,783607000.0,,,783607000.0,0.0,14166000.0,4589000.0,0.112,0.585,16662000.0,30828000.0,0.551,30828000.0,16662000.0,4300000.0,0.02,0.02,0.02,390426000.0,,390426000.0,1206369413.0,15.0,8.957,11936000.0,0.684,1.0,34769000.0,0.621,0.0,12362000.0,2015193000.0,,0.0,0.0,,,817410000.0,,,455949413.0,329000.0,-34000.0,565000.0,3800000.0,-11910000.0,-11573000.0,-3444000.0,0.0,15346000.0,0.0,4300000.0,272000.0,272000.0,0.0,0.0,0.005,17427000.0,17342000.0,1356000.0,29.25,1.168,37.92,37.899,1206730000.0,4028000.0,26.15,1.965,1.968,0.0,-154994000.0,55956000.0,55956000.0,0.0,,,,,124000.0,3918000.0,1.0,17435924.0,17455000.0,17596000.0,3.206,1252596000.0,0.0,0.0,0.0,71.761,
78,MAA,MRQ,2001-12-31,2001-12-31,2001-12-31,2021-07-29,-8756000.0,1263488000.0,,,,,22.859,-6356000.0,23432000.0,23432000.0,25526000.0,6145000.0,,2.062,779664000.0,,,779664000.0,0.0,13701000.0,4514000.0,0.111,0.585,18417000.0,32118000.0,0.529,32118000.0,18417000.0,6145000.0,0.08,0.09,0.08,398358000.0,,398358000.0,1208984801.0,15.0,8.909,13280000.0,0.762,1.0,35221000.0,0.58,0.0,12272000.0,2019720000.0,,0.0,0.0,,,821228000.0,,,458564801.0,1546000.0,-25000.0,769000.0,3125000.0,-11901000.0,-12035000.0,-6055000.0,0.0,19636000.0,0.0,6145000.0,2117000.0,2117000.0,0.0,0.0,0.035,17051000.0,18170000.0,1219000.0,7.312,1.151,36.437,36.528,1216933000.0,4028000.0,26.3,1.971,1.97,0.0,-145061000.0,60747000.0,60747000.0,0.0,,,,,-219000.0,4133000.0,1.0,17435924.0,17427000.0,17568000.0,3.486,1263488000.0,0.0,0.0,0.0,72.502,
79,MAA,MRQ,2001-09-30,2001-09-30,2001-09-30,2021-07-29,-9829000.0,1273521000.0,,,,,23.099,-8289000.0,25047000.0,25047000.0,21726000.0,13090000.0,,2.048,775467000.0,,,775467000.0,0.0,13446000.0,4599000.0,0.112,1.171,26114000.0,39560000.0,0.692,39560000.0,26114000.0,13090000.0,0.53,0.53,0.53,402063000.0,,402063000.0,1218822016.0,15.0,8.925,10047000.0,0.577,1.0,35451000.0,0.62,0.0,13024000.0,2023941000.0,,0.0,0.0,,,823532000.0,,,452767016.0,-107000.0,61000.0,-221000.0,-16378000.0,-11907000.0,-32534000.0,14091000.0,0.0,18336000.0,0.0,13090000.0,9062000.0,9062000.0,0.0,0.0,0.158,16671000.0,18780000.0,1997000.0,2.209,1.126,35.817,34.667,1222152000.0,4028000.0,26.0,1.956,1.955,0.0,-136986000.0,57177000.0,57177000.0,0.0,,,,,157000.0,3755000.0,1.0,17414116.0,17406000.0,17569000.0,3.285,1273521000.0,0.0,0.0,0.0,73.166,
80,MAA,MRQ,2001-06-30,2001-06-30,2001-06-30,2021-07-29,-2072000.0,1286753000.0,,,,,23.623,-12356000.0,24653000.0,24653000.0,21170000.0,4602000.0,,2.015,790708000.0,,,790708000.0,0.0,13730000.0,4723000.0,0.091,0.585,18445000.0,32175000.0,0.554,32175000.0,18445000.0,4602000.0,0.06,0.06,0.06,410962000.0,,410962000.0,1204845054.0,16.0,9.34,11271000.0,0.648,1.0,36937000.0,0.636,0.0,13843000.0,2052808000.0,,0.0,0.0,,,827915000.0,,,445406054.0,-8110000.0,87000.0,-364000.0,-2556000.0,-11919000.0,-18868000.0,-12869000.0,0.0,23627000.0,0.0,4602000.0,573000.0,573000.0,0.0,0.0,0.01,17259000.0,19678000.0,1277000.0,9.75,1.084,86.019,82.548,1239566000.0,4029000.0,25.59,1.927,1.926,0.0,-135860000.0,58107000.0,58107000.0,0.0,,,,,76000.0,4165000.0,1.0,17405473.0,17397000.0,17480000.0,3.34,1286753000.0,0.0,0.0,0.0,73.964,
81,MAA,MRQ,2001-03-31,2001-03-31,2001-03-31,2021-07-29,-3971000.0,1294547000.0,,,,,23.959,-9112000.0,31806000.0,31806000.0,20802000.0,4861000.0,,1.973,791245000.0,,,791245000.0,0.0,13526000.0,4621000.0,0.103,0.585,18320000.0,31846000.0,0.563,31846000.0,18320000.0,4861000.0,0.05,0.05,0.05,418776000.0,,418776000.0,1135361474.0,14.0,8.52,9866000.0,0.564,1.0,35809000.0,0.633,0.0,13459000.0,2053986000.0,,0.0,0.0,,,826160000.0,,,392999474.0,2768000.0,166000.0,-1998000.0,10128000.0,-11966000.0,-7864000.0,-8346000.0,0.0,18978000.0,0.0,4861000.0,833000.0,833000.0,0.0,0.0,0.015,17027000.0,18782000.0,1049000.0,11.7,0.938,35.027,35.683,1239927000.0,4028000.0,22.48,1.718,1.718,0.0,-126304000.0,56611000.0,56611000.0,0.0,,,,,131000.0,4030000.0,1.0,17482183.0,17479000.0,17510000.0,3.239,1294547000.0,0.0,0.0,0.0,74.063,
82,MAA,MRQ,2000-12-31,2000-12-31,2000-12-31,2021-07-29,0.0,1303771000.0,,,,,24.827,-14808000.0,33567000.0,33567000.0,23691000.0,6200000.0,,1.886,781089000.0,,,781089000.0,0.0,13595000.0,4611000.0,0.103,0.58,19392000.0,32987000.0,0.554,32987000.0,19392000.0,6200000.0,0.11,0.12,0.11,433993000.0,,433993000.0,1136760048.0,14.0,8.413,889000.0,0.051,1.0,35850000.0,0.602,0.0,13192000.0,2051293000.0,,0.0,0.0,,,818395000.0,,,394398048.0,-2278000.0,80000.0,689000.0,4148000.0,-11851000.0,-11041000.0,-6934000.0,0.0,15697000.0,0.0,6200000.0,2173000.0,2173000.0,0.0,0.0,0.036,16590000.0,19260000.0,1740000.0,5.273,0.909,28.845,28.923,1244475000.0,4027000.0,22.56,1.734,1.74,0.0,-116889000.0,59541000.0,59541000.0,0.0,,,,,-218000.0,3600000.0,1.0,17482183.0,17481000.0,17513000.0,3.406,1303771000.0,0.0,0.0,0.0,74.582,
83,MAA,MRQ,2000-09-30,2000-09-30,2000-09-30,2021-07-29,0.0,1310943000.0,,,,,25.244,-8285000.0,34150000.0,34150000.0,22029000.0,5627000.0,,1.851,776512000.0,,,776512000.0,0.0,13357000.0,4741000.0,0.097,0.58,18633000.0,31990000.0,0.562,31990000.0,18633000.0,5627000.0,0.09,0.09,0.09,441345000.0,,441345000.0,1155106571.0,14.0,8.438,11239000.0,0.643,1.0,34908000.0,0.613,0.0,13006000.0,2053305000.0,,0.0,0.0,,,816712000.0,,,420592571.0,2360000.0,141000.0,-2070000.0,10537000.0,-11848000.0,-7412000.0,-9752000.0,0.0,19524000.0,0.0,5627000.0,1599000.0,1599000.0,0.0,0.0,0.028,16437000.0,18471000.0,2148000.0,6.444,0.953,24.92,25.2,1249346000.0,4028000.0,23.94,1.879,1.87,0.0,-108925000.0,56937000.0,56937000.0,0.0,,,,,167000.0,3700000.0,1.0,17568612.0,17483000.0,17568000.0,3.257,1310943000.0,0.0,0.0,0.0,74.984,
84,MAA,MRQ,2000-06-30,2000-06-30,2000-06-30,2021-07-29,0.0,1305707000.0,,,,,25.687,-41193000.0,30962000.0,30962000.0,20259000.0,10644000.0,,1.77,765476000.0,,,765476000.0,0.0,13477000.0,4798000.0,0.096,0.58,22962000.0,36439000.0,0.655,36439000.0,22962000.0,10644000.0,0.38,0.38,0.38,451688000.0,,451688000.0,1147175733.0,13.0,8.169,-21818000.0,-1.241,1.0,35342000.0,0.636,0.0,12318000.0,2040221000.0,,0.0,0.0,,,799651000.0,,,424150733.0,-2257000.0,51000.0,-2120000.0,-1848000.0,-11964000.0,-19958000.0,-1674000.0,0.0,19375000.0,0.0,10644000.0,6615000.0,6615000.0,0.0,0.0,0.119,16404000.0,18938000.0,1501000.0,1.526,0.939,19.475,20.017,1251563000.0,4029000.0,24.02,1.895,1.887,0.0,-100432000.0,55601000.0,55601000.0,0.0,,,,,34000.0,3746000.0,1.0,17658232.0,17584000.0,17654000.0,3.162,1305707000.0,0.0,0.0,0.0,74.255,
85,MAA,MRQ,2000-03-31,2000-03-31,2000-03-31,2021-07-29,0.0,1298543000.0,,,,,25.939,-21371000.0,31450000.0,31450000.0,20314000.0,7316000.0,,1.72,754475000.0,,,754475000.0,0.0,14173000.0,4727000.0,0.101,0.58,19536000.0,33709000.0,0.608,33709000.0,19536000.0,7316000.0,0.19,0.19,0.19,457309000.0,,457309000.0,1118811552.0,14.0,8.464,-4803000.0,-0.272,1.0,35094000.0,0.633,0.0,12220000.0,2021568000.0,,0.0,0.0,,,786429000.0,,,401202552.0,4178000.0,-5000.0,145000.0,12025000.0,-11928000.0,-3788000.0,-8602000.0,0.0,16568000.0,0.0,7316000.0,3286000.0,3286000.0,0.0,0.0,0.059,17239000.0,17855000.0,1401000.0,3.053,0.877,29.022,30.333,1243820000.0,4030000.0,22.75,1.786,1.786,0.0,-96795000.0,55408000.0,55408000.0,0.0,,,,,137000.0,3780000.0,1.0,17635277.0,17630000.0,17655000.0,3.143,1298543000.0,0.0,0.0,0.0,73.655,
86,MAA,MRQ,1999-12-31,1999-12-31,1999-12-31,2021-07-29,0.0,1298823000.0,,,,,25.414,-29225000.0,26629000.0,26629000.0,20603000.0,9408000.0,,1.679,744238000.0,,,744238000.0,0.0,13362000.0,4739000.0,0.102,0.575,21398000.0,34760000.0,0.622,34760000.0,21398000.0,9408000.0,0.29,0.29,0.29,463884000.0,,463884000.0,1102956672.0,13.0,8.192,-20484000.0,-1.122,1.0,35264000.0,0.631,0.0,11990000.0,2016432000.0,,0.0,0.0,,,778879000.0,,,416933672.0,-354000.0,2398000.0,-30796000.0,23193000.0,-12600000.0,-24233000.0,15138000.0,0.0,8741000.0,0.0,9408000.0,5378000.0,5378000.0,0.0,0.0,0.096,17053000.0,18211000.0,2122000.0,1.983,0.899,23.882,24.333,1248051000.0,4030000.0,22.63,1.842,1.878,0.0,-89869000.0,55867000.0,55867000.0,0.0,,,,,494000.0,4486000.0,1.0,18423936.0,18253000.0,18214000.0,3.061,1298823000.0,0.0,0.0,0.0,71.157,
87,MAA,MRQ,1999-09-30,1999-09-30,1999-09-30,2021-07-29,0.0,1315771000.0,,,,,26.256,-24471000.0,32528000.0,32528000.0,21826000.0,10528000.0,,1.52,718551000.0,,,718551000.0,0.0,12877000.0,4908000.0,0.106,0.575,22644000.0,35521000.0,0.623,35521000.0,22644000.0,10528000.0,0.34,0.34,0.34,499210000.0,,499210000.0,1105897771.0,14.0,8.441,2752000.0,0.145,1.0,35157000.0,0.617,0.0,12116000.0,2001794000.0,,0.0,0.0,,,758683000.0,,,408899771.0,895000.0,-4456000.0,-1582000.0,-10888000.0,-12510000.0,-28973000.0,2645000.0,0.0,27223000.0,0.0,10528000.0,6500000.0,6500000.0,0.0,0.0,0.114,16039000.0,19118000.0,2713000.0,1.691,0.819,26.452,17.063,1258441000.0,4028000.0,21.5,1.803,1.803,0.0,-84381000.0,56983000.0,56983000.0,0.0,,,,,0.0,3844000.0,1.0,19018594.0,19013000.0,19028000.0,2.997,1315771000.0,0.0,0.0,0.0,69.204,
88,MAA,MRQ,1999-06-30,1999-06-30,1999-06-30,2021-07-29,0.0,1323245000.0,,,,,26.628,-9295000.0,32148000.0,32148000.0,21206000.0,2689000.0,,1.504,729146000.0,,,729146000.0,0.0,13310000.0,4950000.0,0.097,0.575,14884000.0,28194000.0,0.5,28194000.0,14884000.0,2689000.0,-0.07,-0.07,-0.07,505050000.0,,505050000.0,1138851780.0,15.0,9.011,13392000.0,0.706,1.0,35156000.0,0.624,0.0,12195000.0,2020243000.0,,0.0,0.0,,,759562000.0,,,437590780.0,-671000.0,-478000.0,1847000.0,-11351000.0,-12613000.0,-26181000.0,2823000.0,0.0,22687000.0,0.0,2689000.0,-1340000.0,-1340000.0,0.0,0.0,-0.024,15635000.0,19521000.0,912000.0,-8.214,0.866,34.518,37.306,1270621000.0,4029000.0,23.13,1.937,1.942,0.0,-78798000.0,56362000.0,56362000.0,0.0,,,,,-17000.0,3010000.0,1.0,18918754.0,18967000.0,19004000.0,2.972,1323245000.0,0.0,0.0,0.0,69.766,
89,MAA,MRQ,1999-03-31,1999-03-31,1999-03-31,2021-07-29,0.0,1351467000.0,,,,,27.213,-24815000.0,40276000.0,40276000.0,21250000.0,10947000.0,,1.509,741537000.0,,,741537000.0,0.0,13208000.0,4721000.0,0.104,0.575,22948000.0,36156000.0,0.633,36156000.0,22948000.0,10947000.0,0.37,0.37,0.37,514382000.0,,514382000.0,1141341124.0,15.0,8.926,-8488000.0,-0.449,1.0,35860000.0,0.628,0.0,12001000.0,2052728000.0,,0.0,0.0,,,776190000.0,,,404433124.0,6985000.0,-5549000.0,1007000.0,-12214000.0,-12588000.0,-27822000.0,18480000.0,0.0,16327000.0,0.0,10947000.0,6920000.0,6920000.0,0.0,0.0,0.121,10957000.0,24903000.0,6731000.0,1.554,0.786,22.676,22.989,1276080000.0,4027000.0,21.38,1.824,1.823,0.0,-67824000.0,57110000.0,57110000.0,0.0,,,,,17000.0,3139000.0,1.0,18916423.0,18902000.0,18929000.0,3.021,1351467000.0,0.0,0.0,0.0,71.499,
90,MAA,MRQ,1998-12-31,1998-12-31,1998-12-31,2021-07-29,0.0,1366427000.0,,,,,27.971,-52817000.0,16519000.0,16519000.0,21134000.0,6834000.0,,1.523,753427000.0,,,753427000.0,0.0,12896000.0,4917000.0,0.097,0.55,18244000.0,31140000.0,0.553,31140000.0,18244000.0,6834000.0,0.62,0.62,0.62,517299000.0,,517299000.0,1128160555.0,16.0,9.337,-33499000.0,-1.811,1.0,35175000.0,0.625,0.0,11410000.0,2103335000.0,,0.0,0.0,,,787687000.0,,,427479555.0,-4295000.0,0.0,642000.0,14116000.0,-12003000.0,29218000.0,-52831000.0,0.0,19318000.0,0.0,6834000.0,3378000.0,3378000.0,0.0,0.0,0.06,15824000.0,19351000.0,10384000.0,0.887,0.826,27.891,27.671,1315368000.0,3456000.0,22.69,1.983,1.971,0.0,-63876000.0,56309000.0,56309000.0,0.0,,,,,121000.0,3544000.0,1.0,18839998.0,18494000.0,18554000.0,3.045,1366427000.0,0.0,0.0,0.0,73.885,
91,MAA,MRQ,1998-09-30,1998-09-30,1998-09-30,2021-07-29,0.0,1321904000.0,,,,,25.994,-82746000.0,22267000.0,22267000.0,21019000.0,7154000.0,,1.53,722948000.0,,,722948000.0,0.0,12104000.0,4882000.0,0.084,0.55,18784000.0,30888000.0,0.551,30888000.0,18784000.0,7154000.0,-0.3,-0.29,-0.3,498088000.0,,498088000.0,1111247046.0,18.0,,-59546000.0,-3.108,1.0,35067000.0,0.625,0.0,11630000.0,2022585000.0,,0.0,0.0,,,762203000.0,,,486449046.0,-1174000.0,0.0,331000.0,73994000.0,-12030000.0,58369000.0,-82743000.0,0.0,23200000.0,0.0,7154000.0,3719000.0,3719000.0,0.0,0.0,0.066,15080000.0,19987000.0,7304000.0,-1.833,0.977,60.549,-152.235,1265569000.0,3435000.0,25.88,2.415,2.462,0.0,-55488000.0,56086000.0,56086000.0,0.0,,,,,0.0,3423000.0,1.0,18796331.0,19162000.0,19172000.0,2.927,1321904000.0,0.0,0.0,0.0,68.986,
92,MAA,MRQ,1998-06-30,1998-06-30,1998-06-30,2021-07-29,0.0,1251754000.0,,,,,26.99,-31381000.0,24129000.0,24129000.0,19241000.0,6094000.0,,1.356,648927000.0,,,648927000.0,0.0,11909000.0,4737000.0,0.082,0.55,17770000.0,29679000.0,0.569,29679000.0,17770000.0,6094000.0,0.24,0.24,0.24,504529000.0,,504529000.0,1130806915.0,21.0,12.195,-8418000.0,-0.45,1.0,32925000.0,0.631,0.0,11676000.0,1876552000.0,,0.0,0.0,,,684209000.0,,,490710915.0,291000.0,0.0,6081000.0,-35109000.0,-11904000.0,3274000.0,-25946000.0,0.0,22963000.0,0.0,6094000.0,3818000.0,3818000.0,0.0,0.0,0.073,13619000.0,19306000.0,7764000.0,2.292,0.973,64.627,71.108,1194115000.0,2276000.0,26.31,2.731,2.737,0.0,-48870000.0,52166000.0,52166000.0,0.0,,,,,0.0,2377000.0,1.0,18651118.0,18693000.0,18741000.0,2.791,1251754000.0,0.0,0.0,0.0,66.964,
93,MAA,MRQ,1998-03-31,1998-03-31,1998-03-31,2021-07-29,0.0,1222507000.0,,,,,24.67,-37087000.0,26036000.0,26036000.0,18523000.0,6675000.0,,1.53,666132000.0,,,666132000.0,0.0,11460000.0,4683000.0,0.076,0.55,17663000.0,29123000.0,0.571,29123000.0,17663000.0,6675000.0,0.24,0.24,0.24,457647000.0,,457647000.0,1127046315.0,24.0,,-22163000.0,-1.195,1.0,32459000.0,0.637,0.0,10988000.0,1862603000.0,,0.0,0.0,,,700301000.0,,,523035315.0,-2390000.0,0.0,2532000.0,33919000.0,-11180000.0,19773000.0,-37087000.0,0.0,14924000.0,0.0,6675000.0,4412000.0,4412000.0,0.0,0.0,0.087,13458000.0,19001000.0,11487000.0,2.292,1.143,70.709,70.475,1161403000.0,2263000.0,28.19,3.264,3.263,0.0,-42550000.0,50982000.0,50982000.0,0.0,,,,,0.0,2616000.0,1.0,18553931.0,18551000.0,18613000.0,2.748,1222507000.0,0.0,0.0,0.0,65.9,
94,MAA,MRQ,1997-12-31,1997-12-31,1997-12-31,2021-07-29,0.0,1193870000.0,,,,,33.206,,28202000.0,28202000.0,15476000.0,-2225000.0,,1.452,632213000.0,,,632213000.0,0.0,,4509000.0,0.075,0.535,6447000.0,,,,6447000.0,-2225000.0,-0.35,-0.34,-0.35,461300000.0,,461300000.0,,,,,,1.0,26686000.0,0.633,0.0,8672000.0,1797881000.0,,0.0,0.0,,,669705000.0,,,382487915.0,,,,,,,,,,,-2225000.0,-3915000.0,-3915000.0,0.0,0.0,-0.093,10412000.0,16274000.0,10098000.0,-1.529,0.829,64.015,66.419,1134704000.0,1690000.0,28.56,2.749,2.852,0.0,-38371000.0,42162000.0,42162000.0,0.0,,,,,,1895000.0,1.0,13392434.0,13892000.0,13955000.0,3.035,1193870000.0,0.0,0.0,0.0,85.939,
95,MAA,MRQ,1997-09-30,1997-09-30,1997-09-30,2021-07-29,,,,,,,,,,,13492000.0,4465000.0,,,,,,,,,,0.071,0.535,11639000.0,,,,11639000.0,4465000.0,0.24,0.24,0.24,,,,,,,,,1.0,20903000.0,0.608,,7174000.0,,,,,,,,,,397621365.0,,,,,,,,,,,4465000.0,3278000.0,3278000.0,0.0,0.0,0.095,8476000.0,12427000.0,,2.229,,,,,1187000.0,29.69,,,,,34395000.0,34395000.0,0.0,,,,,,1691000.0,1.0,13392434.0,13389000.0,13453000.0,2.569,,,0.0,,,
96,MAA,MRQ,1997-06-30,1997-06-30,1997-06-30,2021-07-29,0.0,703229000.0,,,,,22.041,-41256000.0,10485000.0,10485000.0,12362000.0,4810000.0,,1.236,347897000.0,,,347897000.0,0.0,6726000.0,2687000.0,0.074,0.535,11397000.0,18123000.0,0.554,18123000.0,11397000.0,4810000.0,0.27,0.27,0.27,294376000.0,,294376000.0,,,,-25725000.0,-1.926,1.0,20358000.0,0.622,0.0,6587000.0,1040641000.0,,0.0,0.0,,,363811000.0,,,375791698.0,2020000.0,0.0,4020000.0,33485000.0,-8456000.0,27745000.0,-41256000.0,0.0,15531000.0,0.0,4810000.0,3622000.0,3622000.0,0.0,0.0,0.111,8098000.0,12260000.0,1350000.0,1.981,1.277,30.438,26.724,683314000.0,1188000.0,28.06,3.133,3.125,0.0,-22112000.0,32720000.0,32720000.0,0.0,,,,,0.0,1600000.0,1.0,13392434.0,13356000.0,13410000.0,2.45,703229000.0,0.0,0.0,0.0,52.653,
97,MAA,MRQ,1997-03-31,1997-03-31,1997-03-31,2021-07-29,0.0,656328000.0,,,,,26.008,-37972000.0,7814000.0,7814000.0,11074000.0,4177000.0,,1.067,304180000.0,,,304180000.0,0.0,6180000.0,2502000.0,0.074,0.535,10687000.0,16867000.0,0.565,16867000.0,10687000.0,4177000.0,0.26,0.26,0.26,296928000.0,,296928000.0,,,,-30036000.0,-2.631,1.0,18765000.0,0.629,0.0,6510000.0,952694000.0,,0.0,0.0,,,316777000.0,,,,-859000.0,0.0,62556000.0,-24917000.0,-7166000.0,29177000.0,-37972000.0,0.0,7936000.0,0.0,4177000.0,2990000.0,2990000.0,0.0,0.0,0.1,7353000.0,11412000.0,860000.0,2.058,,,,638276000.0,1187000.0,28.0,,,0.0,-18358000.0,29839000.0,29839000.0,0.0,,,,,0.0,1416000.0,1.0,,11417000.0,11489000.0,2.614,656328000.0,0.0,0.0,0.0,57.487,
98,MAA,MRQ,1996-12-31,1996-12-31,1996-12-31,2021-07-29,0.0,611199000.0,,,,,22.068,,9591000.0,9591000.0,,,,1.37,315239000.0,,,315239000.0,0.0,,2412000.0,0.071,0.51,,,,,,,,,,241384000.0,,241384000.0,,,,,,1.0,,,0.0,,916847000.0,,0.0,0.0,,,330577000.0,,,,,,,,,,,,,,,,,,,,,,744000.0,,,,23.868,592335000.0,,28.88,,2.823,0.0,-15174000.0,,,,,,,,,,1.0,,10938000.0,,,611199000.0,0.0,,0.0,55.878,
99,MAA,MRQ,1996-06-30,1996-06-30,1996-06-30,2021-07-29,,,,,,,,2660000.0,,,10432000.0,4568000.0,,,,,,,,5405000.0,,0.06,0.51,11121000.0,16526000.0,0.604,16526000.0,11121000.0,4568000.0,0.41,,0.41,,,,,,,6485000.0,,1.0,16929000.0,0.619,,6553000.0,,,,,,,,,,,437000.0,0.0,14000.0,664000.0,-6829000.0,-6048000.0,2660000.0,0.0,3825000.0,0.0,4568000.0,4568000.0,4568000.0,0.0,0.0,0.167,4639000.0,12290000.0,,1.244,,,,,0.0,25.375,,,,,27361000.0,27361000.0,0.0,,,,,0.0,1373000.0,1.0,,,,,,,0.0,,,
100,MAA,MRQ,1996-03-31,1996-03-31,1996-03-31,2021-07-29,,,,,,,,-18770000.0,,,10278000.0,2968000.0,,,,,,,,5323000.0,,0.079,0.51,9204000.0,14527000.0,0.535,14527000.0,9204000.0,2968000.0,0.27,,0.27,,,,,,,-14204000.0,,1.0,16873000.0,0.621,,6236000.0,,,,,,,,,,,-1028000.0,0.0,80000.0,20822000.0,-6826000.0,13176000.0,-18770000.0,0.0,4566000.0,0.0,2968000.0,2968000.0,2968000.0,0.0,0.0,0.109,6825000.0,10048000.0,,1.889,,,,,0.0,25.5,,,,,27151000.0,27151000.0,0.0,,,,,0.0,1706000.0,1.0,,,,,,,0.0,,,
0,MAA,MRT,2021-06-30,2021-06-30,2021-06-30,2021-07-29,-11632000.0,11242120000.0,11189498250.0,,,0.153,51.698,-580624000.0,43004000.0,43004000.0,1181648000.0,421074000.0,,0.862,4553237000.0,,,4553237000.0,0.0,521485000.0,0.0,0.024,4.05,571928000.0,1093413000.0,0.64,1093413000.0,571928000.0,411427000.0,3.52,3.52,3.52,5918715000.0,5874784000.0,5918715000.0,23896074161.0,42.0,21.855,251028000.0,2.193,1.0,527144000.0,0.308,0.0,160501000.0,15752353000.0,15701884500.0,0.0,0.0,,,5099761000.0,,,19281864161.0,7410000.0,-4081000.0,0.0,76301000.0,-463328000.0,-404808000.0,-419434000.0,0.0,831652000.0,0.0,406923000.0,403235000.0,403235000.0,0.0,14151000.0,0.236,101748000.0,425396000.0,0.0,1.151,3.258,47.818,47.847,10982401000.0,3688000.0,168.42,11.284,11.284,0.0,-1272694000.0,1708792000.0,1708792000.0,0.0,0.036,0.069,0.036,0.335,15391000.0,101748000.0,1.0,114486784.0,114486784.0,,14.926,11242120000.0,0.0,4504000.0,0.0,98.196,
1,MAA,MRT,2021-03-31,2021-03-31,2021-03-31,2021-07-29,-11859000.0,11192378000.0,11161796500.0,,,0.151,50.745,-507803000.0,43375000.0,43375000.0,1165724000.0,274927000.0,,0.888,4657585000.0,,,4657585000.0,0.0,516841000.0,0.0,0.028,4.025,432918000.0,949759000.0,0.564,949759000.0,432918000.0,269166000.0,2.29,2.29,2.29,5804716000.0,5883813750.0,5804716000.0,21040345298.0,49.0,22.153,303655000.0,2.655,1.0,519167000.0,0.308,0.0,163752000.0,15806588000.0,15655878000.0,0.0,0.0,,,5155017000.0,,,16513248298.0,-5672000.0,-3986000.0,0.0,169854000.0,-460327000.0,-309889000.0,-507241000.0,0.0,811458000.0,0.0,265507000.0,261819000.0,261819000.0,0.0,9420000.0,0.155,97169000.0,421998000.0,0.0,1.758,2.845,63.071,63.039,10961007000.0,3688000.0,144.36,9.801,9.801,0.0,-1367347000.0,1684891000.0,1684891000.0,0.0,0.023,0.044,0.028,0.257,14410000.0,97169000.0,1.0,114389362.0,114389362.0,,14.729,11192378000.0,0.0,3659000.0,0.0,97.845,
2,MAA,MRT,2020-12-31,2020-12-31,2020-12-31,2021-07-29,-12128000.0,11194791000.0,11152696250.0,,,0.15,51.339,-483906000.0,35615000.0,35615000.0,1151313000.0,264015000.0,,0.867,4562712000.0,,,4562712000.0,0.0,511678000.0,0.0,0.032,4.0,425851000.0,937529000.0,0.559,937529000.0,425851000.0,258289000.0,2.2,2.19,2.2,5871633000.0,5931989500.0,5871633000.0,18887516482.0,44.0,20.146,340043000.0,2.973,1.0,526671000.0,0.314,0.0,167562000.0,15721888000.0,15601886750.0,0.0,0.0,,,5090986000.0,,,14489511482.0,-34926000.0,-5000000.0,0.0,104268000.0,-457355000.0,-374144000.0,-484731000.0,0.0,823949000.0,0.0,254962000.0,251274000.0,251274000.0,0.0,9053000.0,0.15,99158000.0,427513000.0,0.0,1.818,2.468,57.664,57.586,10967115000.0,3688000.0,126.69,8.635,8.635,0.0,-1294182000.0,1677984000.0,1677984000.0,0.0,0.023,0.042,0.027,0.254,14329000.0,99158000.0,1.0,114369812.0,114369812.0,,14.672,11194791000.0,0.0,3327000.0,0.0,97.882,
3,MAA,MRT,2020-09-30,2020-09-30,2020-09-30,2021-07-29,-12396000.0,11128704000.0,11161611000.0,,,0.15,51.625,-458860000.0,27589000.0,27589000.0,1136927000.0,332776000.0,,0.846,4425594000.0,,,4425594000.0,0.0,507518000.0,0.0,0.034,3.96,494931000.0,1002449000.0,0.6,1002449000.0,494931000.0,324623000.0,2.78,2.78,2.78,5904072000.0,5981222500.0,5904072000.0,17697659288.0,36.0,17.654,344907000.0,3.016,1.0,534213000.0,0.32,0.0,170308000.0,15526709000.0,15575041500.0,0.0,0.0,,,4995608000.0,,,13260645288.0,-15093000.0,-3992000.0,0.0,-54267000.0,-452487000.0,-518116000.0,-300744000.0,0.0,803767000.0,0.0,321209000.0,317521000.0,317521000.0,0.0,11567000.0,0.19,98946000.0,435267000.0,0.0,1.424,2.246,41.763,41.709,10928375000.0,3688000.0,115.95,7.935,7.935,0.0,-1258072000.0,1671140000.0,1671140000.0,0.0,0.028,0.053,0.032,0.296,14636000.0,98946000.0,1.0,114365203.0,114365203.0,,14.612,11128704000.0,0.0,3414000.0,0.0,97.308,
4,MAA,MRT,2020-06-30,2020-06-30,2020-06-30,2021-07-29,-12665000.0,11131313000.0,11191373500.0,,,0.149,52.075,-452107000.0,35594000.0,35594000.0,1123657000.0,352199000.0,,0.831,4472608000.0,,,4472608000.0,0.0,504629000.0,0.0,0.034,3.92,517995000.0,1022624000.0,0.615,1022624000.0,517995000.0,344184000.0,2.94,2.94,2.94,5954834000.0,6009317500.0,5954834000.0,17547291224.0,34.0,17.159,350461000.0,3.065,1.0,539916000.0,0.325,0.0,173811000.0,15568327000.0,15613660750.0,0.0,0.0,,,4946403000.0,,,13112645224.0,-22090000.0,-4009000.0,0.0,-70833000.0,-447603000.0,-529376000.0,-295282000.0,0.0,802568000.0,0.0,339944000.0,336256000.0,336256000.0,0.0,12255000.0,0.202,99019000.0,440897000.0,0.0,1.333,2.202,38.996,39.003,10938702000.0,3688000.0,114.67,7.882,7.882,0.0,-1202536000.0,1663573000.0,1663573000.0,0.0,0.03,0.056,0.033,0.311,13567000.0,99019000.0,1.0,114351140.0,114351140.0,,14.548,11131313000.0,0.0,4240000.0,0.0,97.343,
5,MAA,MRT,2020-03-31,2020-03-31,2020-03-31,2021-07-29,-12934000.0,11155977000.0,11227252750.0,,,0.148,52.484,-431008000.0,49047000.0,49047000.0,1117082000.0,338612000.0,,0.822,4483693000.0,,,4483693000.0,0.0,501365000.0,0.0,0.038,3.88,508150000.0,1009515000.0,0.609,1009515000.0,508150000.0,330521000.0,2.82,2.82,2.82,5997419000.0,6033475500.0,5997419000.0,16157440784.0,32.0,16.005,356336000.0,3.118,1.0,540855000.0,0.326,0.0,177629000.0,15590623000.0,15660862750.0,0.0,0.0,,,4929145000.0,,,11773383784.0,-10340000.0,-5827000.0,0.0,-73227000.0,-442689000.0,-522306000.0,-275378000.0,0.0,787344000.0,0.0,326799000.0,323111000.0,323111000.0,0.0,11813000.0,0.195,100584000.0,440271000.0,0.0,1.376,1.963,36.438,36.535,10965184000.0,3688000.0,103.03,7.101,7.101,0.0,-1160944000.0,1657937000.0,1657937000.0,0.0,0.029,0.054,0.032,0.306,14157000.0,100584000.0,1.0,114271414.0,114271414.0,,14.509,11155977000.0,0.0,3722000.0,0.0,97.627,
6,MAA,MRT,2019-12-31,2019-12-31,2019-12-31,2021-07-29,-13178000.0,11230450000.0,11264199000.0,,,0.146,53.202,-408203000.0,70541000.0,70541000.0,1109688000.0,366618000.0,,0.812,4454598000.0,,,4454598000.0,0.0,497790000.0,0.0,0.029,3.84,537354000.0,1035144000.0,0.631,1035144000.0,537354000.0,357507000.0,3.07,3.07,3.07,6068565000.0,6059651250.0,6068565000.0,19474156168.0,36.0,18.813,373217000.0,3.272,1.0,531329000.0,0.324,0.0,179847000.0,15614507000.0,15711325250.0,0.0,0.0,,,4926860000.0,,,15040724168.0,18868000.0,-4884000.0,0.0,-82604000.0,-437743000.0,-524279000.0,-238273000.0,0.0,781420000.0,0.0,353811000.0,350123000.0,350123000.0,0.0,12807000.0,0.213,98856000.0,432473000.0,0.0,1.251,2.478,42.958,42.951,10987128000.0,3688000.0,131.86,9.165,9.165,0.0,-1085479000.0,1641017000.0,1641017000.0,0.0,0.031,0.058,0.034,0.327,13654000.0,98856000.0,1.0,114065859.0,114065859.0,,14.387,11230450000.0,0.0,3696000.0,0.0,98.456,
7,MAA,MRT,2019-09-30,2019-09-30,2019-09-30,2021-07-29,-14870000.0,11247754000.0,11287531750.0,,,0.144,52.755,-321556000.0,42682000.0,42682000.0,1102730000.0,275075000.0,,0.831,4476114000.0,,,4476114000.0,0.0,493982000.0,0.0,0.029,3.803,449706000.0,943688000.0,0.582,943688000.0,449706000.0,269103000.0,2.29,2.29,2.29,6016452000.0,6079970000.0,6016452000.0,19309229015.0,43.0,20.461,433218000.0,3.799,1.0,519618000.0,0.32,0.0,180603000.0,15681186000.0,15757807500.0,0.0,0.0,,,4997488000.0,,,14826924015.0,-36718000.0,-4765000.0,0.0,-32834000.0,-433254000.0,-482219000.0,-309273000.0,0.0,754774000.0,0.0,265504000.0,261816000.0,261816000.0,0.0,9571000.0,0.161,90987000.0,428631000.0,0.0,1.661,2.464,56.631,56.773,11004200000.0,3688000.0,130.01,9.139,9.139,0.0,-1119714000.0,1622348000.0,1622348000.0,0.0,0.023,0.043,0.029,0.277,14117000.0,99341000.0,1.0,114044489.0,114044489.0,,14.226,11247754000.0,0.0,3599000.0,0.0,98.626,
8,MAA,MRT,2019-06-30,2019-06-30,2019-06-30,2021-07-29,-9092000.0,11274830000.0,11330340000.0,,,0.142,53.085,-300389000.0,57684000.0,57684000.0,1097796000.0,248320000.0,,0.825,4539989000.0,,,4539989000.0,0.0,493740000.0,0.0,0.032,3.765,423114000.0,916854000.0,0.572,916854000.0,423114000.0,242374000.0,2.07,2.07,2.07,6051466000.0,6127708750.0,6051466000.0,17912833798.0,42.0,19.537,438365000.0,3.845,1.0,506028000.0,0.316,0.0,180740000.0,15757135000.0,15798413500.0,0.0,0.0,,,4990201000.0,,,13424122798.0,-3119000.0,-3896000.0,0.0,-10844000.0,-428764000.0,-456059000.0,-285814000.0,0.0,738754000.0,0.0,239650000.0,235962000.0,235962000.0,0.0,8670000.0,0.147,86424000.0,419604000.0,0.0,1.819,2.218,56.891,56.889,11067850000.0,3688000.0,117.76,8.37,8.37,0.0,-1086665000.0,1603824000.0,1603824000.0,0.0,0.021,0.039,0.027,0.264,13694000.0,92900000.0,1.0,113995608.0,113995608.0,,14.069,11274830000.0,0.0,2724000.0,0.0,98.906,
9,MAA,MRT,2019-03-31,2019-03-31,2019-03-31,2021-07-29,-3300000.0,11303762000.0,11373414750.0,,,0.139,53.58,-399236000.0,59387000.0,59387000.0,1091365000.0,246160000.0,,0.814,4548098000.0,,,4548098000.0,0.0,492716000.0,0.0,0.034,3.728,418541000.0,911257000.0,0.574,911257000.0,418541000.0,240152000.0,2.06,2.06,2.06,6102122000.0,6177932500.0,6102122000.0,16928067212.0,40.0,18.577,337030000.0,2.959,1.0,495142000.0,0.312,0.0,178389000.0,15792473000.0,15842870000.0,0.0,0.0,,,4967418000.0,,,12451412212.0,-22723000.0,-1337000.0,0.0,54885000.0,-424297000.0,-386420000.0,-372569000.0,0.0,736266000.0,0.0,237540000.0,233852000.0,233852000.0,0.0,8620000.0,0.147,86005000.0,409137000.0,0.0,1.81,2.041,53.245,53.073,11099997000.0,3688000.0,109.33,7.848,7.848,0.0,-1037268000.0,1586507000.0,1586507000.0,0.0,0.021,0.038,0.026,0.264,13205000.0,89655000.0,1.0,113888340.0,113888340.0,,13.93,11303762000.0,0.0,2612000.0,0.0,99.253,
10,MAA,MRT,2018-12-31,2018-12-31,2018-12-31,2021-07-29,-212000.0,11323781000.0,11401818250.0,,,0.138,54.023,-384202000.0,51673000.0,51673000.0,1084347000.0,231022000.0,,0.804,4528328000.0,,,4528328000.0,0.0,490995000.0,0.0,0.039,3.691,399104000.0,890099000.0,0.566,890099000.0,399104000.0,225510000.0,1.93,1.93,1.93,6149840000.0,6225212500.0,6149840000.0,15318897302.0,38.0,17.21,350090000.0,3.075,1.0,486999000.0,0.31,0.0,173594000.0,15800436000.0,15853281000.0,0.0,0.0,,,4942178000.0,,,10894274302.0,-37194000.0,-2130000.0,0.0,34960000.0,-419849000.0,-405136000.0,-366350000.0,0.0,734292000.0,0.0,222899000.0,219211000.0,219211000.0,0.0,8123000.0,0.14,95600000.0,391399000.0,0.0,1.912,1.771,49.698,49.585,11151701000.0,3688000.0,95.7,6.933,6.933,0.0,-989263000.0,1571346000.0,1571346000.0,0.0,0.019,0.035,0.025,0.254,12444000.0,86488000.0,1.0,113837767.0,113837767.0,,13.803,11323781000.0,0.0,2611000.0,0.0,99.473,
11,MAA,MRT,2018-09-30,2018-09-30,2018-09-30,2021-07-29,11556000.0,11418987000.0,11443852750.0,,,0.136,54.542,-452934000.0,79400000.0,79400000.0,1075825000.0,295512000.0,,0.802,4504023000.0,,,4504023000.0,0.0,488816000.0,0.0,0.036,3.638,456488000.0,945304000.0,0.608,945304000.0,456488000.0,287602000.0,2.48,2.48,2.48,6207407000.0,6272730500.0,6207407000.0,15889313192.0,35.0,16.809,251466000.0,2.21,1.0,480111000.0,0.309,0.0,168886000.0,15843610000.0,15879449250.0,0.0,0.0,,,4977826000.0,,,11401481192.0,-48704000.0,-2250000.0,3343000.0,20710000.0,-413687000.0,-414226000.0,-338878000.0,0.0,704400000.0,0.0,285067000.0,281379000.0,281379000.0,0.0,10445000.0,0.181,96337000.0,383774000.0,0.0,1.467,1.837,40.52,40.395,11196041000.0,3688000.0,100.18,7.328,7.328,0.0,-940773000.0,1555936000.0,1555936000.0,0.0,0.025,0.045,0.029,0.293,12016000.0,82342000.0,1.0,113809954.0,113809954.0,,13.671,11418987000.0,0.0,2535000.0,0.0,100.334,
12,MAA,MRT,2018-06-30,2018-06-30,2018-06-30,2021-07-29,7986000.0,11447129000.0,11472306250.0,,,0.135,54.946,-467529000.0,60803000.0,60803000.0,1063643000.0,359766000.0,,0.793,4548635000.0,,,4548635000.0,0.0,482189000.0,0.0,0.036,3.586,513721000.0,995910000.0,0.645,995910000.0,513721000.0,349545000.0,3.02,3.02,3.02,6252361000.0,6300110500.0,6252361000.0,15872122345.0,31.0,15.937,236053000.0,2.074,1.0,479735000.0,0.311,0.0,164176000.0,15934961000.0,15892619750.0,0.0,0.0,,,4958239000.0,,,11455381345.0,-6715000.0,-2250000.0,3567000.0,-13394000.0,-407535000.0,-442363000.0,-267934000.0,0.0,703582000.0,0.0,346985000.0,343297000.0,343297000.0,0.0,12781000.0,0.222,99548000.0,380187000.0,0.0,1.187,1.832,33.369,33.334,11263013000.0,3688000.0,100.67,7.422,7.422,0.0,-887672000.0,1543378000.0,1543378000.0,0.0,0.03,0.054,0.032,0.333,11939000.0,83301000.0,1.0,113791411.0,113791411.0,,13.563,11447129000.0,0.0,2560000.0,0.0,100.597,
13,MAA,MRT,2018-03-31,2018-03-31,2018-03-31,2021-07-29,3000000.0,11417376000.0,11494056250.0,,,0.134,55.337,-382575000.0,82110000.0,82110000.0,1064317000.0,347940000.0,,0.777,4498851000.0,,,4498851000.0,0.0,485819000.0,0.0,0.039,3.533,497173000.0,982992000.0,0.64,982992000.0,497173000.0,338101000.0,2.92,2.92,2.92,6291242000.0,6311605500.0,6291242000.0,14786171805.0,30.0,15.042,298156000.0,2.623,1.0,471779000.0,0.307,0.0,159072000.0,15834117000.0,15918485500.0,0.0,0.0,,,4889231000.0,,,10372981805.0,23611000.0,-2250000.0,4667000.0,-43605000.0,-401379000.0,-465400000.0,-191720000.0,0.0,680731000.0,0.0,335493000.0,331805000.0,331805000.0,0.0,12447000.0,0.216,100601000.0,371178000.0,0.0,1.21,1.649,31.262,31.247,11193527000.0,3688000.0,91.24,6.753,6.753,0.0,-840642000.0,1536096000.0,1536096000.0,0.0,0.029,0.053,0.031,0.324,11576000.0,82973000.0,1.0,113688972.0,113688972.0,,13.511,11417376000.0,0.0,2608000.0,0.0,100.426,
14,MAA,MRT,2017-12-31,2017-12-31,2017-12-31,2021-07-29,2157000.0,11491919000.0,11529637000.0,,,0.133,55.796,-479955000.0,88867000.0,88867000.0,1070439000.0,340536000.0,,0.774,4502057000.0,,,4502057000.0,0.0,494540000.0,0.0,0.035,3.48,485749000.0,980289000.0,0.641,980289000.0,485749000.0,330998000.0,2.86,2.86,2.86,6339912000.0,6326560500.0,6339912000.0,15791062528.0,33.0,16.109,180845000.0,1.592,1.0,458548000.0,0.3,0.0,154751000.0,15905109000.0,15974242500.0,0.0,0.0,,,4907617000.0,,,11426332528.0,-32933000.0,-1500000.0,0.0,18565000.0,-395294000.0,-399523000.0,-294210000.0,0.0,660800000.0,0.0,328379000.0,324691000.0,324691000.0,0.0,12157000.0,0.212,103772000.0,354776000.0,0.0,1.217,1.802,35.191,35.161,11261924000.0,3688000.0,100.56,7.473,7.473,0.0,-784500000.0,1528987000.0,1528987000.0,0.0,0.028,0.051,0.03,0.318,10570000.0,83782000.0,1.0,113627014.0,113627014.0,,13.456,11491919000.0,0.0,2619000.0,0.0,101.137,
15,MAA,MRT,2017-09-30,2017-09-30,2017-09-30,2021-07-29,790000.0,11532801000.0,11557780000.0,,,0.126,55.603,-450007000.0,128104000.0,128104000.0,1018709000.0,254587000.0,,0.787,4492834000.0,,,4492834000.0,0.0,470157000.0,18998000.0,0.032,3.43,395258000.0,865415000.0,0.595,865415000.0,395258000.0,246724000.0,2.18,2.18,2.18,6316927000.0,6342537250.0,6316927000.0,16647928503.0,42.0,19.237,203231000.0,1.789,1.0,434738000.0,0.299,1239000.0,148534000.0,15896292000.0,15993566000.0,0.0,0.0,,,4971371000.0,,,12142394503.0,74205000.0,-424951000.0,-3044000.0,476821000.0,-358389000.0,97083000.0,-676116000.0,0.0,653238000.0,0.0,244315000.0,241242000.0,241242000.0,0.0,10272000.0,0.166,131820000.0,302918000.0,17275000.0,1.573,1.922,50.333,49.028,11279059000.0,3073000.0,106.88,8.354,8.354,0.0,-802835000.0,1453447000.0,1453447000.0,0.0,0.021,0.038,0.025,0.272,13940000.0,80397000.0,1.0,113607733.0,113607733.0,,12.794,11531562000.0,0.0,2409000.0,0.0,101.503,
16,MAA,MRT,2017-06-30,2017-06-30,2017-06-30,2021-07-29,735000.0,11534129000.0,10394908000.0,,,0.129,55.455,-547175000.0,67518000.0,67518000.0,935207000.0,224535000.0,,0.793,4573052000.0,,,4573052000.0,0.0,429041000.0,19637000.0,0.032,3.38,356869000.0,785910000.0,0.584,785910000.0,356869000.0,216107000.0,2.3,2.3,2.3,6298341000.0,5509138500.0,6298341000.0,16467274773.0,46.0,20.953,20836000.0,0.183,1.0,410588000.0,0.305,1239000.0,140762000.0,16038424000.0,14583245250.0,0.0,0.0,,,4991479000.0,,,11968589773.0,15157000.0,-424171000.0,-4181000.0,501320000.0,-321480000.0,158532000.0,-711386000.0,0.0,568011000.0,0.0,213885000.0,211734000.0,211734000.0,0.0,10650000.0,0.157,128551000.0,282037000.0,13932000.0,1.47,1.9,56.527,45.817,11344375000.0,2151000.0,105.38,8.893,8.893,0.0,-817616000.0,1345795000.0,1345795000.0,0.0,0.02,0.038,0.024,0.265,13146000.0,76324000.0,1.0,113575534.0,113575534.0,,11.849,11532890000.0,0.0,2222000.0,0.0,101.544,
17,MAA,MRT,2017-03-31,2017-03-31,2017-03-31,2021-07-29,4223000.0,11559699000.0,9228721000.0,,,0.134,55.934,-572502000.0,58499000.0,58499000.0,841575000.0,222010000.0,,0.782,4557184000.0,,,4557184000.0,0.0,378217000.0,19419000.0,0.033,3.33,347095000.0,725312000.0,0.587,725312000.0,347095000.0,212775000.0,2.48,2.48,2.48,6351062000.0,4673489250.0,6351062000.0,15930003802.0,46.0,21.963,-58810000.0,-0.518,1.0,393665000.0,0.319,1239000.0,134320000.0,16057145000.0,13150086500.0,0.0,0.0,,,4963735000.0,,,11552091802.0,4233000.0,-423796000.0,-4755000.0,528201000.0,-284586000.0,222910000.0,-732369000.0,0.0,513692000.0,0.0,210714000.0,209485000.0,209485000.0,0.0,11296000.0,0.17,119810000.0,273855000.0,13346000.0,1.343,1.819,55.145,41.024,11371148000.0,1229000.0,101.74,9.352,9.352,0.0,-765749000.0,1235240000.0,1235240000.0,0.0,0.023,0.045,0.026,0.281,12619000.0,71369000.0,1.0,113545231.0,113545231.0,,10.879,11558460000.0,0.0,2061000.0,0.0,101.796,
18,MAA,MRT,2016-12-31,2016-12-31,2016-12-31,2021-07-29,1144000.0,11604491000.0,8045776500.0,,,0.14,84.771,-523163000.0,121800000.0,121800000.0,746314000.0,224402000.0,,0.773,4499712000.0,,,4499712000.0,0.0,323283000.0,0.0,0.033,3.28,343868000.0,667151000.0,0.593,667151000.0,343868000.0,213921000.0,2.69,2.69,2.69,6403819000.0,3828406000.0,6403819000.0,10772392482.0,31.0,16.147,-38159000.0,-0.505,1.0,379034000.0,0.337,0.0,129947000.0,15982403000.0,11690913500.0,0.0,0.0,,,4952317000.0,,,7397089482.0,58159000.0,-422378000.0,-1728000.0,486440000.0,-247652000.0,222286000.0,-649131000.0,0.0,485004000.0,0.0,212222000.0,211915000.0,211915000.0,0.0,12180000.0,0.188,103956000.0,275078000.0,0.0,1.219,1.155,34.906,36.401,11341862000.0,307000.0,97.92,6.573,6.573,0.0,-707479000.0,1125348000.0,1125348000.0,0.0,0.026,0.055,0.029,0.306,11486000.0,63133000.0,1.0,75542172.0,75542172.0,,14.897,11604491000.0,0.0,1699000.0,0.0,153.616,
19,MAA,MRT,2016-09-30,2016-09-30,2016-09-30,2021-07-29,-2045000.0,6881313000.0,6856599000.0,,,0.158,39.496,-525294000.0,58854000.0,58854000.0,709766000.0,227711000.0,,1.248,3434157000.0,,,3434157000.0,0.0,302029000.0,12221000.0,0.034,3.23,344527000.0,646556000.0,0.598,646556000.0,344527000.0,217276000.0,2.87,2.87,2.87,2983332000.0,2975475500.0,2983332000.0,10537463743.0,31.0,16.298,-33887000.0,-0.449,1.0,371722000.0,0.344,1607000.0,127251000.0,10255009000.0,10247838000.0,0.0,0.0,,,3724373000.0,,,7099448743.0,-17059000.0,61435000.0,-1732000.0,26903000.0,-243747000.0,-232032000.0,-276434000.0,0.0,491407000.0,0.0,215823000.0,215823000.0,215823000.0,0.0,11888000.0,0.2,63889000.0,307833000.0,9080000.0,1.125,2.38,32.895,32.749,6759821000.0,0.0,93.99,6.565,6.565,0.0,-647390000.0,1081488000.0,1081488000.0,0.0,0.031,0.073,0.034,0.319,7686000.0,59976000.0,1.0,75534086.0,75534086.0,,14.318,6879706000.0,0.0,1453000.0,0.0,91.081,
20,MAA,MRT,2016-06-30,2016-06-30,2016-06-30,2021-07-29,-4150000.0,6869381000.0,6858106000.0,,,0.156,39.144,-478360000.0,51410000.0,51410000.0,700858000.0,235633000.0,,1.265,3489425000.0,,,3489425000.0,0.0,298246000.0,12386000.0,0.03,3.18,350101000.0,648347000.0,0.608,648347000.0,350101000.0,224789000.0,2.97,2.97,2.97,2955744000.0,2980588000.0,2955744000.0,11428376826.0,33.0,17.627,-2953000.0,-0.039,1.0,365730000.0,0.343,1607000.0,125312000.0,10305789000.0,10228253750.0,0.0,0.0,,,3739693000.0,,,8034237826.0,-3751000.0,28744000.0,-689000.0,67383000.0,-240127000.0,-186711000.0,-292447000.0,0.0,475407000.0,0.0,223278000.0,223278000.0,223278000.0,0.0,12355000.0,0.209,58549000.0,307181000.0,7464000.0,1.071,2.718,35.983,35.825,6759790000.0,0.0,106.4,7.533,7.533,0.0,-670954000.0,1066588000.0,1066588000.0,0.0,0.033,0.075,0.034,0.328,7342000.0,58914000.0,1.0,75509754.0,75509754.0,,14.125,6867774000.0,0.0,1511000.0,0.0,90.952,
21,MAA,MRT,2016-03-31,2016-03-31,2016-03-31,2021-07-29,-3976000.0,6827921000.0,6851614000.0,,,0.154,39.383,-515509000.0,49824000.0,49824000.0,697413000.0,331876000.0,,1.24,3443963000.0,,,3443963000.0,0.0,296928000.0,12052000.0,0.031,3.13,439591000.0,736519000.0,0.699,736519000.0,439591000.0,315885000.0,4.18,4.18,4.18,2970729000.0,2985806000.0,2970729000.0,11073809745.0,25.0,15.035,-50562000.0,-0.67,1.0,355830000.0,0.338,1607000.0,123706000.0,10220453000.0,10201960000.0,0.0,0.0,,,3683275000.0,,,7709882745.0,6599000.0,7825000.0,-627000.0,-38581000.0,-236096000.0,-288392000.0,-169956000.0,0.0,464947000.0,0.0,314433000.0,314433000.0,314433000.0,0.0,17443000.0,0.299,57606000.0,298224000.0,8222000.0,0.749,2.595,24.52,24.452,6714366000.0,0.0,102.21,7.32,7.32,0.0,-653756000.0,1053243000.0,1053243000.0,0.0,0.046,0.105,0.043,0.417,6743000.0,57233000.0,1.0,75431785.0,75431785.0,,13.963,6826314000.0,0.0,1452000.0,0.0,90.497,
22,MAA,MRT,2015-12-31,2015-12-31,2015-12-31,2021-07-29,-1589000.0,6847781000.0,6844554250.0,,,0.152,39.694,-494214000.0,63641000.0,63641000.0,695165000.0,350745000.0,,1.23,3427568000.0,,,3427568000.0,0.0,294897000.0,11623000.0,0.034,3.08,456304000.0,751201000.0,0.72,751201000.0,456304000.0,333960000.0,4.41,4.41,4.41,2992097000.0,2966177250.0,2992097000.0,10136139589.0,22.0,13.493,-30493000.0,-0.405,1.0,347614000.0,0.333,1607000.0,122344000.0,10210101000.0,10204739750.0,0.0,0.0,,,3681708000.0,,,6845201589.0,10906000.0,-18000.0,84000.0,-71707000.0,-232079000.0,-316600000.0,-136215000.0,0.0,463721000.0,0.0,332287000.0,332287000.0,332287000.0,0.0,18458000.0,0.319,56706000.0,290908000.0,5922000.0,0.698,2.288,20.6,20.592,6718366000.0,0.0,90.81,6.564,6.564,0.0,-634141000.0,1042779000.0,1042779000.0,0.0,0.049,0.112,0.045,0.438,6147000.0,56706000.0,1.0,75379381.0,75379381.0,,13.834,6846174000.0,0.0,1673000.0,0.0,90.823,
23,MAA,MRT,2015-09-30,2015-09-30,2015-09-30,2021-07-29,-6306000.0,6887341000.0,6838053500.0,,,0.151,39.851,-566323000.0,134197000.0,134197000.0,692596000.0,341836000.0,,1.235,3425135000.0,,,3425135000.0,0.0,289373000.0,11446000.0,0.037,3.04,452433000.0,741806000.0,0.718,741806000.0,452433000.0,326060000.0,4.3,4.3,4.3,3003782000.0,2940784000.0,3003782000.0,9529748443.0,21.0,12.847,-116749000.0,-1.549,1.0,340064000.0,0.329,1607000.0,126373000.0,10176672000.0,10221545000.0,0.0,0.0,,,3708754000.0,,,6170940443.0,-43413000.0,-29157000.0,423000.0,-27259000.0,-228896000.0,-268471000.0,-224516000.0,0.0,449574000.0,0.0,323825000.0,323825000.0,323825000.0,-12000.0,18011000.0,0.314,59905000.0,280159000.0,10509000.0,0.707,2.054,19.056,19.04,6675575000.0,0.0,81.87,5.976,5.976,0.0,-614500000.0,1032660000.0,1032660000.0,0.0,0.047,0.11,0.044,0.438,5484000.0,55129000.0,1.0,75374868.0,75374868.0,,13.7,6885734000.0,0.0,2235000.0,0.0,91.353,
24,MAA,MRT,2015-06-30,2015-06-30,2015-06-30,2021-07-29,952000.0,6843413000.0,6811971750.0,,,0.15,39.506,-493373000.0,83436000.0,83436000.0,689003000.0,315727000.0,,1.241,3442244000.0,,,3442244000.0,0.0,287410000.0,11281000.0,0.041,3.0,425627000.0,713037000.0,0.699,713037000.0,425627000.0,301232000.0,3.97,3.97,3.97,2976616000.0,2918081750.0,2976616000.0,8920203062.0,21.0,12.51,-69825000.0,-0.927,1.0,331233000.0,0.325,1607000.0,124395000.0,10200614000.0,10193165750.0,0.0,0.0,,,3694830000.0,,,5485992062.0,3945000.0,19080000.0,2698000.0,-77810000.0,-225470000.0,-313157000.0,-106446000.0,0.0,423548000.0,0.0,299067000.0,299067000.0,299067000.0,99000.0,16660000.0,0.293,60173000.0,271060000.0,11884000.0,0.756,1.843,18.344,18.34,6683457000.0,0.0,72.81,5.377,5.377,0.0,-647413000.0,1020236000.0,1020236000.0,0.0,0.044,0.102,0.042,0.417,4944000.0,55562000.0,1.0,75346684.0,75346684.0,,13.541,6841806000.0,0.0,2165000.0,0.0,90.804,
25,MAA,MRT,2015-03-31,2015-03-31,2015-03-31,2021-07-29,-2453000.0,6799682000.0,6796898750.0,,,0.148,38.411,-499711000.0,45282000.0,45282000.0,681280000.0,205240000.0,,1.293,3479493000.0,,,3479493000.0,0.0,283392000.0,10490000.0,0.038,2.96,320796000.0,604188000.0,0.6,604188000.0,320796000.0,196671000.0,2.58,2.58,2.58,2892214000.0,2897661500.0,2892214000.0,9289159775.0,29.0,15.375,-107535000.0,-1.428,1.0,325370000.0,0.323,2321000.0,124125000.0,10231572000.0,10183869000.0,0.0,0.0,,,3739976000.0,,,5818226775.0,-100383000.0,21163000.0,10176000.0,-3704000.0,-222337000.0,-228292000.0,-264267000.0,0.0,392176000.0,0.0,194381000.0,194381000.0,194381000.0,103000.0,10859000.0,0.193,65055000.0,260315000.0,7680000.0,1.147,2.012,29.932,29.95,6687578000.0,0.0,77.27,5.78,5.78,0.0,-726062000.0,1006650000.0,1006650000.0,0.0,0.029,0.067,0.032,0.319,4567000.0,56710000.0,1.0,75297357.0,75297357.0,,13.369,6797361000.0,0.0,2290000.0,0.0,90.274,
26,MAA,MRT,2014-12-31,2014-12-31,2014-12-31,2021-07-29,-412000.0,6821778000.0,6793394000.0,,,0.146,38.41,-499250000.0,54834000.0,54834000.0,695160000.0,156277000.0,,1.302,3512699000.0,,,3512699000.0,0.0,301744000.0,10526000.0,0.039,2.92,273983000.0,575727000.0,0.58,575727000.0,273983000.0,150030000.0,1.97,1.97,1.97,2890524000.0,2902959750.0,2890524000.0,8902449315.0,32.0,15.463,-113872000.0,-1.513,1.0,297172000.0,0.299,2321000.0,123953000.0,10277322000.0,10147185750.0,0.0,0.0,,,3764056000.0,,,5619987315.0,-62680000.0,40848000.0,12822000.0,-25668000.0,-219158000.0,-244294000.0,-203764000.0,0.0,385378000.0,0.0,147980000.0,147980000.0,147980000.0,-5331000.0,8297000.0,0.149,66939000.0,230233000.0,8395000.0,1.482,1.944,37.978,37.909,6697508000.0,0.0,74.68,5.663,5.663,0.0,-729086000.0,992332000.0,992332000.0,0.0,0.022,0.051,0.027,0.276,4226000.0,53004000.0,1.0,75254249.0,75254249.0,,13.186,6819457000.0,0.0,2050000.0,0.0,90.619,
27,MAA,MRT,2014-09-30,2014-09-30,2014-09-30,2021-07-29,396000.0,6783014000.0,6798430750.0,,,0.144,38.739,-404140000.0,147552000.0,147552000.0,710403000.0,110009000.0,,1.271,3430014000.0,,,3430014000.0,0.0,320827000.0,9970000.0,0.044,2.885,228053000.0,548880000.0,0.561,548880000.0,228053000.0,105642000.0,0.86,0.85,0.86,2912973000.0,2917031500.0,2912973000.0,8320952196.0,36.0,15.16,-17197000.0,-0.229,1.0,268326000.0,0.274,2321000.0,122411000.0,10063155000.0,10122066000.0,0.0,0.0,,,3702054000.0,,,4936540196.0,-92816000.0,107697000.0,19022000.0,-225840000.0,-216181000.0,-435202000.0,-44557000.0,0.0,386943000.0,0.0,104183000.0,104183000.0,104183000.0,-10916000.0,5826000.0,0.106,91210000.0,177116000.0,10089000.0,3.355,1.695,47.383,76.337,6516541000.0,0.0,65.65,5.044,5.044,0.0,-705022000.0,978729000.0,978729000.0,0.0,0.015,0.036,0.023,0.233,3719000.0,52831000.0,1.0,75194824.0,75194824.0,,13.016,6780693000.0,0.0,1459000.0,0.0,90.175,
28,MAA,MRT,2014-06-30,2014-06-30,2014-06-30,2021-07-29,-1395000.0,6783121000.0,5859741500.0,,,0.148,38.594,-367314000.0,91001000.0,91001000.0,627758000.0,85346000.0,,1.285,3475413000.0,,,3475413000.0,0.0,283536000.0,9808000.0,0.039,2.85,191814000.0,475350000.0,0.55,475350000.0,191814000.0,82731000.0,1.01,1.0,1.01,2894935000.0,2436382500.0,2894935000.0,8782694417.0,46.0,18.476,-29956000.0,-0.399,1.0,236803000.0,0.274,4106000.0,109083000.0,10163427000.0,8767444500.0,0.0,0.0,,,3720512000.0,,,5479412417.0,17293000.0,46757000.0,16678000.0,3598000.0,-190996000.0,-181037000.0,-139028000.0,0.0,337358000.0,0.0,81491000.0,81491000.0,81491000.0,-40787000.0,3855000.0,0.094,91321000.0,145482000.0,15297000.0,2.822,1.893,67.239,72.327,6583828000.0,0.0,73.05,6.338,6.338,0.0,-717642000.0,864561000.0,864561000.0,0.0,0.014,0.033,0.022,0.222,3142000.0,47837000.0,1.0,75009068.0,75009068.0,,11.526,6779015000.0,0.0,1240000.0,0.0,90.376,
29,MAA,MRT,2014-03-31,2014-03-31,2014-03-31,2021-07-29,2691000.0,6785663000.0,4872515500.0,,,0.154,38.861,-282631000.0,159777000.0,159777000.0,545272000.0,112988000.0,,1.271,3463059000.0,,,3463059000.0,0.0,246905000.0,9522000.0,0.041,2.815,204016000.0,450921000.0,0.6,450921000.0,204016000.0,109907000.0,1.97,1.95,1.97,2913407000.0,1957723000.0,2913407000.0,8457211563.0,41.0,18.755,29693000.0,0.396,1.0,205785000.0,0.274,4106000.0,94109000.0,10084839000.0,7351555500.0,0.0,0.0,,,3703689000.0,,,5118187563.0,113744000.0,56382000.0,11522000.0,-31510000.0,-165940000.0,-194360000.0,-4220000.0,0.0,312324000.0,0.0,108967000.0,108967000.0,108967000.0,-85609000.0,4021000.0,0.145,86475000.0,119310000.0,15174000.0,1.429,1.757,46.97,34.655,6513985000.0,0.0,68.27,6.815,6.815,0.0,-694150000.0,751057000.0,751057000.0,0.0,0.022,0.056,0.028,0.272,2586000.0,41658000.0,1.0,74969790.0,74969790.0,,10.018,6781557000.0,0.0,940000.0,0.0,90.457,
30,MAA,MRT,2013-12-31,2013-12-31,2013-12-31,2021-07-29,108000.0,6841925000.0,3869851750.0,,,0.164,39.408,-260836000.0,133694000.0,133694000.0,440612000.0,119279000.0,,1.264,3472718000.0,,,3472718000.0,0.0,189673000.0,9270000.0,0.046,2.78,195152000.0,384825000.0,0.606,384825000.0,195152000.0,116174000.0,2.27,2.25,2.27,2946811000.0,1462417250.0,2946811000.0,6162426149.0,32.0,16.014,-2456000.0,-0.033,1.0,194878000.0,0.307,4106000.0,78978000.0,10176843000.0,5943666250.0,0.0,0.0,,,3723338000.0,,,4541908149.0,80258000.0,48070000.0,31190000.0,21723000.0,-140697000.0,-94334000.0,-83788000.0,0.0,258380000.0,0.0,115281000.0,115281000.0,115281000.0,-81494000.0,3998000.0,0.181,77550000.0,117328000.0,15067000.0,1.225,1.541,39.399,26.758,6556303000.0,0.0,60.74,7.147,7.147,0.0,-653593000.0,635490000.0,635490000.0,0.0,0.03,0.079,0.033,0.307,2268000.0,38652000.0,1.0,74776229.0,74776229.0,,8.499,6837819000.0,0.0,893000.0,0.0,91.444,
31,MAA,MRT,2013-09-30,2013-09-30,2013-09-30,2021-07-29,-4599000.0,3028257000.0,2847137500.0,,,0.182,23.174,-195395000.0,239684000.0,239684000.0,335813000.0,152296000.0,,2.013,1860202000.0,,,1860202000.0,0.0,136662000.0,6892000.0,0.044,2.745,209498000.0,346160000.0,0.668,346160000.0,209498000.0,148332000.0,3.44,3.44,3.44,990377000.0,954227500.0,990377000.0,4340742625.0,21.0,12.54,26328000.0,0.616,1.0,182208000.0,0.352,4106000.0,61166000.0,4644669000.0,4502187250.0,0.0,0.0,,,1993197000.0,,,2670982625.0,167683000.0,-48982000.0,46594000.0,133427000.0,-116708000.0,58566000.0,-112606000.0,0.0,221723000.0,0.0,146860000.0,146860000.0,146860000.0,-82253000.0,5436000.0,0.284,45867000.0,136341000.0,6963000.0,0.798,2.697,18.187,18.169,2723808000.0,0.0,62.5,5.156,5.156,0.0,-567662000.0,518021000.0,518021000.0,0.0,0.052,0.154,0.047,0.404,2232000.0,34028000.0,1.0,42735722.0,42735722.0,,12.121,3024151000.0,0.0,1472000.0,0.0,70.764,
32,MAA,MRT,2013-06-30,2013-06-30,2013-06-30,2021-07-29,-6336000.0,2834217000.0,2784032000.0,,,0.182,22.945,-416622000.0,21781000.0,21781000.0,329622000.0,138318000.0,,1.853,1691541000.0,,,1691541000.0,0.0,136090000.0,6934000.0,0.04,2.71,195464000.0,331554000.0,0.655,331554000.0,195464000.0,134691000.0,3.14,3.14,3.14,980297000.0,930177000.0,980297000.0,4577729028.0,23.0,13.807,-197137000.0,-4.614,1.0,176183000.0,0.348,4106000.0,60773000.0,4499871000.0,4456836500.0,0.0,0.0,,,1816899000.0,,,2895349028.0,-13549000.0,-2648000.0,100122000.0,72969000.0,-114132000.0,54179000.0,-287213000.0,0.0,219485000.0,0.0,133442000.0,133442000.0,133442000.0,-69338000.0,4876000.0,0.264,41655000.0,134528000.0,10085000.0,0.863,2.954,21.697,21.583,2746897000.0,0.0,67.77,5.724,5.724,0.0,-582884000.0,505805000.0,505805000.0,0.0,0.048,0.143,0.044,0.386,2173000.0,34069000.0,1.0,42723167.0,42723167.0,,11.839,2830111000.0,0.0,1249000.0,0.0,66.243,
33,MAA,MRT,2013-03-31,2013-03-31,2013-03-31,2021-07-29,-21869000.0,2775008000.0,2725249750.0,,,0.181,22.01,-465635000.0,8873000.0,8873000.0,323549000.0,106762000.0,,1.939,1691253000.0,,,1691253000.0,0.0,134883000.0,6830000.0,0.039,2.675,163196000.0,298079000.0,0.605,298079000.0,163196000.0,103539000.0,2.45,2.46,2.45,932184000.0,894949500.0,932184000.0,4588786178.0,28.0,15.395,-250462000.0,-5.914,1.0,169463000.0,0.344,4106000.0,59657000.0,4453282000.0,4372124750.0,0.0,0.0,,,1807504000.0,,,2924821178.0,-33602000.0,38071000.0,97000000.0,116892000.0,-111444000.0,97576000.0,-346351000.0,0.0,215173000.0,0.0,102513000.0,102513000.0,102513000.0,-38766000.0,4249000.0,0.208,36717000.0,132746000.0,5672000.0,1.092,3.138,28.531,28.188,2716270000.0,0.0,69.06,5.933,5.933,0.0,-612128000.0,493012000.0,493012000.0,0.0,0.038,0.115,0.037,0.331,2049000.0,34489000.0,1.0,42351885.0,42351885.0,,11.641,2770902000.0,0.0,1026000.0,0.0,65.426,
34,MAA,MRT,2012-12-31,2012-12-31,2012-12-31,2021-07-29,-26054000.0,2751068000.0,2663350250.0,,,0.179,21.625,-451270000.0,9883000.0,9883000.0,315360000.0,109825000.0,,1.971,1673848000.0,,,1673848000.0,0.0,132195000.0,6669000.0,0.041,2.64,163963000.0,296158000.0,0.622,296158000.0,163963000.0,106026000.0,2.56,2.56,2.56,914052000.0,870535000.0,914052000.0,4428360344.0,27.0,14.953,-240303000.0,-5.685,1.0,160528000.0,0.337,4106000.0,57937000.0,4410927000.0,4258502750.0,0.0,0.0,,,1801245000.0,,,2736823344.0,-48242000.0,11946000.0,194335000.0,-11624000.0,-107749000.0,70014000.0,-329223000.0,0.0,210967000.0,0.0,105223000.0,105223000.0,105223000.0,-48573000.0,4602000.0,0.221,36624000.0,123904000.0,4586000.0,1.031,2.994,26.01,25.293,2694071000.0,0.0,64.75,5.751,5.751,0.0,-603315000.0,475888000.0,475888000.0,0.0,0.04,0.121,0.039,0.345,2233000.0,35043000.0,1.0,42267542.0,42267542.0,,11.259,2746962000.0,0.0,803000.0,0.0,64.99,
35,MAA,MRT,2012-09-30,2012-09-30,2012-09-30,2021-07-29,-30467000.0,2775835000.0,2608200250.0,,,0.173,21.754,-553596000.0,14721000.0,14721000.0,302736000.0,106563000.0,,2.064,1706258000.0,,,1706258000.0,0.0,129545000.0,6745000.0,0.04,2.607,158816000.0,288361000.0,0.639,288361000.0,158816000.0,102401000.0,2.53,2.53,2.53,894175000.0,821604750.0,894175000.0,4250512630.0,27.0,14.74,-352498000.0,-8.576,1.0,148795000.0,0.33,4106000.0,56415000.0,4463266000.0,4185130500.0,0.0,0.0,,,1845830000.0,,,2684470630.0,-10832000.0,11797000.0,237246000.0,80564000.0,-103552000.0,220027000.0,-431957000.0,0.0,201098000.0,0.0,101674000.0,101674000.0,101674000.0,-55841000.0,4889000.0,0.225,38294000.0,110501000.0,5637000.0,1.03,3.002,26.403,25.814,2698112000.0,0.0,65.31,5.945,5.945,0.0,-596027000.0,451531000.0,451531000.0,0.0,0.039,0.124,0.038,0.352,2804000.0,35729000.0,1.0,41103516.0,41103516.0,,10.985,2771729000.0,0.0,727000.0,0.0,67.433,
36,MAA,MRT,2012-06-30,2012-06-30,2012-06-30,2021-07-29,-30891000.0,2599088000.0,2517248250.0,,,0.174,20.504,-414448000.0,23379000.0,23379000.0,296502000.0,88936000.0,,2.059,1589421000.0,,,1589421000.0,0.0,126352000.0,6586000.0,0.038,2.575,142394000.0,268746000.0,0.613,268746000.0,142394000.0,85326000.0,2.16,2.16,2.16,839387000.0,761686250.0,839387000.0,4269039956.0,30.0,15.885,-224847000.0,-5.492,1.0,142160000.0,0.324,4106000.0,57068000.0,4161024000.0,4058966500.0,0.0,0.0,,,1728428000.0,,,2793549956.0,9503000.0,11143000.0,228224000.0,25242000.0,-99696000.0,148731000.0,-328829000.0,0.0,189601000.0,0.0,84599000.0,84599000.0,84599000.0,-44728000.0,4337000.0,0.193,37456000.0,104704000.0,5582000.0,1.192,3.328,33.021,31.593,2519706000.0,0.0,68.24,6.368,6.368,0.0,-624304000.0,438662000.0,438662000.0,0.0,0.034,0.111,0.035,0.325,5064000.0,35642000.0,1.0,40937133.0,40937133.0,,10.716,2594982000.0,0.0,727000.0,0.0,63.389,
37,MAA,MRT,2012-03-31,2012-03-31,2012-03-31,2021-07-29,-31800000.0,2527410000.0,2445856500.0,,,0.175,21.415,-461335000.0,64566000.0,64566000.0,290534000.0,67144000.0,,1.988,1540056000.0,,,1540056000.0,0.0,122422000.0,6392000.0,0.038,2.542,121534000.0,243956000.0,0.572,243956000.0,121534000.0,64594000.0,1.67,1.67,1.67,834526000.0,706249500.0,834526000.0,4203149972.0,35.0,17.229,-282438000.0,-7.248,1.0,136321000.0,0.319,4106000.0,56940000.0,3998794000.0,3976431500.0,0.0,0.0,,,1659246000.0,,,2612073972.0,-5396000.0,-20278000.0,262409000.0,83016000.0,-95675000.0,244693000.0,-428986000.0,0.0,178897000.0,0.0,63867000.0,63867000.0,63867000.0,-31123000.0,3277000.0,0.15,39687000.0,96634000.0,4001000.0,1.522,3.13,40.899,40.138,2417265000.0,0.0,67.03,6.119,6.119,0.0,-625266000.0,426855000.0,426855000.0,0.0,0.026,0.09,0.031,0.285,5489000.0,37243000.0,1.0,38968730.0,38968730.0,,10.954,2523304000.0,0.0,727000.0,0.0,64.752,
38,MAA,MRT,2011-12-31,2011-12-31,2011-12-31,2021-07-29,-35848000.0,2530468000.0,2364440750.0,,,0.173,18.991,-465715000.0,58679000.0,58679000.0,279572000.0,51231000.0,,2.482,1649755000.0,,,1649755000.0,0.0,119329000.0,6310000.0,0.04,2.51,105931000.0,225260000.0,0.55,225260000.0,105931000.0,49548000.0,1.32,1.31,1.32,718331000.0,647619250.0,718331000.0,3916577510.0,37.0,17.387,-293427000.0,-7.758,1.0,130210000.0,0.318,4106000.0,56383000.0,4117438000.0,3876939000.0,0.0,0.0,,,1782969000.0,,,2365888510.0,11375000.0,-108000.0,233193000.0,145281000.0,-92028000.0,281247000.0,-442160000.0,0.0,172288000.0,0.0,48821000.0,48821000.0,48821000.0,-22541000.0,2410000.0,0.119,41415000.0,88795000.0,2091000.0,1.902,3.294,48.46,47.386,2423808000.0,0.0,62.55,5.774,5.774,0.0,-621833000.0,409782000.0,409782000.0,0.0,0.021,0.075,0.027,0.259,5519000.0,38096000.0,1.0,37823957.0,37823957.0,,10.834,2526362000.0,0.0,727000.0,0.0,66.793,
39,MAA,MRT,2011-09-30,2011-09-30,2011-09-30,2021-07-29,-41584000.0,2412027000.0,2275835750.0,,,0.179,17.622,-414548000.0,37200000.0,37200000.0,277929000.0,38451000.0,,2.643,1587889000.0,,,1587889000.0,0.0,115760000.0,6428000.0,0.041,2.497,93227000.0,208987000.0,0.514,208987000.0,93227000.0,37003000.0,1.03,1.01,1.03,654501000.0,597662250.0,654501000.0,3758146992.0,40.0,17.983,-258211000.0,-6.952,1.0,128420000.0,0.316,4106000.0,56224000.0,3958610000.0,3753749250.0,0.0,0.0,,,1729940000.0,,,2236677992.0,-75837000.0,-2492000.0,226182000.0,34273000.0,-89294000.0,155018000.0,-387192000.0,0.0,156337000.0,0.0,37003000.0,37003000.0,37003000.0,-8692000.0,1448000.0,0.091,38957000.0,89463000.0,3088000.0,2.424,3.417,60.446,58.466,2329781000.0,0.0,60.22,5.504,5.504,0.0,-614762000.0,406349000.0,406349000.0,0.0,0.016,0.062,0.025,0.229,5543000.0,37495000.0,1.0,37141780.0,37141780.0,,10.94,2407921000.0,0.0,0.0,0.0,64.831,
40,MAA,MRT,2011-06-30,2011-06-30,2011-06-30,2021-07-29,-42268000.0,2313521000.0,2220291750.0,,,0.179,16.83,-465385000.0,14465000.0,14465000.0,273109000.0,30973000.0,,2.702,1535934000.0,,,1535934000.0,0.0,112744000.0,6604000.0,0.037,2.485,84589000.0,197333000.0,0.497,197333000.0,84589000.0,29961000.0,0.77,0.75,0.77,617640000.0,550399500.0,617640000.0,3879177899.0,46.0,19.658,-314956000.0,-8.582,1.0,123800000.0,0.312,4106000.0,54628000.0,3830884000.0,3672704500.0,0.0,0.0,,,1669079000.0,,,2475994899.0,-12407000.0,-6415000.0,266642000.0,169885000.0,-86001000.0,266383000.0,-429219000.0,0.0,150429000.0,0.0,29961000.0,26756000.0,26756000.0,-3060000.0,1012000.0,0.067,38282000.0,85518000.0,2826000.0,3.227,4.009,92.54,87.623,2253435000.0,3205000.0,67.47,6.238,6.238,0.0,-605316000.0,396909000.0,396909000.0,0.0,0.012,0.049,0.023,0.213,3568000.0,36099000.0,1.0,36697716.0,36697716.0,,10.816,2309415000.0,0.0,0.0,0.0,62.931,
41,MAA,MRT,2011-03-31,2011-03-31,2011-03-31,2021-07-29,-41639000.0,2201747000.0,2141422500.0,,,0.181,16.8,-370719000.0,48599000.0,48599000.0,267292000.0,30181000.0,,2.625,1451782000.0,,,1451782000.0,0.0,109473000.0,6553000.0,0.039,2.473,83858000.0,193331000.0,0.498,193331000.0,83858000.0,29193000.0,0.61,0.59,0.61,600005000.0,514974250.0,600005000.0,3745553587.0,45.0,19.374,-230756000.0,-6.461,1.0,120811000.0,0.311,4106000.0,54665000.0,3600824000.0,3547773000.0,0.0,0.0,,,1574725000.0,,,2292816587.0,14893000.0,-5667000.0,364255000.0,90125000.0,-81325000.0,207988000.0,-333058000.0,0.0,139963000.0,0.0,29193000.0,20711000.0,20711000.0,-2502000.0,988000.0,0.053,35816000.0,84995000.0,2615000.0,4.054,3.821,110.705,105.246,2109186000.0,8482000.0,64.2,5.908,5.908,0.0,-589191000.0,388103000.0,388103000.0,0.0,0.01,0.04,0.024,0.216,3509000.0,33055000.0,1.0,35713654.0,35713654.0,,10.867,2197641000.0,0.0,0.0,0.0,61.535,
42,MAA,MRT,2010-12-31,2010-12-31,2010-12-31,2021-07-29,-48847000.0,2176048000.0,2079983500.0,,,0.183,16.276,-334211000.0,47456000.0,47456000.0,261972000.0,30875000.0,,3.147,1500193000.0,,,1500193000.0,0.0,106692000.0,6693000.0,0.039,2.46,84393000.0,191085000.0,0.503,191085000.0,84393000.0,29761000.0,0.57,0.56,0.57,518503000.0,475850500.0,518503000.0,3619070571.0,43.0,18.94,-200417000.0,-6.291,1.0,118166000.0,0.311,4106000.0,54632000.0,3624679000.0,3466928250.0,0.0,0.0,,,1631656000.0,,,2170384571.0,32123000.0,-10395000.0,304351000.0,93712000.0,-77135000.0,152600000.0,-254271000.0,0.0,133794000.0,0.0,29761000.0,18063000.0,18063000.0,-2049000.0,1114000.0,0.048,32901000.0,85265000.0,1815000.0,4.316,4.186,120.156,111.386,2084863000.0,11698000.0,63.49,5.709,5.321,0.0,-575021000.0,380138000.0,380138000.0,0.0,0.009,0.038,0.024,0.222,3013000.0,30389000.0,1.0,34184668.0,31856000.0,31977000.0,11.933,2171942000.0,0.0,0.0,0.0,68.18,
43,MAA,MRT,2010-09-30,2010-09-30,2010-09-30,2021-07-29,-60975000.0,2189851000.0,2032678000.0,,,0.191,13.972,-369216000.0,102517000.0,102517000.0,267000000.0,33490000.0,,3.655,1551203000.0,,,1551203000.0,0.0,103703000.0,7181000.0,0.042,2.46,87509000.0,191212000.0,0.493,191212000.0,87509000.0,32127000.0,0.57,0.57,0.57,465450000.0,453866250.0,465450000.0,3248692044.0,37.0,16.99,-233349000.0,-7.005,1.0,120880000.0,0.312,4106000.0,55382000.0,3634431000.0,3402742500.0,0.0,0.0,,,1701000000.0,,,1911472044.0,83602000.0,-8122000.0,254507000.0,229094000.0,-73841000.0,238092000.0,-290357000.0,0.0,135867000.0,0.0,32127000.0,17213000.0,17213000.0,-3403000.0,1363000.0,0.044,33840000.0,87040000.0,2099000.0,4.316,4.107,111.048,102.246,2027587000.0,14914000.0,58.28,4.928,5.005,0.0,-559610000.0,387880000.0,387880000.0,0.0,0.008,0.038,0.026,0.226,2304000.0,29664000.0,1.0,32798079.0,33312000.0,33413000.0,11.644,2185745000.0,0.0,0.0,0.0,65.614,
44,MAA,MRT,2010-06-30,2010-06-30,2010-06-30,2021-07-29,-56836000.0,1998044000.0,1963183250.0,,,0.195,15.539,-228858000.0,25975000.0,25975000.0,261836000.0,33395000.0,,3.146,1363195000.0,,,1363195000.0,0.0,101062000.0,8092000.0,0.048,2.46,88162000.0,189224000.0,0.495,189224000.0,88162000.0,31996000.0,0.58,0.58,0.58,475939000.0,443873750.0,475939000.0,2875179591.0,33.0,15.195,-95591000.0,-3.121,1.0,120162000.0,0.315,4106000.0,56166000.0,3331158000.0,3295218000.0,0.0,0.0,,,1497240000.0,,,1549619591.0,19165000.0,-7036000.0,194049000.0,31994000.0,-71160000.0,58531000.0,-172633000.0,0.0,133267000.0,0.0,31996000.0,17071000.0,17071000.0,-3627000.0,1399000.0,0.045,32223000.0,87939000.0,1483000.0,4.241,3.256,90.775,88.741,1936344000.0,14925000.0,51.47,4.057,4.127,0.0,-541725000.0,381998000.0,381998000.0,0.0,0.009,0.038,0.027,0.231,1836000.0,29330000.0,1.0,30107239.0,30628000.0,30736000.0,12.472,1993938000.0,0.0,0.0,0.0,65.102,
45,MAA,MRT,2010-03-31,2010-03-31,2010-03-31,2021-07-29,-50713000.0,1955991000.0,1939705750.0,,,0.195,15.225,-176877000.0,33173000.0,33173000.0,257391000.0,37225000.0,,3.352,1358733000.0,,,1358733000.0,0.0,99877000.0,8842000.0,0.047,2.46,92140000.0,192017000.0,0.508,192017000.0,92140000.0,35484000.0,0.79,0.79,0.79,443510000.0,430159250.0,443510000.0,2898093879.0,31.0,15.093,-43446000.0,-1.491,1.0,120774000.0,0.319,4106000.0,56656000.0,3277445000.0,3266655750.0,0.0,0.0,,,1486779000.0,,,1512877879.0,-15337000.0,-8275000.0,62326000.0,-2521000.0,-70124000.0,-29218000.0,-119550000.0,0.0,133431000.0,0.0,35484000.0,22619000.0,22619000.0,-5025000.0,1741000.0,0.06,29854000.0,90920000.0,1158000.0,3.114,3.411,66.885,65.557,1883201000.0,12865000.0,51.79,4.001,3.989,0.0,-523298000.0,378165000.0,378165000.0,0.0,0.012,0.053,0.028,0.244,1373000.0,28930000.0,1.0,29211776.0,29130000.0,29204000.0,12.982,1951885000.0,0.0,0.0,0.0,67.006,
46,MAA,MRT,2009-12-31,2009-12-31,2009-12-31,2021-07-29,-47435000.0,1986826000.0,1935661750.0,,,0.193,15.192,-181282000.0,14380000.0,14380000.0,252640000.0,39221000.0,,3.555,1399596000.0,,,1399596000.0,0.0,98393000.0,8789000.0,0.051,2.46,94205000.0,192598000.0,0.514,192598000.0,94205000.0,37211000.0,0.85,0.85,0.85,430566000.0,422715750.0,430566000.0,2689824529.0,29.0,13.966,-40997000.0,-1.447,1.0,121725000.0,0.325,4106000.0,56994000.0,3367936000.0,3257676000.0,0.0,0.0,,,1530798000.0,,,1393257529.0,4393000.0,-2611000.0,32790000.0,73777000.0,-69505000.0,18069000.0,-153961000.0,0.0,140285000.0,0.0,37211000.0,24346000.0,24346000.0,-6878000.0,2010000.0,0.065,29490000.0,92235000.0,1702000.0,2.894,3.236,57.227,56.8,1935221000.0,12865000.0,48.28,3.722,3.655,0.0,-510993000.0,374365000.0,374365000.0,0.0,0.013,0.058,0.029,0.252,1328000.0,28540000.0,1.0,28857861.0,28341000.0,28348000.0,13.209,1982720000.0,0.0,0.0,0.0,69.959,
47,MAA,MRT,2009-09-30,2009-09-30,2009-09-30,2021-07-29,-55090000.0,1911872000.0,1919444000.0,,,0.197,15.001,-83879000.0,17590000.0,17590000.0,253850000.0,37630000.0,,3.431,1314157000.0,,,1314157000.0,0.0,98205000.0,8758000.0,0.055,2.46,94441000.0,192646000.0,0.511,192646000.0,94441000.0,35638000.0,0.81,0.81,0.81,425480000.0,419316500.0,425480000.0,2590610940.0,27.0,13.448,60495000.0,2.133,1.0,123409000.0,0.327,4106000.0,58803000.0,3204333000.0,3223458250.0,0.0,0.0,,,1459834000.0,,,1273729940.0,-27180000.0,-2836000.0,32579000.0,-44269000.0,-69075000.0,-99807000.0,-71747000.0,0.0,144374000.0,0.0,35638000.0,22773000.0,22773000.0,-4236000.0,1992000.0,0.06,28210000.0,95199000.0,1175000.0,3.037,2.994,55.932,55.716,1843729000.0,12865000.0,45.13,3.376,3.393,0.0,-499040000.0,377259000.0,377259000.0,0.0,0.012,0.054,0.029,0.25,1510000.0,28071000.0,1.0,28223575.0,28364000.0,28441000.0,13.301,1907766000.0,0.0,0.0,0.0,67.26,
48,MAA,MRT,2009-06-30,2009-06-30,2009-06-30,2021-07-29,-50218000.0,1904134000.0,1935234750.0,,,0.194,14.982,-188766000.0,6767000.0,6767000.0,251320000.0,37266000.0,,3.459,1323648000.0,,,1323648000.0,0.0,96678000.0,8966000.0,0.067,2.46,94684000.0,191362000.0,0.509,191362000.0,94684000.0,35213000.0,0.8,0.8,0.8,421081000.0,432000500.0,421081000.0,2341796548.0,25.0,12.238,-45631000.0,-1.624,1.0,124732000.0,0.332,4106000.0,59471000.0,3216909000.0,3242171500.0,0.0,0.0,,,1456526000.0,,,1035979548.0,-3897000.0,-754000.0,36010000.0,78341000.0,-68594000.0,26633000.0,-173665000.0,0.0,143135000.0,0.0,35213000.0,22348000.0,22348000.0,-4298000.0,2053000.0,0.059,28236000.0,96496000.0,1916000.0,3.075,2.46,46.357,45.888,1851155000.0,12865000.0,36.71,2.755,2.744,0.0,-484312000.0,376052000.0,376052000.0,0.0,0.012,0.052,0.029,0.252,1766000.0,28127000.0,1.0,28220636.0,28105000.0,28184000.0,13.38,1900028000.0,0.0,0.0,0.0,67.605,
49,MAA,MRT,2009-03-31,2009-03-31,2009-03-31,2021-07-29,-67754000.0,1939815000.0,1919542000.0,,,0.194,14.732,-214000000.0,48429000.0,48429000.0,248540000.0,35705000.0,,3.625,1354246000.0,,,1354246000.0,0.0,94476000.0,8994000.0,0.08,2.46,93743000.0,188219000.0,0.505,188219000.0,93743000.0,33709000.0,0.75,0.75,0.75,413736000.0,443709000.0,413736000.0,2183431010.0,23.0,11.6,-73407000.0,-2.614,1.0,124386000.0,0.334,4106000.0,60034000.0,3241526000.0,3204762750.0,0.0,0.0,,,1499671000.0,,,870215010.0,40607000.0,-861000.0,106705000.0,81882000.0,-67401000.0,102073000.0,-202059000.0,0.0,140593000.0,0.0,33709000.0,20844000.0,20844000.0,-2904000.0,1996000.0,0.056,28158000.0,96228000.0,1448000.0,3.28,2.103,41.749,41.107,1844081000.0,12865000.0,30.83,2.333,2.322,0.0,-473661000.0,372926000.0,372926000.0,0.0,0.011,0.047,0.029,0.251,1862000.0,28156000.0,1.0,28226241.0,28085000.0,28165000.0,13.278,1935709000.0,0.0,0.0,0.0,68.923,
50,MAA,MRT,2008-12-31,2008-12-31,2008-12-31,2021-07-29,-72885000.0,1921955000.0,1884559250.0,,,0.196,15.476,-239309000.0,9840000.0,9840000.0,245478000.0,32071000.0,,3.544,1323056000.0,,,1323056000.0,0.0,93181000.0,8705000.0,0.066,2.46,92259000.0,185440000.0,0.501,185440000.0,92259000.0,30249000.0,0.64,0.64,0.64,416969000.0,436370000.0,416969000.0,2355843701.0,26.0,12.704,-99515000.0,-3.694,1.0,124533000.0,0.337,4106000.0,62010000.0,3231065000.0,3158624000.0,0.0,0.0,,,1477533000.0,,,1047586701.0,-7766000.0,-7566000.0,125324000.0,57011000.0,-65809000.0,97348000.0,-244908000.0,0.0,139794000.0,0.0,30249000.0,17384000.0,17384000.0,-1192000.0,1822000.0,0.047,28636000.0,95897000.0,1234000.0,3.844,2.512,60.262,58.062,1851331000.0,12865000.0,37.16,2.831,2.706,0.0,-464617000.0,370011000.0,370011000.0,0.0,0.009,0.04,0.029,0.249,2018000.0,28636000.0,1.0,28191246.0,26943000.0,27084000.0,13.733,1917849000.0,0.0,0.0,0.0,71.182,
51,MAA,MRT,2008-09-30,2008-09-30,2008-09-30,2021-07-29,-19629000.0,1975035000.0,1850026000.0,,,0.198,17.333,-236469000.0,47943000.0,47943000.0,240251000.0,34996000.0,,3.076,1356200000.0,,,1356200000.0,0.0,91959000.0,8831000.0,0.05,2.45,92610000.0,184569000.0,0.503,184569000.0,92610000.0,30120000.0,0.62,0.63,0.62,476216000.0,432366750.0,476216000.0,2581278499.0,28.0,13.985,-100520000.0,-3.659,1.0,126422000.0,0.345,4106000.0,62490000.0,3279186000.0,3106712750.0,0.0,0.0,,,1464960000.0,,,1351261499.0,39628000.0,-7468000.0,120460000.0,119983000.0,-59318000.0,145338000.0,-241659000.0,0.0,135949000.0,0.0,30120000.0,16666000.0,16666000.0,-9853000.0,4876000.0,0.045,29572000.0,96850000.0,2395000.0,3.952,2.837,81.079,79.258,1853847000.0,13454000.0,49.14,3.685,3.682,0.0,-452420000.0,366673000.0,366673000.0,0.0,0.009,0.039,0.03,0.253,1871000.0,29569000.0,1.0,27498199.0,27474000.0,27597000.0,13.346,1970929000.0,0.0,0.0,0.0,71.738,
52,MAA,MRT,2008-06-30,2008-06-30,2008-06-30,2021-07-29,-14932000.0,1841363000.0,1803766500.0,,,0.2,17.591,-182071000.0,13810000.0,13810000.0,234661000.0,40382000.0,,2.863,1243827000.0,,,1243827000.0,0.0,90282000.0,8851000.0,0.048,2.44,99165000.0,189447000.0,0.524,189447000.0,99165000.0,35827000.0,0.84,0.85,0.84,467915000.0,419807250.0,467915000.0,2600704624.0,26.0,13.728,-51755000.0,-1.946,1.0,126643000.0,0.351,4106000.0,63338000.0,3067274000.0,3042991250.0,0.0,0.0,,,1339729000.0,,,1339511624.0,5685000.0,-7057000.0,93789000.0,48218000.0,-59437000.0,48082000.0,-172713000.0,0.0,130316000.0,0.0,35827000.0,22098000.0,22098000.0,-9687000.0,4555000.0,0.061,29104000.0,97539000.0,1552000.0,2.905,2.863,60.617,60.762,1787195000.0,13729000.0,51.04,3.707,3.758,0.0,-438251000.0,361304000.0,361304000.0,0.0,0.012,0.053,0.033,0.274,1585000.0,29101000.0,1.0,26244350.0,26599000.0,26761000.0,13.583,1837257000.0,0.0,0.0,0.0,69.072,
53,MAA,MRT,2008-03-31,2008-03-31,2008-03-31,2021-07-29,-42488000.0,1799884000.0,1783702750.0,,,0.2,14.998,-175779000.0,10580000.0,10580000.0,232278000.0,40343000.0,,3.602,1271773000.0,,,1271773000.0,0.0,89760000.0,8734000.0,0.049,2.43,100638000.0,190398000.0,0.534,190398000.0,100638000.0,36301000.0,0.86,0.87,0.86,384380000.0,417189000.0,384380000.0,2528358907.0,25.0,13.279,-46124000.0,-1.8,1.0,124369000.0,0.349,4106000.0,64337000.0,3056971000.0,3012205750.0,0.0,0.0,,,1384598000.0,,,1284654907.0,684000.0,-7019000.0,30428000.0,87629000.0,-60250000.0,24586000.0,-153557000.0,0.0,129655000.0,0.0,36301000.0,22299000.0,22299000.0,-9874000.0,4042000.0,0.063,28822000.0,95547000.0,1569000.0,2.826,3.342,57.61,57.953,1750544000.0,14002000.0,49.84,3.602,3.581,0.0,-426789000.0,356647000.0,356647000.0,0.0,0.013,0.053,0.033,0.282,1580000.0,28819000.0,1.0,25775580.0,25628000.0,25797000.0,13.916,1795778000.0,0.0,0.0,0.0,70.071,
54,MAA,MRT,2007-12-31,2007-12-31,2007-12-31,2021-07-29,-16908000.0,1783822000.0,1767010000.0,,,0.197,15.851,-147740000.0,20916000.0,20916000.0,227170000.0,43456000.0,,3.371,1264620000.0,,,1264620000.0,0.0,88713000.0,8453000.0,0.057,2.42,103585000.0,192298000.0,0.553,192298000.0,103585000.0,39946000.0,1.01,1.01,1.01,400956000.0,433618750.0,400956000.0,2331882565.0,23.0,12.126,-29163000.0,-1.153,1.0,120274000.0,0.346,4106000.0,63639000.0,3023420000.0,2973522000.0,0.0,0.0,,,1351424000.0,,,1093473565.0,11647000.0,9612000.0,26331000.0,68658000.0,-61257000.0,1862000.0,-108792000.0,0.0,118577000.0,0.0,39946000.0,25669000.0,25669000.0,-10410000.0,3510000.0,0.074,28726000.0,91548000.0,1099000.0,2.396,2.727,42.599,42.327,1720553000.0,14277000.0,42.75,3.147,3.112,0.0,-414966000.0,347444000.0,347444000.0,0.0,0.015,0.059,0.035,0.298,1640000.0,28726000.0,1.0,25578329.0,25296000.0,25503000.0,13.735,1779716000.0,0.0,0.0,0.0,70.356,
55,MAA,MRT,2007-09-30,2007-09-30,2007-09-30,2021-07-29,1676000.0,1789997000.0,1757716000.0,,,0.193,16.796,-178504000.0,9136000.0,9136000.0,224910000.0,36639000.0,,3.124,1247545000.0,,,1247545000.0,0.0,87396000.0,8535000.0,0.048,2.41,100146000.0,187542000.0,0.553,187542000.0,100146000.0,36639000.0,0.89,0.89,0.89,425978000.0,444791750.0,425978000.0,2458957284.0,25.0,13.112,-64328000.0,-2.536,1.0,114284000.0,0.337,4106000.0,63507000.0,3024300000.0,2949875250.0,0.0,0.0,,,1330938000.0,,,1271828284.0,-3648000.0,9871000.0,69730000.0,33186000.0,-66599000.0,22355000.0,-140179000.0,0.0,114176000.0,0.0,36639000.0,22677000.0,22677000.0,-1576000.0,0.0,0.067,26684000.0,87600000.0,1931000.0,2.708,2.986,56.085,56.011,1729896000.0,13962000.0,49.85,3.75,3.727,0.0,-403481000.0,339194000.0,339194000.0,0.0,0.013,0.051,0.034,0.295,1790000.0,26734000.0,1.0,25513105.0,25362000.0,25514000.0,13.374,1785891000.0,0.0,0.0,0.0,70.416,
56,MAA,MRT,2007-06-30,2007-06-30,2007-06-30,2021-07-29,17842000.0,1761108000.0,1741087500.0,,,0.191,18.089,-207750000.0,8441000.0,8441000.0,221642000.0,30369000.0,,2.773,1195570000.0,,,1195570000.0,0.0,86100000.0,8345000.0,0.046,2.4,93387000.0,179487000.0,0.539,179487000.0,93387000.0,30369000.0,0.65,0.65,0.65,457442000.0,445758000.0,457442000.0,2508822168.0,27.0,13.978,-107113000.0,-4.236,1.0,111312000.0,0.334,4105000.0,63018000.0,2944132000.0,2920743750.0,0.0,0.0,,,1268679000.0,,,1335594168.0,-7074000.0,9970000.0,86379000.0,68305000.0,-65406000.0,75316000.0,-183027000.0,0.0,100637000.0,0.0,30369000.0,16407000.0,16407000.0,-1555000.0,0.0,0.049,25848000.0,85464000.0,647000.0,3.692,2.92,81.404,80.738,1685369000.0,13962000.0,52.48,4.011,3.986,0.0,-396652000.0,332954000.0,332954000.0,0.0,0.009,0.037,0.032,0.28,2059000.0,25898000.0,1.0,25449584.0,25288000.0,25464000.0,13.166,1757003000.0,0.0,0.0,0.0,69.48,
57,MAA,MRT,2007-03-31,2007-03-31,2007-03-31,2021-07-29,7971000.0,1733113000.0,1708540250.0,,,0.191,17.942,-194309000.0,10460000.0,10460000.0,215828000.0,27143000.0,,2.771,1183688000.0,,,1183688000.0,0.0,84308000.0,7961000.0,0.042,2.39,89863000.0,174171000.0,0.534,174171000.0,89863000.0,27143000.0,0.53,0.53,0.53,450099000.0,439210500.0,450099000.0,2611875296.0,29.0,14.996,-93143000.0,-3.713,1.0,110142000.0,0.338,4105000.0,62720000.0,2902236000.0,2868498500.0,0.0,0.0,,,1247205000.0,,,1425216296.0,-4698000.0,10128000.0,153475000.0,427000.0,-63482000.0,76457000.0,-182321000.0,0.0,101166000.0,0.0,27143000.0,13180000.0,13180000.0,-1531000.0,0.0,0.04,25058000.0,85084000.0,1690000.0,4.509,3.166,108.135,106.151,1652042000.0,13963000.0,56.26,4.372,4.33,0.0,-387020000.0,325970000.0,325970000.0,0.0,0.008,0.03,0.031,0.276,2242000.0,25108000.0,1.0,25332675.0,25087000.0,25289000.0,12.994,1729008000.0,0.0,0.0,0.0,68.92,
58,MAA,MRT,2006-12-31,2006-12-31,2006-12-31,2021-07-29,10897000.0,1746646000.0,1679573000.0,,,0.19,18.985,-243531000.0,9690000.0,9690000.0,210048000.0,20945000.0,,2.839,1196349000.0,,,1196349000.0,0.0,81584000.0,7670000.0,0.042,2.38,83253000.0,164837000.0,0.518,164837000.0,83253000.0,20945000.0,0.3,0.29,0.3,445648000.0,419174750.0,445648000.0,2591236261.0,31.0,15.72,-141067000.0,-6.009,1.0,108322000.0,0.34,4472000.0,62308000.0,2928833000.0,2837380500.0,0.0,0.0,,,1264980000.0,,,1401894261.0,-8519000.0,350000.0,151917000.0,53616000.0,-61437000.0,130134000.0,-241117000.0,0.0,102464000.0,0.0,20945000.0,6983000.0,6983000.0,-1453000.0,0.0,0.022,22951000.0,85371000.0,2773000.0,7.933,3.146,200.758,190.8,1669539000.0,13962000.0,57.24,4.403,4.22,0.0,-379573000.0,318370000.0,318370000.0,0.0,0.004,0.017,0.029,0.261,2160000.0,23001000.0,1.0,24491514.0,23474000.0,23698000.0,13.563,1742174000.0,0.0,0.0,0.0,74.217,
59,MAA,MRT,2006-09-30,2006-09-30,2006-09-30,2021-07-29,10999000.0,1723483000.0,1637942750.0,,,0.192,17.918,-204260000.0,12875000.0,12875000.0,206807000.0,20258000.0,,2.935,1202217000.0,,,1202217000.0,0.0,78380000.0,7498000.0,0.039,2.38,81812000.0,160192000.0,0.509,160192000.0,81812000.0,20258000.0,0.26,0.26,0.26,429843000.0,398394250.0,429843000.0,2581304615.0,32.0,16.114,-104358000.0,-4.35,1.0,107867000.0,0.343,5051000.0,61554000.0,2907774000.0,2779052750.0,0.0,0.0,,,1261433000.0,,,1472021615.0,-2404000.0,316000.0,113863000.0,59691000.0,-59891000.0,99700000.0,-202006000.0,0.0,99902000.0,0.0,20258000.0,6295000.0,6295000.0,-1193000.0,0.0,0.02,23205000.0,84662000.0,678000.0,9.154,3.425,233.84,235.462,1643677000.0,13963000.0,61.22,4.678,4.667,0.0,-363717000.0,314674000.0,314674000.0,0.0,0.004,0.016,0.029,0.26,3481000.0,23205000.0,1.0,24044783.0,23990000.0,24215000.0,13.117,1718432000.0,0.0,0.0,0.0,71.631,
60,MAA,MRT,2006-06-30,2006-06-30,2006-06-30,2021-07-29,24633000.0,1630919000.0,1600864000.0,,,0.192,18.627,-172753000.0,15952000.0,15952000.0,203527000.0,18243000.0,,2.708,1125235000.0,,,1125235000.0,0.0,77859000.0,7209000.0,0.043,2.37,79650000.0,157509000.0,0.512,157509000.0,79650000.0,18243000.0,0.18,0.18,0.18,431252000.0,377557000.0,431252000.0,2429379959.0,31.0,15.424,-68251000.0,-2.948,1.0,103886000.0,0.338,5051000.0,61407000.0,2735151000.0,2725093750.0,0.0,0.0,,,1167732000.0,,,1263808959.0,4750000.0,285000.0,104767000.0,37838000.0,-58273000.0,70370000.0,-170122000.0,0.0,104502000.0,0.0,18243000.0,4281000.0,4281000.0,-1047000.0,0.0,0.014,22361000.0,81525000.0,5986000.0,13.167,2.931,295.213,309.722,1564008000.0,13962000.0,55.75,4.111,4.199,0.0,-351269000.0,307413000.0,307413000.0,0.0,0.003,0.011,0.029,0.259,3108000.0,22361000.0,1.0,22669219.0,23152000.0,23374000.0,13.278,1625868000.0,0.0,0.0,0.0,70.226,
61,MAA,MRT,2006-03-31,2006-03-31,2006-03-31,2021-07-29,17545000.0,1617244000.0,1573267000.0,,,0.191,16.714,-140256000.0,15475000.0,15475000.0,200237000.0,20544000.0,,3.295,1181046000.0,,,1181046000.0,0.0,76544000.0,6871000.0,0.043,2.36,80619000.0,157163000.0,0.524,157163000.0,80619000.0,20544000.0,0.29,0.29,0.29,369956000.0,357110000.0,369956000.0,2334502860.0,29.0,14.854,-39857000.0,-1.801,1.0,99898000.0,0.333,5051000.0,60075000.0,2777764000.0,2688367250.0,0.0,0.0,,,1218932000.0,,,1214054860.0,5064000.0,14762000.0,36346000.0,54787000.0,-57334000.0,19693000.0,-115028000.0,0.0,100399000.0,0.0,20544000.0,6438000.0,6438000.0,-899000.0,0.0,0.021,21270000.0,78628000.0,2663000.0,8.138,3.282,188.576,188.793,1551629000.0,14106000.0,54.75,4.045,4.038,0.0,-339311000.0,300135000.0,300135000.0,0.0,0.004,0.018,0.03,0.269,2773000.0,21270000.0,1.0,22174518.0,22134000.0,22366000.0,13.56,1612193000.0,0.0,0.0,0.0,72.838,
62,MAA,MRT,2005-12-31,2005-12-31,2005-12-31,2021-07-29,7128000.0,1580125000.0,1557617750.0,,,0.189,16.937,-131000000.0,19598000.0,19598000.0,197882000.0,19744000.0,,3.276,1140046000.0,,,1140046000.0,0.0,75928000.0,6429000.0,0.048,2.35,77886000.0,153814000.0,0.524,153814000.0,77886000.0,19744000.0,0.25,0.25,0.25,362526000.0,354832750.0,362526000.0,2176666852.0,28.0,14.151,-32195000.0,-1.504,1.0,95904000.0,0.326,5051000.0,58142000.0,2695522000.0,2657188500.0,0.0,0.0,,,1187801000.0,,,1054845852.0,4931000.0,14903000.0,38397000.0,44922000.0,-56456000.0,12534000.0,-106408000.0,0.0,98805000.0,0.0,19744000.0,5415000.0,5415000.0,-673000.0,0.0,0.018,20862000.0,75042000.0,3278000.0,9.4,2.91,194.801,194.0,1510289000.0,14329000.0,48.5,3.591,3.534,0.0,-314352000.0,293786000.0,293786000.0,0.0,0.003,0.015,0.029,0.265,2469000.0,20862000.0,1.0,21749399.0,21405000.0,21607000.0,13.725,1575074000.0,0.0,0.0,0.0,73.584,
63,MAA,MRT,2005-09-30,2005-09-30,2005-09-30,2021-07-29,1292000.0,1575168000.0,1543163250.0,,,0.185,16.08,-207939000.0,18375000.0,18375000.0,193171000.0,28154000.0,,3.463,1140196000.0,,,1140196000.0,0.0,73964000.0,6398000.0,0.05,2.34,84985000.0,158949000.0,0.555,158949000.0,84985000.0,28154000.0,0.66,0.65,0.66,346494000.0,351032500.0,346494000.0,2075178193.0,24.0,13.056,-116428000.0,-5.403,1.0,92996000.0,0.325,5051000.0,56831000.0,2691938000.0,2629609500.0,0.0,0.0,,,1200014000.0,,,1002413193.0,2044000.0,21456000.0,39420000.0,107160000.0,-55916000.0,76120000.0,-165587000.0,0.0,91511000.0,0.0,28154000.0,13610000.0,13610000.0,-6244000.0,0.0,0.048,20387000.0,72609000.0,2592000.0,3.545,2.893,73.653,70.47,1519639000.0,14544000.0,46.51,3.503,3.502,0.0,-314459000.0,286167000.0,286167000.0,0.0,0.009,0.039,0.032,0.297,1279000.0,20387000.0,1.0,21552638.0,21548000.0,21844000.0,13.28,1570117000.0,0.0,0.0,0.0,72.866,
64,MAA,MRT,2005-06-30,2005-06-30,2005-06-30,2021-07-29,-12429000.0,1520531000.0,1513646500.0,,,0.184,16.368,-178341000.0,13882000.0,13882000.0,188389000.0,27670000.0,,3.261,1086647000.0,,,1086647000.0,0.0,72102000.0,6274000.0,0.052,2.34,82118000.0,154220000.0,0.553,154220000.0,82118000.0,27670000.0,0.62,0.61,0.62,349464000.0,351835500.0,349464000.0,2074167435.0,25.0,13.449,-90854000.0,-4.255,1.0,90383000.0,0.324,5051000.0,54448000.0,2588245000.0,2569682000.0,0.0,0.0,,,1139762000.0,,,970459435.0,-30934000.0,20732000.0,37231000.0,52253000.0,-55288000.0,19435000.0,-137856000.0,0.0,87487000.0,0.0,27670000.0,12909000.0,12909000.0,-6137000.0,0.0,0.046,19663000.0,70720000.0,2439000.0,3.774,2.777,75.177,73.258,1474847000.0,14761000.0,45.42,3.481,3.479,0.0,-289036000.0,278772000.0,278772000.0,0.0,0.009,0.037,0.032,0.295,665000.0,19663000.0,1.0,21366346.0,21351000.0,21625000.0,13.057,1515480000.0,0.0,0.0,0.0,70.979,
65,MAA,MRT,2005-03-31,2005-03-31,2005-03-31,2021-07-29,-3436000.0,1554647000.0,1498215000.0,,,0.182,17.242,-197554000.0,12567000.0,12567000.0,183997000.0,24469000.0,,3.193,1116275000.0,,,1116275000.0,0.0,70806000.0,6087000.0,0.064,2.34,76543000.0,147349000.0,0.541,147349000.0,76543000.0,24469000.0,0.47,0.46,0.47,360847000.0,355083000.0,360847000.0,1836920599.0,24.0,12.466,-110913000.0,-5.3,1.0,88324000.0,0.324,5306000.0,52074000.0,2653049000.0,2528908000.0,0.0,0.0,,,1152319000.0,,,768621599.0,-934000.0,6284000.0,31978000.0,127714000.0,-54538000.0,90322000.0,-177897000.0,0.0,86641000.0,0.0,24469000.0,9637000.0,9637000.0,-5982000.0,0.0,0.035,20137000.0,68187000.0,2427000.0,4.979,2.13,79.757,77.66,1495662000.0,14832000.0,36.5,2.822,2.805,0.0,-281094000.0,272321000.0,272321000.0,0.0,0.006,0.027,0.03,0.281,1118000.0,20137000.0,1.0,21058126.0,20928000.0,21212000.0,13.012,1549341000.0,0.0,0.0,0.0,74.032,
66,MAA,MRT,2004-12-31,2004-12-31,2004-12-31,2021-07-29,-14737000.0,1522307000.0,1465757750.0,,,0.182,17.095,-184420000.0,15174000.0,15174000.0,180359000.0,25198000.0,,3.264,1083473000.0,,,1083473000.0,0.0,69763000.0,5821000.0,0.057,2.34,75881000.0,145644000.0,0.547,145644000.0,75881000.0,25198000.0,0.51,0.5,0.51,347325000.0,353548000.0,347325000.0,1851085383.0,24.0,12.71,-96718000.0,-4.76,1.0,85770000.0,0.322,5400000.0,50683000.0,2585206000.0,2460868000.0,0.0,0.0,,,1133606000.0,,,850196383.0,338000.0,1439000.0,24800000.0,123840000.0,-53877000.0,79938000.0,-167302000.0,0.0,87702000.0,0.0,25198000.0,10373000.0,10373000.0,-6066000.0,0.0,0.039,19597000.0,66173000.0,767000.0,4.588,2.448,81.962,80.824,1459952000.0,14825000.0,41.22,3.195,3.147,0.0,-269482000.0,266129000.0,266129000.0,0.0,0.007,0.029,0.031,0.285,1117000.0,19597000.0,1.0,20625822.0,20317000.0,20652000.0,13.099,1516907000.0,0.0,0.0,0.0,74.662,
67,MAA,MRT,2004-09-30,2004-09-30,2004-09-30,2021-07-29,-19796000.0,1457101000.0,1436814250.0,,,0.183,17.195,-148568000.0,15897000.0,15897000.0,177795000.0,17483000.0,,3.085,1016786000.0,,,1016786000.0,0.0,68930000.0,5327000.0,0.06,2.34,66394000.0,135324000.0,0.515,135324000.0,66394000.0,17483000.0,0.11,0.11,0.11,349706000.0,357040250.0,349706000.0,1766546014.0,27.0,13.054,-62461000.0,-3.071,1.0,84767000.0,0.323,5762000.0,48911000.0,2452228000.0,2397863750.0,0.0,0.0,,,1078907000.0,,,794440014.0,2917000.0,-5146000.0,30706000.0,102954000.0,-53433000.0,64854000.0,-148044000.0,0.0,86107000.0,0.0,17483000.0,2340000.0,2340000.0,431000.0,0.0,0.009,18360000.0,66407000.0,2391000.0,21.273,2.272,339.504,354.091,1388845000.0,15143000.0,38.95,3.026,3.017,0.0,-265730000.0,262562000.0,262562000.0,0.0,0.002,0.007,0.028,0.253,616000.0,18360000.0,1.0,20396406.0,20338000.0,20338000.0,12.91,1451339000.0,0.0,0.0,0.0,71.361,
68,MAA,MRT,2004-06-30,2004-06-30,2004-06-30,2021-07-29,-13158000.0,1458805000.0,1414153500.0,,,0.18,17.877,-153169000.0,45472000.0,45472000.0,171540000.0,20822000.0,,2.943,1017578000.0,,,1017578000.0,0.0,65803000.0,5207000.0,0.062,2.34,68291000.0,134094000.0,0.527,134094000.0,68291000.0,20822000.0,-0.03,-0.03,-0.03,362454000.0,358231500.0,362454000.0,1733469935.0,25.0,12.927,-66960000.0,-3.303,1.0,82827000.0,0.326,5762000.0,47469000.0,2425149000.0,2350360250.0,0.0,0.0,,,1066630000.0,,,771636935.0,20227000.0,-26256000.0,65661000.0,102583000.0,-51515000.0,103141000.0,-169123000.0,0.0,86209000.0,0.0,20822000.0,-146000.0,-146000.0,-1367000.0,0.0,-0.001,17972000.0,64855000.0,1658000.0,-78.0,2.129,-5285.184,-1263.0,1384976000.0,20968000.0,37.89,3.034,3.02,0.0,-253224000.0,254367000.0,254367000.0,0.0,0.0,0.0,0.029,0.268,1272000.0,17972000.0,1.0,20365187.0,20275000.0,20585000.0,12.546,1453043000.0,0.0,0.0,0.0,71.667,
69,MAA,MRT,2004-03-31,2004-03-31,2004-03-31,2021-07-29,-30009000.0,1424818000.0,1362844750.0,,,0.181,17.702,-155179000.0,17662000.0,17662000.0,165204000.0,20935000.0,,2.93,979495000.0,,,979495000.0,0.0,63051000.0,5181000.0,0.063,2.34,67146000.0,130197000.0,0.528,130197000.0,67146000.0,20935000.0,-0.02,-0.02,-0.02,354707000.0,346531000.0,354707000.0,1676866024.0,25.0,12.879,-73664000.0,-3.676,1.0,81180000.0,0.329,5762000.0,46211000.0,2380889000.0,2259540500.0,0.0,0.0,,,1039362000.0,,,745805024.0,1628000.0,-28399000.0,67198000.0,72317000.0,-50299000.0,75409000.0,-155296000.0,0.0,81515000.0,0.0,20935000.0,-252000.0,-252000.0,-1420000.0,0.0,-0.001,16507000.0,64673000.0,1736000.0,-117.0,2.103,-2959.544,-1856.5,1377545000.0,21187000.0,37.13,3.027,3.02,0.0,-242598000.0,246384000.0,246384000.0,0.0,0.0,-0.001,0.03,0.273,840000.0,16507000.0,1.0,20086319.0,20038000.0,20365000.0,12.296,1419056000.0,0.0,0.0,0.0,70.818,
70,MAA,MRT,2003-12-31,2003-12-31,2003-12-31,2021-07-29,-25448000.0,1406533000.0,1318105500.0,,,0.18,19.663,-139667000.0,19523000.0,19523000.0,156766000.0,20206000.0,,2.804,951941000.0,,,951941000.0,0.0,60124000.0,5036000.0,0.07,2.34,65197000.0,125321000.0,0.529,125321000.0,65197000.0,20206000.0,-0.07,-0.07,-0.07,361294000.0,339733750.0,361294000.0,1551454493.0,24.0,12.38,-63147000.0,-3.437,1.0,79996000.0,0.338,5762000.0,44991000.0,2333189000.0,2179101250.0,0.0,0.0,,,1013220000.0,,,655698493.0,-1355000.0,-26135000.0,59989000.0,64962000.0,-49245000.0,61680000.0,-139555000.0,0.0,76520000.0,0.0,20206000.0,-1200000.0,-1200000.0,-1342000.0,0.0,-0.005,15670000.0,64326000.0,1696000.0,-33.429,1.815,-546.415,-479.714,1351849000.0,21406000.0,33.58,2.769,2.606,0.0,-232224000.0,236762000.0,236762000.0,0.0,-0.001,-0.004,0.03,0.275,801000.0,15670000.0,1.0,19526459.0,18374000.0,18374000.0,12.886,1400771000.0,0.0,0.0,0.0,76.237,
71,MAA,MRT,2003-09-30,2003-09-30,2003-09-30,2021-07-29,-29102000.0,1366458000.0,1276339000.0,,,0.18,19.368,-101257000.0,15940000.0,15940000.0,177390000.0,18975000.0,,2.763,911696000.0,,,911696000.0,0.0,57122000.0,4709000.0,0.078,2.34,63808000.0,120930000.0,0.528,120930000.0,63808000.0,18975000.0,-0.25,-0.25,-0.25,354471000.0,333953000.0,354471000.0,1351556297.0,21.0,11.176,-15944000.0,-0.871,1.0,51845000.0,0.226,0.0,44833000.0,2262214000.0,2100641750.0,0.0,0.0,,,979230000.0,,,543256297.0,-8602000.0,-34839000.0,44985000.0,2032000.0,-47696000.0,-19860000.0,-74055000.0,0.0,85313000.0,0.0,18975000.0,-4392000.0,-4392000.0,-1802000.0,0.0,-0.019,-11974000.0,63819000.0,1875000.0,-9.36,1.533,-123.692,-120.72,1319732000.0,23367000.0,30.18,2.37,2.41,0.0,-221080000.0,229235000.0,229235000.0,0.0,-0.003,-0.013,0.03,0.278,916000.0,15525000.0,1.0,18000540.0,18302000.0,18302000.0,12.525,1366458000.0,0.0,0.0,0.0,74.662,
72,MAA,MRT,2003-06-30,2003-06-30,2003-06-30,2021-07-29,-34542000.0,1253570000.0,1254347750.0,,,0.183,17.709,-102566000.0,24912000.0,24912000.0,160978000.0,16302000.0,,2.875,833212000.0,,,833212000.0,0.0,57574000.0,4345000.0,0.108,2.926,62366000.0,119940000.0,0.523,119940000.0,62366000.0,16302000.0,-0.09,-0.09,-0.09,315652000.0,333666500.0,315652000.0,1296654304.0,21.0,10.811,-14411000.0,-0.809,1.0,68520000.0,0.299,0.0,46064000.0,2061870000.0,2054336750.0,0.0,0.0,,,907406000.0,,,483383304.0,1664000.0,-13025000.0,3893000.0,37435000.0,-48135000.0,-28094000.0,-58397000.0,0.0,88155000.0,0.0,16302000.0,-1561000.0,-1561000.0,-58000.0,0.0,-0.007,2257000.0,66263000.0,3390000.0,-32.511,1.531,-309.663,-300.111,1199725000.0,17863000.0,27.01,2.106,2.098,0.0,-207484000.0,229498000.0,229498000.0,0.0,-0.001,-0.005,0.03,0.272,703000.0,15542000.0,1.0,17896457.0,17824000.0,18047000.0,12.876,1253570000.0,0.0,0.0,0.0,70.33,
73,MAA,MRT,2003-03-31,2003-03-31,2003-03-31,2021-07-29,-29527000.0,1245861000.0,1253695750.0,,,0.183,18.45,-80892000.0,12505000.0,12505000.0,145965000.0,16167000.0,,2.707,825776000.0,,,825776000.0,0.0,57358000.0,4362000.0,0.123,2.926,63821000.0,121179000.0,0.528,121179000.0,63821000.0,16167000.0,-0.11,-0.11,-0.11,327518000.0,348054500.0,327518000.0,1209401550.0,19.0,9.98,-333000.0,-0.019,1.0,83592000.0,0.364,0.0,47654000.0,2059132000.0,2042307750.0,0.0,0.0,,,886437000.0,,,423755550.0,-6762000.0,-10816000.0,1002000.0,35599000.0,-48009000.0,-32799000.0,-54522000.0,0.0,80559000.0,0.0,16167000.0,-1800000.0,-1800000.0,-58000.0,0.0,-0.008,15829000.0,67763000.0,1037000.0,-26.6,1.294,-235.42,-215.455,1203100000.0,17967000.0,23.7,1.846,1.833,0.0,-198197000.0,229557000.0,229557000.0,0.0,-0.001,-0.005,0.031,0.278,594000.0,15467000.0,1.0,17879981.0,17752000.0,17921000.0,12.931,1245861000.0,0.0,0.0,0.0,70.181,
74,MAA,MRT,2002-12-31,2002-12-31,2002-12-31,2021-07-29,-28100000.0,1239467000.0,1255379500.0,,,0.182,19.257,-61535000.0,18057000.0,18057000.0,145154000.0,16141000.0,,2.566,803703000.0,,,803703000.0,0.0,56985000.0,4406000.0,0.12,2.926,64522000.0,121507000.0,0.531,121507000.0,64522000.0,16141000.0,-0.11,-0.11,-0.11,338171000.0,363781500.0,338171000.0,1234166650.0,19.0,10.157,18490000.0,1.053,1.0,83697000.0,0.366,5762000.0,48381000.0,2019351000.0,2031323000.0,0.0,0.0,,,867891000.0,,,435665650.0,-1598000.0,-8487000.0,875000.0,20002000.0,-47875000.0,-48492000.0,-33131000.0,0.0,80025000.0,0.0,16141000.0,-1929000.0,-1929000.0,-58000.0,0.0,-0.008,15298000.0,68399000.0,464000.0,-26.6,1.288,-225.851,-222.273,1192539000.0,18070000.0,24.45,1.904,1.876,0.0,-188155000.0,228851000.0,228851000.0,0.0,-0.002,-0.005,0.032,0.282,625000.0,15298000.0,1.0,17818636.0,17561000.0,17561000.0,13.032,1233705000.0,0.0,0.0,0.0,70.253,
75,MAA,MRT,2002-09-30,2002-09-30,2002-09-30,2021-07-29,-24713000.0,1278493000.0,1261384750.0,,,0.186,20.099,-56301000.0,24231000.0,24231000.0,93378000.0,19212000.0,,2.508,822732000.0,,,822732000.0,0.0,57120000.0,4544000.0,0.117,2.926,68865000.0,125985000.0,0.537,125985000.0,68865000.0,19212000.0,0.14,0.15,0.14,353325000.0,378828250.0,353325000.0,1202067794.0,17.0,9.541,20976000.0,1.193,1.0,141062000.0,0.602,0.0,49653000.0,2076994000.0,2031415250.0,0.0,0.0,,,886019000.0,,,439275794.0,3532000.0,116000.0,1155000.0,44837000.0,-47765000.0,-17886000.0,-55859000.0,0.0,77277000.0,0.0,19212000.0,3099000.0,3099000.0,0.0,0.0,0.013,70311000.0,70751000.0,1038000.0,20.9,1.243,141.748,177.929,1225333000.0,16113000.0,24.91,1.874,1.868,0.0,-174836000.0,234440000.0,234440000.0,0.0,0.002,0.008,0.034,0.294,87000.0,16023000.0,1.0,17634516.0,17579000.0,17579000.0,13.336,1278493000.0,0.0,0.0,0.0,72.728,
76,MAA,MRT,2002-06-30,2002-06-30,2002-06-30,2021-07-29,-12526000.0,1250962000.0,1260141750.0,,,0.184,21.328,-24026000.0,25344000.0,25344000.0,91171000.0,28505000.0,,2.236,788136000.0,,,788136000.0,0.0,55624000.0,4643000.0,0.109,2.926,78525000.0,134149000.0,0.578,134149000.0,78525000.0,28505000.0,0.68,0.69,0.68,373204000.0,391012750.0,373204000.0,1230715179.0,16.0,9.174,51326000.0,2.933,1.0,140851000.0,0.607,0.0,50020000.0,2013754000.0,2018152000.0,0.0,0.0,,,834652000.0,,,468118179.0,5350000.0,157000.0,378000.0,-5384000.0,-47659000.0,-68778000.0,-1224000.0,0.0,75352000.0,0.0,28505000.0,12392000.0,12392000.0,0.0,0.0,0.053,68785000.0,72066000.0,1546000.0,4.303,1.254,37.776,39.338,1198938000.0,16113000.0,26.75,2.018,2.017,0.0,-164290000.0,232022000.0,232022000.0,0.0,0.01,0.032,0.039,0.338,233000.0,15795000.0,1.0,17499745.0,17498000.0,17749000.0,13.26,1250962000.0,0.0,0.0,0.0,71.492,
77,MAA,MRT,2002-03-31,2002-03-31,2002-03-31,2021-07-29,-4968000.0,1252596000.0,1269089500.0,,,0.183,22.368,-30411000.0,21010000.0,21010000.0,89609000.0,28137000.0,,2.094,783607000.0,,,783607000.0,0.0,55043000.0,4589000.0,0.112,2.926,79638000.0,134681000.0,0.581,134681000.0,79638000.0,28137000.0,0.69,0.7,0.69,390426000.0,400452250.0,390426000.0,1206369413.0,15.0,8.957,46534000.0,2.666,1.0,142378000.0,0.614,0.0,51501000.0,2015193000.0,2027915500.0,0.0,0.0,,,817410000.0,,,455949413.0,-6342000.0,89000.0,749000.0,-12009000.0,-47637000.0,-75010000.0,-8277000.0,0.0,76945000.0,0.0,28137000.0,12024000.0,12024000.0,0.0,0.0,0.052,68408000.0,73970000.0,1356000.0,4.241,1.168,37.92,37.899,1206730000.0,16113000.0,26.15,1.965,1.968,0.0,-154994000.0,231987000.0,231987000.0,0.0,0.009,0.03,0.039,0.343,138000.0,15971000.0,1.0,17435924.0,17455000.0,17596000.0,13.291,1252596000.0,0.0,0.0,0.0,71.761,
78,MAA,MRT,2001-12-31,2001-12-31,2001-12-31,2021-07-29,-8756000.0,1263488000.0,1279577250.0,,,0.182,22.859,-36113000.0,23432000.0,23432000.0,89224000.0,28698000.0,,2.062,779664000.0,,,779664000.0,0.0,54403000.0,4514000.0,0.111,2.926,81296000.0,135699000.0,0.583,135699000.0,81296000.0,28698000.0,0.72,0.72,0.72,398358000.0,407539750.0,398358000.0,1208984801.0,15.0,8.909,44464000.0,2.551,1.0,143418000.0,0.616,0.0,52598000.0,2019720000.0,2037613750.0,0.0,0.0,,,821228000.0,,,458564801.0,-3903000.0,289000.0,-1814000.0,-5681000.0,-47693000.0,-71301000.0,-13179000.0,0.0,80577000.0,0.0,28698000.0,12585000.0,12585000.0,0.0,0.0,0.054,68008000.0,75410000.0,1219000.0,4.064,1.151,36.437,36.528,1216933000.0,16113000.0,26.3,1.971,1.97,0.0,-145061000.0,232642000.0,232642000.0,0.0,0.01,0.031,0.04,0.349,145000.0,16083000.0,1.0,17435924.0,17427000.0,17532000.0,13.35,1263488000.0,0.0,0.0,0.0,72.502,
79,MAA,MRT,2001-09-30,2001-09-30,2001-09-30,2021-07-29,-9829000.0,1273521000.0,1289648000.0,,,0.179,23.099,-44565000.0,25047000.0,25047000.0,87389000.0,28753000.0,,2.048,775467000.0,,,775467000.0,0.0,54297000.0,4599000.0,0.112,2.921,82271000.0,136568000.0,0.59,136568000.0,82271000.0,28753000.0,0.75,0.76,0.75,402063000.0,416448500.0,402063000.0,1218822016.0,15.0,8.925,32073000.0,1.843,1.0,144047000.0,0.622,0.0,53518000.0,2023941000.0,2045507000.0,0.0,0.0,,,823532000.0,,,452767016.0,-7727000.0,394000.0,-1894000.0,-4658000.0,-47643000.0,-70307000.0,-14058000.0,0.0,76638000.0,0.0,28753000.0,12641000.0,12641000.0,0.0,0.0,0.055,67547000.0,76500000.0,1997000.0,3.895,1.126,35.817,34.667,1222152000.0,16112000.0,26.0,1.956,1.955,0.0,-136986000.0,231436000.0,231436000.0,0.0,0.01,0.03,0.04,0.355,146000.0,15550000.0,1.0,17414116.0,17406000.0,17569000.0,13.296,1273521000.0,0.0,0.0,0.0,73.166,
80,MAA,MRT,2001-06-30,2001-06-30,2001-06-30,2021-07-29,-2072000.0,1286753000.0,1299003500.0,,,0.178,23.623,-44561000.0,24653000.0,24653000.0,87692000.0,21290000.0,,2.015,790708000.0,,,790708000.0,0.0,54208000.0,4723000.0,0.091,2.33,74790000.0,128998000.0,0.558,128998000.0,74790000.0,21290000.0,0.31,0.32,0.31,410962000.0,426269000.0,410962000.0,1204845054.0,16.0,9.34,33265000.0,1.912,1.0,143504000.0,0.621,0.0,53500000.0,2052808000.0,2052848000.0,0.0,0.0,,,827915000.0,,,445406054.0,-5260000.0,474000.0,-3743000.0,22257000.0,-47584000.0,-45185000.0,-37901000.0,0.0,77826000.0,0.0,21290000.0,5178000.0,5178000.0,0.0,0.0,0.022,67313000.0,76191000.0,1277000.0,7.516,1.084,86.019,82.548,1239566000.0,16112000.0,25.59,1.927,1.926,0.0,-135860000.0,231196000.0,231196000.0,0.0,0.004,0.012,0.036,0.323,156000.0,15495000.0,1.0,17405473.0,17397000.0,17480000.0,13.289,1286753000.0,0.0,0.0,0.0,73.964,
81,MAA,MRT,2001-03-31,2001-03-31,2001-03-31,2021-07-29,-3971000.0,1294547000.0,1303742000.0,,,0.175,23.959,-73398000.0,31806000.0,31806000.0,86781000.0,27332000.0,,1.973,791245000.0,,,791245000.0,0.0,53955000.0,4621000.0,0.103,2.325,79307000.0,133262000.0,0.583,133262000.0,79307000.0,27332000.0,0.63,0.64,0.63,418776000.0,436450500.0,418776000.0,1135361474.0,14.0,8.52,176000.0,0.01,1.0,141909000.0,0.621,0.0,51975000.0,2053986000.0,2049701250.0,0.0,0.0,,,826160000.0,,,392999474.0,593000.0,438000.0,-5499000.0,22965000.0,-47629000.0,-46275000.0,-26706000.0,0.0,73574000.0,0.0,27332000.0,11220000.0,11220000.0,0.0,0.0,0.049,66458000.0,75451000.0,1049000.0,3.69,0.938,35.027,35.683,1239927000.0,16112000.0,22.48,1.718,1.718,0.0,-126304000.0,228690000.0,228690000.0,0.0,0.009,0.026,0.039,0.347,114000.0,15076000.0,1.0,17482183.0,17479000.0,17510000.0,13.084,1294547000.0,0.0,0.0,0.0,74.063,
82,MAA,MRT,2000-12-31,2000-12-31,2000-12-31,2021-07-29,0.0,1303771000.0,1304741000.0,,,0.174,24.737,-85657000.0,33567000.0,33567000.0,86293000.0,29787000.0,,1.886,781089000.0,,,781089000.0,0.0,54602000.0,4611000.0,0.103,2.32,80523000.0,135125000.0,0.594,135125000.0,80523000.0,29787000.0,0.78,0.79,0.78,433993000.0,446083750.0,433993000.0,1136760048.0,14.0,8.413,-14493000.0,-0.826,1.0,141194000.0,0.621,0.0,50736000.0,2051293000.0,2041596750.0,0.0,0.0,,,818395000.0,,,394398048.0,2003000.0,267000.0,-3356000.0,24862000.0,-47591000.0,-42199000.0,-26962000.0,0.0,71164000.0,0.0,29787000.0,13673000.0,13673000.0,0.0,0.0,0.06,66670000.0,74524000.0,1740000.0,2.974,0.909,28.845,28.923,1244475000.0,16114000.0,22.56,1.734,1.74,0.0,-116889000.0,227487000.0,227487000.0,0.0,0.01,0.031,0.039,0.354,120000.0,14826000.0,1.0,17482183.0,17544000.0,17597000.0,12.967,1303771000.0,0.0,0.0,0.0,74.314,
83,MAA,MRT,2000-09-30,2000-09-30,2000-09-30,2021-07-29,0.0,1310943000.0,1303504000.0,,,0.172,25.244,-100074000.0,34150000.0,34150000.0,83205000.0,32995000.0,,1.851,776512000.0,,,776512000.0,0.0,54369000.0,4741000.0,0.097,2.315,82529000.0,136898000.0,0.612,136898000.0,82529000.0,32995000.0,0.95,0.95,0.95,441345000.0,453556500.0,441345000.0,1155106571.0,14.0,8.438,-35866000.0,-2.051,1.0,140608000.0,0.628,0.0,49534000.0,2053305000.0,2032881500.0,0.0,0.0,,,816712000.0,,,420592571.0,3927000.0,2585000.0,-34841000.0,43907000.0,-48340000.0,-55391000.0,-4890000.0,0.0,64208000.0,0.0,32995000.0,16878000.0,16878000.0,0.0,0.0,0.075,67133000.0,73475000.0,2148000.0,2.437,0.953,24.92,25.2,1249346000.0,16117000.0,23.94,1.879,1.87,0.0,-108925000.0,223813000.0,223813000.0,0.0,0.013,0.037,0.041,0.369,832000.0,15712000.0,1.0,17568612.0,17483000.0,17568000.0,12.802,1310943000.0,0.0,0.0,0.0,74.984,
84,MAA,MRT,2000-06-30,2000-06-30,2000-06-30,2021-07-29,0.0,1305707000.0,1304711000.0,,,0.172,25.687,-116260000.0,30962000.0,30962000.0,83002000.0,37896000.0,,1.77,765476000.0,,,765476000.0,0.0,53889000.0,4798000.0,0.096,2.31,86540000.0,140429000.0,0.627,140429000.0,86540000.0,37896000.0,1.2,1.2,1.2,451688000.0,468022750.0,451688000.0,1147175733.0,13.0,8.169,-44353000.0,-2.522,1.0,140857000.0,0.629,0.0,48644000.0,2040221000.0,2020003750.0,0.0,0.0,,,799651000.0,,,424150733.0,2462000.0,-2012000.0,-34353000.0,22482000.0,-49002000.0,-76952000.0,7507000.0,0.0,71907000.0,0.0,37896000.0,21779000.0,21779000.0,0.0,0.0,0.097,66735000.0,74122000.0,1501000.0,1.925,0.939,19.475,20.017,1251563000.0,16117000.0,24.02,1.895,1.887,0.0,-100432000.0,223859000.0,223859000.0,0.0,0.017,0.047,0.043,0.387,665000.0,15856000.0,1.0,17658232.0,17584000.0,17654000.0,12.731,1305707000.0,0.0,0.0,0.0,74.255,
85,MAA,MRT,2000-03-31,2000-03-31,2000-03-31,2021-07-29,0.0,1298543000.0,1309095500.0,,,0.172,25.939,-84362000.0,31450000.0,31450000.0,83949000.0,29941000.0,,1.72,754475000.0,,,754475000.0,0.0,53722000.0,4727000.0,0.101,2.305,78462000.0,132184000.0,0.588,132184000.0,78462000.0,29941000.0,0.75,0.75,0.75,457309000.0,481363250.0,457309000.0,1118811552.0,14.0,8.464,-9143000.0,-0.519,1.0,140671000.0,0.626,0.0,48521000.0,2021568000.0,2015009250.0,0.0,0.0,,,786429000.0,,,401202552.0,4048000.0,-2541000.0,-30386000.0,12979000.0,-49651000.0,-83175000.0,12004000.0,0.0,75219000.0,0.0,29941000.0,13824000.0,13824000.0,0.0,0.0,0.062,65966000.0,74705000.0,1401000.0,3.073,0.877,29.022,30.333,1243820000.0,16117000.0,22.75,1.786,1.786,0.0,-96795000.0,224620000.0,224620000.0,0.0,0.011,0.029,0.039,0.349,614000.0,15120000.0,1.0,17635277.0,17630000.0,17655000.0,12.741,1298543000.0,0.0,0.0,0.0,73.655,
86,MAA,MRT,1999-12-31,1999-12-31,1999-12-31,2021-07-29,0.0,1298823000.0,1322326500.0,,,0.171,24.696,-87806000.0,26629000.0,26629000.0,84885000.0,33572000.0,,1.679,744238000.0,,,744238000.0,0.0,52757000.0,4739000.0,0.102,2.3,81874000.0,134631000.0,0.595,134631000.0,81874000.0,33572000.0,0.93,0.93,0.93,463884000.0,495631500.0,463884000.0,1102956672.0,13.0,8.192,-12828000.0,-0.683,1.0,141437000.0,0.625,0.0,48302000.0,2016432000.0,2022799250.0,0.0,0.0,,,778879000.0,,,416933672.0,6855000.0,-8085000.0,-29524000.0,-11260000.0,-50311000.0,-107209000.0,39086000.0,0.0,74978000.0,0.0,33572000.0,17458000.0,17458000.0,0.0,0.0,0.077,64382000.0,77055000.0,2122000.0,2.473,0.899,23.882,24.333,1248051000.0,16114000.0,22.63,1.842,1.878,0.0,-89869000.0,226322000.0,226322000.0,0.0,0.013,0.035,0.04,0.362,494000.0,14479000.0,1.0,18423936.0,18784000.0,18808000.0,12.049,1298823000.0,0.0,0.0,0.0,69.145,
87,MAA,MRT,1999-09-30,1999-09-30,1999-09-30,2021-07-29,0.0,1315771000.0,1339227500.0,,,0.169,26.256,-111398000.0,32528000.0,32528000.0,85416000.0,30998000.0,,1.52,718551000.0,,,718551000.0,0.0,52291000.0,4908000.0,0.106,2.275,78720000.0,131011000.0,0.578,131011000.0,78720000.0,30998000.0,1.26,1.26,1.26,499210000.0,508985250.0,499210000.0,1105897771.0,14.0,8.441,-25843000.0,-1.359,1.0,141348000.0,0.623,0.0,47722000.0,2001794000.0,2044525000.0,0.0,0.0,,,758683000.0,,,408899771.0,2914000.0,-10483000.0,1914000.0,-20337000.0,-49714000.0,-53758000.0,-28883000.0,0.0,85555000.0,0.0,30998000.0,15458000.0,15458000.0,0.0,0.0,0.068,58455000.0,82893000.0,2713000.0,1.806,0.819,26.452,17.063,1258441000.0,15540000.0,21.5,1.803,1.803,0.0,-84381000.0,226764000.0,226764000.0,0.0,0.012,0.03,0.039,0.347,121000.0,13537000.0,1.0,19018594.0,19013000.0,19028000.0,11.927,1315771000.0,0.0,0.0,0.0,69.204,
88,MAA,MRT,1999-06-30,1999-06-30,1999-06-30,2021-07-29,0.0,1323245000.0,1340760750.0,,,0.168,26.628,-169673000.0,32148000.0,32148000.0,84609000.0,27624000.0,,1.504,729146000.0,,,729146000.0,0.0,51518000.0,4950000.0,0.097,2.25,74860000.0,126378000.0,0.56,126378000.0,74860000.0,27624000.0,0.62,0.63,0.62,505050000.0,508704750.0,505050000.0,1138851780.0,15.0,9.011,-88141000.0,-4.647,1.0,141258000.0,0.625,0.0,47236000.0,2020243000.0,2049722750.0,0.0,0.0,,,759562000.0,,,437590780.0,845000.0,-6027000.0,3827000.0,64545000.0,-49234000.0,33584000.0,-114271000.0,0.0,81532000.0,0.0,27624000.0,12677000.0,12677000.0,0.0,0.0,0.056,57496000.0,83762000.0,912000.0,3.629,0.866,34.518,37.306,1270621000.0,14947000.0,23.13,1.937,1.942,0.0,-78798000.0,225867000.0,225867000.0,0.0,0.009,0.025,0.037,0.331,121000.0,13116000.0,1.0,18918754.0,18967000.0,19004000.0,11.908,1323245000.0,0.0,0.0,0.0,69.766,
89,MAA,MRT,1999-03-31,1999-03-31,1999-03-31,2021-07-29,0.0,1351467000.0,1322888000.0,,,0.168,27.213,-191759000.0,40276000.0,40276000.0,82644000.0,31029000.0,,1.509,741537000.0,,,741537000.0,0.0,50117000.0,4721000.0,0.104,2.225,77746000.0,127863000.0,0.577,127863000.0,77746000.0,31029000.0,0.93,0.94,0.93,514382000.0,508574500.0,514382000.0,1141341124.0,15.0,8.926,-109951000.0,-5.817,1.0,139027000.0,0.627,0.0,46717000.0,2052728000.0,2013800000.0,0.0,0.0,,,776190000.0,,,404433124.0,1807000.0,-5549000.0,8061000.0,40787000.0,-48525000.0,63039000.0,-143040000.0,0.0,81808000.0,0.0,31029000.0,17835000.0,17835000.0,0.0,0.0,0.08,55480000.0,83547000.0,6731000.0,2.392,0.786,22.676,22.989,1276080000.0,13194000.0,21.38,1.824,1.823,0.0,-67824000.0,221671000.0,221671000.0,0.0,0.013,0.035,0.039,0.351,138000.0,12483000.0,1.0,18916423.0,18902000.0,18929000.0,11.727,1351467000.0,0.0,0.0,0.0,71.499,
90,MAA,MRT,1998-12-31,1998-12-31,1998-12-31,2021-07-29,0.0,1366427000.0,1290648000.0,,,0.167,27.626,-204031000.0,16519000.0,16519000.0,79917000.0,26757000.0,,1.523,753427000.0,,,753427000.0,0.0,48369000.0,4917000.0,0.097,2.2,72461000.0,120830000.0,0.561,120830000.0,72461000.0,26757000.0,0.82,0.82,0.82,517299000.0,494390750.0,517299000.0,1128160555.0,16.0,9.337,-123626000.0,-6.602,1.0,135626000.0,0.629,0.0,45704000.0,2103335000.0,1966268750.0,0.0,0.0,,,787687000.0,,,427479555.0,-7568000.0,0.0,9586000.0,86920000.0,-47117000.0,110634000.0,-198607000.0,0.0,80405000.0,0.0,26757000.0,15327000.0,15327000.0,0.0,0.0,0.071,57981000.0,77645000.0,10384000.0,2.683,0.826,27.891,27.671,1315368000.0,11430000.0,22.69,1.983,1.971,0.0,-63876000.0,215543000.0,215543000.0,0.0,0.012,0.031,0.037,0.336,121000.0,11960000.0,1.0,18839998.0,18725000.0,18770000.0,11.511,1366427000.0,0.0,0.0,0.0,72.973,
91,MAA,MRT,1998-09-30,1998-09-30,1998-09-30,2021-07-29,0.0,1321904000.0,1247508750.0,,,0.161,25.994,,22267000.0,22267000.0,74259000.0,17698000.0,,1.53,722948000.0,,,722948000.0,0.0,,4882000.0,0.084,2.185,60664000.0,,,,60664000.0,17698000.0,-0.17,-0.15,-0.17,498088000.0,480391000.0,498088000.0,1111247046.0,18.0,,,,1.0,127137000.0,0.631,0.0,42966000.0,2022585000.0,1889905250.0,0.0,0.0,,,762203000.0,,,486449046.0,,,,,,,,,,,17698000.0,8034000.0,8034000.0,0.0,0.0,0.04,52569000.0,74568000.0,7304000.0,-12.853,0.977,60.549,-152.235,1265569000.0,9664000.0,25.88,2.415,2.462,0.0,-55488000.0,201396000.0,201396000.0,0.0,0.006,0.017,0.032,0.301,,10311000.0,1.0,18796331.0,19162000.0,19172000.0,10.51,1321904000.0,0.0,0.0,0.0,68.986,
92,MAA,MRT,1998-06-30,1998-06-30,1998-06-30,2021-07-29,0.0,1251754000.0,977491500.0,,,0.184,26.99,-101825000.0,24129000.0,24129000.0,66732000.0,15009000.0,,1.356,648927000.0,,,648927000.0,0.0,39209000.0,4737000.0,0.082,2.17,53519000.0,92728000.0,0.516,92728000.0,53519000.0,15009000.0,0.37,0.38,0.37,504529000.0,399452500.0,504529000.0,1130806915.0,21.0,12.195,-42487000.0,-2.273,1.0,112973000.0,0.629,0.0,38510000.0,1876552000.0,1458596500.0,0.0,0.0,,,684209000.0,,,490710915.0,7492000.0,-25678000.0,107774000.0,-78254000.0,-41981000.0,70222000.0,-122068000.0,0.0,59338000.0,0.0,15009000.0,7593000.0,7593000.0,0.0,0.0,0.042,45965000.0,67008000.0,7764000.0,5.865,0.973,64.627,71.108,1194115000.0,7416000.0,26.31,2.731,2.737,0.0,-48870000.0,179705000.0,179705000.0,0.0,0.008,0.019,0.037,0.298,121000.0,8579000.0,1.0,18651118.0,18693000.0,18741000.0,9.613,1251754000.0,0.0,0.0,0.0,66.964,
93,MAA,MRT,1998-03-31,1998-03-31,1998-03-31,2021-07-29,0.0,1222507000.0,939417500.0,,,0.171,24.67,,26036000.0,26036000.0,59853000.0,13725000.0,,1.53,666132000.0,,,666132000.0,0.0,,4683000.0,0.076,2.155,47146000.0,,,,47146000.0,13725000.0,0.4,0.41,0.4,457647000.0,377287500.0,457647000.0,1127046315.0,24.0,,,,1.0,100406000.0,0.627,0.0,33421000.0,1862603000.0,1407648500.0,0.0,0.0,,,700301000.0,,,523035315.0,,,,,,,,,,,13725000.0,7397000.0,7397000.0,0.0,0.0,0.046,40444000.0,59962000.0,11487000.0,5.388,1.143,70.709,70.475,1161403000.0,6328000.0,28.19,3.264,3.263,0.0,-42550000.0,160259000.0,160259000.0,0.0,0.008,0.02,0.033,0.294,,7802000.0,1.0,18553931.0,18551000.0,18613000.0,8.639,1222507000.0,0.0,0.0,0.0,65.9,
94,MAA,MRT,1997-12-31,1997-12-31,1997-12-31,2021-07-29,0.0,1193870000.0,902534500.0,,,0.154,33.206,-112585000.0,28202000.0,28202000.0,52404000.0,11227000.0,,1.452,632213000.0,,,632213000.0,0.0,28746000.0,4509000.0,0.075,2.14,40170000.0,68916000.0,0.495,68916000.0,40170000.0,11227000.0,0.43,0.43,0.43,461300000.0,351342000.0,461300000.0,,,,-67667000.0,-4.871,1.0,86712000.0,0.623,0.0,28943000.0,1797881000.0,1357364000.0,0.0,0.0,,,669705000.0,,,382487915.0,10752000.0,-25678000.0,165737000.0,-68496000.0,-34519000.0,104097000.0,-138263000.0,0.0,44918000.0,0.0,11227000.0,5975000.0,5975000.0,0.0,0.0,0.043,34339000.0,52373000.0,10098000.0,4.977,0.829,64.015,66.419,1134704000.0,5252000.0,28.56,2.749,2.852,0.0,-38371000.0,139116000.0,139116000.0,0.0,0.007,0.017,0.03,0.289,121000.0,6602000.0,1.0,13392434.0,13892000.0,13955000.0,10.014,1193870000.0,0.0,0.0,0.0,85.939,
95,MAA,MRT,1997-09-30,1997-09-30,1997-09-30,2021-07-29,,,,,,,,,,,,,,,,,,,,,,0.071,2.115,,,,,,,,,,,,,,,,,,1.0,,,,,,,,,,,,,,397621365.0,,,,,,,,,,,,,,,,,,,,,,,,,,29.69,,,,,,,,,,,,,,1.0,13392434.0,13389000.0,,,,,,,,
96,MAA,MRT,1997-06-30,1997-06-30,1997-06-30,2021-07-29,0.0,703229000.0,,,,,22.041,-150650000.0,10485000.0,10485000.0,45296000.0,15711000.0,,1.236,347897000.0,,,347897000.0,0.0,24421000.0,2687000.0,0.074,2.09,41785000.0,66206000.0,0.552,66206000.0,41785000.0,15711000.0,1.05,,1.05,294376000.0,,294376000.0,,,,-97556000.0,-7.304,1.0,74633000.0,0.622,0.0,26074000.0,1040641000.0,,0.0,0.0,,,363811000.0,,,375791698.0,2759000.0,0.0,66753000.0,806000.0,-29279000.0,83219000.0,-133554000.0,0.0,53094000.0,0.0,15711000.0,12346000.0,12346000.0,0.0,0.0,0.103,29399000.0,45234000.0,1350000.0,1.99,1.277,30.438,26.724,683314000.0,3365000.0,28.06,3.133,3.125,0.0,-22112000.0,119929000.0,119929000.0,0.0,,,,0.348,0.0,6091000.0,1.0,13392434.0,13356000.0,,8.979,703229000.0,0.0,0.0,0.0,52.653,
97,MAA,MRT,1997-03-31,1997-03-31,1997-03-31,2021-07-29,0.0,656328000.0,,,,,26.008,,7814000.0,7814000.0,,,,1.067,304180000.0,,,304180000.0,0.0,,2502000.0,0.074,2.065,,,,,,,,,,296928000.0,,296928000.0,,,,,,1.0,,,0.0,,952694000.0,,0.0,0.0,,,316777000.0,,,,,,,,,,,,,,,,,,,,,,860000.0,,,,,638276000.0,,28.0,,,0.0,-18358000.0,,,,,,,,,,1.0,,11417000.0,,,656328000.0,0.0,,0.0,57.487,
98,MAA,MRT,1996-12-31,1996-12-31,1996-12-31,2021-07-29,0.0,611199000.0,,,,,22.068,-87532000.0,9591000.0,9591000.0,42570000.0,14260000.0,,1.37,315239000.0,,,315239000.0,0.0,22243000.0,2412000.0,0.071,2.04,40026000.0,62269000.0,0.557,62269000.0,40026000.0,14260000.0,1.21,1.21,1.21,241384000.0,,241384000.0,,,,-49514000.0,-4.527,1.0,69312000.0,0.62,0.0,25766000.0,916847000.0,,0.0,0.0,,,330577000.0,,,,1007000.0,0.0,271000.0,13724000.0,-27312000.0,33425000.0,-70436000.0,0.0,38018000.0,0.0,14260000.0,13270000.0,13270000.0,0.0,0.0,0.119,25412000.0,43900000.0,744000.0,1.686,,,23.868,592335000.0,990000.0,28.88,,2.823,0.0,-15174000.0,111882000.0,111882000.0,0.0,,,,0.358,0.0,6154000.0,1.0,,10938000.0,10983000.0,10.229,611199000.0,0.0,0.0,0.0,55.878,
99,MAA,MRT,1996-06-30,1996-06-30,1996-06-30,2021-07-29,,,,,,,,,,,,,,,,,,,,,,0.06,1.52,,,,,,,,,,,,,,,,,,1.0,,,,,,,,,,,,,,,,,,,,,,,,,,,,,,,,,,,,,,,,25.375,,,,,,,,,,,,,,1.0,,,,,,,,,,
100,MAA,MRT,1996-03-31,1996-03-31,1996-03-31,2021-07-29,,,,,,,,,,,,,,,,,,,,,,0.079,2.01,,,,,,,,,,,,,,,,,,1.0,,,,,,,,,,,,,,,,,,,,,,,,,,,,,,,,,,,,,,,,25.5,,,,,,,,,,,,,,1.0,,,,,,,,,,
101,MAA,MRT,1995-12-31,1995-12-31,1995-12-31,2021-07-29,,,,,,,,-40486000.0,,,37954000.0,9810000.0,,,,,,,,17291000.0,,0.081,2.0,32494000.0,49785000.0,0.524,49785000.0,32494000.0,9810000.0,1.0,,1.0,,,,,,,-6197000.0,,1.0,57009000.0,0.6,,22684000.0,,,,,,,,,,,-1934000.0,1319000.0,346000.0,26375000.0,-23250000.0,2944000.0,-39167000.0,0.0,34289000.0,0.0,9810000.0,9810000.0,9810000.0,0.0,0.0,0.103,21425000.0,35584000.0,,2.0,,,24.75,,0.0,24.75,,,,,94963000.0,94963000.0,0.0,,,,0.342,0.0,4851000.0,1.0,,,,,,,0.0,,,
