None,ticker,dimension,calendardate,datekey,reportperiod,lastupdated,accoci,assets,assetsavg,assetsc,assetsnc,assetturnover,bvps,capex,cashneq,cashnequsd,cor,consolinc,currentratio,de,debt,debtc,debtnc,debtusd,deferredrev,depamor,deposits,divyield,dps,ebit,ebitda,ebitdamargin,ebitdausd,ebitusd,ebt,eps,epsdil,epsusd,equity,equityavg,equityusd,ev,evebit,evebitda,fcf,fcfps,fxusd,gp,grossmargin,intangibles,intexp,invcap,invcapavg,inventory,investments,investmentsc,investmentsnc,liabilities,liabilitiesc,liabilitiesnc,marketcap,ncf,ncfbus,ncfcommon,ncfdebt,ncfdiv,ncff,ncfi,ncfinv,ncfo,ncfx,netinc,netinccmn,netinccmnusd,netincdis,netincnci,netmargin,opex,opinc,payables,payoutratio,pb,pe,pe1,ppnenet,prefdivis,price,ps,ps1,receivables,retearn,revenue,revenueusd,rnd,roa,roe,roic,ros,sbcomp,sgna,sharefactor,sharesbas,shareswa,shareswadil,sps,tangibles,taxassets,taxexp,taxliabilities,tbvps,workingcapital
0,MAA,ARY,2020-12-31,2021-02-18,2020-12-31,2021-07-29,-12128000,11194791000,11152696250.0,,,0.15,51.33,-483906000.0,35615000,35615000,1151313000.0,264015000.0,,0.867,4562712000,,,4562712000,0,511678000.0,0,0.029,4.025,425851000.0,937529000.0,0.559,937529000.0,425851000.0,258289000.0,2.2,2.19,2.2,5871633000,5931989500.0,5871633000,20227036934,47.0,21.575,340043000.0,2.973,1.0,526671000.0,0.314,0,167562000.0,15721888000,15601886750.0,0,0,,,5090986000,,,15699939934,-34926000.0,-5000000.0,0.0,104268000.0,-457355000.0,-374144000.0,-484731000.0,0.0,823949000.0,0.0,254962000.0,251274000.0,251274000.0,0.0,9053000.0,0.15,99158000.0,427513000.0,0,1.83,2.674,62.481,62.386,10967115000,3688000.0,137.25,9.356,9.356,0,-1294182000,1677984000.0,1677984000.0,0.0,0.023,0.042,0.027,0.254,14329000.0,99158000.0,1.0,114389362,114389362,,14.669,11194791000,0,3327000.0,0,97.866,
1,MAA,ARY,2019-12-31,2020-02-20,2019-12-31,2021-07-29,-13178000,11230450000,11264199000.0,,,0.146,53.107,-408203000.0,70541000,70541000,1109688000.0,366618000.0,,0.812,4454598000,,,4454598000,0,497790000.0,0,0.026,3.88,537354000.0,1035144000.0,0.631,1035144000.0,537354000.0,357507000.0,3.07,3.07,3.07,6068565000,6059651250.0,6068565000,21261944848,40.0,20.54,373217000.0,3.266,1.0,531329000.0,0.324,0,179847000.0,15614507000,15711325250.0,0,0,,,4926860000,,,16877887848,18868000.0,-4884000.0,0.0,-82604000.0,-437743000.0,-524279000.0,-238273000.0,0.0,781420000.0,0.0,353811000.0,350123000.0,350123000.0,0.0,12807000.0,0.213,101132000.0,430197000.0,0,1.264,2.781,48.206,48.111,10987128000,3688000.0,147.7,10.285,10.285,0,-1085479000,1641017000.0,1641017000.0,0.0,0.031,0.058,0.034,0.327,13654000.0,101132000.0,1.0,114271414,114271414,,14.361,11230450000,0,3696000.0,0,98.279,
2,MAA,ARY,2018-12-31,2019-02-21,2018-12-31,2021-07-29,-212000,11323781000,11401818250.0,,,0.138,53.999,-384202000.0,51673000,51673000,1084347000.0,231022000.0,,0.804,4528328000,,,4528328000,0,490995000.0,0,0.036,3.728,399104000.0,890099000.0,0.566,890099000.0,399104000.0,225510000.0,1.93,1.93,1.93,6149840000,6225212500.0,6149840000,16352931095,41.0,18.372,350090000.0,3.074,1.0,486999000.0,0.31,0,173594000.0,15800436000,15853281000.0,0,0,,,4942178000,,,11876276095,-37194000.0,-2130000.0,-1420000.0,34900000.0,-419849000.0,-405136000.0,-366350000.0,0.0,734292000.0,0.0,222899000.0,219211000.0,219211000.0,0.0,8123000.0,0.14,91531000.0,395468000.0,0,1.932,1.931,54.177,54.031,11151701000,3688000.0,104.28,7.558,7.558,0,-989263000,1571346000.0,1571346000.0,0.0,0.019,0.035,0.025,0.254,12444000.0,82419000.0,1.0,113888340,113888340,,13.797,11323781000,0,2611000.0,0,99.429,
3,MAA,ARY,2017-12-31,2018-02-23,2017-12-31,2021-07-29,2157000,11491919000,11529637000.0,,,0.133,55.765,-479955000.0,88867000,88867000,1070439000.0,340536000.0,,0.774,4502057000,,,4502057000,0,494540000.0,0,0.04,3.533,485749000.0,980289000.0,0.641,980289000.0,485749000.0,330998000.0,2.86,2.86,2.86,6339912000,6326560500.0,6339912000,14423503985,30.0,14.714,178558000.0,1.571,1.0,458548000.0,0.3,0,154751000.0,15905109000,15974242500.0,0,0,,,4907617000,,,10010313985,-22786000.0,9091000.0,-2793000.0,18565000.0,-395294000.0,-397864000.0,-283435000.0,0.0,658513000.0,0.0,328379000.0,324691000.0,324691000.0,0.0,12157000.0,0.212,103772000.0,354776000.0,0,1.235,1.579,30.83,30.787,11261924000,3688000.0,88.05,6.547,6.547,0,-784500000,1528987000.0,1528987000.0,0.0,0.028,0.051,0.03,0.318,10570000.0,83782000.0,1.0,113688972,113688972,,13.449,11491919000,0,2619000.0,0,101.082,
4,MAA,ARY,2016-12-31,2017-02-24,2016-12-31,2021-07-29,1144000,11604491000,8045776500.0,,,0.14,56.399,-523163000.0,121800000,121800000,746314000.0,224402000.0,,0.773,4499712000,,,4499712000,0,323283000.0,18829000,0.033,3.33,343868000.0,667151000.0,0.593,667151000.0,343868000.0,213921000.0,2.69,2.69,2.69,6403819000,3828406000.0,6403819000,15965202824,46.0,23.93,-39124000.0,-0.345,1.0,379034000.0,0.337,1239000,129947000.0,15981164000,11690603750.0,0,0,,,4952317000,,,11587290824,-4023000.0,-484024000.0,-1728000.0,486579000.0,-247652000.0,222425000.0,-710487000.0,0.0,484039000.0,0.0,212222000.0,211915000.0,211915000.0,0.0,12180000.0,0.188,106884000.0,272150000.0,11970000,1.238,1.809,54.679,37.937,11341862000,307000.0,102.05,10.297,10.297,0,-707479000,1125348000.0,1125348000.0,0.0,0.026,0.055,0.029,0.306,11486000.0,63133000.0,1.0,113545231,113545231,,9.911,11603252000,0,1699000.0,0,102.191,
5,MAA,ARY,2015-12-31,2016-02-26,2015-12-31,2021-07-29,-1589000,6847781000,6844554250.0,,,0.152,39.666,-494214000.0,63641000,63641000,695165000.0,350745000.0,,1.23,3427568000,,,3427568000,0,294897000.0,11623000,0.034,3.13,456304000.0,751201000.0,0.72,751201000.0,456304000.0,333960000.0,4.41,4.41,4.41,2992097000,2966177250.0,2992097000,10284793274,23.0,13.691,-30493000.0,-0.404,1.0,347614000.0,0.333,1607000,122344000.0,10210101000,10204739750.0,0,0,,,3681708000,,,6920866274,10906000.0,-18000.0,84000.0,-71707000.0,-232079000.0,-316600000.0,-136215000.0,0.0,463721000.0,0.0,332287000.0,332287000.0,332287000.0,0.0,18458000.0,0.319,59483000.0,288131000.0,5922000,0.71,2.313,20.828,20.805,6718366000,0.0,91.75,6.637,6.637,0,-634141000,1042779000.0,1042779000.0,0.0,0.049,0.112,0.045,0.438,6147000.0,56706000.0,1.0,75431785,75431785,,13.824,6846174000,0,1673000.0,0,90.76,
6,MAA,ARY,2014-12-31,2015-02-25,2014-12-31,2021-07-29,-412000,6831028000,6795706500.0,,,0.146,38.388,-499250000.0,53582000,53582000,694140000.0,156277000.0,,1.305,3524515000,,,3524515000,0,306233000.0,10526000,0.04,2.96,269494000.0,575727000.0,0.582,575727000.0,269494000.0,150030000.0,1.97,1.97,1.97,2890524000,2902959750.0,2890524000,9001523872,33.0,15.635,-115124000.0,-1.529,1.0,295156000.0,0.298,2321000,119464000.0,10299640000,10152765250.0,0,0,,,3773306000,,,5530590872,-63932000.0,40848000.0,12822000.0,-25668000.0,-219158000.0,-244294000.0,-203764000.0,0.0,384126000.0,0.0,147980000.0,147980000.0,147980000.0,-7209000.0,8297000.0,0.15,66939000.0,228217000.0,8395000,1.503,1.913,37.374,37.284,6663820000,0.0,73.45,5.59,5.59,0,-729086000,989296000.0,989296000.0,0.0,0.022,0.051,0.027,0.272,4226000.0,53004000.0,1.0,75297357,75297357,,13.139,6828707000,0,2050000.0,0,90.69,
7,MAA,ARY,2013-12-31,2014-02-21,2013-12-31,2021-07-29,108000,6841925000,3869851750.0,,,0.164,39.307,-260836000.0,133694000,133694000,440293000.0,119279000.0,,1.264,3472718000,,,3472718000,0,192736000.0,9270000,0.042,2.815,192089000.0,384825000.0,0.606,384825000.0,192089000.0,116174000.0,2.27,2.25,2.27,2946811000,1462417250.0,2946811000,8421226064,44.0,21.883,3756000.0,0.05,1.0,194441000.0,0.306,4106000,75915000.0,10176843000,5943666250.0,0,0,,,3723338000,,,5082202064,80258000.0,48070000.0,24978000.0,21723000.0,-140697000.0,-100546000.0,-83788000.0,0.0,264592000.0,0.0,115281000.0,115281000.0,115281000.0,-81909000.0,3998000.0,0.182,77550000.0,116891000.0,15067000,1.24,1.725,44.085,29.863,6556303000,0.0,67.79,8.007,8.007,0,-653593000,634734000.0,634734000.0,0.0,0.03,0.079,0.032,0.303,2268000.0,38652000.0,1.0,74969790,74969790,,8.467,6837819000,0,893000.0,0,91.208,
8,MAA,ARY,2012-12-31,2013-02-22,2012-12-31,2021-07-29,-26054000,2751068000,2663350250.0,,,0.187,21.582,-451270000.0,9883000,9883000,329462000.0,109825000.0,,1.971,1673848000,,,1673848000,0,132195000.0,6669000,0.039,2.675,163974000.0,296169000.0,0.596,296169000.0,163974000.0,105223000.0,2.56,2.56,2.56,914052000,870535000.0,914052000,4602762300,28.0,15.541,-240303000.0,-5.674,1.0,167703000.0,0.337,4106000,58751000.0,4410927000,4258502750.0,0,0,,,1801245000,,,2938797300,-48242000.0,11946000.0,194335000.0,-11624000.0,-107749000.0,70014000.0,-329223000.0,0.0,210967000.0,0.0,105223000.0,105223000.0,105223000.0,-42212000.0,4602000.0,0.212,37427000.0,130276000.0,4586000,1.045,3.215,27.929,27.105,2694071000,0.0,69.39,5.911,5.911,0,-603315000,497165000.0,497165000.0,0.0,0.04,0.121,0.039,0.33,2233000.0,35846000.0,1.0,42351885,42351885,,11.739,2746962000,0,0.0,0,64.86,
9,MAA,ARY,2011-12-31,2012-02-24,2011-12-31,2021-07-29,-35848000,2530468000,2364440750.0,,,0.19,18.434,-465715000.0,58679000,58679000,307121000.0,51231000.0,,2.482,1649755000,,,1649755000,0,119329000.0,6310000,0.04,2.542,107433000.0,226762000.0,0.505,226762000.0,107433000.0,48821000.0,1.32,1.31,1.32,718331000,647619250.0,718331000,4051171925,38.0,17.865,-293427000.0,-7.53,1.0,141871000.0,0.316,4106000,58612000.0,4117438000,3876939000.0,0,0,,,1782969000,,,2460095925,11375000.0,-108000.0,233193000.0,145281000.0,-92028000.0,281247000.0,-442160000.0,0.0,172288000.0,0.0,48821000.0,48821000.0,48821000.0,-13499000.0,2410000.0,0.109,42142000.0,99729000.0,2091000,1.926,3.425,50.39,47.826,2423808000,0.0,63.13,5.479,5.479,0,-621833000,448992000.0,448992000.0,0.0,0.021,0.075,0.028,0.239,5519000.0,38823000.0,1.0,38968730,38968730,,11.522,2526362000,0,0.0,0,64.83,
10,MAA,ARY,2010-12-31,2011-02-24,2010-12-31,2021-07-29,-48847000,2176048000,2079983500.0,,,0.193,16.276,-334211000.0,47456000,47456000,278684000.0,30875000.0,,3.147,1500193000,,,1500193000,0,106692000.0,6693000,0.04,2.473,85757000.0,192449000.0,0.478,192449000.0,85757000.0,29761000.0,0.57,0.56,0.57,518503000,475850500.0,518503000,3666626411,43.0,19.052,-200417000.0,-6.291,1.0,123545000.0,0.307,4106000,55996000.0,3624679000,3466928250.0,0,0,,,1631656000,,,2213889411,32123000.0,-10395000.0,304351000.0,93712000.0,-77135000.0,152600000.0,-254271000.0,0.0,133794000.0,0.0,29761000.0,18063000.0,18063000.0,2000.0,1114000.0,0.045,34815000.0,88730000.0,1815000,4.339,4.27,122.565,108.754,2085640000,11698000.0,61.99,5.504,4.91,0,-575021000,402229000.0,402229000.0,0.0,0.009,0.038,0.025,0.213,3013000.0,30389000.0,1.0,35713654,31856000,31977000.0,12.626,2171942000,0,0.0,0,68.18,
11,MAA,ARY,2009-12-31,2010-02-25,2009-12-31,2021-07-29,-47435000,1986826000,1935661750.0,,,0.196,15.192,-177867000.0,14380000,14380000,255724000.0,39221000.0,,3.555,1399596000,,,1399596000,0,98393000.0,8789000,0.047,2.46,94305000.0,192698000.0,0.509,192698000.0,94305000.0,37211000.0,0.85,0.85,0.85,430566000,422715750.0,430566000,2922047535,31.0,15.164,-40997000.0,-1.447,1.0,122820000.0,0.324,4106000,57094000.0,3367936000,3257676000.0,0,0,,,1530798000,,,1536831535,4393000.0,-2611000.0,32790000.0,73777000.0,-69505000.0,18069000.0,-150546000.0,0.0,136870000.0,0.0,37211000.0,24346000.0,24346000.0,-5883000.0,2010000.0,0.064,29490000.0,93330000.0,1702000,2.894,3.569,63.125,61.894,1935221000,12865000.0,52.61,4.06,3.939,0,-510993000,378544000.0,378544000.0,0.0,0.013,0.058,0.029,0.249,1328000.0,28540000.0,1.0,29211776,28341000,28348000.0,13.357,1982720000,0,0.0,0,69.959,
12,MAA,ARY,2008-12-31,2009-02-25,2008-12-31,2021-07-29,-77708000,1921955000,1884559250.0,,,0.196,15.297,-237444000.0,9840000,9840000,245318000.0,30249000.0,,3.585,1323056000,,,1323056000,0,93181000.0,8705000,0.088,2.46,92259000.0,185440000.0,0.501,185440000.0,92259000.0,30249000.0,0.65,0.64,0.65,412146000,435164250.0,412146000,2104679798,23.0,11.35,-99515000.0,-3.694,1.0,124533000.0,0.337,4106000,62010000.0,3231065000,3158624000.0,0,0,,,1477533000,,,791463798,-7766000.0,-7566000.0,125324000.0,57011000.0,-72122000.0,97348000.0,-243043000.0,0.0,137929000.0,0.0,30249000.0,17384000.0,17384000.0,-1192000.0,0.0,0.047,28639000.0,95894000.0,1234000,3.785,1.92,45.528,43.138,1851331000,12865000.0,28.04,2.14,2.043,0,-464617000,369851000.0,369851000.0,0.0,0.009,0.04,0.029,0.249,2018000.0,28636000.0,1.0,28226241,26943000,27046000.0,13.727,1917849000,0,0.0,0,71.182,
13,MAA,ARY,2007-12-31,2008-02-27,2007-12-31,2021-07-29,-16908000,1783822000,1767010000.0,,,0.2,15.851,-147053000.0,20916000,20916000,231179000.0,39946000.0,,3.371,1264620000,,,1264620000,0,88580000.0,8453000,0.048,2.43,104398000.0,192978000.0,0.547,192978000.0,104398000.0,39946000.0,1.01,1.01,1.01,400956000,433618750.0,400956000,2553618976,24.0,13.233,-29163000.0,-1.153,1.0,121778000.0,0.345,4106000,64452000.0,3023420000,2973522000.0,0,0,,,1351424000,,,1309914976,11647000.0,9612000.0,26331000.0,68658000.0,-67478000.0,1862000.0,-108105000.0,0.0,117890000.0,0.0,39946000.0,25669000.0,25669000.0,-554000.0,0.0,0.073,28726000.0,93052000.0,1099000,2.406,3.267,51.031,50.317,1720553000,14277000.0,50.82,3.711,3.642,0,-414966000,352957000.0,352957000.0,0.0,0.015,0.059,0.035,0.296,1640000.0,28726000.0,1.0,25775580,25296000,25462000.0,13.953,1779716000,0,0.0,0,70.356,
14,MAA,ARY,2006-12-31,2007-02-28,2006-12-31,2021-07-29,10897000,1746646000,1679573000.0,,,0.194,19.13,-242762000.0,9690000,9690000,213704000.0,20945000.0,,2.817,1196349000,,,1196349000,0,81424000.0,7670000,0.043,2.39,84457000.0,165881000.0,0.509,165881000.0,84457000.0,20945000.0,0.3,0.29,0.3,449066000,420029250.0,449066000,2585782640,31.0,15.588,-141436000.0,-6.025,1.0,112295000.0,0.344,5051000,63512000.0,2928254000,2837235750.0,0,0,,,1264980000,,,1399123640,-8519000.0,350000.0,152286000.0,53616000.0,-61437000.0,130503000.0,-240348000.0,0.0,101326000.0,0.0,20945000.0,6983000.0,6983000.0,-609000.0,0.0,0.021,24963000.0,87332000.0,2773000,7.967,3.116,200.361,184.1,1669539000,13962000.0,55.23,4.292,3.977,0,-378090000,325999000.0,325999000.0,0.0,0.004,0.017,0.03,0.259,2160000.0,24963000.0,1.0,25332675,23474000,23698000.0,13.888,1741595000,0,0.0,0,74.193,
15,MAA,ARY,2005-12-31,2006-03-01,2005-12-31,2021-07-29,7128000,1570457000,1555200750.0,,,0.191,16.937,-132944000.0,19598000,19598000,198766000.0,19744000.0,,3.25,1140046000,,,1140046000,0,77061000.0,6429000,0.043,2.36,78495000.0,155556000.0,0.523,155556000.0,78495000.0,19744000.0,0.25,0.25,0.25,362526000,354832750.0,362526000,2324524327,30.0,14.943,-33257000.0,-1.554,1.0,98689000.0,0.332,5051000,58751000.0,2685854000,2654771500.0,0,0,,,1178133000,,,1204076327,4931000.0,14903000.0,39459000.0,44922000.0,-56456000.0,13596000.0,-108352000.0,0.0,99687000.0,0.0,19744000.0,5415000.0,5415000.0,113000.0,0.0,0.018,22225000.0,76464000.0,3278000,9.44,3.321,222.359,217.2,1510289000,14329000.0,54.3,4.048,3.907,0,-314352000,297455000.0,297455000.0,0.0,0.003,0.015,0.03,0.264,1769000.0,22225000.0,1.0,22174518,21405000,21607000.0,13.897,1565406000,0,0.0,0,73.133,
16,MAA,ARY,2004-12-31,2005-03-16,2004-12-31,2021-07-29,-14737000,1522307000,1465757750.0,,,0.183,17.587,-185501000.0,15174000,15174000,181401000.0,25198000.0,,3.172,1083473000,,,1083473000,0,70406000.0,5821000,0.063,2.34,76056000.0,146462000.0,0.547,146462000.0,76056000.0,25198000.0,0.51,0.5,0.51,357325000,356048000.0,357325000,1849766056,24.0,12.63,-97272000.0,-4.788,1.0,86383000.0,0.323,5400000,50858000.0,2585206000,2460868000.0,0,0,,,1133606000,,,781467056,338000.0,1439000.0,25354000.0,123840000.0,-53877000.0,80492000.0,-168383000.0,0.0,88229000.0,0.0,25198000.0,10373000.0,10373000.0,-5628000.0,0.0,0.039,19597000.0,66786000.0,767000,4.588,2.187,75.337,72.765,1459952000,14825000.0,37.11,2.918,2.816,0,-269482000,267784000.0,267784000.0,0.0,0.007,0.029,0.031,0.284,563000.0,19597000.0,1.0,21058126,20317000,20652000.0,13.18,1516907000,0,0.0,0,74.662,
17,MAA,ARY,2004-12-31,2005-03-15,2004-12-31,2021-07-29,-14737000,1522307000,1465757750.0,,,0.183,17.587,-185501000.0,15174000,15174000,181401000.0,25198000.0,,3.172,1083473000,,,1083473000,0,70406000.0,5821000,0.063,2.34,76056000.0,146462000.0,0.547,146462000.0,76056000.0,25198000.0,0.51,0.5,0.51,357325000,356048000.0,357325000,1852924775,24.0,12.651,-97272000.0,-4.788,1.0,86383000.0,0.323,5400000,50858000.0,2585206000,2460868000.0,0,0,,,1133606000,,,784625775,338000.0,1439000.0,25354000.0,123840000.0,-53877000.0,80492000.0,-168383000.0,0.0,88229000.0,0.0,25198000.0,10373000.0,10373000.0,-5628000.0,0.0,0.039,19597000.0,66786000.0,767000,4.588,2.196,75.641,73.059,1459952000,14825000.0,37.26,2.93,2.827,0,-269482000,267784000.0,267784000.0,0.0,0.007,0.029,0.031,0.284,563000.0,19597000.0,1.0,21058126,20317000,20652000.0,13.18,1516907000,0,0.0,0,74.662,
18,MAA,ARY,2003-12-31,2004-03-12,2003-12-31,2021-07-29,-25448000,1406533000,1318105500.0,,,0.183,19.663,-140046000.0,20880000,20880000,100526000.0,20206000.0,,2.804,951941000,,,951941000,0,61080000.0,5036000,0.064,2.34,66238000.0,127318000.0,0.528,127318000.0,66238000.0,20206000.0,-0.07,-0.07,-0.07,361294000,339733750.0,361294000,1663809917,25.0,13.068,-60805000.0,-3.309,1.0,140380000.0,0.583,5762000,46032000.0,2331832000,2178762000.0,0,0,,,1013220000,,,732748917,-442000.0,-26135000.0,59989000.0,63533000.0,-49245000.0,60251000.0,-139934000.0,0.0,79241000.0,0.0,20206000.0,-1200000.0,-1200000.0,-1919000.0,0.0,-0.005,74688000.0,65692000.0,1696000,-33.429,2.028,-610.624,-521.143,1351849000,21406000.0,36.48,3.042,2.782,0,-232224000,240906000.0,240906000.0,0.0,-0.001,-0.004,0.03,0.275,801000.0,15670000.0,1.0,20086319,18374000,18374000.0,13.111,1400771000,0,0.0,0,76.237,
19,MAA,ARY,2002-12-31,2003-03-31,2002-12-31,2021-07-29,-28100000,1239467000,1255379500.0,,,0.186,19.257,-62586000.0,18057000,18057000,92842000.0,16141000.0,,2.566,803703000,,,803703000,0,57975000.0,4406000,0.123,2.926,65589000.0,123564000.0,0.53,123564000.0,65589000.0,16141000.0,-0.11,-0.03,-0.11,338171000,363781500.0,338171000,1209401550,18.0,9.788,18490000.0,1.053,1.0,140297000.0,0.602,0,49448000.0,2025113000,2032763500.0,0,0,,,867891000,,,423755550,-1598000.0,-8487000.0,875000.0,20002000.0,-47875000.0,-48492000.0,-34182000.0,0.0,81076000.0,0.0,16141000.0,-1929000.0,-1929000.0,0.0,0.0,-0.008,70561000.0,69736000.0,464000,-26.6,1.253,-219.676,-215.455,1192223000,18070000.0,23.7,1.818,1.785,0,-188155000,233139000.0,233139000.0,0.0,-0.002,-0.005,0.032,0.281,625000.0,15298000.0,1.0,17879981,17561000,17561000.0,13.276,1239467000,0,0.0,0,70.581,
20,MAA,ARY,2001-12-31,2002-04-01,2001-12-31,2021-07-29,-8756000,1263488000,1279577250.0,,,0.178,22.714,-36113000.0,23432000,23432000,84584000.0,28698000.0,,2.075,779664000,,,779664000,0,54403000.0,4514000,0.113,2.926,81296000.0,135699000.0,0.595,135699000.0,81296000.0,28698000.0,0.72,0.72,0.72,395829000,406907500.0,395829000,1208978116,15.0,8.909,54528000.0,3.129,1.0,143455000.0,0.629,0,52598000.0,2019720000,2037613750.0,0,0,,,821228000,,,452746116,-3903000.0,289000.0,-1814000.0,-5681000.0,-47693000.0,-71301000.0,-23243000.0,0.0,90641000.0,0.0,28698000.0,12585000.0,12585000.0,0.0,0.0,0.055,68134000.0,75321000.0,1219000,4.064,1.144,35.975,35.972,1216933000,16113000.0,25.9,1.985,1.979,0,-145061000,228039000.0,228039000.0,0.0,0.01,0.031,0.04,0.357,145000.0,16083000.0,1.0,17480545,17427000,17532000.0,13.085,1263488000,0,0.0,0,72.502,
21,MAA,ARY,2000-12-31,2001-04-02,2000-12-31,2021-07-29,0,1303771000,1304741000.0,,,0.172,24.737,-85657000.0,33567000,33567000,83446000.0,29787000.0,,1.886,781089000,,,781089000,0,54602000.0,4611000,0.103,2.325,80523000.0,135125000.0,0.602,135125000.0,80523000.0,29787000.0,0.78,0.78,0.78,433993000,446083750.0,433993000,1141457433,14.0,8.447,-14493000.0,-0.826,1.0,141194000.0,0.629,0,50736000.0,2051293000,2041596750.0,0,0,,,818395000,,,393935433,2003000.0,267000.0,-3356000.0,24862000.0,-47591000.0,-42199000.0,-26962000.0,0.0,71164000.0,0.0,29787000.0,13673000.0,13673000.0,0.0,0.0,0.061,66670000.0,74524000.0,1740000,2.981,0.908,28.811,28.923,1244475000,16114000.0,22.56,1.754,1.762,0,-116889000,224640000.0,224640000.0,0.0,0.01,0.031,0.039,0.358,120000.0,14826000.0,1.0,17461677,17544000,17597000.0,12.804,1303771000,0,0.0,0,74.314,
22,MAA,ARY,1999-12-31,2000-03-30,1999-12-31,2021-07-29,0,1298823000,1322326500.0,,,0.171,24.696,-87806000.0,26629000,26629000,84885000.0,33572000.0,,1.679,744238000,,,744238000,0,52757000.0,4739000,0.1,2.305,81874000.0,134631000.0,0.595,134631000.0,81874000.0,33572000.0,0.93,0.93,0.93,463884000,495631500.0,463884000,1122162254,14.0,8.335,-12828000.0,-0.683,1.0,141437000.0,0.625,0,48302000.0,2016432000,2022799250.0,0,0,,,778879000,,,404553254,6855000.0,-8085000.0,-29524000.0,-11260000.0,-50311000.0,-107209000.0,39086000.0,0.0,74978000.0,0.0,33572000.0,17458000.0,17458000.0,0.0,0.0,0.077,54145000.0,87292000.0,2122000,2.478,0.872,23.173,24.667,1248051000,16114000.0,22.94,1.788,1.904,0,-89869000,226322000.0,226322000.0,0.0,0.013,0.035,0.04,0.362,494000.0,14479000.0,1.0,17635277,18784000,18808000.0,12.049,1298823000,0,0.0,0,69.145,
23,MAA,ARY,1998-12-31,1999-04-02,1998-12-31,2021-07-29,0,1366427000,1290648000.0,,,0.167,27.626,-204031000.0,16519000,16519000,79917000.0,26757000.0,,1.523,753427000,,,753427000,0,48369000.0,4917000,0.102,2.225,72461000.0,120830000.0,0.561,120830000.0,72461000.0,26757000.0,0.82,0.82,0.82,517299000,494390750.0,517299000,1150799335,16.0,9.524,-123626000.0,-6.602,1.0,135626000.0,0.629,0,45704000.0,2103335000,1966268750.0,0,0,,,787687000,,,413891335,-7568000.0,0.0,9586000.0,86920000.0,-47117000.0,110634000.0,-198607000.0,0.0,80405000.0,0.0,26757000.0,15327000.0,15327000.0,0.0,0.0,0.071,57573000.0,78053000.0,10384000,2.713,0.8,27.004,26.683,1315368000,11430000.0,21.88,1.92,1.901,0,-63876000,215543000.0,215543000.0,0.0,0.012,0.031,0.037,0.336,121000.0,11960000.0,1.0,18916423,18725000,18770000.0,11.511,1366427000,0,0.0,0,72.973,
24,MAA,ARY,1998-12-31,1999-03-31,1998-12-31,2021-07-29,0,1366427000,1290648000.0,,,0.167,27.626,-204031000.0,16519000,16519000,79917000.0,26757000.0,,1.523,753427000,,,753427000,0,48369000.0,4917000,0.104,1.675,72461000.0,120830000.0,0.561,120830000.0,72461000.0,26757000.0,0.82,0.82,0.82,517299000,494390750.0,517299000,1141341124,16.0,9.446,-123626000.0,-6.602,1.0,135626000.0,0.629,0,45704000.0,2103335000,1966268750.0,0,0,,,787687000,,,404433124,-7568000.0,0.0,9586000.0,86920000.0,-47117000.0,110634000.0,-198607000.0,0.0,80405000.0,0.0,26757000.0,15327000.0,15327000.0,0.0,0.0,0.071,57573000.0,78053000.0,10384000,2.713,0.782,26.387,26.073,1315368000,11430000.0,21.38,1.876,1.857,0,-63876000,215543000.0,215543000.0,0.0,0.012,0.031,0.037,0.336,121000.0,11960000.0,1.0,18916423,18725000,18770000.0,11.511,1366427000,0,0.0,0,72.973,
25,MAA,ARY,1997-12-31,1998-04-27,1997-12-31,2021-07-29,0,1194070000,,,,,24.873,-112585000.0,28202000,28202000,52404000.0,11227000.0,,1.451,632213000,,,632213000,0,28746000.0,4509000,0.081,2.17,40170000.0,68916000.0,0.495,68916000.0,40170000.0,11227000.0,0.43,,0.43,461500000,,461500000,1102740665,27.0,16.001,-67788000.0,-3.654,1.0,86712000.0,0.623,0,28943000.0,1798081000,,0,0,,,669705000,,,498729665,10752000.0,-25678000.0,165858000.0,-64683000.0,-34519000.0,104218000.0,-138263000.0,0.0,44797000.0,0.0,11227000.0,5975000.0,5975000.0,0.0,0.0,0.043,34339000.0,52373000.0,10098000,5.047,1.081,83.469,62.512,1134704000,5252000.0,26.88,3.585,3.585,0,-38371000,139116000.0,139116000.0,0.0,,,,0.289,0.0,6602000.0,1.0,18553931,18553931,,7.498,1194070000,0,0.0,0,64.357,
26,MAA,ARY,1997-12-31,1998-03-31,1997-12-31,2021-07-29,0,1194070000,,,,,24.877,-112585000.0,28202000,28202000,52404000.0,11227000.0,,1.451,632213000,,,632213000,0,28746000.0,4509000,0.076,2.155,40170000.0,68916000.0,0.495,68916000.0,40170000.0,11227000.0,0.43,,0.43,461500000,,461500000,1127046315,28.0,16.354,-67788000.0,-3.654,1.0,86712000.0,0.623,0,28943000.0,1798081000,,0,0,,,669705000,,,523035315,10752000.0,-25678000.0,165858000.0,-64683000.0,-34519000.0,104218000.0,-138263000.0,0.0,44797000.0,0.0,11227000.0,5975000.0,5975000.0,0.0,0.0,0.043,34339000.0,52373000.0,10098000,5.012,1.133,87.537,65.558,1134704000,5252000.0,28.19,3.76,3.759,0,-38371000,139116000.0,139116000.0,0.0,,,,0.289,0.0,6602000.0,1.0,18553931,18551000,,7.499,1194070000,0,0.0,0,64.367,
0,MAA,ARQ,2021-06-30,2021-07-29,2021-06-30,2021-07-29,-11632000,11242120000,,,,,51.503,-180061000.0,43004000,43004000,300585000.0,223875000.0,,0.862,4553237000,,,4553237000,0,132092000.0,0,0.021,1.025,257390000.0,389482000.0,0.891,389482000.0,257390000.0,218523000.0,1.88,1.88,1.88,5918715000,,5918715000,26690927145,47.0,24.411,69146000.0,0.602,1.0,136342000.0,0.312,0,38867000.0,15752353000,,0,0,,,5099761000,,,22180694145,-371000.0,-836000.0,0.0,-105327000.0,-117349000.0,-229539000.0,-20039000.0,0.0,249207000.0,0.0,216478000.0,215556000.0,215556000.0,0.0,7397000.0,0.493,26866000.0,109476000.0,0,0.545,3.748,55.007,54.832,10982401000,922000.0,193.01,12.98,12.98,0,-1272694000,436927000.0,436927000.0,0.0,,,,,3843000.0,26866000.0,1.0,114919922,114919922,,3.802,11242120000,0,2045000.0,0,97.826,
1,MAA,ARQ,2021-03-31,2021-04-29,2021-03-31,2021-07-29,-11859000,11192378000,,,,,50.702,-113511000.0,43375000,43375000,293971000.0,48864000.0,,0.888,4657585000,,,4657585000,0,131820000.0,0,0.026,1.025,87864000.0,219684000.0,0.517,219684000.0,87864000.0,48192000.0,0.4,0.4,0.4,5804716000,,5804716000,22414615176,52.0,23.6,34600000.0,0.302,1.0,131034000.0,0.308,0,39672000.0,15806588000,,0,0,,,5155017000,,,17800405176,7760000.0,114000.0,0.0,93846000.0,-117242000.0,-27852000.0,-112499000.0,0.0,148111000.0,0.0,47193000.0,46271000.0,46271000.0,0.0,1671000.0,0.109,25918000.0,105116000.0,0,2.562,3.067,67.987,67.895,10961007000,922000.0,155.48,10.565,10.565,0,-1367347000,425005000.0,425005000.0,0.0,,,,,5369000.0,25918000.0,1.0,114486784,114486784,,3.712,11192378000,0,999000.0,0,97.761,
2,MAA,ARQ,2020-12-31,2021-02-18,2020-12-31,2021-07-29,-12128000,11194791000,,,,,51.33,-190719000.0,35615000,35615000,289599000.0,86299000.0,,0.867,4562712000,,,4562712000,0,129740000.0,0,0.029,1.025,125089000.0,254829000.0,0.601,254829000.0,125089000.0,84137000.0,0.72,0.72,0.72,5871633000,,5871633000,20227036934,47.0,21.575,-10655000.0,-0.093,1.0,134062000.0,0.316,0,40952000.0,15721888000,,0,0,,,5090986000,,,15699939934,8026000.0,-1757000.0,0.0,136093000.0,-114372000.0,19541000.0,-191579000.0,0.0,180064000.0,0.0,83342000.0,82420000.0,82420000.0,0.0,2957000.0,0.195,24913000.0,109149000.0,0,1.424,2.674,62.481,62.386,10967115000,922000.0,137.25,9.356,9.356,0,-1294182000,423661000.0,423661000.0,0.0,,,,,1797000.0,24913000.0,1.0,114389362,114389362,,3.704,11194791000,0,795000.0,0,97.866,
3,MAA,ARQ,2020-09-30,2020-10-29,2020-09-30,2021-07-29,-12396000,11128704000,,,,,51.623,-96333000.0,27589000,27589000,297493000.0,62036000.0,,0.846,4425594000,,,4425594000,0,127833000.0,0,0.035,1.0,101585000.0,229418000.0,0.542,229418000.0,101585000.0,60575000.0,0.52,0.52,0.52,5904072000,,5904072000,17382409756,35.0,17.34,157937000.0,1.381,1.0,125706000.0,0.297,0,41010000.0,15526709000,,0,0,,,4995608000,,,12984404756,-8005000.0,-1602000.0,0.0,-48311000.0,-114365000.0,-166958000.0,-95317000.0,0.0,254270000.0,0.0,59910000.0,58988000.0,58988000.0,0.0,2126000.0,0.139,24051000.0,101655000.0,0,1.923,2.199,40.893,40.838,10928375000,922000.0,113.53,7.77,7.77,0,-1258072000,423199000.0,423199000.0,0.0,,,,,4382000.0,24051000.0,1.0,114369812,114369812,,3.7,11128704000,0,665000.0,0,97.305,
4,MAA,ARQ,2020-06-30,2020-07-30,2020-06-30,2021-07-29,-12665000,11131313000,,,,,52.069,-107240000.0,35594000,35594000,284661000.0,77728000.0,,0.831,4472608000,,,4472608000,0,127448000.0,0,0.034,1.0,118380000.0,245828000.0,0.595,245828000.0,118380000.0,76262000.0,0.65,0.65,0.65,5954834000,,5954834000,17877212657,35.0,17.482,121773000.0,1.065,1.0,128365000.0,0.311,0,42118000.0,15568327000,,0,0,,,4946403000,,,13440198657,-13453000.0,-741000.0,0.0,-11774000.0,-114348000.0,-134620000.0,-107846000.0,0.0,229013000.0,0.0,75062000.0,74140000.0,74140000.0,0.0,2666000.0,0.18,22287000.0,106078000.0,0,1.538,2.257,39.97,39.973,10938702000,922000.0,117.52,8.079,8.079,0,-1202536000,413026000.0,413026000.0,0.0,,,,,2862000.0,22287000.0,1.0,114365203,114365203,,3.611,11131313000,0,1200000.0,0,97.331,
5,MAA,ARQ,2020-03-31,2020-05-07,2020-03-31,2021-07-29,-12934000,11155977000,,,,,52.447,-89614000.0,49047000,49047000,279560000.0,37952000.0,,0.822,4483693000,,,4483693000,0,126657000.0,0,0.034,1.0,80797000.0,207454000.0,0.496,207454000.0,80797000.0,37315000.0,0.31,0.31,0.31,5997419000,,5997419000,17442088175,34.0,17.278,70988000.0,0.621,1.0,138538000.0,0.331,0,43482000.0,15590623000,,0,0,,,4929145000,,,13007442175,-21494000.0,-900000.0,0.0,28260000.0,-114270000.0,-92107000.0,-89989000.0,0.0,160602000.0,0.0,36648000.0,35726000.0,35726000.0,0.0,1304000.0,0.085,28283000.0,110255000.0,0,3.226,2.169,40.257,40.337,10965184000,922000.0,113.75,7.846,7.846,0,-1160944000,418098000.0,418098000.0,0.0,,,,,5288000.0,27907000.0,1.0,114351140,114351140,,3.656,11155977000,0,667000.0,0,97.559,
6,MAA,ARQ,2019-12-31,2020-02-20,2019-12-31,2021-07-29,-13178000,11230450000,,,,,53.107,-165673000.0,70541000,70541000,275213000.0,155060000.0,,0.812,4454598000,,,4454598000,0,125580000.0,0,0.026,1.0,194169000.0,319749000.0,0.767,319749000.0,194169000.0,150471000.0,1.3,1.3,1.3,6068565000,,6068565000,21261944848,40.0,20.54,-5791000.0,-0.051,1.0,141604000.0,0.34,0,43698000.0,15614507000,,0,0,,,4926860000,,,16877887848,27859000.0,-749000.0,0.0,-22442000.0,-109504000.0,-124431000.0,-7592000.0,0.0,159882000.0,0.0,149589000.0,148667000.0,148667000.0,0.0,5471000.0,0.357,24701000.0,116903000.0,0,0.769,2.781,48.206,48.111,10987128000,922000.0,147.7,10.285,10.285,0,-1085479000,416817000.0,416817000.0,0.0,,,,,2104000.0,24701000.0,1.0,114271414,114271414,,3.648,11230450000,0,882000.0,0,98.279,
7,MAA,ARQ,2019-09-30,2019-10-31,2019-09-30,2021-07-29,-14870000,11247754000,,,,,52.745,-89580000.0,42682000,42682000,284223000.0,81459000.0,,0.831,4476114000,,,4476114000,0,124944000.0,0,0.028,0.96,124649000.0,249593000.0,0.601,249593000.0,124649000.0,80136000.0,0.68,0.68,0.68,6016452000,,6016452000,20287445742,45.0,21.498,163491000.0,1.433,1.0,131409000.0,0.316,0,44513000.0,15681186000,,0,0,,,4997488000,,,15854013742,-15002000.0,-1619000.0,0.0,-64877000.0,-109481000.0,-178218000.0,-89855000.0,0.0,253071000.0,0.0,78645000.0,77723000.0,77723000.0,0.0,2814000.0,0.187,25384000.0,106025000.0,0,1.412,2.635,60.554,60.694,11004200000,922000.0,138.99,9.772,9.772,0,-1119714000,415632000.0,415632000.0,0.0,,,,,3313000.0,25384000.0,1.0,114065859,114065859,,3.644,11247754000,0,1491000.0,0,98.608,
8,MAA,ARQ,2019-06-30,2019-08-01,2019-06-30,2021-07-29,-9092000,11274830000,,,,,53.062,-86141000.0,57684000,57684000,278086000.0,64141000.0,,0.825,4539989000,,,4539989000,0,124184000.0,0,0.031,0.96,108535000.0,232719000.0,0.571,232719000.0,108535000.0,62599000.0,0.53,0.53,0.53,6051466000,,6051466000,18252036602,43.0,19.907,127648000.0,1.119,1.0,129304000.0,0.317,0,45936000.0,15757135000,,0,0,,,4990201000,,,13769731602,-1703000.0,-2559000.0,0.0,-14168000.0,-109434000.0,-127550000.0,-87942000.0,0.0,213789000.0,0.0,61917000.0,60995000.0,60995000.0,0.0,2224000.0,0.15,24052000.0,105252000.0,0,1.811,2.275,58.356,58.329,11067850000,922000.0,120.74,8.586,8.586,0,-1086665000,407390000.0,407390000.0,0.0,,,,,3452000.0,24052000.0,1.0,114044489,114044489,,3.572,11274830000,0,682000.0,0,98.863,
9,MAA,ARQ,2019-03-31,2019-05-03,2019-03-31,2021-07-29,-3300000,11303762000,,,,,53.529,-66809000.0,59387000,59387000,272166000.0,65958000.0,,0.814,4548098000,,,4548098000,0,123082000.0,0,0.034,0.96,110001000.0,233083000.0,0.581,233083000.0,110001000.0,64301000.0,0.55,0.55,0.55,6102122000,,6102122000,17011128539,41.0,18.668,87869000.0,0.771,1.0,129012000.0,0.322,0,45700000.0,15792473000,,0,0,,,4967418000,,,12522417539,7714000.0,43000.0,0.0,18883000.0,-109324000.0,-94080000.0,-52884000.0,0.0,154678000.0,0.0,63660000.0,62738000.0,62738000.0,0.0,2298000.0,0.156,26995000.0,102017000.0,0,1.745,2.052,53.548,53.325,11099997000,922000.0,109.85,7.893,7.893,0,-1037268000,401178000.0,401178000.0,0.0,,,,,4785000.0,26995000.0,1.0,113995608,113995608,,3.519,11303762000,0,641000.0,0,99.16,
10,MAA,ARQ,2018-12-31,2019-02-21,2018-12-31,2021-07-29,-212000,11323781000,,,,,53.999,-79026000.0,51673000,51673000,268255000.0,63517000.0,,0.804,4528328000,,,4528328000,0,121772000.0,0,0.036,0.96,106521000.0,228293000.0,0.573,228293000.0,106521000.0,62067000.0,0.53,0.53,0.53,6149840000,,6149840000,16352931095,41.0,18.372,54210000.0,0.476,1.0,129893000.0,0.326,0,44454000.0,15800436000,,0,0,,,4942178000,,,11876276095,-27727000.0,-630000.0,88000.0,27271000.0,-105015000.0,-82371000.0,-78592000.0,0.0,133236000.0,0.0,61282000.0,60360000.0,60360000.0,0.0,2235000.0,0.152,21726000.0,108167000.0,0,1.811,1.931,54.177,54.031,11151701000,922000.0,104.28,7.558,7.558,0,-989263000,398148000.0,398148000.0,0.0,,,,,2567000.0,21117000.0,1.0,113888340,113888340,,3.496,11323781000,0,785000.0,0,99.429,
11,MAA,ARQ,2018-09-30,2018-11-01,2018-09-30,2021-07-29,11556000,11418987000,,,,,54.529,-68413000.0,79400000,79400000,279289000.0,54704000.0,,0.802,4504023000,,,4504023000,0,124702000.0,0,0.038,0.923,98057000.0,222759000.0,0.561,222759000.0,98057000.0,53407000.0,0.46,0.46,0.46,6207407000,,6207407000,15602353342,34.0,16.505,168638000.0,1.481,1.0,117819000.0,0.297,0,44650000.0,15843610000,,0,0,,,4977826000,,,11177730342,18597000.0,-750000.0,343000.0,-42887000.0,-104991000.0,-152058000.0,-66396000.0,0.0,237051000.0,0.0,52791000.0,51869000.0,51869000.0,0.0,1913000.0,0.131,19561000.0,98258000.0,0,2.007,1.801,39.725,39.593,11196041000,922000.0,98.19,7.184,7.184,0,-940773000,397108000.0,397108000.0,0.0,,,,,2890000.0,17683000.0,1.0,113837767,113837767,,3.488,11418987000,0,616000.0,0,100.309,
12,MAA,ARQ,2018-06-30,2018-08-02,2018-06-30,2021-07-29,7986000,11447129000,,,,,54.937,-184988000.0,60803000,60803000,271655000.0,61981000.0,,0.793,4548635000,,,4548635000,0,123160000.0,0,0.036,0.922,103962000.0,227122000.0,0.582,227122000.0,103962000.0,60377000.0,0.52,0.52,0.52,6252361000,,6252361000,15858584504,31.0,15.924,26313000.0,0.231,1.0,118418000.0,0.304,0,43585000.0,15934961000,,0,0,,,4958239000,,,11370752504,-21307000.0,0.0,237000.0,51561000.0,-104967000.0,-57911000.0,-174697000.0,0.0,211301000.0,0.0,59807000.0,58885000.0,58885000.0,0.0,2174000.0,0.151,23433000.0,94985000.0,0,1.773,1.819,33.122,33.083,11263013000,922000.0,99.91,7.367,7.367,0,-887672000,390073000.0,390073000.0,0.0,,,,,2963000.0,20607000.0,1.0,113809954,113809954,,3.427,11447129000,0,570000.0,0,100.581,
13,MAA,ARQ,2018-03-31,2018-05-03,2018-03-31,2021-07-29,3000000,11417376000,,,,,55.287,-51775000.0,82110000,82110000,265148000.0,50820000.0,,0.777,4498851000,,,4498851000,0,121361000.0,0,0.039,0.922,90564000.0,211925000.0,0.549,211925000.0,90564000.0,49659000.0,0.42,0.42,0.42,6291242000,,6291242000,14859378787,30.0,15.116,100929000.0,0.887,1.0,120869000.0,0.313,0,40905000.0,15834117000,,0,0,,,4889231000,,,10442637787,-6757000.0,-750000.0,-2088000.0,-1045000.0,-104876000.0,-112796000.0,-46665000.0,0.0,152704000.0,0.0,49019000.0,48097000.0,48097000.0,0.0,1801000.0,0.125,26811000.0,94058000.0,0,2.195,1.66,31.472,31.428,11193527000,922000.0,91.77,6.798,6.798,0,-840642000,386017000.0,386017000.0,0.0,,,,,4024000.0,23012000.0,1.0,113791411,113791411,,3.392,11417376000,0,640000.0,0,100.336,
14,MAA,ARQ,2017-12-31,2018-02-23,2017-12-31,2021-07-29,2157000,11491919000,,,,,55.765,-147758000.0,88867000,88867000,259733000.0,128007000.0,,0.774,4502057000,,,4502057000,0,119593000.0,0,0.04,0.923,163905000.0,283498000.0,0.741,283498000.0,163905000.0,124159000.0,1.08,1.08,1.08,6339912000,,6339912000,14423503985,30.0,14.714,-42353000.0,-0.373,1.0,123005000.0,0.321,0,39746000.0,15905109000,,0,0,,,4907617000,,,10010313985,-37101000.0,-750000.0,550000.0,11493000.0,-98853000.0,-91387000.0,-51119000.0,0.0,105405000.0,0.0,123450000.0,122528000.0,122528000.0,0.0,4557000.0,0.32,26574000.0,96431000.0,0,0.855,1.579,30.83,30.787,11261924000,922000.0,88.05,6.547,6.547,0,-784500000,382738000.0,382738000.0,0.0,,,,,2139000.0,21040000.0,1.0,113688972,113688972,,3.367,11491919000,0,709000.0,0,101.082,
15,MAA,ARQ,2017-09-30,2017-10-26,2017-09-30,2021-07-29,790000,11532801000,,,,,55.594,-83008000.0,128104000,128104000,267107000.0,118958000.0,,0.787,4492834000,,,4492834000,0,118075000.0,18998000,0.035,0.87,155290000.0,273365000.0,0.711,273365000.0,155290000.0,115350000.0,1.0,1.0,1.0,6316927000,,6316927000,15695615836,40.0,18.137,148312000.0,1.305,1.0,117443000.0,0.305,1239000,39940000.0,15896292000,,0,0,,,4971371000,,,11330885836,8192000.0,-48418000.0,224000.0,-76987000.0,-98839000.0,-180191000.0,-42937000.0,0.0,231320000.0,0.0,114709000.0,113787000.0,113787000.0,0.0,4249000.0,0.296,22778000.0,94665000.0,17275000,0.87,1.794,46.969,45.743,11279059000,922000.0,99.72,7.796,7.796,0,-802835000,384550000.0,384550000.0,0.0,,,,,2813000.0,18642000.0,1.0,113627014,113627014,,3.384,11531562000,0,641000.0,0,101.486,
16,MAA,ARQ,2017-06-30,2017-07-27,2017-06-30,2021-07-29,735000,11534129000,,,,,55.439,-100034000.0,67518000,67518000,272329000.0,50155000.0,,0.793,4573052000,,,4573052000,0,126790000.0,19637000,0.033,0.87,87414000.0,214204000.0,0.56,214204000.0,87414000.0,48933000.0,0.42,0.42,0.42,6298341000,,6298341000,16195769726,45.0,20.608,83738000.0,0.737,1.0,110462000.0,0.289,1239000,38481000.0,16038424000,,0,0,,,4991479000,,,11690235726,5700000.0,-221000.0,1100000.0,22930000.0,-98811000.0,-79368000.0,-98704000.0,0.0,183772000.0,0.0,48315000.0,47393000.0,47393000.0,0.0,1840000.0,0.124,24486000.0,85976000.0,13932000,2.071,1.856,55.212,44.739,11344375000,922000.0,102.9,8.686,8.686,0,-817616000,382791000.0,382791000.0,0.0,,,,,2600000.0,20279000.0,1.0,113607733,113607733,,3.369,11532890000,0,618000.0,0,101.515,
17,MAA,ARQ,2017-03-31,2017-04-27,2017-03-31,2021-07-29,4223000,11559699000,,,,,55.919,-149155000.0,58499000,58499000,271270000.0,43416000.0,,0.782,4557184000,,,4557184000,0,130082000.0,19419000,0.034,0.87,79140000.0,209222000.0,0.552,209222000.0,79140000.0,42556000.0,0.36,0.36,0.36,6351062000,,6351062000,15629087332,45.0,21.548,-11139000.0,-0.098,1.0,107638000.0,0.284,1239000,36584000.0,16057145000,,0,0,,,4963735000,,,11130402332,423000.0,58480000.0,-4667000.0,61129000.0,-98791000.0,-46918000.0,-90675000.0,0.0,138016000.0,0.0,41905000.0,40983000.0,40983000.0,0.0,1511000.0,0.108,29982000.0,77656000.0,13346000,2.417,1.753,53.132,39.516,11371148000,922000.0,98.0,9.011,9.011,0,-765749000,378908000.0,378908000.0,0.0,,,,,3018000.0,23821000.0,1.0,113575534,113575534,,3.336,11558460000,0,651000.0,0,101.769,
18,MAA,ARQ,2016-12-31,2017-02-24,2016-12-31,2021-07-29,1144000,11604491000,,,,,56.399,-117810000.0,121800000,121800000,208003000.0,42058000.0,,0.773,4499712000,,,4499712000,0,95210000.0,18829000,0.033,0.87,73414000.0,168624000.0,0.549,168624000.0,73414000.0,39885000.0,0.4,0.4,0.4,6403819000,,6403819000,15965202824,46.0,23.93,-22993000.0,-0.203,1.0,99195000.0,0.323,1239000,33529000.0,15981164000,,0,0,,,4952317000,,,11587290824,5719000.0,-485847000.0,299000.0,471473000.0,-61948000.0,405284000.0,-494382000.0,0.0,94817000.0,0.0,39386000.0,39079000.0,39079000.0,0.0,2672000.0,0.127,55338000.0,43857000.0,11970000,2.175,1.809,54.679,37.937,11341862000,307000.0,102.05,10.297,10.297,0,-707479000,307198000.0,307198000.0,0.0,,,,,5509000.0,17655000.0,1.0,113545231,113545231,,2.706,11603252000,0,499000.0,0,102.191,
19,MAA,ARQ,2016-09-30,2016-10-28,2016-09-30,2021-07-29,-2045000,6881313000,,,,,39.492,-180176000.0,58854000,58854000,183605000.0,88906000.0,,1.248,3434157000,,,3434157000,0,76959000.0,12221000,0.036,0.82,116901000.0,193860000.0,0.7,193860000.0,116901000.0,84733000.0,1.12,1.12,1.12,2983332000,,2983332000,10200538240,29.0,15.777,-29170000.0,-0.386,1.0,93293000.0,0.337,1607000,32168000.0,10255009000,,0,0,,,3724373000,,,6825235240,1538000.0,30000.0,-913000.0,-52492000.0,-61930000.0,-118746000.0,-30722000.0,0.0,151006000.0,0.0,84279000.0,84279000.0,84279000.0,0.0,4627000.0,0.304,19503000.0,73790000.0,9080000,0.732,2.288,31.624,31.481,6759821000,0.0,90.35,6.311,6.311,0,-647390000,276898000.0,276898000.0,0.0,,,,,2019000.0,14569000.0,1.0,75542172,75542172,,3.665,6879706000,0,454000.0,0,91.071,
20,MAA,ARQ,2016-06-30,2016-07-29,2016-06-30,2021-07-29,-4150000,6869381000,,,,,39.131,-125361000.0,51410000,51410000,178697000.0,47630000.0,,1.265,3489425000,,,3489425000,0,75966000.0,12386000,0.03,0.82,77640000.0,153606000.0,0.564,153606000.0,77640000.0,45601000.0,0.6,0.6,0.6,2955744000,,2955744000,11446138798,33.0,17.654,8770000.0,0.116,1.0,93539000.0,0.344,1607000,32039000.0,10305789000,,0,0,,,3739693000,,,8008123798,-1905000.0,375000.0,526000.0,48231000.0,-61917000.0,-16570000.0,-119466000.0,0.0,134131000.0,0.0,45144000.0,45144000.0,45144000.0,0.0,2486000.0,0.166,15745000.0,77794000.0,7464000,1.367,2.709,35.866,35.697,6759790000,0.0,106.02,7.508,7.508,0,-670954000,272236000.0,272236000.0,0.0,,,,,2073000.0,15324000.0,1.0,75534086,75534086,,3.604,6867774000,0,457000.0,0,90.923,
21,MAA,ARQ,2016-03-31,2016-05-06,2016-03-31,2021-07-29,-3976000,6827921000,,,,,39.342,-99816000.0,49824000,49824000,176008000.0,45808000.0,,1.24,3443963000,,,3443963000,0,75148000.0,12052000,0.031,0.82,75912000.0,151060000.0,0.562,151060000.0,75912000.0,43701000.0,0.58,0.58,0.58,2970729000,,2970729000,11103684883,25.0,15.076,4269000.0,0.057,1.0,93008000.0,0.346,1607000,32211000.0,10220453000,,0,0,,,3683275000,,,7709545883,-9375000.0,1418000.0,-1640000.0,19367000.0,-61857000.0,-47543000.0,-65917000.0,0.0,104085000.0,0.0,43413000.0,43413000.0,43413000.0,0.0,2395000.0,0.161,16299000.0,76709000.0,8222000,1.414,2.595,24.519,24.426,6714366000,0.0,102.1,7.32,7.32,0,-653756000,269016000.0,269016000.0,0.0,,,,,1885000.0,15586000.0,1.0,75509754,75509754,,3.563,6826314000,0,288000.0,0,90.403,
22,MAA,ARQ,2015-12-31,2016-02-26,2015-12-31,2021-07-29,-1589000,6847781000,,,,,39.666,-119941000.0,63641000,63641000,171456000.0,45367000.0,,1.23,3427568000,,,3427568000,0,71246000.0,11623000,0.034,0.82,76784000.0,148030000.0,0.562,148030000.0,76784000.0,43241000.0,0.57,0.57,0.57,2992097000,,2992097000,10284793274,23.0,13.691,-17756000.0,-0.235,1.0,91882000.0,0.349,1607000,33543000.0,10210101000,,0,0,,,3681708000,,,6920866274,-7317000.0,59612000.0,295000.0,11797000.0,-58043000.0,-49173000.0,-60329000.0,0.0,102185000.0,0.0,42987000.0,42987000.0,42987000.0,0.0,2380000.0,0.163,15119000.0,76763000.0,5922000,1.439,2.313,20.828,20.805,6718366000,0.0,91.75,6.637,6.637,0,-634141000,263338000.0,263338000.0,0.0,,,,,1709000.0,14497000.0,1.0,75431785,75431785,,3.491,6846174000,0,254000.0,0,90.76,
23,MAA,ARQ,2015-09-30,2015-10-30,2015-09-30,2021-07-29,-6306000,6887341000,,,,,39.849,-133242000.0,134197000,134197000,174697000.0,96828000.0,,1.235,3425135000,,,3425135000,0,74064000.0,11446000,0.036,0.77,121588000.0,195652000.0,0.747,195652000.0,121588000.0,92246000.0,1.22,1.22,1.22,3003782000,,3003782000,9712507467,22.0,13.093,1764000.0,0.023,1.0,87301000.0,0.333,1607000,29342000.0,10176672000,,0,0,,,3708754000,,,6421569467,14846000.0,-32661000.0,130000.0,-12012000.0,-58310000.0,-73425000.0,-46735000.0,0.0,135006000.0,0.0,91734000.0,91734000.0,91734000.0,0.0,5094000.0,0.35,14163000.0,73138000.0,10509000,0.631,2.138,19.83,19.812,6675575000,0.0,85.19,6.227,6.227,0,-614500000,261998000.0,261998000.0,0.0,,,,,1675000.0,13507000.0,1.0,75379381,75379381,,3.476,6885734000,0,512000.0,0,91.348,
24,MAA,ARQ,2015-06-30,2015-07-31,2015-06-30,2021-07-29,952000,6843413000,,,,,39.491,-162510000.0,83436000,83436000,175252000.0,143873000.0,,1.241,3442244000,,,3442244000,0,75553000.0,11281000,0.038,0.77,166225000.0,241778000.0,0.934,241778000.0,166225000.0,136697000.0,1.81,1.81,1.81,2976616000,,2976616000,9414424895,22.0,13.203,-36837000.0,-0.489,1.0,83639000.0,0.323,1607000,29528000.0,10200614000,,0,0,,,3694830000,,,6055616895,10447000.0,-20544000.0,588000.0,-57733000.0,-57886000.0,-118251000.0,3025000.0,0.0,125673000.0,0.0,136299000.0,136299000.0,136299000.0,0.0,7574000.0,0.526,14802000.0,68837000.0,11884000,0.425,2.034,20.248,20.237,6683457000,0.0,80.34,5.949,5.949,0,-647413000,258891000.0,258891000.0,0.0,,,,,1474000.0,13643000.0,1.0,75374868,75374868,,3.435,6841806000,0,398000.0,0,90.77,
25,MAA,ARQ,2015-03-31,2015-05-01,2015-03-31,2021-07-29,-2453000,6799682000,,,,,38.385,-78521000.0,45282000,45282000,173506000.0,64677000.0,,1.293,3479493000,,,3479493000,0,74034000.0,10490000,0.039,0.77,91708000.0,165742000.0,0.643,165742000.0,91708000.0,61777000.0,0.81,0.81,0.81,2892214000,,2892214000,9177888721,29.0,15.19,22336000.0,0.296,1.0,84305000.0,0.327,2321000,29931000.0,10231572000,,0,0,,,3739976000,,,5743677721,-7070000.0,-6425000.0,-929000.0,-13759000.0,-57840000.0,-75751000.0,-32176000.0,0.0,100857000.0,0.0,61267000.0,61267000.0,61267000.0,-433000.0,3410000.0,0.238,15398000.0,68907000.0,7680000,0.951,1.986,29.549,29.547,6687578000,0.0,76.23,5.723,5.723,0,-726062000,257811000.0,257811000.0,0.0,,,,,1289000.0,15059000.0,1.0,75346684,75346684,,3.422,6797361000,0,510000.0,0,90.214,
26,MAA,ARQ,2014-12-31,2015-02-25,2014-12-31,2021-07-29,-412000,6831028000,,,,,38.388,-190680000.0,53582000,53582000,168656000.0,36458000.0,,1.305,3524515000,,,3524515000,0,72921000.0,10526000,0.04,0.77,65714000.0,138635000.0,0.549,138635000.0,65714000.0,35340000.0,0.46,0.46,0.46,2890524000,,2890524000,9001523872,33.0,15.635,-129639000.0,-1.722,1.0,83818000.0,0.332,2321000,30374000.0,10299640000,,0,0,,,3773306000,,,5530590872,-62365000.0,55371000.0,634000.0,56245000.0,-54860000.0,-1044000.0,-122362000.0,0.0,61041000.0,0.0,34525000.0,34525000.0,34525000.0,-478000.0,1933000.0,0.137,15542000.0,68276000.0,8395000,1.674,1.913,37.374,37.284,6663820000,0.0,73.45,5.59,5.59,0,-729086000,252474000.0,252474000.0,0.0,,,,,1046000.0,12920000.0,1.0,75297357,75297357,,3.353,6828707000,0,815000.0,0,90.69,
27,MAA,ARQ,2014-09-30,2014-10-31,2014-09-30,2021-07-29,396000,6783014000,,,,,38.708,-60292000.0,147552000,147552000,170855000.0,70719000.0,,1.271,3430014000,,,3430014000,0,71213000.0,9970000,0.041,0.73,95669000.0,166882000.0,0.671,166882000.0,95669000.0,67418000.0,0.89,0.89,0.89,2912973000,,2912973000,8599927234,38.0,15.651,38388000.0,0.51,1.0,77926000.0,0.313,2321000,28251000.0,10063155000,,0,0,,,3702054000,,,5317465234,61448000.0,15576000.0,11949000.0,-62563000.0,-54884000.0,-108567000.0,71335000.0,0.0,98680000.0,0.0,66976000.0,66976000.0,66976000.0,-385000.0,3743000.0,0.269,14431000.0,63495000.0,10089000,0.82,1.825,51.04,82.163,6516541000,0.0,70.66,5.463,5.463,0,-705022000,248781000.0,248781000.0,0.0,,,,,1135000.0,13940000.0,1.0,75254249,75254249,,3.306,6780693000,0,442000.0,0,90.104,
28,MAA,ARQ,2014-06-30,2014-08-01,2014-06-30,2021-07-29,-1395000,6783121000,,,,,38.499,-168848000.0,91001000,91001000,167253000.0,33386000.0,,1.285,3475413000,,,3475413000,0,70630000.0,9808000,0.041,0.73,62299000.0,132929000.0,0.544,132929000.0,62299000.0,32136000.0,0.42,0.42,0.42,2894935000,,2894935000,8645041887,46.0,18.171,-58275000.0,-0.775,1.0,77301000.0,0.316,4106000,30163000.0,10163427000,,0,0,,,3720512000,,,5260629887,-95583000.0,-28666000.0,297000.0,16373000.0,-54753000.0,-41155000.0,-165001000.0,0.0,110573000.0,0.0,31613000.0,31613000.0,31613000.0,-449000.0,1773000.0,0.129,19684000.0,57617000.0,15297000,1.738,1.817,64.555,69.267,6583828000,0.0,69.96,6.11,6.11,0,-717642000,244554000.0,244554000.0,0.0,,,,,1097000.0,14791000.0,1.0,75194824,75194824,,3.252,6779015000,0,523000.0,0,90.153,
29,MAA,ARQ,2014-03-31,2014-05-02,2014-03-31,2021-07-29,2691000,6785663000,,,,,38.841,-79430000.0,159777000,159777000,187376000.0,15714000.0,,1.271,3463059000,,,3463059000,0,91469000.0,9522000,0.041,0.73,45812000.0,137281000.0,0.564,137281000.0,45812000.0,15136000.0,0.2,0.2,0.2,2913407000,,2913407000,8569668664,43.0,18.994,34402000.0,0.459,1.0,56111000.0,0.23,4106000,30676000.0,10084839000,,0,0,,,3703689000,,,5266386664,32568000.0,-1433000.0,-58000.0,-35723000.0,-54661000.0,-93528000.0,12264000.0,0.0,113832000.0,0.0,14866000.0,14866000.0,14866000.0,-5897000.0,848000.0,0.061,17282000.0,38829000.0,15174000,3.65,1.808,48.33,35.64,6513985000,0.0,70.21,7.017,7.017,0,-694150000,243487000.0,243487000.0,0.0,,,,,948000.0,11353000.0,1.0,75009068,75009068,,3.246,6781557000,0,270000.0,0,90.41,
30,MAA,ARQ,2013-12-31,2014-02-21,2013-12-31,2021-07-29,108000,6841925000,,,,,39.307,-96940000.0,133694000,133694000,182020000.0,-9810000.0,,1.264,3472718000,,,3472718000,0,90578000.0,9270000,0.042,0.73,21821000.0,112399000.0,0.475,112399000.0,21821000.0,-8379000.0,-0.65,-0.66,-0.65,2946811000,,2946811000,8421226064,44.0,21.883,-1125000.0,-0.015,1.0,54462000.0,0.23,4106000,30200000.0,10176843000,,0,0,,,3723338000,,,5082202064,-91772000.0,97322000.0,622000.0,-143927000.0,-51883000.0,-198164000.0,10577000.0,0.0,95815000.0,0.0,-9272000.0,-9272000.0,-9272000.0,-6561000.0,-538000.0,-0.039,39144000.0,15318000.0,15067000,-1.123,1.725,44.085,29.863,6556303000,0.0,67.79,8.007,8.007,0,-653593000,236482000.0,236482000.0,0.0,,,,,539000.0,12078000.0,1.0,74969790,74969790,,3.154,6837819000,0,893000.0,0,91.208,
31,MAA,ARQ,2013-09-30,2013-11-07,2013-09-30,2021-07-29,-4599000,3028257000,,,,,13.245,-23466000.0,239684000,239684000,89153000.0,46056000.0,,2.013,1860202000,,,1860202000,0,33922000.0,6892000,0.044,0.695,59225000.0,93147000.0,0.683,93147000.0,59225000.0,44284000.0,1.04,1.04,1.04,990377000,,990377000,6303753222,30.0,18.26,35929000.0,0.48,1.0,47287000.0,0.347,4106000,14941000.0,4644669000,,0,0,,,1993197000,,,4683235222,172313000.0,-45364000.0,61000.0,166875000.0,-29699000.0,136054000.0,-23136000.0,0.0,59395000.0,0.0,44284000.0,44284000.0,44284000.0,-29438000.0,1772000.0,0.325,14765000.0,32522000.0,6963000,0.668,4.729,31.889,18.206,2723808000,0.0,62.63,8.732,8.732,0,-567662000,136440000.0,136440000.0,0.0,,,,,558000.0,9169000.0,1.0,74776229,74776229,,1.825,3024151000,0,0.0,0,40.443,
32,MAA,ARQ,2013-06-30,2013-08-02,2013-06-30,2021-07-29,-6336000,2834217000,,,,,22.939,-84165000.0,21781000,21781000,86482000.0,61028000.0,,1.853,1691541000,,,1691541000,0,33999000.0,6934000,0.042,0.695,74360000.0,108359000.0,0.808,108359000.0,74360000.0,59089000.0,1.38,1.37,1.38,980297000,,980297000,4465530933,23.0,13.491,-16900000.0,-0.395,1.0,47630000.0,0.355,4106000,15271000.0,4499871000,,0,0,,,1816899000,,,2795770933,568000.0,-8836000.0,2910000.0,-18735000.0,-29697000.0,-46709000.0,-19988000.0,0.0,67265000.0,0.0,59089000.0,59089000.0,59089000.0,-44028000.0,1939000.0,0.441,15061000.0,32569000.0,10085000,0.504,2.852,20.951,20.834,2746897000,0.0,65.42,5.305,5.305,0,-582884000,134112000.0,134112000.0,0.0,,,,,541000.0,8835000.0,1.0,42735722,42735722,,3.138,2830111000,0,0.0,0,66.224,
33,MAA,ARQ,2013-03-31,2013-05-03,2013-03-31,2021-07-29,-21869000,2775008000,,,,,21.819,-56265000.0,8873000,8873000,86210000.0,22005000.0,,1.939,1691253000,,,1691253000,0,34237000.0,6830000,0.039,0.695,36896000.0,71133000.0,0.533,71133000.0,36896000.0,21180000.0,0.5,0.5,0.5,932184000,,932184000,4665738752,29.0,15.665,-14148000.0,-0.331,1.0,47157000.0,0.354,4106000,15716000.0,4453282000,,0,0,,,1807504000,,,2983358752,-851000.0,4948000.0,21385000.0,17510000.0,-29418000.0,8273000.0,-51241000.0,0.0,42117000.0,0.0,21180000.0,21180000.0,21180000.0,0.0,825000.0,0.159,8580000.0,38577000.0,5672000,1.39,3.2,29.102,28.502,2716270000,0.0,69.83,5.773,5.773,0,-612128000,133367000.0,133367000.0,0.0,,,,,630000.0,8570000.0,1.0,42723167,42723167,,3.122,2770902000,0,0.0,0,64.857,
34,MAA,ARQ,2012-12-31,2013-02-22,2012-12-31,2021-07-29,-26054000,2751068000,,,,,21.582,-31499000.0,9883000,9883000,86204000.0,23207000.0,,1.971,1673848000,,,1673848000,0,34504000.0,6669000,0.039,0.695,38080000.0,72584000.0,0.548,72584000.0,38080000.0,22307000.0,0.52,0.53,0.52,914052000,,914052000,4602762300,28.0,15.541,21447000.0,0.506,1.0,46218000.0,0.349,4106000,15773000.0,4410927000,,0,0,,,1801245000,,,2938797300,-4347000.0,270000.0,22238000.0,-32223000.0,-27894000.0,-39052000.0,-18241000.0,0.0,52946000.0,0.0,22307000.0,22307000.0,22307000.0,-3238000.0,900000.0,0.168,8933000.0,37285000.0,4586000,1.337,3.215,27.929,27.105,2694071000,0.0,69.39,5.911,5.911,0,-603315000,132422000.0,132422000.0,0.0,,,,,503000.0,8926000.0,1.0,42351885,42351885,,3.127,2746962000,0,0.0,0,64.86,
35,MAA,ARQ,2012-09-30,2012-11-02,2012-09-30,2021-07-29,-30467000,2775835000,,,,,21.155,-244693000.0,14721000,14721000,84816000.0,32078000.0,,2.064,1706258000,,,1706258000,0,33350000.0,6745000,0.041,0.66,45564000.0,78914000.0,0.621,78914000.0,45564000.0,30866000.0,0.74,0.74,0.74,894175000,,894175000,4414412056,28.0,15.247,-187536000.0,-4.437,1.0,42294000.0,0.333,4106000,14698000.0,4463266000,,0,0,,,1845830000,,,2722875056,-8919000.0,970000.0,53589000.0,106417000.0,-27123000.0,131667000.0,-197743000.0,0.0,57157000.0,0.0,30866000.0,30866000.0,30866000.0,-15641000.0,1212000.0,0.243,10330000.0,31964000.0,5637000,0.892,3.045,26.78,25.462,2698112000,0.0,64.42,5.597,5.597,0,-596027000,127110000.0,127110000.0,0.0,,,,,499000.0,8987000.0,1.0,42267542,42267542,,3.007,2771729000,0,0.0,0,65.576,
36,MAA,ARQ,2012-06-30,2012-08-03,2012-06-30,2021-07-29,-30891000,2599088000,,,,,20.421,-133178000.0,23379000,23379000,82457000.0,29472000.0,,2.059,1589421000,,,1589421000,0,32792000.0,6586000,0.038,0.66,42430000.0,75222000.0,0.607,75222000.0,42430000.0,28160000.0,0.69,0.69,0.69,839387000,,839387000,4393963901,31.0,16.271,-70154000.0,-1.707,1.0,41465000.0,0.335,4106000,14270000.0,4161024000,,0,0,,,1728428000,,,2827921901,-19485000.0,31883000.0,-212000.0,25188000.0,-27009000.0,-3312000.0,-79197000.0,0.0,63024000.0,0.0,28160000.0,28160000.0,28160000.0,-13016000.0,1312000.0,0.227,9900000.0,31565000.0,5582000,0.957,3.369,33.427,31.852,2519706000,0.0,68.8,5.951,5.951,0,-624304000,123922000.0,123922000.0,0.0,,,,,417000.0,9032000.0,1.0,41103516,41103516,,3.015,2594982000,0,0.0,0,63.133,
37,MAA,ARQ,2012-03-31,2012-05-04,2012-03-31,2021-07-29,-31800000,2527410000,,,,,20.386,-41900000.0,64566000,64566000,80485000.0,25068000.0,,1.988,1540056000,,,1540056000,0,31549000.0,6392000,0.038,0.66,38240000.0,69789000.0,0.583,69789000.0,38240000.0,23890000.0,0.6,0.6,0.6,834526000,,834526000,4273543041,35.0,17.424,-4060000.0,-0.099,1.0,39146000.0,0.327,4106000,14350000.0,3998794000,,0,0,,,1659246000,,,2798053041,-15491000.0,-21177000.0,118720000.0,-111006000.0,-25723000.0,-19289000.0,-34042000.0,0.0,37840000.0,0.0,23890000.0,23890000.0,23890000.0,-9342000.0,1178000.0,0.2,8267000.0,30879000.0,4001000,1.1,3.353,43.811,40.928,2417265000,0.0,68.35,6.059,6.059,0,-625266000,119631000.0,119631000.0,0.0,,,,,814000.0,8901000.0,1.0,40937133,40937133,,2.922,2523304000,0,0.0,0,61.639,
38,MAA,ARQ,2011-12-31,2012-02-24,2011-12-31,2021-07-29,-35848000,2530468000,,,,,18.434,-133825000.0,58679000,58679000,78504000.0,19945000.0,,2.482,1649755000,,,1649755000,0,31854000.0,6310000,0.04,0.66,33755000.0,65609000.0,0.566,65609000.0,33755000.0,18758000.0,0.5,0.5,0.5,718331000,,718331000,4051171925,38.0,17.865,-90748000.0,-2.329,1.0,37322000.0,0.322,4106000,14997000.0,4117438000,,0,0,,,1782969000,,,2460095925,33063000.0,121000.0,65149000.0,59965000.0,-23697000.0,110961000.0,-120975000.0,0.0,43077000.0,0.0,18758000.0,18758000.0,18758000.0,-8501000.0,1187000.0,0.162,10518000.0,26804000.0,2091000,1.32,3.425,50.39,47.826,2423808000,0.0,63.13,5.479,5.479,0,-621833000,115826000.0,115826000.0,0.0,,,,,1074000.0,9536000.0,1.0,38968730,38968730,,2.972,2526362000,0,0.0,0,64.83,
39,MAA,ARQ,2011-09-30,2011-11-04,2011-09-30,2021-07-29,-41584000,2412027000,,,,,17.304,-105545000.0,37200000,37200000,80261000.0,14451000.0,,2.643,1587889000,,,1587889000,0,30157000.0,6428000,0.041,0.627,29278000.0,59435000.0,0.513,59435000.0,29278000.0,13791000.0,0.37,0.37,0.37,654501000,,654501000,3875349397,41.0,18.375,-59885000.0,-1.583,1.0,35566000.0,0.307,4106000,15487000.0,3958610000,,0,0,,,1729940000,,,2324660397,11416000.0,316000.0,44567000.0,51095000.0,-23267000.0,60371000.0,-94615000.0,0.0,45660000.0,0.0,13791000.0,13791000.0,13791000.0,-4936000.0,660000.0,0.119,9492000.0,26074000.0,3088000,1.695,3.552,62.824,59.67,2329781000,0.0,61.46,5.306,5.306,0,-614762000,115827000.0,115827000.0,0.0,,,,,2759000.0,8900000.0,1.0,37823957,37823957,,3.062,2407921000,0,0.0,0,63.661,
40,MAA,ARQ,2011-06-30,2011-08-09,2011-06-30,2021-07-29,-42268000,2313521000,,,,,16.629,-180065000.0,14465000,14465000,75434000.0,7680000.0,,2.702,1535934000,,,1535934000,0,28862000.0,6604000,0.039,0.627,21577000.0,50439000.0,0.457,50439000.0,21577000.0,7428000.0,0.2,0.2,0.2,617640000,,617640000,3887771804,45.0,19.541,-127816000.0,-3.441,1.0,35055000.0,0.317,4106000,14149000.0,3830884000,,0,0,,,1669079000,,,2366302804,-34384000.0,462000.0,33973000.0,82962000.0,-22988000.0,92650000.0,-179283000.0,0.0,52249000.0,0.0,7428000.0,7428000.0,7428000.0,-11000.0,252000.0,0.067,12153000.0,22902000.0,2826000,3.135,3.831,88.44,82.74,2253435000,0.0,63.71,5.585,5.585,0,-605316000,110489000.0,110489000.0,0.0,,,,,842000.0,10633000.0,1.0,37141780,37141780,,2.975,2309415000,0,0.0,0,62.178,
41,MAA,ARQ,2011-03-31,2011-05-05,2011-03-31,2021-07-29,-41639000,2201747000,,,,,16.35,-46280000.0,48599000,48599000,73341000.0,9155000.0,,2.625,1451782000,,,1451782000,0,28456000.0,6553000,0.037,0.627,22834000.0,51290000.0,0.478,51290000.0,22834000.0,8844000.0,0.25,0.24,0.25,600005000,,600005000,3855691360,45.0,19.797,-14978000.0,-0.408,1.0,33997000.0,0.317,4106000,13990000.0,3600824000,,0,0,,,1574725000,,,2452508360,1280000.0,-1007000.0,89504000.0,-48741000.0,-22076000.0,17265000.0,-47287000.0,0.0,31302000.0,0.0,8844000.0,8844000.0,8844000.0,0.0,311000.0,0.082,9979000.0,24018000.0,2615000,2.508,4.087,118.416,109.557,2109186000,0.0,66.83,5.951,5.951,0,-589191000,107338000.0,107338000.0,0.0,,,,,844000.0,9754000.0,1.0,36697716,36697716,,2.925,2197641000,0,0.0,0,59.885,
42,MAA,ARQ,2010-12-31,2011-02-24,2010-12-31,2021-07-29,-48847000,2176048000,,,,,15.114,-82658000.0,47456000,47456000,72852000.0,7165000.0,,3.147,1500193000,,,1500193000,0,28285000.0,6693000,0.04,0.627,21454000.0,49739000.0,0.476,49739000.0,21454000.0,6940000.0,0.21,0.2,0.21,518503000,,518503000,3666626411,43.0,19.052,-55532000.0,-1.619,1.0,31628000.0,0.303,4106000,14514000.0,3624679000,,0,0,,,1631656000,,,2213889411,-54149000.0,-2263000.0,58138000.0,-51043000.0,-20963000.0,-15268000.0,-66007000.0,0.0,27126000.0,0.0,6940000.0,6940000.0,6940000.0,0.0,225000.0,0.066,9269000.0,22359000.0,1815000,2.986,4.27,122.565,108.754,2085640000,0.0,61.99,5.504,4.91,0,-575021000,104480000.0,104480000.0,0.0,,,,,1098000.0,8208000.0,1.0,35713654,34307000,34488000.0,3.045,2171942000,0,0.0,0,63.309,
43,MAA,ARQ,2010-09-30,2010-11-04,2010-09-30,2021-07-29,-60975000,2189851000,,,,,13.972,-156382000.0,102517000,102517000,71606000.0,6973000.0,,3.655,1551203000,,,1551203000,0,27141000.0,7181000,0.039,0.615,20347000.0,47488000.0,0.468,47488000.0,20347000.0,6749000.0,0.11,0.11,0.11,465450000,,465450000,3605738551,41.0,18.845,-116630000.0,-3.501,1.0,29778000.0,0.294,4106000,13598000.0,3634431000,,0,0,,,1701000000,,,2157052551,74846000.0,-3607000.0,85027000.0,186707000.0,-19974000.0,171736000.0,-136642000.0,0.0,39752000.0,0.0,6749000.0,3544000.0,3544000.0,0.0,224000.0,0.035,8817000.0,20961000.0,2099000,5.591,4.634,125.315,110.702,2027587000,3205000.0,63.1,5.478,5.339,0,-559610000,101384000.0,101384000.0,0.0,,,,,784000.0,7504000.0,1.0,34184668,33312000,33413000.0,3.043,2185745000,0,0.0,0,65.614,
44,MAA,ARQ,2010-06-30,2010-08-05,2010-06-30,2021-07-29,-56836000,1998044000,,,,,15.539,-85399000.0,25975000,25975000,67595000.0,6888000.0,,3.146,1363195000,,,1363195000,0,25591000.0,8092000,0.043,0.615,20653000.0,46244000.0,0.468,46244000.0,20653000.0,6660000.0,0.04,0.04,0.04,475939000,,475939000,3209662330,36.0,16.952,-43616000.0,-1.424,1.0,31306000.0,0.317,4106000,13993000.0,3331158000,,0,0,,,1497240000,,,1872442330,-7084000.0,1210000.0,131586000.0,3202000.0,-18312000.0,34255000.0,-83122000.0,0.0,41783000.0,0.0,6660000.0,1383000.0,1383000.0,2000.0,228000.0,0.014,9665000.0,21641000.0,1483000,15.375,3.934,109.686,98.431,1936344000,5277000.0,57.09,4.84,4.52,0,-541725000,98901000.0,98901000.0,0.0,,,,,783000.0,7589000.0,1.0,32798079,30628000,30736000.0,3.229,1993938000,0,0.0,0,65.102,
45,MAA,ARQ,2010-03-31,2010-05-06,2010-03-31,2021-07-29,-50713000,1955991000,,,,,15.225,-9772000.0,33173000,33173000,66631000.0,9849000.0,,3.352,1358733000,,,1358733000,0,25675000.0,8842000,0.046,0.615,23303000.0,48978000.0,0.503,48978000.0,23303000.0,9412000.0,0.21,0.21,0.21,443510000,,443510000,2951350906,32.0,15.362,15361000.0,0.527,1.0,30833000.0,0.316,4106000,13891000.0,3277445000,,0,0,,,1486779000,,,1625790906,18510000.0,-5735000.0,29600000.0,-45154000.0,-17886000.0,-38123000.0,31500000.0,0.0,25133000.0,0.0,9412000.0,6196000.0,6196000.0,0.0,437000.0,0.064,7064000.0,23769000.0,1158000,2.929,3.666,71.877,68.354,1883201000,3216000.0,54.0,4.251,4.113,0,-523298000,97464000.0,97464000.0,0.0,,,,,348000.0,7088000.0,1.0,30107239,29130000,29204000.0,3.346,1951885000,0,0.0,0,67.006,
46,MAA,ARQ,2009-12-31,2010-02-25,2009-12-31,2021-07-29,-47435000,1986826000,,,,,14.947,-117663000.0,14380000,14380000,65722000.0,9780000.0,,3.555,1399596000,,,1399596000,0,25296000.0,8789000,0.047,0.615,23328000.0,48624000.0,0.507,48624000.0,23328000.0,9306000.0,0.21,0.21,0.21,430566000,,430566000,2922047535,31.0,15.164,-88464000.0,-3.071,1.0,30265000.0,0.315,4106000,14022000.0,3367936000,,0,0,,,1530798000,,,1536831535,-2670000.0,10000.0,8294000.0,84339000.0,-17669000.0,70224000.0,-102093000.0,0.0,29199000.0,0.0,9306000.0,6090000.0,6090000.0,-2225000.0,474000.0,0.063,8294000.0,21971000.0,1702000,2.929,3.569,63.125,61.894,1935221000,3216000.0,52.61,4.06,3.939,0,-510993000,95987000.0,95987000.0,0.0,,,,,389000.0,7483000.0,1.0,29211776,28806000,28816000.0,3.332,1982720000,0,0.0,0,68.83,
47,MAA,ARQ,2009-09-30,2009-11-05,2009-09-30,2021-07-29,-55090000,1911872000,,,,,15.001,-16024000.0,17590000,17590000,65575000.0,6878000.0,,3.431,1314157000,,,1314157000,0,24500000.0,8758000,0.055,0.615,20989000.0,45489000.0,0.481,45489000.0,20989000.0,6618000.0,0.12,0.12,0.12,425480000,,425480000,2598056531,27.0,13.48,21128000.0,0.745,1.0,28949000.0,0.306,4106000,14371000.0,3204333000,,0,0,,,1459834000,,,1301489531,10409000.0,-2521000.0,24569000.0,-10393000.0,-17293000.0,-7825000.0,-18918000.0,0.0,37152000.0,0.0,6618000.0,3402000.0,3402000.0,-324000.0,260000.0,0.036,7200000.0,21749000.0,1175000,5.125,3.059,57.151,55.0,1843729000,3216000.0,45.1,3.449,3.39,0,-499040000,94524000.0,94524000.0,0.0,,,,,316000.0,7170000.0,1.0,28857861,28364000,28441000.0,3.333,1907766000,0,0.0,0,67.26,
48,MAA,ARQ,2009-06-30,2009-08-06,2009-06-30,2021-07-29,-50218000,1904134000,,,,,14.982,-33418000.0,6767000,6767000,62611000.0,10718000.0,,3.459,1323648000,,,1323648000,0,24406000.0,8966000,0.057,0.615,24620000.0,49026000.0,0.519,49026000.0,24620000.0,10148000.0,0.25,0.25,0.25,421081000,,421081000,2524850010,27.0,13.239,8529000.0,0.303,1.0,31822000.0,0.337,4106000,14472000.0,3216909000,,0,0,,,1456526000,,,1207969010,-41586000.0,-29000.0,-137000.0,-31313000.0,-17276000.0,-53494000.0,-30039000.0,0.0,41947000.0,0.0,10148000.0,6931000.0,6931000.0,-1481000.0,570000.0,0.073,7296000.0,24526000.0,1916000,2.46,2.869,54.053,52.84,1851155000,3217000.0,42.8,3.21,3.196,0,-484312000,94433000.0,94433000.0,0.0,,,,,320000.0,7189000.0,1.0,28223575,28105000,28184000.0,3.36,1900028000,0,0.0,0,67.605,
49,MAA,ARQ,2009-03-31,2009-05-07,2009-03-31,2021-07-29,-67754000,1939815000,,,,,14.732,-10762000.0,48429000,48429000,61816000.0,11845000.0,,3.625,1354246000,,,1354246000,0,24191000.0,8994000,0.067,0.615,25368000.0,49559000.0,0.529,49559000.0,25368000.0,11139000.0,0.28,0.28,0.28,413736000,,413736000,2337281246,25.0,12.407,17810000.0,0.634,1.0,31784000.0,0.34,4106000,14229000.0,3241526000,,0,0,,,1499671000,,,1031464246,38240000.0,-71000.0,64000.0,31144000.0,-17267000.0,9164000.0,504000.0,0.0,28572000.0,0.0,11139000.0,7923000.0,7923000.0,-1853000.0,706000.0,0.085,6700000.0,25084000.0,1448000,2.196,2.493,49.485,48.092,1844081000,3216000.0,36.55,2.752,2.739,0,-473661000,93600000.0,93600000.0,0.0,,,,,303000.0,6700000.0,1.0,28220636,28085000,28165000.0,3.333,1935709000,0,0.0,0,68.923,
50,MAA,ARQ,2008-12-31,2009-02-25,2008-12-31,2021-07-29,-77708000,1921955000,,,,,14.687,-19367000.0,9840000,9840000,63651000.0,7733000.0,,3.585,1323056000,,,1323056000,0,25108000.0,8705000,0.088,0.615,23559000.0,48667000.0,0.513,48667000.0,23559000.0,7733000.0,0.17,0.16,0.17,412146000,,412146000,2104679798,23.0,11.35,13028000.0,0.464,1.0,31187000.0,0.329,4106000,15826000.0,3231065000,,0,0,,,1477533000,,,791463798,-34243000.0,-215000.0,8083000.0,-33707000.0,-18812000.0,-47652000.0,-18986000.0,0.0,32395000.0,0.0,7733000.0,4517000.0,4517000.0,-220000.0,0.0,0.048,7017000.0,24170000.0,1234000,3.618,1.92,45.528,43.138,1851331000,3216000.0,28.04,2.14,2.043,0,-464617000,94838000.0,94838000.0,0.0,,,,,571000.0,7014000.0,1.0,28226241,28062000,28129000.0,3.38,1917849000,0,0.0,0,68.343,
51,MAA,ARQ,2008-09-30,2008-11-06,2008-09-30,2021-07-29,-19629000,1975035000,,,,,17.333,-119237000.0,47943000,47943000,63360000.0,6193000.0,,3.076,1356200000,,,1356200000,0,22271000.0,8831000,0.076,0.615,21197000.0,43468000.0,0.465,43468000.0,21197000.0,6193000.0,0.11,0.11,0.11,476216000,,476216000,2223908670,24.0,12.125,-84998000.0,-3.094,1.0,30113000.0,0.322,4106000,15004000.0,3279186000,,0,0,,,1464960000,,,915651670,33692000.0,-439000.0,28000000.0,112217000.0,-18386000.0,118615000.0,-119162000.0,0.0,34239000.0,0.0,6193000.0,2977000.0,2977000.0,-510000.0,0.0,0.032,7226000.0,22887000.0,2395000,5.591,1.923,54.941,52.387,1853847000,3216000.0,32.48,2.478,2.415,0,-452420000,93473000.0,93473000.0,0.0,,,,,572000.0,7226000.0,1.0,28191246,27474000,27562000.0,3.402,1970929000,0,0.0,0,71.738,
52,MAA,ARQ,2008-06-30,2008-07-31,2008-06-30,2021-07-29,-14932000,1841363000,,,,,17.591,-59354000.0,13810000,13810000,61100000.0,8644000.0,,2.863,1243827000,,,1243827000,0,22906000.0,8851000,0.043,0.615,23789000.0,46695000.0,0.503,46695000.0,23789000.0,8644000.0,0.2,0.2,0.2,467915000,,467915000,2810338497,28.0,14.748,-19247000.0,-0.724,1.0,31734000.0,0.342,4106000,15145000.0,3067274000,,0,0,,,1339729000,,,1580321497,2918000.0,-136000.0,70558000.0,-27772000.0,-17623000.0,21946000.0,-59135000.0,0.0,40107000.0,0.0,8644000.0,5427000.0,5427000.0,0.0,0.0,0.058,7218000.0,24516000.0,1552000,3.075,3.377,71.514,68.417,1787195000,3217000.0,57.47,4.316,4.175,0,-438251000,92834000.0,92834000.0,0.0,,,,,416000.0,7218000.0,1.0,27498199,26599000,26727000.0,3.49,1837257000,0,0.0,0,69.072,
53,MAA,ARQ,2008-03-31,2008-05-01,2008-03-31,2021-07-29,-42488000,1799884000,,,,,14.998,-39486000.0,10580000,10580000,59884000.0,7679000.0,,3.602,1271773000,,,1271773000,0,22896000.0,8734000,0.045,0.615,24013000.0,46909000.0,0.509,46909000.0,24013000.0,7679000.0,0.17,0.17,0.17,384380000,,384380000,2692559849,27.0,14.119,-8298000.0,-0.324,1.0,32260000.0,0.35,4106000,16334000.0,3056971000,,0,0,,,1384598000,,,1431366849,-10133000.0,-6776000.0,18683000.0,6273000.0,-17301000.0,4439000.0,-45760000.0,0.0,31188000.0,0.0,7679000.0,4463000.0,4463000.0,59000.0,0.0,0.048,7181000.0,25079000.0,1569000,3.618,3.724,64.19,63.419,1750544000,3216000.0,54.54,3.975,3.881,0,-426789000,92144000.0,92144000.0,0.0,,,,,459000.0,7178000.0,1.0,26244350,25628000,25756000.0,3.595,1795778000,0,0.0,0,70.071,
54,MAA,ARQ,2007-12-31,2008-02-27,2007-12-31,2021-07-29,-16908000,1783822000,,,,,15.759,-14816000.0,20916000,20916000,58182000.0,7604000.0,,3.371,1264620000,,,1264620000,0,22476000.0,8453000,0.048,0.615,23861000.0,46337000.0,0.509,46337000.0,23861000.0,7604000.0,0.14,0.15,0.14,400956000,,400956000,2553618976,24.0,13.233,12023000.0,0.473,1.0,32841000.0,0.361,4106000,16257000.0,3023420000,,0,0,,,1351424000,,,1309914976,13151000.0,-117000.0,3219000.0,29265000.0,-16969000.0,338000.0,-14026000.0,0.0,26839000.0,0.0,7604000.0,3799000.0,3799000.0,9134000.0,0.0,0.042,7947000.0,24894000.0,1099000,4.393,3.267,51.031,50.317,1720553000,3805000.0,50.82,3.711,3.642,0,-414966000,91023000.0,91023000.0,0.0,,,,,424000.0,7947000.0,1.0,25775580,25443000,25579000.0,3.578,1779716000,0,0.0,0,69.949,
55,MAA,ARQ,2007-09-30,2007-11-01,2007-09-30,2021-07-29,1676000,1789997000,,,,,16.796,-68437000.0,9136000,9136000,59186000.0,11900000.0,,3.124,1247545000,,,1247545000,0,22573000.0,8535000,0.05,0.605,28047000.0,50620000.0,0.561,50620000.0,28047000.0,11900000.0,0.33,0.33,0.33,425978000,,425978000,2475121207,24.0,13.066,-36233000.0,-1.429,1.0,30978000.0,0.344,4106000,16147000.0,3024300000,,0,0,,,1330938000,,,1236712207,-251000.0,-28000.0,1329000.0,40452000.0,-16931000.0,21359000.0,-53814000.0,0.0,32204000.0,0.0,11900000.0,8409000.0,8409000.0,-5709000.0,0.0,0.093,6758000.0,24220000.0,1931000,1.833,2.903,54.536,54.326,1729896000,3491000.0,48.35,3.566,3.536,0,-403481000,90164000.0,90164000.0,0.0,,,,,286000.0,6758000.0,1.0,25578329,25362000,25514000.0,3.555,1785891000,0,0.0,0,70.416,
56,MAA,ARQ,2007-06-30,2007-08-02,2007-06-30,2021-07-29,17842000,1761108000,,,,,18.089,-52356000.0,8441000,8441000,57204000.0,9118000.0,,2.773,1195570000,,,1195570000,0,21682000.0,8345000,0.052,0.605,25152000.0,46834000.0,0.54,46834000.0,25152000.0,9118000.0,0.22,0.22,0.22,457442000,,457442000,2372722989,25.0,13.176,-13616000.0,-0.538,1.0,29575000.0,0.341,4105000,16034000.0,2944132000,,0,0,,,1268679000,,,1185593989,-2083000.0,-98000.0,7197000.0,11639000.0,-16896000.0,-1550000.0,-39273000.0,0.0,38740000.0,0.0,9118000.0,5628000.0,5628000.0,-3721000.0,0.0,0.065,7313000.0,22262000.0,647000,2.75,2.592,72.261,71.492,1685369000,3490000.0,46.47,3.493,3.462,0,-396652000,86779000.0,86779000.0,0.0,,,,,411000.0,7313000.0,1.0,25513105,25288000,25464000.0,3.432,1757003000,0,0.0,0,69.48,
57,MAA,ARQ,2007-03-31,2007-05-03,2007-03-31,2021-07-29,7971000,1733113000,,,,,17.942,-11444000.0,10460000,10460000,55943000.0,11324000.0,,2.771,1183688000,,,1183688000,0,21849000.0,7961000,0.045,0.605,27338000.0,49187000.0,0.579,49187000.0,27338000.0,11324000.0,0.31,0.31,0.31,450099000,,450099000,2532235786,28.0,14.484,8663000.0,0.345,1.0,29048000.0,0.342,4105000,16014000.0,2902236000,,0,0,,,1247205000,,,1359007786,830000.0,9855000.0,14586000.0,-12698000.0,-16682000.0,-18285000.0,-992000.0,0.0,20107000.0,0.0,11324000.0,7833000.0,7833000.0,-265000.0,0.0,0.092,7379000.0,21669000.0,1690000,1.952,3.019,103.111,100.755,1652042000,3491000.0,53.4,4.081,4.023,0,-387020000,84991000.0,84991000.0,0.0,,,,,519000.0,7379000.0,1.0,25449584,25087000,25289000.0,3.388,1729008000,0,0.0,0,68.92,
58,MAA,ARQ,2006-12-31,2007-02-28,2006-12-31,2021-07-29,10897000,1746646000,,,,,18.255,-46827000.0,9690000,9690000,56835000.0,4297000.0,,2.817,1196349000,,,1196349000,0,22017000.0,7670000,0.043,0.605,20770000.0,42787000.0,0.504,42787000.0,20770000.0,4297000.0,0.03,0.03,0.03,449066000,,449066000,2585782640,31.0,15.588,-22661000.0,-0.921,1.0,28053000.0,0.33,5051000,16473000.0,2928254000,,0,0,,,1264980000,,,1399123640,-2144000.0,142000.0,46137000.0,-6207000.0,-16090000.0,20350000.0,-46660000.0,0.0,24166000.0,0.0,4297000.0,807000.0,807000.0,-172000.0,0.0,0.01,6664000.0,21389000.0,2773000,20.167,3.116,200.361,184.1,1669539000,3490000.0,55.23,4.292,3.977,0,-378090000,84888000.0,84888000.0,0.0,,,,,1151000.0,6664000.0,1.0,25332675,24599000,24817000.0,3.451,1741595000,0,0.0,0,70.799,
59,MAA,ARQ,2006-09-30,2006-11-02,2006-09-30,2021-07-29,10999000,1723483000,,,,,17.918,-95920000.0,12875000,12875000,54724000.0,5630000.0,,2.935,1202217000,,,1202217000,0,20132000.0,7498000,0.039,0.595,21135000.0,41267000.0,0.499,41267000.0,21135000.0,5630000.0,0.09,0.09,0.09,429843000,,429843000,2682589609,32.0,16.555,-79297000.0,-3.305,1.0,28025000.0,0.339,5051000,15505000.0,2907774000,,0,0,,,1261433000,,,1493247609,-3677000.0,71000.0,18257000.0,75571000.0,-15738000.0,74599000.0,-94899000.0,0.0,16623000.0,0.0,5630000.0,2139000.0,2139000.0,-161000.0,0.0,0.026,6281000.0,21744000.0,678000,6.611,3.474,237.212,234.5,1643677000,3491000.0,60.97,4.67,4.574,0,-363717000,82749000.0,82749000.0,0.0,,,,,363000.0,6281000.0,1.0,24491514,23990000,24215000.0,3.449,1718432000,0,0.0,0,71.631,
60,MAA,ARQ,2006-06-30,2006-08-03,2006-06-30,2021-07-29,24633000,1630919000,,,,,18.627,-38863000.0,15952000,15952000,52183000.0,5892000.0,,2.708,1125235000,,,1125235000,0,19860000.0,7209000,0.041,0.595,21725000.0,41585000.0,0.517,41585000.0,21725000.0,5892000.0,0.1,0.1,0.1,431252000,,431252000,2512055640,31.0,15.764,139000.0,0.006,1.0,28181000.0,0.351,5051000,15833000.0,2735151000,,0,0,,,1167732000,,,1402772640,293000.0,60000.0,74508000.0,-56239000.0,-14972000.0,-194000.0,-38515000.0,0.0,39002000.0,0.0,5892000.0,2401000.0,2401000.0,-198000.0,0.0,0.03,6146000.0,22035000.0,5986000,5.95,3.253,327.674,324.111,1564008000,3491000.0,58.34,4.494,4.327,0,-351269000,80364000.0,80364000.0,0.0,,,,,401000.0,6146000.0,1.0,24044783,23152000,23374000.0,3.471,1625868000,0,0.0,0,70.226,
61,MAA,ARQ,2006-03-31,2006-05-04,2006-03-31,2021-07-29,17545000,1617244000,,,,,16.714,-61152000.0,15475000,15475000,50430000.0,5126000.0,,3.295,1181046000,,,1181046000,0,19415000.0,6871000,0.043,0.595,20929000.0,40344000.0,0.513,40344000.0,20929000.0,5126000.0,0.07,0.07,0.07,369956000,,369956000,2401270128,30.0,15.071,-39617000.0,-1.79,1.0,28216000.0,0.359,5051000,15803000.0,2777764000,,0,0,,,1218932000,,,1235699128,-2991000.0,77000.0,13384000.0,40491000.0,-14637000.0,35748000.0,-60274000.0,0.0,21535000.0,0.0,5126000.0,1636000.0,1636000.0,0.0,0.0,0.021,5872000.0,22344000.0,2663000,8.5,3.34,191.938,187.966,1551629000,3490000.0,54.51,4.056,3.96,0,-339311000,78646000.0,78646000.0,0.0,,,,,245000.0,5872000.0,1.0,22669219,22134000,22366000.0,3.553,1612193000,0,0.0,0,72.838,
62,MAA,ARQ,2005-12-31,2006-03-01,2005-12-31,2021-07-29,7128000,1570457000,,,,,16.64,-10120000.0,19598000,19598000,51193000.0,3610000.0,,3.25,1140046000,,,1140046000,0,20021000.0,6429000,0.043,0.595,18824000.0,38845000.0,0.498,38845000.0,18824000.0,3610000.0,0.0,0.0,0.0,362526000,,362526000,2324524327,30.0,14.943,12062000.0,0.554,1.0,26804000.0,0.344,5051000,15214000.0,2685854000,,0,0,,,1178133000,,,1204076327,3971000.0,551000.0,9626000.0,-132000.0,-14544000.0,-8541000.0,-9670000.0,0.0,22182000.0,0.0,3610000.0,119000.0,119000.0,0.0,0.0,0.002,6628000.0,20176000.0,3278000,,3.321,222.359,217.2,1510289000,3491000.0,54.3,4.048,3.907,0,-314352000,77997000.0,77997000.0,0.0,,,,,1195000.0,6628000.0,1.0,22174518,21786000,21742000.0,3.58,1565406000,0,0.0,0,71.854,
63,MAA,ARQ,2005-09-30,2005-10-31,2005-09-30,2021-07-29,1292000,1575168000,,,,,16.08,-64464000.0,18375000,18375000,51481000.0,3615000.0,,3.463,1140196000,,,1140196000,0,19638000.0,6398000,0.05,0.595,18947000.0,38585000.0,0.513,38585000.0,18947000.0,3615000.0,0.01,0.01,0.01,346494000,,346494000,2136430463,25.0,13.32,-42468000.0,-1.971,1.0,23674000.0,0.315,5051000,15332000.0,2691938000,,0,0,,,1200014000,,,1014609463,3477000.0,-403000.0,8882000.0,53718000.0,-14120000.0,44990000.0,-63509000.0,0.0,21996000.0,0.0,3615000.0,125000.0,125000.0,0.0,0.0,0.002,5078000.0,18596000.0,2592000,59.5,2.928,74.549,70.682,1519639000,3490000.0,46.65,3.521,3.489,0,-314459000,75155000.0,75155000.0,0.0,,,,,182000.0,5078000.0,1.0,21749399,21548000,21844000.0,3.488,1570117000,0,0.0,0,72.866,
64,MAA,ARQ,2005-06-30,2005-08-04,2005-06-30,2021-07-29,-12429000,1520531000,,,,,16.368,-6947000.0,13882000,13882000,48669000.0,8193000.0,,3.261,1086647000,,,1086647000,0,18893000.0,6274000,0.05,0.585,22666000.0,41559000.0,0.57,41559000.0,22666000.0,8193000.0,0.21,0.21,0.21,349464000,,349464000,2076902404,25.0,13.402,28748000.0,1.346,1.0,24193000.0,0.332,5051000,14473000.0,2588245000,,0,0,,,1139762000,,,1004137404,607000.0,14537000.0,5872000.0,-39290000.0,-14033000.0,-51086000.0,15998000.0,0.0,35695000.0,0.0,8193000.0,4558000.0,4558000.0,-22000.0,0.0,0.063,5055000.0,19138000.0,2439000,2.786,2.873,77.786,75.145,1474847000,3635000.0,46.59,3.58,3.546,0,-289036000,72862000.0,72862000.0,0.0,,,,,259000.0,5055000.0,1.0,21552638,21351000,21625000.0,3.413,1515480000,0,0.0,0,70.979,
65,MAA,ARQ,2005-03-31,2005-05-05,2005-03-31,2021-07-29,-3436000,1554647000,,,,,17.242,-51413000.0,12567000,12567000,47423000.0,4326000.0,,3.193,1116275000,,,1116275000,0,18509000.0,6087000,0.059,0.585,18058000.0,36567000.0,0.512,36567000.0,18058000.0,4326000.0,0.03,0.03,0.03,360847000,,360847000,1945114705,25.0,13.134,-31599000.0,-1.51,1.0,24018000.0,0.336,5306000,13732000.0,2653049000,,0,0,,,1152319000,,,841406705,-3124000.0,218000.0,15079000.0,30626000.0,-13759000.0,28233000.0,-51171000.0,0.0,19814000.0,0.0,4326000.0,613000.0,613000.0,160000.0,0.0,0.009,5464000.0,18554000.0,2427000,19.5,2.332,87.31,83.787,1495662000,3713000.0,39.38,3.065,3.002,0,-281094000,71441000.0,71441000.0,0.0,,,,,133000.0,5464000.0,1.0,21366346,20928000,21212000.0,3.414,1549341000,0,0.0,0,74.032,
66,MAA,ARQ,2004-12-31,2005-03-16,2004-12-31,2021-07-29,-14737000,1522307000,,,,,17.334,-86933000.0,15174000,15174000,46683000.0,12020000.0,,3.172,1083473000,,,1083473000,0,18044000.0,5821000,0.063,0.585,25639000.0,43683000.0,0.636,43683000.0,25639000.0,12020000.0,0.41,0.4,0.41,357325000,,357325000,1849766056,24.0,12.63,-70262000.0,-3.408,1.0,22007000.0,0.32,5400000,13619000.0,2585206000,,0,0,,,1133606000,,,781467056,1084000.0,5703000.0,10141000.0,62106000.0,-14004000.0,54537000.0,-70124000.0,0.0,16671000.0,0.0,12020000.0,8314000.0,8314000.0,-5285000.0,0.0,0.121,4790000.0,17217000.0,767000,1.427,2.187,75.337,72.765,1459952000,3706000.0,37.11,2.918,2.816,0,-269482000,68690000.0,68690000.0,0.0,,,,,151000.0,4790000.0,1.0,21058126,20614000,20973000.0,3.332,1516907000,0,0.0,0,73.586,
67,MAA,ARQ,2004-12-31,2005-03-15,2004-12-31,2021-07-29,-14737000,1522307000,,,,,17.334,-86933000.0,15174000,15174000,46683000.0,12020000.0,,3.172,1083473000,,,1083473000,0,18044000.0,5821000,0.063,0.585,25639000.0,43683000.0,0.636,43683000.0,25639000.0,12020000.0,0.41,0.4,0.41,357325000,,357325000,1852924775,24.0,12.651,-70262000.0,-3.408,1.0,22007000.0,0.32,5400000,13619000.0,2585206000,,0,0,,,1133606000,,,784625775,1084000.0,5703000.0,10141000.0,62106000.0,-14004000.0,54537000.0,-70124000.0,0.0,16671000.0,0.0,12020000.0,8314000.0,8314000.0,-5285000.0,0.0,0.121,4790000.0,17217000.0,767000,1.427,2.196,75.641,73.059,1459952000,3706000.0,37.26,2.93,2.827,0,-269482000,68690000.0,68690000.0,0.0,,,,,151000.0,4790000.0,1.0,21058126,20614000,20973000.0,3.332,1516907000,0,0.0,0,73.586,
68,MAA,ARQ,2004-09-30,2004-11-04,2004-09-30,2021-07-29,-19796000,1457101000,,,,,17.195,-34654000.0,15897000,15897000,46600000.0,3131000.0,,3.085,1016786000,,,1016786000,0,17162000.0,5327000,0.058,0.585,15999000.0,33161000.0,0.491,33161000.0,15999000.0,3131000.0,-0.03,-0.03,-0.03,349706000,,349706000,1826128138,27.0,13.404,-18295000.0,-0.9,1.0,20927000.0,0.31,5762000,12868000.0,2452228000,,0,0,,,1078907000,,,825239138,-29501000.0,274000.0,6693000.0,-1189000.0,-13492000.0,-11695000.0,-34165000.0,0.0,16359000.0,0.0,3131000.0,-576000.0,-576000.0,54000.0,0.0,-0.009,4354000.0,16573000.0,2391000,-19.5,2.36,352.666,363.727,1388845000,3707000.0,40.01,3.11,3.066,0,-265730000,67527000.0,67527000.0,0.0,,,,,-432000.0,4354000.0,1.0,20625822,20338000,20338000.0,3.32,1451339000,0,0.0,0,71.361,
69,MAA,ARQ,2004-06-30,2004-08-05,2004-06-30,2021-07-29,-13158000,1458805000,,,,,17.877,-25635000.0,45472000,45472000,44722000.0,4992000.0,,2.943,1017578000,,,1017578000,0,17504000.0,5207000,0.065,0.585,17183000.0,34687000.0,0.519,34687000.0,17183000.0,4992000.0,0.06,0.06,0.06,362454000,,362454000,1709436077,25.0,12.528,8689000.0,0.429,1.0,22154000.0,0.331,5762000,12191000.0,2425149000,,0,0,,,1066630000,,,737330077,30607000.0,89000.0,619000.0,36171000.0,-13283000.0,19801000.0,-23518000.0,0.0,34324000.0,0.0,4992000.0,1286000.0,1286000.0,0.0,0.0,0.019,5529000.0,16625000.0,1658000,9.75,2.034,-5050.206,-1205.0,1384976000,3706000.0,36.15,2.856,2.839,0,-253224000,66876000.0,66876000.0,0.0,,,,,712000.0,5529000.0,1.0,20396406,20275000,20585000.0,3.298,1453043000,0,0.0,0,71.667,
70,MAA,ARQ,2004-03-31,2004-05-07,2004-03-31,2021-07-29,-30009000,1424818000,,,,,17.702,-38279000.0,17662000,17662000,27467000.0,5055000.0,,2.93,979495000,,,979495000,0,17696000.0,5181000,0.073,0.585,17650000.0,35346000.0,0.532,35346000.0,17650000.0,5055000.0,0.07,0.07,0.07,354707000,,354707000,1614537243,24.0,12.216,-17404000.0,-0.869,1.0,39021000.0,0.587,5762000,12595000.0,2380889000,,0,0,,,1039362000,,,652704243,-1852000.0,-4627000.0,7901000.0,26752000.0,-13098000.0,17849000.0,-40576000.0,0.0,20875000.0,0.0,5055000.0,1349000.0,1349000.0,0.0,0.0,0.02,20529000.0,18492000.0,1736000,8.357,1.84,-2590.096,-1602.5,1377545000,3706000.0,32.05,2.616,2.574,0,-242598000,66488000.0,66488000.0,0.0,,,,,132000.0,4924000.0,1.0,20365187,20038000,20365000.0,3.318,1419056000,0,0.0,0,70.818,
71,MAA,ARQ,2003-12-31,2004-03-12,2003-12-31,2021-07-29,-25448000,1406533000,,,,,18.421,-49989000.0,20880000,20880000,27493000.0,4305000.0,,2.804,951941000,,,951941000,0,16803000.0,5036000,0.064,0.585,16241000.0,33044000.0,0.512,33044000.0,16241000.0,4305000.0,0.01,0.01,0.01,361294000,,361294000,1663809917,25.0,13.068,-33985000.0,-1.733,1.0,36984000.0,0.574,5762000,11936000.0,2331832000,,0,0,,,1013220000,,,732748917,4576000.0,76000.0,15493000.0,39791000.0,-13560000.0,37470000.0,-48898000.0,0.0,16004000.0,0.0,4305000.0,281000.0,281000.0,-1919000.0,0.0,0.004,19886000.0,17098000.0,1696000,58.5,2.028,-610.624,-521.143,1351849000,4024000.0,36.48,3.042,2.782,0,-232224000,64477000.0,64477000.0,0.0,,,,,204000.0,3553000.0,1.0,20086319,19613000,19613000.0,3.287,1400771000,0,0.0,0,71.421,
72,MAA,ARQ,2003-09-30,2003-11-10,2003-09-30,2021-07-29,-29102000,1366458000,,,,,19.368,-39645000.0,15940000,15940000,26213000.0,6470000.0,,2.763,911696000,,,911696000,0,15211000.0,4709000,0.073,0.585,18159000.0,33370000.0,0.553,33370000.0,18159000.0,6470000.0,-0.17,-0.17,-0.17,354471000,,354471000,1522555334,23.0,12.133,-21918000.0,-1.198,1.0,34124000.0,0.566,0,11689000.0,2262214000,,0,0,,,979230000,,,626799334,-12191000.0,-21794000.0,41648000.0,-1560000.0,-11574000.0,26592000.0,-56510000.0,0.0,17727000.0,0.0,6470000.0,-3062000.0,-3062000.0,0.0,0.0,-0.051,18793000.0,15331000.0,1875000,-3.441,1.768,-518.444,-535.0,1319732000,9532000.0,32.1,2.685,2.517,0,-221080000,60337000.0,60337000.0,0.0,,,,,224000.0,3966000.0,1.0,19526459,18302000,18302000.0,3.297,1366458000,0,0.0,0,74.662,
73,MAA,ARQ,2003-06-30,2003-08-08,2003-06-30,2021-07-29,-34542000,1253570000,,,,,17.709,-27645000.0,24912000,24912000,23808000.0,5105000.0,,2.875,833212000,,,833212000,0,14527000.0,4345000,0.102,0.585,15877000.0,30404000.0,0.523,30404000.0,15877000.0,5105000.0,0.07,0.07,0.07,315652000,,315652000,1326355541,20.0,10.738,1923000.0,0.108,1.0,34351000.0,0.591,0,10772000.0,2061870000,,0,0,,,907406000,,,518055541,12008000.0,-1992000.0,2146000.0,5905000.0,-12067000.0,-7931000.0,-9629000.0,0.0,29568000.0,0.0,5105000.0,1180000.0,1180000.0,0.0,0.0,0.02,18087000.0,16264000.0,3390000,8.357,1.641,319.393,287.8,1199725000,3925000.0,28.78,2.24,2.218,0,-207484000,58159000.0,58159000.0,0.0,,,,,280000.0,4064000.0,1.0,18000540,17824000,18047000.0,3.263,1253570000,0,0.0,0,70.33,
74,MAA,ARQ,2003-03-31,2003-05-15,2003-03-31,2021-07-29,-29527000,1245861000,,,,,18.45,-22767000.0,12505000,12505000,23118000.0,4326000.0,,2.707,825776000,,,825776000,0,14539000.0,4362000,0.108,0.585,15961000.0,30500000.0,0.528,30500000.0,15961000.0,4326000.0,0.02,0.02,0.02,327518000,,327518000,1296117410,20.0,10.389,-6825000.0,-0.384,1.0,34641000.0,0.6,0,11635000.0,2059132000,,0,0,,,886437000,,,482846410,-4835000.0,-2425000.0,702000.0,19397000.0,-12044000.0,4120000.0,-24897000.0,0.0,15942000.0,0.0,4326000.0,401000.0,401000.0,0.0,0.0,0.007,18002000.0,16639000.0,1037000,29.25,1.474,349.13,299.778,1203100000,3925000.0,26.98,2.099,2.083,0,-198197000,57759000.0,57759000.0,0.0,,,,,93000.0,4087000.0,1.0,17896457,17752000,17921000.0,3.254,1245861000,0,0.0,0,70.181,
75,MAA,ARQ,2002-12-31,2003-03-31,2002-12-31,2021-07-29,-28100000,1239467000,,,,,19.094,-12641000.0,18057000,18057000,27542000.0,3074000.0,,2.566,803703000,,,803703000,0,14556000.0,4406000,0.123,0.585,15141000.0,29697000.0,0.478,29697000.0,15141000.0,3074000.0,-0.17,-0.09,-0.17,338171000,,338171000,1209401550,18.0,9.788,10794000.0,0.609,1.0,34584000.0,0.557,0,12067000.0,2025113000,,0,0,,,867891000,,,423755550,-3584000.0,-8628000.0,489000.0,-21710000.0,-12011000.0,-42641000.0,15622000.0,0.0,23435000.0,0.0,3074000.0,-2911000.0,-2911000.0,0.0,0.0,-0.047,17263000.0,17321000.0,464000,-3.441,1.253,-219.676,-215.455,1192223000,5985000.0,23.7,1.818,1.785,0,-188155000,62126000.0,62126000.0,0.0,,,,,319000.0,3408000.0,1.0,17879981,17711000,17102000.0,3.508,1239467000,0,0.0,0,69.983,
76,MAA,ARQ,2002-09-30,2002-11-14,2002-09-30,2021-07-29,-24713000,1278493000,,,,,20.099,-40564000.0,24231000,24231000,22660000.0,3797000.0,,2.508,822732000,,,822732000,0,14942000.0,4544000,0.116,1.171,16454000.0,31396000.0,0.54,31396000.0,16454000.0,3797000.0,-0.01,-0.01,-0.01,353325000,,353325000,1248065186,18.0,9.906,-20303000.0,-1.155,1.0,35534000.0,0.611,0,12657000.0,2076994000,,0,0,,,886019000,,,449564186,-1925000.0,20000.0,556000.0,33843000.0,-12013000.0,18358000.0,-40544000.0,0.0,20261000.0,0.0,3797000.0,-231000.0,-231000.0,0.0,0.0,-0.004,18235000.0,17299000.0,1038000,-117.1,1.272,145.068,168.2,1225333000,4028000.0,25.23,1.979,1.952,0,-174836000,58194000.0,58194000.0,0.0,,,,,11000.0,3983000.0,1.0,17818636,17579000,17579000.0,3.31,1278493000,0,0.0,0,72.728,
77,MAA,ARQ,2002-06-30,2002-08-14,2002-06-30,2021-07-29,-12526000,1250962000,,,,,21.328,-5971000.0,25344000,25344000,21453000.0,4970000.0,,2.236,788136000,,,788136000,0,14311000.0,4643000,0.12,0.585,17332000.0,31643000.0,0.556,31643000.0,17332000.0,4970000.0,0.06,0.05,0.06,373204000,,373204000,1192192465,15.0,8.887,16063000.0,0.918,1.0,35410000.0,0.623,0,12362000.0,2013754000,,0,0,,,834652000,,,429400465,3582000.0,155000.0,-735000.0,4069000.0,-11941000.0,-12636000.0,-5816000.0,0.0,22034000.0,0.0,4970000.0,941000.0,941000.0,0.0,0.0,0.017,17636000.0,17774000.0,1546000,9.75,1.151,34.651,35.29,1198938000,4029000.0,24.35,1.899,1.884,0,-164290000,56863000.0,56863000.0,0.0,,,,,171000.0,3989000.0,1.0,17634516,17498000,17749000.0,3.25,1250962000,0,0.0,0,71.492,
78,MAA,ARQ,2002-03-31,2002-05-15,2002-03-31,2021-07-29,-4968000,1252596000,,,,,22.368,-3410000.0,21010000,21010000,21187000.0,4300000.0,,2.094,783607000,,,783607000,0,14166000.0,4589000,0.114,0.585,16662000.0,30828000.0,0.551,30828000.0,16662000.0,4300000.0,0.02,0.02,0.02,390426000,,390426000,1213215434,15.0,9.008,11936000.0,0.684,1.0,34769000.0,0.621,0,12362000.0,2015193000,,0,0,,,817410000,,,450618434,329000.0,-34000.0,565000.0,3800000.0,-11910000.0,-11573000.0,-3444000.0,0.0,15346000.0,0.0,4300000.0,272000.0,272000.0,0.0,0.0,0.005,17427000.0,17342000.0,1356000,29.25,1.154,37.477,37.319,1206730000,4028000.0,25.75,1.982,1.977,0,-154994000,55956000.0,55956000.0,0.0,,,,,124000.0,3918000.0,1.0,17499745,17455000,17596000.0,3.206,1252596000,0,0.0,0,71.761,
79,MAA,ARQ,2001-12-31,2002-04-01,2001-12-31,2021-07-29,-8756000,1263488000,,,,,22.714,-6356000.0,23432000,23432000,20886000.0,6145000.0,,2.075,779664000,,,779664000,0,13701000.0,4514000,0.113,0.585,18417000.0,32118000.0,0.572,32118000.0,18417000.0,6145000.0,0.08,0.09,0.08,395829000,,395829000,1208978116,15.0,8.909,13280000.0,0.762,1.0,35258000.0,0.628,0,12272000.0,2019720000,,0,0,,,821228000,,,452746116,1546000.0,-25000.0,769000.0,3125000.0,-11901000.0,-12035000.0,-6055000.0,0.0,19636000.0,0.0,6145000.0,2117000.0,2117000.0,0.0,0.0,0.038,17177000.0,18081000.0,1219000,7.312,1.144,35.975,35.972,1216933000,4028000.0,25.9,1.985,1.979,0,-145061000,56144000.0,56144000.0,0.0,,,,,-219000.0,4133000.0,1.0,17480545,17427000,17568000.0,3.222,1263488000,0,0.0,0,72.502,
80,MAA,ARQ,2001-09-30,2001-11-14,2001-09-30,2021-07-29,-9829000,1273521000,,,,,23.099,-8289000.0,25047000,25047000,21726000.0,13090000.0,,2.048,775467000,,,775467000,0,13446000.0,4599000,0.113,1.171,26114000.0,39560000.0,0.692,39560000.0,26114000.0,13090000.0,0.53,0.53,0.53,402063000,,402063000,1200266839,15.0,8.789,20111000.0,1.155,1.0,35451000.0,0.62,0,13024000.0,2023941000,,0,0,,,823532000,,,449846839,-107000.0,61000.0,-221000.0,-16378000.0,-11907000.0,-32534000.0,4027000.0,0.0,28400000.0,0.0,13090000.0,9062000.0,9062000.0,0.0,0.0,0.158,16671000.0,18780000.0,1997000,2.209,1.119,35.586,34.4,1222152000,4028000.0,25.8,1.968,1.965,0,-136986000,57177000.0,57177000.0,0.0,,,,,157000.0,3755000.0,1.0,17435924,17406000,17569000.0,3.285,1273521000,0,0.0,0,73.166,
81,MAA,ARQ,2001-06-30,2001-08-14,2001-06-30,2021-07-29,-2072000,1286753000,,,,,23.623,-12356000.0,24653000,24653000,21170000.0,4602000.0,,2.015,790708000,,,790708000,0,13730000.0,4723000,0.089,0.585,18445000.0,32175000.0,0.554,32175000.0,18445000.0,4602000.0,0.06,0.06,0.06,410962000,,410962000,1220563428,16.0,9.462,11271000.0,0.648,1.0,36937000.0,0.636,0,13843000.0,2052808000,,0,0,,,827915000,,,454508428,-8110000.0,87000.0,-364000.0,-2556000.0,-11919000.0,-18868000.0,-12869000.0,0.0,23627000.0,0.0,4602000.0,573000.0,573000.0,0.0,0.0,0.01,17259000.0,19678000.0,1277000,9.75,1.106,87.777,84.194,1239566000,4029000.0,26.1,1.99,1.988,0,-135860000,58107000.0,58107000.0,0.0,,,,,76000.0,4165000.0,1.0,17414116,17397000,17480000.0,3.34,1286753000,0,0.0,0,73.964,
82,MAA,ARQ,2001-03-31,2001-05-15,2001-03-31,2021-07-29,-3971000,1294547000,,,,,23.959,-9112000.0,31806000,31806000,20802000.0,4861000.0,,1.973,791245000,,,791245000,0,13526000.0,4621000,0.1,0.585,18320000.0,31846000.0,0.563,31846000.0,18320000.0,4861000.0,0.05,0.05,0.05,418776000,,418776000,1163420028,15.0,8.73,9866000.0,0.564,1.0,35809000.0,0.633,0,13459000.0,2053986000,,0,0,,,826160000,,,403981028,2768000.0,166000.0,-1998000.0,10128000.0,-11966000.0,-7864000.0,-8346000.0,0.0,18978000.0,0.0,4861000.0,833000.0,833000.0,0.0,0.0,0.015,17027000.0,18782000.0,1049000,11.7,0.965,36.005,36.841,1239927000,4028000.0,23.21,1.789,1.796,0,-126304000,56611000.0,56611000.0,0.0,,,,,131000.0,4030000.0,1.0,17405473,17479000,17510000.0,3.239,1294547000,0,0.0,0,74.063,
83,MAA,ARQ,2000-12-31,2001-04-02,2000-12-31,2021-07-29,0,1303771000,,,,,24.827,-14808000.0,33567000,33567000,20844000.0,6200000.0,,1.886,781089000,,,781089000,0,13595000.0,4611000,0.103,0.585,19392000.0,32987000.0,0.582,32987000.0,19392000.0,6200000.0,0.11,0.11,0.11,433993000,,433993000,1141457433,14.0,8.447,889000.0,0.051,1.0,35850000.0,0.632,0,13192000.0,2051293000,,0,0,,,818395000,,,393935433,-2278000.0,80000.0,689000.0,4148000.0,-11851000.0,-11041000.0,-6934000.0,0.0,15697000.0,0.0,6200000.0,2173000.0,2173000.0,0.0,0.0,0.038,16590000.0,19260000.0,1740000,5.318,0.908,28.811,28.923,1244475000,4027000.0,22.56,1.754,1.762,0,-116889000,56694000.0,56694000.0,0.0,,,,,120000.0,3600000.0,1.0,17461677,17481000,17513000.0,3.243,1303771000,0,0.0,0,74.582,
84,MAA,ARQ,2000-09-30,2000-11-14,2000-09-30,2021-07-29,0,1310943000,,,,,25.244,-8285000.0,34150000,34150000,22029000.0,5627000.0,,1.851,776512000,,,776512000,0,13357000.0,4741000,0.107,0.58,18633000.0,31990000.0,0.562,31990000.0,18633000.0,5627000.0,0.09,0.09,0.09,441345000,,441345000,1121550549,14.0,8.219,11239000.0,0.643,1.0,34908000.0,0.613,0,13006000.0,2053305000,,0,0,,,816712000,,,379188549,2360000.0,141000.0,-2072000.0,10537000.0,-11848000.0,-7412000.0,-9752000.0,0.0,19524000.0,0.0,5627000.0,1599000.0,1599000.0,0.0,0.0,0.028,16437000.0,18471000.0,2148000,6.444,0.859,22.466,17.352,1249346000,4028000.0,21.69,1.694,1.694,0,-108925000,56937000.0,56937000.0,0.0,,,,,0.0,3700000.0,1.0,17482183,17483000,17568000.0,3.257,1310943000,0,0.0,0,74.984,
85,MAA,ARQ,2000-06-30,2000-08-14,2000-06-30,2021-07-29,0,1305707000,,,,,25.687,-41193000.0,30962000,30962000,20259000.0,10644000.0,,1.77,765476000,,,765476000,0,13477000.0,4798000,0.095,0.58,22962000.0,36439000.0,0.655,36439000.0,22962000.0,10644000.0,0.38,0.38,0.38,451688000,,451688000,1160552841,13.0,8.264,-21818000.0,-1.241,1.0,35342000.0,0.636,0,12318000.0,2040221000,,0,0,,,799651000,,,426038841,-2257000.0,51000.0,-2118000.0,-1848000.0,-11964000.0,-19958000.0,-1674000.0,0.0,19375000.0,0.0,10644000.0,6615000.0,6615000.0,0.0,0.0,0.119,16404000.0,18938000.0,1501000,1.526,0.943,19.562,20.208,1251563000,4029000.0,24.25,1.903,1.905,0,-100432000,55601000.0,55601000.0,0.0,,,,,-137000.0,3746000.0,1.0,17568612,17584000,17654000.0,3.162,1305707000,0,0.0,0,74.255,
86,MAA,ARQ,2000-03-31,2000-05-15,2000-03-31,2021-07-29,0,1298543000,,,,,25.939,-21371000.0,31450000,31450000,20314000.0,7316000.0,,1.72,754475000,,,754475000,0,14173000.0,4727000,0.096,0.58,19536000.0,33709000.0,0.608,33709000.0,19536000.0,7316000.0,0.19,0.19,0.19,457309000,,457309000,1145763074,15.0,8.668,-4803000.0,-0.272,1.0,35094000.0,0.633,0,12220000.0,2021568000,,0,0,,,786429000,,,422738074,4178000.0,-5000.0,145000.0,12025000.0,-11928000.0,-3788000.0,-8602000.0,0.0,16568000.0,0.0,7316000.0,3286000.0,3286000.0,0.0,0.0,0.059,14248000.0,20846000.0,1401000,3.053,0.924,30.58,31.92,1243820000,4030000.0,23.94,1.882,1.879,0,-96795000,55408000.0,55408000.0,0.0,,,,,137000.0,3780000.0,1.0,17658232,17630000,17655000.0,3.143,1298543000,0,0.0,0,73.655,
87,MAA,ARQ,1999-12-31,2000-03-30,1999-12-31,2021-07-29,0,1298823000,,,,,25.633,-29225000.0,26629000,26629000,20603000.0,9408000.0,,1.679,744238000,,,744238000,0,12924000.0,4739000,0.1,0.58,21398000.0,34322000.0,0.614,34322000.0,21398000.0,9408000.0,0.59,0.59,0.59,463884000,,463884000,1122162254,14.0,8.335,-20484000.0,-1.132,1.0,35264000.0,0.631,0,11990000.0,2016432000,,0,0,,,778879000,,,404553254,-354000.0,2398000.0,-30796000.0,22267000.0,-12600000.0,-24233000.0,15138000.0,0.0,8741000.0,0.0,9408000.0,5378000.0,5378000.0,0.0,0.0,0.096,6816000.0,28448000.0,2122000,0.983,0.872,23.173,24.667,1248051000,4030000.0,22.94,1.788,1.904,0,-89869000,55867000.0,55867000.0,0.0,,,,,494000.0,4486000.0,1.0,17635277,18097000,18148000.0,3.087,1298823000,0,0.0,0,71.77,
88,MAA,ARQ,1999-09-30,1999-11-12,1999-09-30,2021-07-29,0,1315771000,,,,,26.043,-24471000.0,32528000,32528000,21826000.0,10528000.0,,1.52,718551000,,,718551000,0,13315000.0,4908000,0.103,0.575,22644000.0,35959000.0,0.631,35959000.0,22644000.0,10528000.0,0.04,0.04,0.04,499210000,,499210000,1098350688,14.0,8.356,2752000.0,0.144,1.0,35157000.0,0.617,0,12116000.0,2001794000,,0,0,,,758683000,,,412327688,895000.0,-4456000.0,-1582000.0,-10595000.0,-12510000.0,-28973000.0,2645000.0,0.0,27223000.0,0.0,10528000.0,6500000.0,6500000.0,0.0,0.0,0.114,16039000.0,19118000.0,2713000,14.375,0.826,26.674,43.038,1258441000,4028000.0,22.38,1.818,1.892,0,-84381000,56983000.0,56983000.0,0.0,,,,,0.0,3844000.0,1.0,18423936,19169000,19174000.0,2.973,1315771000,0,0.0,0,68.641,
89,MAA,ARQ,1999-06-30,1999-08-16,1999-06-30,2021-07-29,0,1323245000,,,,,26.628,-9295000.0,32148000,32148000,21206000.0,2689000.0,,1.504,729146000,,,729146000,0,13310000.0,4950000,0.106,0.575,14884000.0,28194000.0,0.5,28194000.0,14884000.0,2689000.0,-0.07,-0.07,-0.07,505050000,,505050000,1103615540,15.0,8.733,13371000.0,0.705,1.0,35156000.0,0.624,0,12195000.0,2020243000,,0,0,,,759562000,,,406617540,-692000.0,-478000.0,1847000.0,-10963000.0,-12613000.0,-26181000.0,2823000.0,0.0,22666000.0,0.0,2689000.0,-1340000.0,-1340000.0,0.0,0.0,-0.024,15635000.0,19521000.0,912000,-8.214,0.805,32.075,31.441,1270621000,4029000.0,21.38,1.8,1.796,0,-78798000,56362000.0,56362000.0,0.0,,,,,0.0,3010000.0,1.0,19018594,18967000,19004000.0,2.972,1323245000,0,0.0,0,69.766,
90,MAA,ARQ,1999-03-31,1999-05-17,1999-03-31,2021-07-29,0,1351467000,,,,,27.213,-24815000.0,40276000,40276000,21250000.0,10947000.0,,1.509,741537000,,,741537000,0,13208000.0,4721000,0.095,0.575,22948000.0,36156000.0,0.633,36156000.0,22948000.0,10947000.0,0.37,0.37,0.37,514382000,,514382000,1150581408,15.0,8.999,-8467000.0,-0.448,1.0,35839000.0,0.628,0,12001000.0,2052728000,,0,0,,,776190000,,,449320408,7006000.0,-5549000.0,1007000.0,-11969000.0,-12588000.0,-27822000.0,18480000.0,0.0,16348000.0,0.0,10947000.0,6920000.0,6920000.0,0.0,0.0,0.121,10957000.0,24882000.0,6731000,1.554,0.874,25.193,25.0,1276080000,4027000.0,23.75,2.027,2.025,0,-67824000,57089000.0,57089000.0,0.0,,,,,0.0,3139000.0,1.0,18918754,18902000,18929000.0,3.02,1351467000,0,0.0,0,71.499,
91,MAA,ARQ,1998-12-31,1999-04-02,1998-12-31,2021-07-29,0,1366427000,,,,,27.446,-52817000.0,16519000,16519000,21134000.0,6834000.0,,1.523,753427000,,,753427000,0,12896000.0,4917000,0.102,0.575,18244000.0,31140000.0,0.553,31140000.0,18244000.0,6834000.0,0.18,0.18,0.18,517299000,,517299000,1150799335,16.0,9.524,-33855000.0,-1.796,1.0,35175000.0,0.625,0,11410000.0,2103335000,,0,0,,,787687000,,,413891335,-4295000.0,0.0,998000.0,14116000.0,-12003000.0,29574000.0,-52831000.0,0.0,18962000.0,0.0,6834000.0,3378000.0,3378000.0,0.0,0.0,0.06,15838000.0,19337000.0,10384000,3.194,0.8,27.004,26.683,1315368000,3456000.0,21.88,1.92,1.901,0,-63876000,56309000.0,56309000.0,0.0,,,,,-235000.0,3544000.0,1.0,18916423,18848000,18878000.0,2.988,1366427000,0,0.0,0,72.497,
92,MAA,ARQ,1998-12-31,1999-03-31,1998-12-31,2021-07-29,0,1366427000,,,,,27.446,-52817000.0,16519000,16519000,21134000.0,6834000.0,,1.523,753427000,,,753427000,0,12896000.0,4917000,0.104,0.575,18244000.0,31140000.0,0.553,31140000.0,18244000.0,6834000.0,0.18,0.18,0.18,517299000,,517299000,1141341124,16.0,9.446,-33855000.0,-1.796,1.0,35175000.0,0.625,0,11410000.0,2103335000,,0,0,,,787687000,,,404433124,-4295000.0,0.0,998000.0,14116000.0,-12003000.0,29574000.0,-52831000.0,0.0,18962000.0,0.0,6834000.0,3378000.0,3378000.0,0.0,0.0,0.06,15838000.0,19337000.0,10384000,3.194,0.782,26.387,26.073,1315368000,3456000.0,21.38,1.876,1.857,0,-63876000,56309000.0,56309000.0,0.0,,,,,-235000.0,3544000.0,1.0,18916423,18848000,18878000.0,2.988,1366427000,0,0.0,0,72.497,
93,MAA,ARQ,1998-09-30,1998-11-16,1998-09-30,2021-07-29,0,1321904000,,,,,26.491,-82746000.0,22267000,22267000,21019000.0,7154000.0,,1.53,722948000,,,722948000,0,12104000.0,4882000,0.09,0.55,18784000.0,30888000.0,0.551,30888000.0,18784000.0,7154000.0,0.2,0.2,0.2,498088000,,498088000,1163391351,,,-59190000.0,-3.148,1.0,35067000.0,0.625,0,11630000.0,2022585000,,0,0,,,762203000,,,462710351,-1174000.0,0.0,-25000.0,73994000.0,-12030000.0,58013000.0,-82743000.0,0.0,23556000.0,0.0,7154000.0,3719000.0,3719000.0,0.0,0.0,0.066,15080000.0,19987000.0,7304000,2.75,0.929,,,1265569000,3435000.0,24.56,,,0,-55488000,56086000.0,56086000.0,0.0,,,,,356000.0,3423000.0,1.0,18839998,18802000,18842000.0,2.983,1321904000,0,0.0,0,70.307,
94,MAA,ARQ,1998-06-30,1998-08-14,1998-06-30,2021-07-29,0,1251754000,,,,,26.99,-31381000.0,24129000,24129000,19241000.0,6094000.0,,1.356,648927000,,,648927000,0,11909000.0,4737000,0.083,0.55,17770000.0,29679000.0,0.569,29679000.0,17770000.0,6094000.0,0.2,0.2,0.2,504529000,,504529000,1117073909,21.0,11.973,-8418000.0,-0.45,1.0,32925000.0,0.631,0,11676000.0,1876552000,,0,0,,,684209000,,,492275909,291000.0,0.0,6081000.0,-35109000.0,-11904000.0,3274000.0,-25946000.0,0.0,22963000.0,0.0,6094000.0,3818000.0,3818000.0,0.0,0.0,0.073,13197000.0,19728000.0,7764000,2.75,0.976,60.291,67.154,1194115000,2276000.0,26.19,2.739,2.724,0,-48870000,52166000.0,52166000.0,0.0,,,,,0.0,2377000.0,1.0,18796331,18693000,18741000.0,2.791,1251754000,0,0.0,0,66.964,
95,MAA,ARQ,1998-03-31,1998-05-15,1998-03-31,2021-07-29,0,1222507000,,,,,24.67,-37087000.0,26036000,26036000,18523000.0,6675000.0,,1.53,666132000,,,666132000,0,11460000.0,4683000,0.079,0.55,17663000.0,29123000.0,0.571,29123000.0,17663000.0,6675000.0,0.24,0.24,0.24,457647000,,457647000,1153001745,,,-22163000.0,-1.195,1.0,32459000.0,0.637,0,10988000.0,1862603000,,0,0,,,700301000,,,512905745,-2390000.0,0.0,2532000.0,33919000.0,-11180000.0,19773000.0,-37087000.0,0.0,14924000.0,0.0,6675000.0,4412000.0,4412000.0,0.0,0.0,0.087,13458000.0,19001000.0,11487000,2.292,1.121,,,1161403000,2263000.0,27.5,,,0,-42550000,50982000.0,50982000.0,0.0,,,,,0.0,2616000.0,1.0,18651118,18551000,18613000.0,2.748,1222507000,0,0.0,0,65.9,
96,MAA,ARQ,1997-12-31,1998-04-27,1997-12-31,2021-07-29,0,1194070000,,,,,24.873,,28202000,28202000,,,,1.451,632213000,,,632213000,0,,4509000,0.081,0.55,,,,,,,,,,461500000,,461500000,1102740665,27.0,16.001,,,1.0,,,0,,1798081000,,0,0,,,669705000,,,498729665,,,,,,,,,,,,,,,,,,,10098000,,1.081,83.469,62.512,1134704000,,26.88,3.585,3.585,0,-38371000,,,,,,,,,,1.0,18553931,18553931,,,1194070000,0,,0,64.357,
97,MAA,ARQ,1997-12-31,1998-03-31,1997-12-31,2021-07-29,0,1194070000,,,,,24.877,,28202000,28202000,,,,1.451,632213000,,,632213000,0,,4509000,0.076,0.55,,,,,,,,,,461500000,,461500000,1127046315,28.0,16.354,,,1.0,,,0,,1798081000,,0,0,,,669705000,,,523035315,,,,,,,,,,,,,,,,,,,10098000,,1.133,87.537,65.558,1134704000,,28.19,3.76,3.759,0,-38371000,,,,,,,,,,1.0,18553931,18551000,,,1194070000,0,,0,64.367,
98,MAA,ARQ,1997-06-30,1998-02-04,1997-06-30,2021-07-29,0,703229000,,,,,21.981,-41256000.0,10485000,10485000,12362000.0,4553000.0,,1.236,347897000,,,347897000,0,6726000.0,2687000,0.074,0.55,11140000.0,17866000.0,0.546,17866000.0,11140000.0,4553000.0,0.25,,0.25,294376000,,294376000,724989040,,,-25725000.0,-1.921,1.0,20358000.0,0.622,0,6587000.0,1040641000,,0,0,,,363811000,,,387577040,2020000.0,0.0,4020000.0,33485000.0,-8456000.0,27745000.0,-41256000.0,0.0,15531000.0,0.0,4553000.0,3365000.0,3365000.0,0.0,0.0,0.103,8098000.0,12260000.0,1350000,2.2,1.317,,,683314000,1188000.0,28.94,,,0,-22112000,32720000.0,32720000.0,0.0,,,,,0.0,1600000.0,1.0,13392434,13392434,,2.443,703229000,0,0.0,0,52.509,
0,MAA,ART,2021-06-30,2021-07-29,2021-06-30,2021-07-29,-11632000,11242120000,11189498250.0,,,0.153,51.503,-580624000.0,43004000,43004000,1181648000.0,421074000.0,,0.862,4553237000,,,4553237000,0,521485000.0,0,0.021,4.075,571928000.0,1093413000.0,0.64,1093413000.0,571928000.0,411427000.0,3.52,3.52,3.52,5918715000,5874784000.0,5918715000,26690927145,47.0,24.411,251028000.0,2.184,1.0,527144000.0,0.308,0,160501000.0,15752353000,15701884500.0,0,0,,,5099761000,,,22180694145,7410000.0,-4081000.0,0.0,76301000.0,-463328000.0,-404808000.0,-419434000.0,0.0,831652000.0,0.0,406923000.0,403235000.0,403235000.0,0.0,14151000.0,0.236,101748000.0,425396000.0,0,1.158,3.748,55.007,54.832,10982401000,3688000.0,193.01,12.98,12.98,0,-1272694000,1708792000.0,1708792000.0,0.0,0.036,0.069,0.036,0.335,15391000.0,101748000.0,1.0,114919922,114919922,,14.869,11242120000,0,4504000.0,0,97.826,
1,MAA,ART,2021-03-31,2021-04-29,2021-03-31,2021-07-29,-11859000,11192378000,11161796500.0,,,0.151,50.702,-507803000.0,43375000,43375000,1165724000.0,274927000.0,,0.888,4657585000,,,4657585000,0,516841000.0,0,0.026,4.05,432918000.0,949759000.0,0.564,949759000.0,432918000.0,269166000.0,2.29,2.29,2.29,5804716000,5883813750.0,5804716000,22414615176,52.0,23.6,303655000.0,2.652,1.0,519167000.0,0.308,0,163752000.0,15806588000,15655878000.0,0,0,,,5155017000,,,17800405176,-5672000.0,-3986000.0,0.0,169854000.0,-460327000.0,-309889000.0,-507241000.0,0.0,811458000.0,0.0,265507000.0,261819000.0,261819000.0,0.0,9420000.0,0.155,97169000.0,421998000.0,0,1.769,3.067,67.987,67.895,10961007000,3688000.0,155.48,10.565,10.565,0,-1367347000,1684891000.0,1684891000.0,0.0,0.023,0.044,0.028,0.257,14410000.0,97169000.0,1.0,114486784,114486784,,14.717,11192378000,0,3659000.0,0,97.761,
2,MAA,ART,2020-12-31,2021-02-18,2020-12-31,2021-07-29,-12128000,11194791000,11152696250.0,,,0.15,51.33,-483906000.0,35615000,35615000,1151313000.0,264015000.0,,0.867,4562712000,,,4562712000,0,511678000.0,0,0.029,4.025,425851000.0,937529000.0,0.559,937529000.0,425851000.0,258289000.0,2.2,2.19,2.2,5871633000,5931989500.0,5871633000,20227036934,47.0,21.575,340043000.0,2.973,1.0,526671000.0,0.314,0,167562000.0,15721888000,15601886750.0,0,0,,,5090986000,,,15699939934,-34926000.0,-5000000.0,0.0,104268000.0,-457355000.0,-374144000.0,-484731000.0,0.0,823949000.0,0.0,254962000.0,251274000.0,251274000.0,0.0,9053000.0,0.15,99158000.0,427513000.0,0,1.83,2.674,62.481,62.386,10967115000,3688000.0,137.25,9.356,9.356,0,-1294182000,1677984000.0,1677984000.0,0.0,0.023,0.042,0.027,0.254,14329000.0,99158000.0,1.0,114389362,114389362,,14.669,11194791000,0,3327000.0,0,97.866,
3,MAA,ART,2020-09-30,2020-10-29,2020-09-30,2021-07-29,-12396000,11128704000,11161611000.0,,,0.15,51.623,-458860000.0,27589000,27589000,1136927000.0,332776000.0,,0.846,4425594000,,,4425594000,0,507518000.0,0,0.035,4.0,494931000.0,1002449000.0,0.6,1002449000.0,494931000.0,324623000.0,2.78,2.78,2.78,5904072000,5981222500.0,5904072000,17382409756,35.0,17.34,344907000.0,3.016,1.0,534213000.0,0.32,0,170308000.0,15526709000,15575041500.0,0,0,,,4995608000,,,12984404756,-15093000.0,-3992000.0,0.0,-54267000.0,-452487000.0,-518116000.0,-300744000.0,0.0,803767000.0,0.0,321209000.0,317521000.0,317521000.0,0.0,11567000.0,0.19,99322000.0,434891000.0,0,1.439,2.199,40.893,40.838,10928375000,3688000.0,113.53,7.77,7.77,0,-1258072000,1671140000.0,1671140000.0,0.0,0.028,0.053,0.032,0.296,14636000.0,98946000.0,1.0,114369812,114369812,,14.612,11128704000,0,3414000.0,0,97.305,
4,MAA,ART,2020-06-30,2020-07-30,2020-06-30,2021-07-29,-12665000,11131313000,11191373500.0,,,0.149,52.069,-452107000.0,35594000,35594000,1123657000.0,352199000.0,,0.831,4472608000,,,4472608000,0,504629000.0,0,0.034,3.96,517995000.0,1022624000.0,0.615,1022624000.0,517995000.0,344184000.0,2.94,2.94,2.94,5954834000,6009317500.0,5954834000,17877212657,35.0,17.482,350461000.0,3.064,1.0,539916000.0,0.325,0,173811000.0,15568327000,15613660750.0,0,0,,,4946403000,,,13440198657,-22090000.0,-4009000.0,0.0,-70833000.0,-447603000.0,-529376000.0,-295282000.0,0.0,802568000.0,0.0,339944000.0,336256000.0,336256000.0,0.0,12255000.0,0.202,100655000.0,439261000.0,0,1.347,2.257,39.97,39.973,10938702000,3688000.0,117.52,8.079,8.079,0,-1202536000,1663573000.0,1663573000.0,0.0,0.03,0.056,0.033,0.311,13567000.0,100279000.0,1.0,114365203,114365203,,14.546,11131313000,0,4240000.0,0,97.331,
5,MAA,ART,2020-03-31,2020-05-07,2020-03-31,2021-07-29,-12934000,11155977000,11227252750.0,,,0.148,52.447,-431008000.0,49047000,49047000,1117082000.0,338612000.0,,0.822,4483693000,,,4483693000,0,501365000.0,0,0.034,3.92,508150000.0,1009515000.0,0.609,1009515000.0,508150000.0,330521000.0,2.82,2.82,2.82,5997419000,6033475500.0,5997419000,17442088175,34.0,17.278,356336000.0,3.116,1.0,540855000.0,0.326,0,177629000.0,15590623000,15660862750.0,0,0,,,4929145000,,,13007442175,-10340000.0,-5827000.0,0.0,-73227000.0,-442689000.0,-522306000.0,-275378000.0,0.0,787344000.0,0.0,326799000.0,323111000.0,323111000.0,0.0,11813000.0,0.195,102420000.0,438435000.0,0,1.39,2.169,40.257,40.337,10965184000,3688000.0,113.75,7.846,7.846,0,-1160944000,1657937000.0,1657937000.0,0.0,0.029,0.054,0.032,0.306,14157000.0,102044000.0,1.0,114351140,114351140,,14.499,11155977000,0,3722000.0,0,97.559,
6,MAA,ART,2019-12-31,2020-02-20,2019-12-31,2021-07-29,-13178000,11230450000,11264199000.0,,,0.146,53.107,-408203000.0,70541000,70541000,1109688000.0,366618000.0,,0.812,4454598000,,,4454598000,0,497790000.0,0,0.026,3.88,537354000.0,1035144000.0,0.631,1035144000.0,537354000.0,357507000.0,3.07,3.07,3.07,6068565000,6059651250.0,6068565000,21261944848,40.0,20.54,373217000.0,3.266,1.0,531329000.0,0.324,0,179847000.0,15614507000,15711325250.0,0,0,,,4926860000,,,16877887848,18868000.0,-4884000.0,0.0,-82604000.0,-437743000.0,-524279000.0,-238273000.0,0.0,781420000.0,0.0,353811000.0,350123000.0,350123000.0,0.0,12807000.0,0.213,101132000.0,430197000.0,0,1.264,2.781,48.206,48.111,10987128000,3688000.0,147.7,10.285,10.285,0,-1085479000,1641017000.0,1641017000.0,0.0,0.031,0.058,0.034,0.327,13654000.0,101132000.0,1.0,114271414,114271414,,14.361,11230450000,0,3696000.0,0,98.279,
7,MAA,ART,2019-09-30,2019-10-31,2019-09-30,2021-07-29,-14870000,11247754000,11287531750.0,,,0.144,52.745,-321556000.0,42682000,42682000,1102730000.0,275075000.0,,0.831,4476114000,,,4476114000,0,493982000.0,0,0.028,3.84,449706000.0,943688000.0,0.582,943688000.0,449706000.0,269103000.0,2.29,2.29,2.29,6016452000,6079970000.0,6016452000,20287445742,45.0,21.498,433218000.0,3.798,1.0,519618000.0,0.32,0,180603000.0,15681186000,15757807500.0,0,0,,,4997488000,,,15854013742,-36718000.0,-4765000.0,88000.0,-32891000.0,-433254000.0,-482219000.0,-309273000.0,0.0,754774000.0,0.0,265504000.0,261816000.0,261816000.0,0.0,9571000.0,0.161,98157000.0,421461000.0,0,1.677,2.635,60.554,60.694,11004200000,3688000.0,138.99,9.772,9.772,0,-1119714000,1622348000.0,1622348000.0,0.0,0.023,0.043,0.029,0.277,14117000.0,97548000.0,1.0,114065859,114065859,,14.223,11247754000,0,3599000.0,0,98.608,
8,MAA,ART,2019-06-30,2019-08-01,2019-06-30,2021-07-29,-9092000,11274830000,11330340000.0,,,0.142,53.062,-300389000.0,57684000,57684000,1097796000.0,248320000.0,,0.825,4539989000,,,4539989000,0,493740000.0,0,0.031,3.803,423114000.0,916854000.0,0.572,916854000.0,423114000.0,242374000.0,2.07,2.07,2.07,6051466000,6127708750.0,6051466000,18252036602,43.0,19.907,438365000.0,3.844,1.0,506028000.0,0.316,0,180740000.0,15757135000,15798413500.0,0,0,,,4990201000,,,13769731602,-3119000.0,-3896000.0,431000.0,-10901000.0,-428764000.0,-456059000.0,-285814000.0,0.0,738754000.0,0.0,239650000.0,235962000.0,235962000.0,0.0,8670000.0,0.147,92334000.0,413694000.0,0,1.837,2.275,58.356,58.329,11067850000,3688000.0,120.74,8.586,8.586,0,-1086665000,1603824000.0,1603824000.0,0.0,0.021,0.039,0.027,0.264,13694000.0,89847000.0,1.0,114044489,114044489,,14.063,11274830000,0,2724000.0,0,98.863,
9,MAA,ART,2019-03-31,2019-05-03,2019-03-31,2021-07-29,-3300000,11303762000,11373414750.0,,,0.139,53.529,-399236000.0,59387000,59387000,1091365000.0,246160000.0,,0.814,4548098000,,,4548098000,0,492716000.0,0,0.034,3.765,418541000.0,911257000.0,0.574,911257000.0,418541000.0,240152000.0,2.06,2.06,2.06,6102122000,6177932500.0,6102122000,17011128539,41.0,18.668,337030000.0,2.957,1.0,495142000.0,0.312,0,178389000.0,15792473000,15842870000.0,0,0,,,4967418000,,,12522417539,-22723000.0,-1337000.0,668000.0,54828000.0,-424297000.0,-386420000.0,-372569000.0,0.0,736266000.0,0.0,237540000.0,233852000.0,233852000.0,0.0,8620000.0,0.147,91715000.0,403427000.0,0,1.828,2.052,53.548,53.325,11099997000,3688000.0,109.85,7.893,7.893,0,-1037268000,1586507000.0,1586507000.0,0.0,0.021,0.038,0.026,0.264,13205000.0,86402000.0,1.0,113995608,113995608,,13.917,11303762000,0,2612000.0,0,99.16,
10,MAA,ART,2018-12-31,2019-02-21,2018-12-31,2021-07-29,-212000,11323781000,11401818250.0,,,0.138,53.999,-384202000.0,51673000,51673000,1084347000.0,231022000.0,,0.804,4528328000,,,4528328000,0,490995000.0,0,0.036,3.728,399104000.0,890099000.0,0.566,890099000.0,399104000.0,225510000.0,1.93,1.93,1.93,6149840000,6225212500.0,6149840000,16352931095,41.0,18.372,350090000.0,3.074,1.0,486999000.0,0.31,0,173594000.0,15800436000,15853281000.0,0,0,,,4942178000,,,11876276095,-37194000.0,-2130000.0,-1420000.0,34900000.0,-419849000.0,-405136000.0,-366350000.0,0.0,734292000.0,0.0,222899000.0,219211000.0,219211000.0,0.0,8123000.0,0.14,91531000.0,395468000.0,0,1.932,1.931,54.177,54.031,11151701000,3688000.0,104.28,7.558,7.558,0,-989263000,1571346000.0,1571346000.0,0.0,0.019,0.035,0.025,0.254,12444000.0,82419000.0,1.0,113888340,113888340,,13.797,11323781000,0,2611000.0,0,99.429,
11,MAA,ART,2018-09-30,2018-11-01,2018-09-30,2021-07-29,11556000,11418987000,11443852750.0,,,0.136,54.529,-452934000.0,79400000,79400000,1075825000.0,295512000.0,,0.802,4504023000,,,4504023000,0,488816000.0,0,0.038,3.691,456488000.0,945304000.0,0.608,945304000.0,456488000.0,287602000.0,2.48,2.48,2.48,6207407000,6272730500.0,6207407000,15602353342,34.0,16.505,253527000.0,2.227,1.0,480111000.0,0.309,0,168886000.0,15843610000,15879449250.0,0,0,,,4977826000,,,11177730342,-46568000.0,-2250000.0,-958000.0,19122000.0,-413687000.0,-414152000.0,-338877000.0,0.0,706461000.0,0.0,285067000.0,281379000.0,281379000.0,0.0,10445000.0,0.181,96379000.0,383732000.0,0,1.488,1.801,39.725,39.593,11196041000,3688000.0,98.19,7.184,7.184,0,-940773000,1555936000.0,1555936000.0,0.0,0.025,0.045,0.029,0.293,12016000.0,82342000.0,1.0,113837767,113837767,,13.668,11418987000,0,2535000.0,0,100.309,
12,MAA,ART,2018-06-30,2018-08-02,2018-06-30,2021-07-29,7986000,11447129000,11472306250.0,,,0.135,54.937,-467529000.0,60803000,60803000,1063643000.0,359766000.0,,0.793,4548635000,,,4548635000,0,482189000.0,0,0.036,3.638,513721000.0,995910000.0,0.645,995910000.0,513721000.0,349545000.0,3.02,3.02,3.02,6252361000,6300110500.0,6252361000,15858584504,31.0,15.924,233201000.0,2.049,1.0,479735000.0,0.311,0,164176000.0,15934961000,15892619750.0,0,0,,,4958239000,,,11370752504,-56973000.0,-49918000.0,-1077000.0,-14978000.0,-407535000.0,-442285000.0,-315418000.0,0.0,700730000.0,0.0,346985000.0,343297000.0,343297000.0,0.0,12781000.0,0.222,99596000.0,380139000.0,0,1.205,1.819,33.122,33.083,11263013000,3688000.0,99.91,7.367,7.367,0,-887672000,1543378000.0,1543378000.0,0.0,0.03,0.054,0.032,0.333,11939000.0,83301000.0,1.0,113809954,113809954,,13.561,11447129000,0,2560000.0,0,100.581,
13,MAA,ART,2018-03-31,2018-05-03,2018-03-31,2021-07-29,3000000,11417376000,11494056250.0,,,0.134,55.287,-382575000.0,82110000,82110000,1064317000.0,347940000.0,,0.777,4498851000,,,4498851000,0,485819000.0,0,0.039,3.586,497173000.0,982992000.0,0.64,982992000.0,497173000.0,338101000.0,2.92,2.92,2.92,6291242000,6311605500.0,6291242000,14859378787,30.0,15.116,290626000.0,2.554,1.0,471779000.0,0.307,0,159072000.0,15834117000,15918485500.0,0,0,,,4889231000,,,10442637787,-29966000.0,-50139000.0,-214000.0,-43609000.0,-401379000.0,-463742000.0,-239425000.0,0.0,673201000.0,0.0,335493000.0,331805000.0,331805000.0,0.0,12447000.0,0.216,100649000.0,371130000.0,0,1.228,1.66,31.472,31.428,11193527000,3688000.0,91.77,6.798,6.798,0,-840642000,1536096000.0,1536096000.0,0.0,0.029,0.053,0.031,0.324,11576000.0,82973000.0,1.0,113791411,113791411,,13.499,11417376000,0,2608000.0,0,100.336,
14,MAA,ART,2017-12-31,2018-02-23,2017-12-31,2021-07-29,2157000,11491919000,11529637000.0,,,0.133,55.765,-479955000.0,88867000,88867000,1070439000.0,340536000.0,,0.774,4502057000,,,4502057000,0,494540000.0,0,0.04,3.533,485749000.0,980289000.0,0.641,980289000.0,485749000.0,330998000.0,2.86,2.86,2.86,6339912000,6326560500.0,6339912000,14423503985,30.0,14.714,178558000.0,1.571,1.0,458548000.0,0.3,0,154751000.0,15905109000,15974242500.0,0,0,,,4907617000,,,10010313985,-22786000.0,9091000.0,-2793000.0,18565000.0,-395294000.0,-397864000.0,-283435000.0,0.0,658513000.0,0.0,328379000.0,324691000.0,324691000.0,0.0,12157000.0,0.212,103772000.0,354776000.0,0,1.235,1.579,30.83,30.787,11261924000,3688000.0,88.05,6.547,6.547,0,-784500000,1528987000.0,1528987000.0,0.0,0.028,0.051,0.03,0.318,10570000.0,83782000.0,1.0,113688972,113688972,,13.449,11491919000,0,2619000.0,0,101.082,
15,MAA,ART,2017-09-30,2017-10-26,2017-09-30,2021-07-29,790000,11532801000,11557780000.0,,,0.126,55.594,-450007000.0,128104000,128104000,1018709000.0,254587000.0,,0.787,4492834000,,,4492834000,0,470157000.0,18998000,0.035,3.48,395258000.0,865415000.0,0.595,865415000.0,395258000.0,246724000.0,2.18,2.18,2.18,6316927000,6342537250.0,6316927000,15695615836,40.0,18.137,197918000.0,1.742,1.0,434738000.0,0.299,1239000,148534000.0,15896292000,15993256250.0,0,0,,,4971371000,,,11330885836,20034000.0,-476006000.0,-3044000.0,478545000.0,-358389000.0,98807000.0,-726698000.0,0.0,647925000.0,0.0,244315000.0,241242000.0,241242000.0,0.0,10272000.0,0.166,132584000.0,302154000.0,17275000,1.596,1.794,46.969,45.743,11279059000,3073000.0,99.72,7.796,7.796,0,-802835000,1453447000.0,1453447000.0,0.0,0.021,0.038,0.025,0.272,13940000.0,80397000.0,1.0,113627014,113627014,,12.791,11531562000,0,2409000.0,0,101.486,
16,MAA,ART,2017-06-30,2017-07-27,2017-06-30,2021-07-29,735000,11534129000,10394908000.0,,,0.129,55.439,-547175000.0,67518000,67518000,935207000.0,224535000.0,,0.793,4573052000,,,4573052000,0,429041000.0,19637000,0.033,3.43,356869000.0,785910000.0,0.584,785910000.0,356869000.0,216107000.0,2.3,2.3,2.3,6298341000,5509138500.0,6298341000,16195769726,45.0,20.608,20436000.0,0.18,1.0,410588000.0,0.305,1239000,140762000.0,16038424000,14582935500.0,0,0,,,4991479000,,,11690235726,13380000.0,-427558000.0,-4181000.0,503040000.0,-321480000.0,160252000.0,-714483000.0,0.0,567611000.0,0.0,213885000.0,211734000.0,211734000.0,0.0,10650000.0,0.157,129309000.0,281279000.0,13932000,1.491,1.856,55.212,44.739,11344375000,2151000.0,102.9,8.686,8.686,0,-817616000,1345795000.0,1345795000.0,0.0,0.02,0.038,0.024,0.265,13146000.0,76324000.0,1.0,113607733,113607733,,11.846,11532890000,0,2222000.0,0,101.515,
17,MAA,ART,2017-03-31,2017-04-27,2017-03-31,2021-07-29,4223000,11559699000,9228721000.0,,,0.134,55.919,-572502000.0,58499000,58499000,841575000.0,222010000.0,,0.782,4557184000,,,4557184000,0,378217000.0,19419000,0.034,3.38,347095000.0,725312000.0,0.587,725312000.0,347095000.0,212775000.0,2.48,2.48,2.48,6351062000,4673489250.0,6351062000,15629087332,45.0,21.548,-54532000.0,-0.48,1.0,393665000.0,0.319,1239000,134320000.0,16057145000,13149776750.0,0,0,,,4963735000,,,11130402332,5775000.0,-426962000.0,-4755000.0,528341000.0,-284586000.0,223050000.0,-735245000.0,0.0,517970000.0,0.0,210714000.0,209485000.0,209485000.0,0.0,11296000.0,0.17,120568000.0,273097000.0,13346000,1.363,1.753,53.132,39.516,11371148000,1229000.0,98.0,9.011,9.011,0,-765749000,1235240000.0,1235240000.0,0.0,0.023,0.045,0.026,0.281,12619000.0,71369000.0,1.0,113575534,113575534,,10.876,11558460000,0,2061000.0,0,101.769,
18,MAA,ART,2016-12-31,2017-02-24,2016-12-31,2021-07-29,1144000,11604491000,8045776500.0,,,0.14,56.399,-523163000.0,121800000,121800000,746314000.0,224402000.0,,0.773,4499712000,,,4499712000,0,323283000.0,18829000,0.033,3.33,343868000.0,667151000.0,0.593,667151000.0,343868000.0,213921000.0,2.69,2.69,2.69,6403819000,3828406000.0,6403819000,15965202824,46.0,23.93,-39124000.0,-0.345,1.0,379034000.0,0.337,1239000,129947000.0,15981164000,11690603750.0,0,0,,,4952317000,,,11587290824,-4023000.0,-484024000.0,-1728000.0,486579000.0,-247652000.0,222425000.0,-710487000.0,0.0,484039000.0,0.0,212222000.0,211915000.0,211915000.0,0.0,12180000.0,0.188,106884000.0,272150000.0,11970000,1.238,1.809,54.679,37.937,11341862000,307000.0,102.05,10.297,10.297,0,-707479000,1125348000.0,1125348000.0,0.0,0.026,0.055,0.029,0.306,11486000.0,63133000.0,1.0,113545231,113545231,,9.911,11603252000,0,1699000.0,0,102.191,
19,MAA,ART,2016-09-30,2016-10-28,2016-09-30,2021-07-29,-2045000,6881313000,6856599000.0,,,0.158,39.492,-525294000.0,58854000,58854000,709766000.0,227711000.0,,1.248,3434157000,,,3434157000,0,299319000.0,12221000,0.036,3.28,347237000.0,646556000.0,0.598,646556000.0,347237000.0,217276000.0,2.87,2.87,2.87,2983332000,2975475500.0,2983332000,10200538240,29.0,15.777,-33887000.0,-0.449,1.0,371722000.0,0.344,1607000,129961000.0,10255009000,10247838000.0,0,0,,,3724373000,,,6825235240,-17059000.0,61435000.0,-1732000.0,26903000.0,-243747000.0,-232032000.0,-276434000.0,0.0,491407000.0,0.0,215823000.0,215823000.0,215823000.0,0.0,11888000.0,0.2,66666000.0,305056000.0,9080000,1.143,2.288,31.624,31.481,6759821000,0.0,90.35,6.311,6.311,0,-647390000,1081488000.0,1081488000.0,0.0,0.031,0.073,0.034,0.321,7686000.0,59976000.0,1.0,75542172,75542172,,14.316,6879706000,0,1453000.0,0,91.071,
20,MAA,ART,2016-06-30,2016-07-29,2016-06-30,2021-07-29,-4150000,6869381000,6858106000.0,,,0.156,39.131,-478360000.0,51410000,51410000,700858000.0,235633000.0,,1.265,3489425000,,,3489425000,0,296424000.0,12386000,0.03,3.23,351924000.0,648348000.0,0.608,648348000.0,351924000.0,224789000.0,2.97,2.97,2.97,2955744000,2980588000.0,2955744000,11446138798,33.0,17.654,-2953000.0,-0.039,1.0,365730000.0,0.343,1607000,127135000.0,10305789000,10228253750.0,0,0,,,3739693000,,,8008123798,-3751000.0,28744000.0,-689000.0,67383000.0,-240127000.0,-186711000.0,-292447000.0,0.0,475407000.0,0.0,223278000.0,223278000.0,223278000.0,0.0,12355000.0,0.209,61326000.0,304404000.0,7464000,1.088,2.709,35.866,35.697,6759790000,0.0,106.02,7.508,7.508,0,-670954000,1066588000.0,1066588000.0,0.0,0.033,0.075,0.034,0.33,7342000.0,58914000.0,1.0,75534086,75534086,,14.121,6867774000,0,1511000.0,0,90.923,
21,MAA,ART,2016-03-31,2016-05-06,2016-03-31,2021-07-29,-3976000,6827921000,6851614000.0,,,0.154,39.342,-515509000.0,49824000,49824000,697413000.0,331876000.0,,1.24,3443963000,,,3443963000,0,296011000.0,12052000,0.031,3.18,440509000.0,736520000.0,0.699,736520000.0,440509000.0,315885000.0,4.18,4.18,4.18,2970729000,2985806000.0,2970729000,11103684883,25.0,15.076,-48560000.0,-0.643,1.0,355830000.0,0.338,1607000,124624000.0,10220453000,10201960000.0,0,0,,,3683275000,,,7709545883,8601000.0,7825000.0,-627000.0,-38581000.0,-236096000.0,-288392000.0,-169956000.0,0.0,466949000.0,0.0,314433000.0,314433000.0,314433000.0,0.0,17443000.0,0.299,60383000.0,295447000.0,8222000,0.761,2.595,24.519,24.426,6714366000,0.0,102.1,7.32,7.32,0,-653756000,1053243000.0,1053243000.0,0.0,0.046,0.105,0.043,0.418,6743000.0,57233000.0,1.0,75509754,75509754,,13.948,6826314000,0,1452000.0,0,90.403,
22,MAA,ART,2015-12-31,2016-02-26,2015-12-31,2021-07-29,-1589000,6847781000,6844554250.0,,,0.152,39.666,-494214000.0,63641000,63641000,695165000.0,350745000.0,,1.23,3427568000,,,3427568000,0,294897000.0,11623000,0.034,3.13,456304000.0,751201000.0,0.72,751201000.0,456304000.0,333960000.0,4.41,4.41,4.41,2992097000,2966177250.0,2992097000,10284793274,23.0,13.691,-30493000.0,-0.404,1.0,347614000.0,0.333,1607000,122344000.0,10210101000,10204739750.0,0,0,,,3681708000,,,6920866274,10906000.0,-18000.0,84000.0,-71707000.0,-232079000.0,-316600000.0,-136215000.0,0.0,463721000.0,0.0,332287000.0,332287000.0,332287000.0,0.0,18458000.0,0.319,59483000.0,288131000.0,5922000,0.71,2.313,20.828,20.805,6718366000,0.0,91.75,6.637,6.637,0,-634141000,1042779000.0,1042779000.0,0.0,0.049,0.112,0.045,0.438,6147000.0,56706000.0,1.0,75431785,75431785,,13.824,6846174000,0,1673000.0,0,90.76,
23,MAA,ART,2015-09-30,2015-10-30,2015-09-30,2021-07-29,-6306000,6887341000,6840366000.0,,,0.151,39.849,-564953000.0,134197000,134197000,692111000.0,341836000.0,,1.235,3425135000,,,3425135000,0,296572000.0,11446000,0.036,3.08,445235000.0,741807000.0,0.719,741807000.0,445235000.0,326060000.0,4.3,4.3,4.3,3003782000,2940784000.0,3003782000,9712507467,22.0,13.093,-142376000.0,-1.889,1.0,339063000.0,0.329,1607000,119175000.0,10176672000,10227124500.0,0,0,,,3708754000,,,6421569467,-44142000.0,-4259000.0,423000.0,-27259000.0,-228896000.0,-268471000.0,-198248000.0,0.0,422577000.0,0.0,323825000.0,323825000.0,323825000.0,-911000.0,18011000.0,0.314,59905000.0,279158000.0,10509000,0.716,2.138,19.83,19.812,6675575000,0.0,85.19,6.227,6.227,0,-614500000,1031174000.0,1031174000.0,0.0,0.047,0.11,0.044,0.432,5484000.0,55129000.0,1.0,75379381,75379381,,13.68,6885734000,0,2235000.0,0,91.348,
24,MAA,ART,2015-06-30,2015-07-31,2015-06-30,2021-07-29,952000,6843413000,6814284250.0,,,0.149,39.491,-492003000.0,83436000,83436000,688269000.0,315727000.0,,1.241,3442244000,,,3442244000,0,293721000.0,11281000,0.038,3.04,419316000.0,713037000.0,0.7,713037000.0,419316000.0,301232000.0,3.97,3.97,3.97,2976616000,2918081750.0,2976616000,9414424895,22.0,13.203,-105752000.0,-1.403,1.0,329688000.0,0.324,1607000,118084000.0,10200614000,10198745250.0,0,0,,,3694830000,,,6055616895,2460000.0,43978000.0,12242000.0,-77810000.0,-225470000.0,-303613000.0,-80178000.0,0.0,386251000.0,0.0,299067000.0,299067000.0,299067000.0,-1296000.0,16660000.0,0.294,60173000.0,269515000.0,11884000,0.766,2.034,20.248,20.237,6683457000,0.0,80.34,5.949,5.949,0,-647413000,1017957000.0,1017957000.0,0.0,0.044,0.102,0.041,0.412,4944000.0,55562000.0,1.0,75374868,75374868,,13.505,6841806000,0,2165000.0,0,90.77,
25,MAA,ART,2015-03-31,2015-05-01,2015-03-31,2021-07-29,-2453000,6799682000,6799211250.0,,,0.148,38.385,-498341000.0,45282000,45282000,680270000.0,205240000.0,,1.293,3479493000,,,3479493000,0,288798000.0,10490000,0.039,3.0,315390000.0,604188000.0,0.602,604188000.0,315390000.0,196671000.0,2.58,2.58,2.58,2892214000,2897661500.0,2892214000,9177888721,29.0,15.19,-127190000.0,-1.688,1.0,323350000.0,0.322,2321000,118719000.0,10231572000,10189448500.0,0,0,,,3739976000,,,5743677721,-103570000.0,35856000.0,11951000.0,-3704000.0,-222337000.0,-226517000.0,-248204000.0,0.0,371151000.0,0.0,194381000.0,194381000.0,194381000.0,-1745000.0,10859000.0,0.194,65055000.0,258295000.0,7680000,1.163,1.986,29.549,29.547,6687578000,0.0,76.23,5.723,5.723,0,-726062000,1003620000.0,1003620000.0,0.0,0.029,0.067,0.031,0.314,4567000.0,56710000.0,1.0,75346684,75346684,,13.32,6797361000,0,2290000.0,0,90.214,
26,MAA,ART,2014-12-31,2015-02-25,2014-12-31,2021-07-29,-412000,6831028000,6795706500.0,,,0.146,38.388,-499250000.0,53582000,53582000,694140000.0,156277000.0,,1.305,3524515000,,,3524515000,0,306233000.0,10526000,0.04,2.96,269494000.0,575727000.0,0.582,575727000.0,269494000.0,150030000.0,1.97,1.97,1.97,2890524000,2902959750.0,2890524000,9001523872,33.0,15.635,-115124000.0,-1.529,1.0,295156000.0,0.298,2321000,119464000.0,10299640000,10152765250.0,0,0,,,3773306000,,,5530590872,-63932000.0,40848000.0,12822000.0,-25668000.0,-219158000.0,-244294000.0,-203764000.0,0.0,384126000.0,0.0,147980000.0,147980000.0,147980000.0,-7209000.0,8297000.0,0.15,66939000.0,228217000.0,8395000,1.503,1.913,37.374,37.284,6663820000,0.0,73.45,5.59,5.59,0,-729086000,989296000.0,989296000.0,0.0,0.022,0.051,0.027,0.272,4226000.0,53004000.0,1.0,75297357,75297357,,13.139,6828707000,0,2050000.0,0,90.69,
27,MAA,ART,2014-09-30,2014-10-31,2014-09-30,2021-07-29,396000,6783014000,6798430750.0,,,0.143,38.708,-405510000.0,147552000,147552000,707504000.0,110009000.0,,1.271,3430014000,,,3430014000,0,323890000.0,9970000,0.041,2.92,225601000.0,549491000.0,0.565,549491000.0,225601000.0,106311000.0,0.86,0.85,0.86,2912973000,2917031500.0,2912973000,8599927234,38.0,15.651,13390000.0,0.178,1.0,265800000.0,0.273,2321000,119290000.0,10063155000,10122066000.0,0,0,,,3702054000,,,5317465234,-93339000.0,82799000.0,12810000.0,-225840000.0,-216181000.0,-441414000.0,-70825000.0,0.0,418900000.0,0.0,104183000.0,104183000.0,104183000.0,-13292000.0,5826000.0,0.107,90541000.0,175259000.0,10089000,3.395,1.825,51.04,82.163,6516541000,0.0,70.66,5.463,5.463,0,-705022000,973304000.0,973304000.0,0.0,0.015,0.036,0.022,0.232,3719000.0,52162000.0,1.0,75254249,75254249,,12.934,6780693000,0,2128000.0,0,90.104,
28,MAA,ART,2014-06-30,2014-08-01,2014-06-30,2021-07-29,-1395000,6783121000,5859741500.0,,,0.147,38.499,-368684000.0,91001000,91001000,625802000.0,85346000.0,,1.285,3475413000,,,3475413000,0,286599000.0,9808000,0.041,2.885,189157000.0,475756000.0,0.553,475756000.0,189157000.0,83177000.0,1.01,1.0,1.01,2894935000,2436382500.0,2894935000,8645041887,46.0,18.171,10931000.0,0.145,1.0,235161000.0,0.273,4106000,105980000.0,10163427000,8767444500.0,0,0,,,3720512000,,,5260629887,17526000.0,21859000.0,922000.0,3598000.0,-190996000.0,-196793000.0,-165296000.0,0.0,379615000.0,0.0,81491000.0,81491000.0,81491000.0,-42345000.0,3855000.0,0.095,90875000.0,144286000.0,15297000,2.856,1.817,64.555,69.267,6583828000,0.0,69.96,6.11,6.11,0,-717642000,860963000.0,860963000.0,0.0,0.014,0.033,0.022,0.22,3142000.0,47391000.0,1.0,75194824,75194824,,11.45,6779015000,0,1686000.0,0,90.153,
29,MAA,ART,2014-03-31,2014-05-02,2014-03-31,2021-07-29,2691000,6785663000,4872515500.0,,,0.154,38.841,-284001000.0,159777000,159777000,545031000.0,112988000.0,,1.271,3463059000,,,3463059000,0,249968000.0,9522000,0.041,2.85,201218000.0,451186000.0,0.601,451186000.0,201218000.0,110130000.0,1.97,1.95,1.97,2913407000,1957723000.0,2913407000,8569668664,43.0,18.994,52306000.0,0.697,1.0,205490000.0,0.274,4106000,91088000.0,10084839000,7351555500.0,0,0,,,3703689000,,,5266386664,113677000.0,41689000.0,3535000.0,-31510000.0,-165940000.0,-202347000.0,-20283000.0,0.0,336307000.0,0.0,108967000.0,108967000.0,108967000.0,-85924000.0,4021000.0,0.145,86252000.0,119238000.0,15174000,1.447,1.808,48.33,35.64,6513985000,0.0,70.21,7.017,7.017,0,-694150000,750521000.0,750521000.0,0.0,0.022,0.056,0.027,0.268,2586000.0,41435000.0,1.0,75009068,75009068,,10.006,6781557000,0,1163000.0,0,90.41,
30,MAA,ART,2013-12-31,2014-02-21,2013-12-31,2021-07-29,108000,6841925000,3869851750.0,,,0.164,39.307,-260836000.0,133694000,133694000,440293000.0,119279000.0,,1.264,3472718000,,,3472718000,0,192736000.0,9270000,0.042,2.815,192089000.0,384825000.0,0.606,384825000.0,192089000.0,116174000.0,2.27,2.25,2.27,2946811000,1462417250.0,2946811000,8421226064,44.0,21.883,3756000.0,0.05,1.0,194441000.0,0.306,4106000,75915000.0,10176843000,5943666250.0,0,0,,,3723338000,,,5082202064,80258000.0,48070000.0,24978000.0,21723000.0,-140697000.0,-100546000.0,-83788000.0,0.0,264592000.0,0.0,115281000.0,115281000.0,115281000.0,-81909000.0,3998000.0,0.182,77550000.0,116891000.0,15067000,1.24,1.725,44.085,29.863,6556303000,0.0,67.79,8.007,8.007,0,-653593000,634734000.0,634734000.0,0.0,0.03,0.079,0.032,0.303,2268000.0,38652000.0,1.0,74969790,74969790,,8.467,6837819000,0,893000.0,0,91.208,
31,MAA,ART,2013-09-30,2013-11-07,2013-09-30,2021-07-29,-4599000,3028257000,2847137500.0,,,0.188,13.245,-195395000.0,239684000,239684000,348049000.0,152296000.0,,2.013,1860202000,,,1860202000,0,136662000.0,6892000,0.044,2.78,208561000.0,345223000.0,0.644,345223000.0,208561000.0,146860000.0,3.44,3.44,3.44,990377000,954227500.0,990377000,6303753222,30.0,18.26,26328000.0,0.352,1.0,188292000.0,0.351,4106000,61701000.0,4644669000,4502187250.0,0,0,,,1993197000,,,4683235222,167683000.0,-48982000.0,46594000.0,133427000.0,-116708000.0,58566000.0,-112606000.0,0.0,221723000.0,0.0,146860000.0,146860000.0,146860000.0,-76704000.0,5436000.0,0.274,47339000.0,140953000.0,6963000,0.808,4.729,31.889,18.206,2723808000,0.0,62.63,8.732,8.732,0,-567662000,536341000.0,536341000.0,0.0,0.052,0.154,0.046,0.389,2232000.0,35500000.0,1.0,74776229,74776229,,7.173,3024151000,0,0.0,0,40.443,
32,MAA,ART,2013-06-30,2013-08-02,2013-06-30,2021-07-29,-6336000,2834217000,2784032000.0,,,0.189,22.939,-416622000.0,21781000,21781000,343712000.0,138318000.0,,1.853,1691541000,,,1691541000,0,136090000.0,6934000,0.042,2.745,194900000.0,330990000.0,0.628,330990000.0,194900000.0,133442000.0,3.14,3.14,3.14,980297000,930177000.0,980297000,4465530933,23.0,13.491,-197137000.0,-4.613,1.0,183299000.0,0.348,4106000,61458000.0,4499871000,4456836500.0,0,0,,,1816899000,,,2795770933,-13549000.0,-2648000.0,100122000.0,72969000.0,-114132000.0,54179000.0,-287213000.0,0.0,219485000.0,0.0,133442000.0,133442000.0,133442000.0,-62907000.0,4876000.0,0.253,42904000.0,140395000.0,10085000,0.874,2.852,20.951,20.834,2746897000,0.0,65.42,5.305,5.305,0,-582884000,527011000.0,527011000.0,0.0,0.048,0.143,0.044,0.37,2173000.0,35318000.0,1.0,42735722,42735722,,12.332,2830111000,0,0.0,0,66.224,
33,MAA,ART,2013-03-31,2013-05-03,2013-03-31,2021-07-29,-21869000,2775008000,2725249750.0,,,0.19,21.819,-465635000.0,8873000,8873000,339687000.0,106762000.0,,1.939,1691253000,,,1691253000,0,134883000.0,6830000,0.039,2.71,162970000.0,297853000.0,0.576,297853000.0,162970000.0,102513000.0,2.45,2.46,2.45,932184000,894949500.0,932184000,4665738752,29.0,15.665,-250391000.0,-5.861,1.0,177134000.0,0.343,4106000,60457000.0,4453282000,4372124750.0,0,0,,,1807504000,,,2983358752,-33602000.0,38071000.0,97000000.0,116892000.0,-111444000.0,97576000.0,-346422000.0,0.0,215244000.0,0.0,102513000.0,102513000.0,102513000.0,-31895000.0,4249000.0,0.198,37743000.0,139391000.0,5672000,1.106,3.2,29.102,28.502,2716270000,0.0,69.83,5.773,5.773,0,-612128000,516821000.0,516821000.0,0.0,0.038,0.115,0.037,0.315,2049000.0,35515000.0,1.0,42723167,42723167,,12.097,2770902000,0,0.0,0,64.857,
34,MAA,ART,2012-12-31,2013-02-22,2012-12-31,2021-07-29,-26054000,2751068000,2663350250.0,,,0.187,21.582,-451270000.0,9883000,9883000,329462000.0,109825000.0,,1.971,1673848000,,,1673848000,0,132195000.0,6669000,0.039,2.675,163974000.0,296169000.0,0.596,296169000.0,163974000.0,105223000.0,2.56,2.56,2.56,914052000,870535000.0,914052000,4602762300,28.0,15.541,-240303000.0,-5.674,1.0,167703000.0,0.337,4106000,58751000.0,4410927000,4258502750.0,0,0,,,1801245000,,,2938797300,-48242000.0,11946000.0,194335000.0,-11624000.0,-107749000.0,70014000.0,-329223000.0,0.0,210967000.0,0.0,105223000.0,105223000.0,105223000.0,-42212000.0,4602000.0,0.212,37427000.0,130276000.0,4586000,1.045,3.215,27.929,27.105,2694071000,0.0,69.39,5.911,5.911,0,-603315000,497165000.0,497165000.0,0.0,0.04,0.121,0.039,0.33,2233000.0,35846000.0,1.0,42351885,42351885,,11.739,2746962000,0,0.0,0,64.86,
35,MAA,ART,2012-09-30,2012-11-02,2012-09-30,2021-07-29,-30467000,2775835000,2608200250.0,,,0.187,21.155,-553596000.0,14721000,14721000,326262000.0,106563000.0,,2.064,1706258000,,,1706258000,0,129545000.0,6745000,0.041,2.64,159989000.0,289534000.0,0.595,289534000.0,159989000.0,101674000.0,2.53,2.53,2.53,894175000,821604750.0,894175000,4414412056,28.0,15.247,-352498000.0,-8.34,1.0,160227000.0,0.329,4106000,58315000.0,4463266000,4185130500.0,0,0,,,1845830000,,,2722875056,-10832000.0,11797000.0,237246000.0,80564000.0,-103552000.0,220027000.0,-431957000.0,0.0,201098000.0,0.0,101674000.0,101674000.0,101674000.0,-46500000.0,4889000.0,0.209,39015000.0,121212000.0,5637000,1.043,3.045,26.78,25.462,2698112000,0.0,64.42,5.597,5.597,0,-596027000,486489000.0,486489000.0,0.0,0.039,0.124,0.038,0.329,2804000.0,36456000.0,1.0,42267542,42267542,,11.51,2771729000,0,0.0,0,65.576,
36,MAA,ART,2012-06-30,2012-08-03,2012-06-30,2021-07-29,-30891000,2599088000,2517248250.0,,,0.189,20.421,-414448000.0,23379000,23379000,321707000.0,88936000.0,,2.059,1589421000,,,1589421000,0,126352000.0,6586000,0.038,2.607,143703000.0,270055000.0,0.568,270055000.0,143703000.0,84599000.0,2.16,2.16,2.16,839387000,761686250.0,839387000,4393963901,31.0,16.271,-224847000.0,-5.47,1.0,153499000.0,0.323,4106000,59104000.0,4161024000,4058966500.0,0,0,,,1728428000,,,2827921901,9503000.0,11143000.0,228224000.0,25242000.0,-99696000.0,148731000.0,-328829000.0,0.0,189601000.0,0.0,84599000.0,84599000.0,84599000.0,-35795000.0,4337000.0,0.178,38177000.0,115322000.0,5582000,1.207,3.369,33.427,31.852,2519706000,0.0,68.8,5.951,5.951,0,-624304000,475206000.0,475206000.0,0.0,0.034,0.111,0.035,0.302,5064000.0,36369000.0,1.0,41103516,41103516,,11.561,2594982000,0,0.0,0,63.133,
37,MAA,ART,2012-03-31,2012-05-04,2012-03-31,2021-07-29,-31800000,2527410000,2445856500.0,,,0.189,20.386,-461335000.0,64566000,64566000,314684000.0,67144000.0,,1.988,1540056000,,,1540056000,0,122422000.0,6392000,0.038,2.575,122850000.0,245272000.0,0.531,245272000.0,122850000.0,63867000.0,1.67,1.67,1.67,834526000,706249500.0,834526000,4273543041,35.0,17.424,-282509000.0,-6.901,1.0,147089000.0,0.319,4106000,58983000.0,3998794000,3976431500.0,0,0,,,1659246000,,,2798053041,-5396000.0,-20278000.0,262409000.0,83016000.0,-95675000.0,244693000.0,-428915000.0,0.0,178826000.0,0.0,63867000.0,63867000.0,63867000.0,-22790000.0,3277000.0,0.138,40430000.0,106659000.0,4001000,1.542,3.353,43.811,40.928,2417265000,0.0,68.35,6.059,6.059,0,-625266000,461773000.0,461773000.0,0.0,0.026,0.09,0.031,0.266,5489000.0,37970000.0,1.0,40937133,40937133,,11.28,2523304000,0,0.0,0,61.639,
38,MAA,ART,2011-12-31,2012-02-24,2011-12-31,2021-07-29,-35848000,2530468000,2364440750.0,,,0.19,18.434,-465715000.0,58679000,58679000,307121000.0,51231000.0,,2.482,1649755000,,,1649755000,0,119329000.0,6310000,0.04,2.542,107433000.0,226762000.0,0.505,226762000.0,107433000.0,48821000.0,1.32,1.31,1.32,718331000,647619250.0,718331000,4051171925,38.0,17.865,-293427000.0,-7.53,1.0,141871000.0,0.316,4106000,58612000.0,4117438000,3876939000.0,0,0,,,1782969000,,,2460095925,11375000.0,-108000.0,233193000.0,145281000.0,-92028000.0,281247000.0,-442160000.0,0.0,172288000.0,0.0,48821000.0,48821000.0,48821000.0,-13499000.0,2410000.0,0.109,42142000.0,99729000.0,2091000,1.926,3.425,50.39,47.826,2423808000,0.0,63.13,5.479,5.479,0,-621833000,448992000.0,448992000.0,0.0,0.021,0.075,0.028,0.239,5519000.0,38823000.0,1.0,38968730,38968730,,11.522,2526362000,0,0.0,0,64.83,
39,MAA,ART,2011-09-30,2011-11-04,2011-09-30,2021-07-29,-41584000,2412027000,2275835750.0,,,0.193,17.304,-414548000.0,37200000,37200000,301888000.0,38451000.0,,2.643,1587889000,,,1587889000,0,115760000.0,6428000,0.041,2.51,95143000.0,210903000.0,0.481,210903000.0,95143000.0,37003000.0,1.03,1.01,1.03,654501000,597662250.0,654501000,3875349397,41.0,18.375,-258211000.0,-6.827,1.0,136246000.0,0.311,4106000,58140000.0,3958610000,3753749250.0,0,0,,,1729940000,,,2324660397,-75837000.0,-2492000.0,226182000.0,34273000.0,-89294000.0,155018000.0,-387192000.0,0.0,156337000.0,0.0,37003000.0,37003000.0,37003000.0,-4947000.0,1448000.0,0.084,40893000.0,95353000.0,3088000,2.437,3.552,62.824,59.67,2329781000,0.0,61.46,5.306,5.306,0,-614762000,438134000.0,438134000.0,0.0,0.016,0.062,0.025,0.217,5543000.0,37495000.0,1.0,37823957,37823957,,11.584,2407921000,0,0.0,0,63.661,
40,MAA,ART,2011-06-30,2011-08-09,2011-06-30,2021-07-29,-42268000,2313521000,2220291750.0,,,0.191,16.629,-465385000.0,14465000,14465000,293233000.0,30973000.0,,2.702,1535934000,,,1535934000,0,112744000.0,6604000,0.039,2.497,86212000.0,198956000.0,0.47,198956000.0,86212000.0,29961000.0,0.77,0.75,0.77,617640000,550399500.0,617640000,3887771804,45.0,19.541,-314956000.0,-8.48,1.0,130458000.0,0.308,4106000,56251000.0,3830884000,3672704500.0,0,0,,,1669079000,,,2366302804,-12407000.0,-6415000.0,266642000.0,169885000.0,-86001000.0,266383000.0,-429219000.0,0.0,150429000.0,0.0,29961000.0,26756000.0,26756000.0,-11000.0,1012000.0,0.063,40218000.0,90240000.0,2826000,3.243,3.831,88.44,82.74,2253435000,3205000.0,63.71,5.585,5.585,0,-605316000,423691000.0,423691000.0,0.0,0.012,0.049,0.023,0.203,3568000.0,36099000.0,1.0,37141780,37141780,,11.407,2309415000,0,0.0,0,62.178,
41,MAA,ART,2011-03-31,2011-05-05,2011-03-31,2021-07-29,-41639000,2201747000,2141422500.0,,,0.192,16.35,-370719000.0,48599000,48599000,285394000.0,30181000.0,,2.625,1451782000,,,1451782000,0,109473000.0,6553000,0.037,2.485,85288000.0,194761000.0,0.473,194761000.0,85288000.0,29193000.0,0.61,0.59,0.61,600005000,514974250.0,600005000,3855691360,45.0,19.797,-230756000.0,-6.288,1.0,126709000.0,0.307,4106000,56095000.0,3600824000,3547773000.0,0,0,,,1574725000,,,2452508360,14893000.0,-5667000.0,364255000.0,90125000.0,-81325000.0,207988000.0,-333058000.0,0.0,139963000.0,0.0,29193000.0,20711000.0,20711000.0,2000.0,988000.0,0.05,37730000.0,88979000.0,2615000,4.074,4.087,118.416,109.557,2109186000,8482000.0,66.83,5.951,5.951,0,-589191000,412103000.0,412103000.0,0.0,0.01,0.04,0.024,0.207,3509000.0,33055000.0,1.0,36697716,36697716,,11.23,2197641000,0,0.0,0,59.885,
42,MAA,ART,2010-12-31,2011-02-24,2010-12-31,2021-07-29,-48847000,2176048000,2079983500.0,,,0.193,16.276,-334211000.0,47456000,47456000,278684000.0,30875000.0,,3.147,1500193000,,,1500193000,0,106692000.0,6693000,0.04,2.473,85757000.0,192449000.0,0.478,192449000.0,85757000.0,29761000.0,0.57,0.56,0.57,518503000,475850500.0,518503000,3666626411,43.0,19.052,-200417000.0,-6.291,1.0,123545000.0,0.307,4106000,55996000.0,3624679000,3466928250.0,0,0,,,1631656000,,,2213889411,32123000.0,-10395000.0,304351000.0,93712000.0,-77135000.0,152600000.0,-254271000.0,0.0,133794000.0,0.0,29761000.0,18063000.0,18063000.0,2000.0,1114000.0,0.045,34815000.0,88730000.0,1815000,4.339,4.27,122.565,108.754,2085640000,11698000.0,61.99,5.504,4.91,0,-575021000,402229000.0,402229000.0,0.0,0.009,0.038,0.025,0.213,3013000.0,30389000.0,1.0,35713654,31856000,31977000.0,12.626,2171942000,0,0.0,0,68.18,
43,MAA,ART,2010-09-30,2010-11-04,2010-09-30,2021-07-29,-60975000,2189851000,2032678000.0,,,0.194,13.972,-369216000.0,102517000,102517000,271554000.0,33490000.0,,3.655,1551203000,,,1551203000,0,103703000.0,7181000,0.039,2.46,87631000.0,191334000.0,0.486,191334000.0,87631000.0,32127000.0,0.57,0.57,0.57,465450000,453866250.0,465450000,3605738551,41.0,18.845,-233349000.0,-7.005,1.0,122182000.0,0.31,4106000,55504000.0,3634431000,3402742500.0,0,0,,,1701000000,,,2157052551,83602000.0,-8122000.0,254507000.0,229094000.0,-73841000.0,238092000.0,-290357000.0,0.0,135867000.0,0.0,32127000.0,17213000.0,17213000.0,-2223000.0,1363000.0,0.044,33840000.0,88342000.0,2099000,4.316,4.634,125.315,110.702,2027587000,14914000.0,63.1,5.478,5.339,0,-559610000,393736000.0,393736000.0,0.0,0.008,0.038,0.026,0.223,2304000.0,29664000.0,1.0,34184668,33312000,33413000.0,11.82,2185745000,0,0.0,0,65.614,
44,MAA,ART,2010-06-30,2010-08-05,2010-06-30,2021-07-29,-56836000,1998044000,1963183250.0,,,0.197,15.539,-228858000.0,25975000,25975000,265523000.0,33395000.0,,3.146,1363195000,,,1363195000,0,101062000.0,8092000,0.043,2.46,88273000.0,189335000.0,0.489,189335000.0,88273000.0,31996000.0,0.58,0.58,0.58,475939000,443873750.0,475939000,3209662330,36.0,16.952,-95591000.0,-3.121,1.0,121353000.0,0.314,4106000,56277000.0,3331158000,3295218000.0,0,0,,,1497240000,,,1872442330,19165000.0,-7036000.0,194049000.0,31994000.0,-71160000.0,58531000.0,-172633000.0,0.0,133267000.0,0.0,31996000.0,17071000.0,17071000.0,-2547000.0,1399000.0,0.044,32223000.0,89130000.0,1483000,4.241,3.934,109.686,98.431,1936344000,14925000.0,57.09,4.84,4.52,0,-541725000,386876000.0,386876000.0,0.0,0.009,0.038,0.027,0.228,1836000.0,29330000.0,1.0,32798079,30628000,30736000.0,12.631,1993938000,0,0.0,0,65.102,
45,MAA,ART,2010-03-31,2010-05-06,2010-03-31,2021-07-29,-50713000,1955991000,1939705750.0,,,0.197,15.225,-176877000.0,33173000,33173000,260539000.0,37225000.0,,3.352,1358733000,,,1358733000,0,99877000.0,8842000,0.046,2.46,92240000.0,192117000.0,0.502,192117000.0,92240000.0,35484000.0,0.79,0.79,0.79,443510000,430159250.0,443510000,2951350906,32.0,15.362,-43446000.0,-1.491,1.0,121869000.0,0.319,4106000,56756000.0,3277445000,3266655750.0,0,0,,,1486779000,,,1625790906,-15337000.0,-8275000.0,62326000.0,-2521000.0,-70124000.0,-29218000.0,-119550000.0,0.0,133431000.0,0.0,35484000.0,22619000.0,22619000.0,-4030000.0,1741000.0,0.059,29854000.0,92015000.0,1158000,3.114,3.666,71.877,68.354,1883201000,12865000.0,54.0,4.251,4.113,0,-523298000,382408000.0,382408000.0,0.0,0.012,0.053,0.028,0.241,1373000.0,28930000.0,1.0,30107239,29130000,29204000.0,13.128,1951885000,0,0.0,0,67.006,
46,MAA,ART,2009-12-31,2010-02-25,2009-12-31,2021-07-29,-47435000,1986826000,1935661750.0,,,0.196,15.192,-177867000.0,14380000,14380000,255724000.0,39221000.0,,3.555,1399596000,,,1399596000,0,98393000.0,8789000,0.047,2.46,94305000.0,192698000.0,0.509,192698000.0,94305000.0,37211000.0,0.85,0.85,0.85,430566000,422715750.0,430566000,2922047535,31.0,15.164,-40997000.0,-1.447,1.0,122820000.0,0.324,4106000,57094000.0,3367936000,3257676000.0,0,0,,,1530798000,,,1536831535,4393000.0,-2611000.0,32790000.0,73777000.0,-69505000.0,18069000.0,-150546000.0,0.0,136870000.0,0.0,37211000.0,24346000.0,24346000.0,-5883000.0,2010000.0,0.064,29490000.0,93330000.0,1702000,2.894,3.569,63.125,61.894,1935221000,12865000.0,52.61,4.06,3.939,0,-510993000,378544000.0,378544000.0,0.0,0.013,0.058,0.029,0.249,1328000.0,28540000.0,1.0,29211776,28341000,28348000.0,13.357,1982720000,0,0.0,0,69.959,
47,MAA,ART,2009-09-30,2009-11-05,2009-09-30,2021-07-29,-55090000,1911872000,1919444000.0,,,0.197,15.001,-79571000.0,17590000,17590000,253653000.0,37174000.0,,3.431,1314157000,,,1314157000,0,98205000.0,8758000,0.055,2.46,94536000.0,192741000.0,0.511,192741000.0,94536000.0,35638000.0,0.82,0.81,0.82,425480000,418110750.0,425480000,2598056531,27.0,13.48,60495000.0,2.133,1.0,123742000.0,0.328,4106000,58898000.0,3204333000,3223458250.0,0,0,,,1459834000,,,1301489531,-27180000.0,-2836000.0,32579000.0,-44269000.0,-70648000.0,-99807000.0,-67439000.0,0.0,140066000.0,0.0,35638000.0,22773000.0,22773000.0,-3878000.0,1536000.0,0.06,28213000.0,95529000.0,1175000,3.0,3.059,57.151,55.0,1843729000,12865000.0,45.1,3.449,3.39,0,-499040000,377395000.0,377395000.0,0.0,0.012,0.054,0.029,0.25,1510000.0,28073000.0,1.0,28857861,28364000,28441000.0,13.305,1907766000,0,0.0,0,67.26,
48,MAA,ART,2009-06-30,2009-08-06,2009-06-30,2021-07-29,-50218000,1904134000,1935234750.0,,,0.194,14.982,-182784000.0,6767000,6767000,251438000.0,36489000.0,,3.459,1323648000,,,1323648000,0,95976000.0,8966000,0.057,2.46,94744000.0,190720000.0,0.507,190720000.0,94744000.0,35213000.0,0.81,0.8,0.81,421081000,430794750.0,421081000,2524850010,27.0,13.239,-45631000.0,-1.624,1.0,124906000.0,0.332,4106000,59531000.0,3216909000,3242171500.0,0,0,,,1456526000,,,1207969010,-3897000.0,-754000.0,36010000.0,78341000.0,-71741000.0,26633000.0,-167683000.0,0.0,137153000.0,0.0,35213000.0,22348000.0,22348000.0,-4064000.0,1276000.0,0.059,28239000.0,96667000.0,1916000,3.037,2.869,54.053,52.84,1851155000,12865000.0,42.8,3.21,3.196,0,-484312000,376344000.0,376344000.0,0.0,0.012,0.052,0.029,0.252,1766000.0,28129000.0,1.0,28223575,28105000,28184000.0,13.391,1900028000,0,0.0,0,67.605,
49,MAA,ART,2009-03-31,2009-05-07,2009-03-31,2021-07-29,-67754000,1939815000,1919542000.0,,,0.195,14.732,-208720000.0,48429000,48429000,249927000.0,34415000.0,,3.625,1354246000,,,1354246000,0,94476000.0,8994000,0.067,2.46,93913000.0,188389000.0,0.503,188389000.0,93913000.0,33709000.0,0.76,0.75,0.76,413736000,442503250.0,413736000,2337281246,25.0,12.407,-73407000.0,-2.614,1.0,124818000.0,0.333,4106000,60204000.0,3241526000,3204762750.0,0,0,,,1499671000,,,1031464246,40607000.0,-861000.0,106705000.0,81882000.0,-72088000.0,102073000.0,-196779000.0,0.0,135313000.0,0.0,33709000.0,20844000.0,20844000.0,-2583000.0,706000.0,0.056,28161000.0,96657000.0,1448000,3.237,2.493,49.485,48.092,1844081000,12865000.0,36.55,2.752,2.739,0,-473661000,374745000.0,374745000.0,0.0,0.011,0.047,0.029,0.251,1862000.0,28158000.0,1.0,28220636,28085000,28165000.0,13.343,1935709000,0,0.0,0,68.923,
50,MAA,ART,2008-12-31,2009-02-25,2008-12-31,2021-07-29,-77708000,1921955000,1884559250.0,,,0.196,15.297,-237444000.0,9840000,9840000,245318000.0,30249000.0,,3.585,1323056000,,,1323056000,0,93181000.0,8705000,0.088,2.46,92259000.0,185440000.0,0.501,185440000.0,92259000.0,30249000.0,0.65,0.64,0.65,412146000,435164250.0,412146000,2104679798,23.0,11.35,-99515000.0,-3.694,1.0,124533000.0,0.337,4106000,62010000.0,3231065000,3158624000.0,0,0,,,1477533000,,,791463798,-7766000.0,-7566000.0,125324000.0,57011000.0,-72122000.0,97348000.0,-243043000.0,0.0,137929000.0,0.0,30249000.0,17384000.0,17384000.0,-1192000.0,0.0,0.047,28639000.0,95894000.0,1234000,3.785,1.92,45.528,43.138,1851331000,12865000.0,28.04,2.14,2.043,0,-464617000,369851000.0,369851000.0,0.0,0.009,0.04,0.029,0.249,2018000.0,28636000.0,1.0,28226241,26943000,27046000.0,13.727,1917849000,0,0.0,0,71.182,
51,MAA,ART,2008-09-30,2008-11-06,2008-09-30,2021-07-29,-19629000,1975035000,1850026000.0,,,0.2,17.333,-232893000.0,47943000,47943000,242526000.0,30120000.0,,3.076,1356200000,,,1356200000,0,90549000.0,8831000,0.076,2.46,92860000.0,183409000.0,0.496,183409000.0,92860000.0,30120000.0,0.62,0.63,0.62,476216000,432366750.0,476216000,2223908670,24.0,12.125,-100520000.0,-3.659,1.0,126948000.0,0.344,4106000,62740000.0,3279186000,3106712750.0,0,0,,,1464960000,,,915651670,39628000.0,-7468000.0,120460000.0,119983000.0,-70279000.0,145338000.0,-238083000.0,0.0,132373000.0,0.0,30120000.0,16666000.0,16666000.0,8683000.0,0.0,0.045,29572000.0,97376000.0,2395000,3.968,1.923,54.941,52.387,1853847000,13454000.0,32.48,2.478,2.415,0,-452420000,369474000.0,369474000.0,0.0,0.009,0.039,0.03,0.251,1871000.0,29569000.0,1.0,28191246,27474000,27562000.0,13.448,1970929000,0,0.0,0,71.738,
52,MAA,ART,2008-06-30,2008-07-31,2008-06-30,2021-07-29,-14932000,1841363000,1803766500.0,,,0.203,17.591,-182093000.0,13810000,13810000,238352000.0,35827000.0,,2.863,1243827000,,,1243827000,0,90851000.0,8851000,0.043,2.45,99710000.0,190561000.0,0.52,190561000.0,99710000.0,35827000.0,0.84,0.85,0.84,467915000,419807250.0,467915000,2810338497,28.0,14.748,-51755000.0,-1.946,1.0,127813000.0,0.349,4106000,63883000.0,3067274000,3042991250.0,0,0,,,1339729000,,,1580321497,5685000.0,-7057000.0,93789000.0,48218000.0,-68824000.0,48082000.0,-172735000.0,0.0,130338000.0,0.0,35827000.0,22098000.0,22098000.0,3484000.0,0.0,0.06,29104000.0,98709000.0,1552000,2.917,3.377,71.514,68.417,1787195000,13729000.0,57.47,4.316,4.175,0,-438251000,366165000.0,366165000.0,0.0,0.012,0.053,0.033,0.272,1585000.0,29101000.0,1.0,27498199,26599000,26727000.0,13.766,1837257000,0,0.0,0,69.072,
53,MAA,ART,2008-03-31,2008-05-01,2008-03-31,2021-07-29,-42488000,1799884000,1783702750.0,,,0.202,14.998,-175095000.0,10580000,10580000,234456000.0,36301000.0,,3.602,1271773000,,,1271773000,0,89627000.0,8734000,0.045,2.44,101073000.0,190700000.0,0.53,190700000.0,101073000.0,36301000.0,0.86,0.87,0.86,384380000,417189000.0,384380000,2692559849,27.0,14.119,-46124000.0,-1.8,1.0,125654000.0,0.349,4106000,64772000.0,3056971000,3012205750.0,0,0,,,1384598000,,,1431366849,684000.0,-7019000.0,30428000.0,87629000.0,-68097000.0,24586000.0,-152873000.0,0.0,128971000.0,0.0,36301000.0,22299000.0,22299000.0,-237000.0,0.0,0.062,29199000.0,96455000.0,1569000,2.837,3.724,64.19,63.419,1750544000,14002000.0,54.54,3.975,3.881,0,-426789000,360110000.0,360110000.0,0.0,0.013,0.053,0.034,0.281,1580000.0,29196000.0,1.0,26244350,25628000,25756000.0,14.051,1795778000,0,0.0,0,70.071,
54,MAA,ART,2007-12-31,2008-02-27,2007-12-31,2021-07-29,-16908000,1783822000,1767010000.0,,,0.2,15.851,-147053000.0,20916000,20916000,231179000.0,39946000.0,,3.371,1264620000,,,1264620000,0,88580000.0,8453000,0.048,2.43,104398000.0,192978000.0,0.547,192978000.0,104398000.0,39946000.0,1.01,1.01,1.01,400956000,433618750.0,400956000,2553618976,24.0,13.233,-29163000.0,-1.153,1.0,121778000.0,0.345,4106000,64452000.0,3023420000,2973522000.0,0,0,,,1351424000,,,1309914976,11647000.0,9612000.0,26331000.0,68658000.0,-67478000.0,1862000.0,-108105000.0,0.0,117890000.0,0.0,39946000.0,25669000.0,25669000.0,-554000.0,0.0,0.073,28726000.0,93052000.0,1099000,2.406,3.267,51.031,50.317,1720553000,14277000.0,50.82,3.711,3.642,0,-414966000,352957000.0,352957000.0,0.0,0.015,0.059,0.035,0.296,1640000.0,28726000.0,1.0,25775580,25296000,25462000.0,13.953,1779716000,0,0.0,0,70.356,
55,MAA,ART,2007-09-30,2007-11-01,2007-09-30,2021-07-29,1676000,1789997000,1757716000.0,,,0.197,16.796,-179064000.0,9136000,9136000,229168000.0,36639000.0,,3.124,1247545000,,,1247545000,0,88121000.0,8535000,0.05,2.42,101307000.0,189428000.0,0.546,189428000.0,101307000.0,36639000.0,0.89,0.89,0.89,425978000,445646250.0,425978000,2475121207,24.0,13.066,-63847000.0,-2.517,1.0,117654000.0,0.339,4106000,64668000.0,3024300000,2949730500.0,0,0,,,1330938000,,,1236712207,-3648000.0,9871000.0,69249000.0,33186000.0,-66599000.0,21874000.0,-140739000.0,0.0,115217000.0,0.0,36639000.0,22677000.0,22677000.0,-9867000.0,0.0,0.065,28114000.0,89540000.0,1931000,2.719,2.903,54.536,54.326,1729896000,13962000.0,48.35,3.566,3.536,0,-403481000,346822000.0,346822000.0,0.0,0.013,0.051,0.034,0.292,2367000.0,28114000.0,1.0,25578329,25362000,25514000.0,13.675,1785891000,0,0.0,0,70.416,
56,MAA,ART,2007-06-30,2007-08-02,2007-06-30,2021-07-29,17842000,1761108000,1741087500.0,,,0.195,18.089,-206547000.0,8441000,8441000,224706000.0,30369000.0,,2.773,1195570000,,,1195570000,0,85680000.0,8345000,0.052,2.41,94395000.0,180075000.0,0.531,180075000.0,94395000.0,30369000.0,0.65,0.65,0.65,457442000,446612500.0,457442000,2372722989,25.0,13.176,-106911000.0,-4.228,1.0,114701000.0,0.338,4105000,64026000.0,2944132000,2920599000.0,0,0,,,1268679000,,,1185593989,-7074000.0,9970000.0,86177000.0,68305000.0,-65406000.0,75114000.0,-181824000.0,0.0,99636000.0,0.0,30369000.0,16407000.0,16407000.0,-4319000.0,0.0,0.048,27637000.0,87064000.0,647000,3.708,2.592,72.261,71.492,1685369000,13962000.0,46.47,3.493,3.462,0,-396652000,339407000.0,339407000.0,0.0,0.009,0.037,0.032,0.278,2444000.0,27637000.0,1.0,25513105,25288000,25464000.0,13.422,1757003000,0,0.0,0,69.48,
57,MAA,ART,2007-03-31,2007-05-03,2007-03-31,2021-07-29,7971000,1733113000,1708540250.0,,,0.195,17.942,-193054000.0,10460000,10460000,219685000.0,27143000.0,,2.771,1183688000,,,1183688000,0,83858000.0,7961000,0.045,2.4,90968000.0,174826000.0,0.525,174826000.0,90968000.0,27143000.0,0.53,0.53,0.53,450099000,440065000.0,450099000,2532235786,28.0,14.484,-93156000.0,-3.713,1.0,113307000.0,0.34,4105000,63825000.0,2902236000,2868353750.0,0,0,,,1247205000,,,1359007786,-4698000.0,10128000.0,153488000.0,427000.0,-63482000.0,76470000.0,-181066000.0,0.0,99898000.0,0.0,27143000.0,13180000.0,13180000.0,-796000.0,0.0,0.04,26470000.0,86837000.0,1690000,4.528,3.019,103.111,100.755,1652042000,13963000.0,53.4,4.081,4.023,0,-387020000,332992000.0,332992000.0,0.0,0.008,0.03,0.032,0.273,2434000.0,26470000.0,1.0,25449584,25087000,25289000.0,13.273,1729008000,0,0.0,0,68.92,
58,MAA,ART,2006-12-31,2007-02-28,2006-12-31,2021-07-29,10897000,1746646000,1679573000.0,,,0.194,19.13,-242762000.0,9690000,9690000,213704000.0,20945000.0,,2.817,1196349000,,,1196349000,0,81424000.0,7670000,0.043,2.39,84457000.0,165881000.0,0.509,165881000.0,84457000.0,20945000.0,0.3,0.29,0.3,449066000,420029250.0,449066000,2585782640,31.0,15.588,-141436000.0,-6.025,1.0,112295000.0,0.344,5051000,63512000.0,2928254000,2837235750.0,0,0,,,1264980000,,,1399123640,-8519000.0,350000.0,152286000.0,53616000.0,-61437000.0,130503000.0,-240348000.0,0.0,101326000.0,0.0,20945000.0,6983000.0,6983000.0,-609000.0,0.0,0.021,24963000.0,87332000.0,2773000,7.967,3.116,200.361,184.1,1669539000,13962000.0,55.23,4.292,3.977,0,-378090000,325999000.0,325999000.0,0.0,0.004,0.017,0.03,0.259,2160000.0,24963000.0,1.0,25332675,23474000,23698000.0,13.888,1741595000,0,0.0,0,74.193,
59,MAA,ART,2006-09-30,2006-11-02,2006-09-30,2021-07-29,10999000,1723483000,1635525750.0,,,0.196,17.918,-206055000.0,12875000,12875000,208530000.0,20258000.0,,2.935,1202217000,,,1202217000,0,79428000.0,7498000,0.039,2.38,82613000.0,162041000.0,0.507,162041000.0,82613000.0,20258000.0,0.26,0.26,0.26,429843000,398394250.0,429843000,2682589609,32.0,16.555,-106713000.0,-4.448,1.0,111226000.0,0.348,5051000,62355000.0,2907774000,2776635750.0,0,0,,,1261433000,,,1493247609,-2404000.0,759000.0,115775000.0,59691000.0,-59891000.0,101612000.0,-203358000.0,0.0,99342000.0,0.0,20258000.0,6295000.0,6295000.0,-359000.0,0.0,0.02,24927000.0,86299000.0,678000,9.154,3.474,237.212,234.5,1643677000,13963000.0,60.97,4.67,4.574,0,-363717000,319756000.0,319756000.0,0.0,0.004,0.016,0.03,0.258,2204000.0,24927000.0,1.0,24491514,23990000,24215000.0,13.329,1718432000,0,0.0,0,71.631,
60,MAA,ART,2006-06-30,2006-08-03,2006-06-30,2021-07-29,24633000,1630919000,1598447000.0,,,0.195,18.627,-174599000.0,15952000,15952000,205287000.0,18243000.0,,2.708,1125235000,,,1125235000,0,78934000.0,7209000,0.041,2.38,80425000.0,159359000.0,0.511,159359000.0,80425000.0,18243000.0,0.18,0.18,0.18,431252000,377557000.0,431252000,2512055640,31.0,15.764,-69884000.0,-3.018,1.0,106875000.0,0.342,5051000,62182000.0,2735151000,2722676750.0,0,0,,,1167732000,,,1402772640,4750000.0,285000.0,106400000.0,37838000.0,-58273000.0,72003000.0,-171968000.0,0.0,104715000.0,0.0,18243000.0,4281000.0,4281000.0,-198000.0,0.0,0.014,23724000.0,83151000.0,5986000,13.222,3.253,327.674,324.111,1564008000,13962000.0,58.34,4.494,4.327,0,-351269000,312162000.0,312162000.0,0.0,0.003,0.011,0.03,0.258,2023000.0,23724000.0,1.0,24044783,23152000,23374000.0,13.483,1625868000,0,0.0,0,70.226,
61,MAA,ART,2006-03-31,2006-05-04,2006-03-31,2021-07-29,17545000,1617244000,1570850000.0,,,0.194,16.714,-142683000.0,15475000,15475000,201773000.0,20544000.0,,3.295,1181046000,,,1181046000,0,77967000.0,6871000,0.043,2.37,81366000.0,159333000.0,0.523,159333000.0,81366000.0,20544000.0,0.29,0.29,0.29,369956000,357110000.0,369956000,2401270128,30.0,15.071,-41275000.0,-1.865,1.0,102887000.0,0.338,5051000,60822000.0,2777764000,2685950250.0,0,0,,,1218932000,,,1235699128,5064000.0,14762000.0,37764000.0,54787000.0,-57334000.0,21111000.0,-117455000.0,0.0,101408000.0,0.0,20544000.0,6438000.0,6438000.0,-22000.0,0.0,0.021,22633000.0,80254000.0,2663000,8.172,3.34,191.938,187.966,1551629000,14106000.0,54.51,4.056,3.96,0,-339311000,304660000.0,304660000.0,0.0,0.004,0.018,0.03,0.267,1881000.0,22633000.0,1.0,22669219,22134000,22366000.0,13.764,1612193000,0,0.0,0,72.838,
62,MAA,ART,2005-12-31,2006-03-01,2005-12-31,2021-07-29,7128000,1570457000,1555200750.0,,,0.191,16.937,-132944000.0,19598000,19598000,198766000.0,19744000.0,,3.25,1140046000,,,1140046000,0,77061000.0,6429000,0.043,2.36,78495000.0,155556000.0,0.523,155556000.0,78495000.0,19744000.0,0.25,0.25,0.25,362526000,354832750.0,362526000,2324524327,30.0,14.943,-33257000.0,-1.554,1.0,98689000.0,0.332,5051000,58751000.0,2685854000,2654771500.0,0,0,,,1178133000,,,1204076327,4931000.0,14903000.0,39459000.0,44922000.0,-56456000.0,13596000.0,-108352000.0,0.0,99687000.0,0.0,19744000.0,5415000.0,5415000.0,113000.0,0.0,0.018,22225000.0,76464000.0,3278000,9.44,3.321,222.359,217.2,1510289000,14329000.0,54.3,4.048,3.907,0,-314352000,297455000.0,297455000.0,0.0,0.003,0.015,0.03,0.264,1769000.0,22225000.0,1.0,22174518,21405000,21607000.0,13.897,1565406000,0,0.0,0,73.133,
63,MAA,ART,2005-09-30,2005-10-31,2005-09-30,2021-07-29,1292000,1575168000,1543163250.0,,,0.187,16.08,-209757000.0,18375000,18375000,194256000.0,28154000.0,,3.463,1140196000,,,1140196000,0,75084000.0,6398000,0.05,2.35,85310000.0,160394000.0,0.557,160394000.0,85310000.0,28154000.0,0.66,0.65,0.66,346494000,353532500.0,346494000,2136430463,25.0,13.32,-115581000.0,-5.364,1.0,93892000.0,0.326,5051000,57156000.0,2691938000,2629609500.0,0,0,,,1200014000,,,1014609463,2044000.0,20055000.0,39974000.0,107160000.0,-55916000.0,76674000.0,-168806000.0,0.0,94176000.0,0.0,28154000.0,13610000.0,13610000.0,-5147000.0,0.0,0.047,20387000.0,73505000.0,2592000,3.561,2.928,74.549,70.682,1519639000,14544000.0,46.65,3.521,3.489,0,-314459000,288148000.0,288148000.0,0.0,0.009,0.038,0.032,0.296,725000.0,20387000.0,1.0,21749399,21548000,21844000.0,13.372,1570117000,0,0.0,0,72.866,
64,MAA,ART,2005-06-30,2005-08-04,2005-06-30,2021-07-29,-12429000,1520531000,1513646500.0,,,0.185,16.368,-179947000.0,13882000,13882000,189375000.0,27670000.0,,3.261,1086647000,,,1086647000,0,72608000.0,6274000,0.05,2.34,82362000.0,154970000.0,0.552,154970000.0,82362000.0,27670000.0,0.62,0.61,0.62,349464000,354335500.0,349464000,2076902404,25.0,13.402,-91408000.0,-4.281,1.0,91145000.0,0.325,5051000,54692000.0,2588245000,2569682000.0,0,0,,,1139762000,,,1004137404,-30934000.0,20732000.0,37785000.0,52253000.0,-55288000.0,19989000.0,-139462000.0,0.0,88539000.0,0.0,27670000.0,12909000.0,12909000.0,-5093000.0,0.0,0.046,19663000.0,71482000.0,2439000,3.774,2.873,77.786,75.145,1474847000,14761000.0,46.59,3.58,3.546,0,-289036000,280520000.0,280520000.0,0.0,0.009,0.036,0.032,0.294,111000.0,19663000.0,1.0,21552638,21351000,21625000.0,13.138,1515480000,0,0.0,0,70.979,
65,MAA,ART,2005-03-31,2005-05-05,2005-03-31,2021-07-29,-3436000,1554647000,1498215000.0,,,0.183,17.242,-198635000.0,12567000,12567000,185428000.0,24469000.0,,3.193,1116275000,,,1116275000,0,71219000.0,6087000,0.059,2.34,76879000.0,148098000.0,0.539,148098000.0,76879000.0,24469000.0,0.47,0.46,0.47,360847000,357583000.0,360847000,1945114705,25.0,13.134,-111467000.0,-5.326,1.0,89106000.0,0.325,5306000,52410000.0,2653049000,2528908000.0,0,0,,,1152319000,,,841406705,-934000.0,6284000.0,32532000.0,127714000.0,-54538000.0,90876000.0,-178978000.0,0.0,87168000.0,0.0,24469000.0,9637000.0,9637000.0,-5071000.0,0.0,0.035,20137000.0,68969000.0,2427000,4.979,2.332,87.31,83.787,1495662000,14832000.0,39.38,3.065,3.002,0,-281094000,274534000.0,274534000.0,0.0,0.006,0.027,0.03,0.28,564000.0,20137000.0,1.0,21366346,20928000,21212000.0,13.118,1549341000,0,0.0,0,74.032,
66,MAA,ART,2004-12-31,2005-03-16,2004-12-31,2021-07-29,-14737000,1522307000,1465757750.0,,,0.183,17.587,-185501000.0,15174000,15174000,181401000.0,25198000.0,,3.172,1083473000,,,1083473000,0,70406000.0,5821000,0.063,2.34,76056000.0,146462000.0,0.547,146462000.0,76056000.0,25198000.0,0.51,0.5,0.51,357325000,356048000.0,357325000,1849766056,24.0,12.63,-97272000.0,-4.788,1.0,86383000.0,0.323,5400000,50858000.0,2585206000,2460868000.0,0,0,,,1133606000,,,781467056,338000.0,1439000.0,25354000.0,123840000.0,-53877000.0,80492000.0,-168383000.0,0.0,88229000.0,0.0,25198000.0,10373000.0,10373000.0,-5628000.0,0.0,0.039,19597000.0,66786000.0,767000,4.588,2.187,75.337,72.765,1459952000,14825000.0,37.11,2.918,2.816,0,-269482000,267784000.0,267784000.0,0.0,0.007,0.029,0.031,0.284,563000.0,19597000.0,1.0,21058126,20317000,20652000.0,13.18,1516907000,0,0.0,0,74.662,
67,MAA,ART,2004-12-31,2005-03-15,2004-12-31,2021-07-29,-14737000,1522307000,1465757750.0,,,0.183,17.587,-185501000.0,15174000,15174000,181401000.0,25198000.0,,3.172,1083473000,,,1083473000,0,70406000.0,5821000,0.063,2.34,76056000.0,146462000.0,0.547,146462000.0,76056000.0,25198000.0,0.51,0.5,0.51,357325000,356048000.0,357325000,1852924775,24.0,12.651,-97272000.0,-4.788,1.0,86383000.0,0.323,5400000,50858000.0,2585206000,2460868000.0,0,0,,,1133606000,,,784625775,338000.0,1439000.0,25354000.0,123840000.0,-53877000.0,80492000.0,-168383000.0,0.0,88229000.0,0.0,25198000.0,10373000.0,10373000.0,-5628000.0,0.0,0.039,19597000.0,66786000.0,767000,4.588,2.196,75.641,73.059,1459952000,14825000.0,37.26,2.93,2.827,0,-269482000,267784000.0,267784000.0,0.0,0.007,0.029,0.031,0.284,563000.0,19597000.0,1.0,21058126,20317000,20652000.0,13.18,1516907000,0,0.0,0,74.662,
68,MAA,ART,2004-09-30,2004-11-04,2004-09-30,2021-07-29,-19796000,1457101000,1436814250.0,,,0.185,17.195,-148557000.0,15897000,15897000,146282000.0,17483000.0,,3.085,1016786000,,,1016786000,0,69165000.0,5327000,0.058,2.34,67073000.0,136238000.0,0.513,136238000.0,67073000.0,17483000.0,0.11,0.11,0.11,349706000,357040250.0,349706000,1826128138,27.0,13.404,-60995000.0,-2.999,1.0,119086000.0,0.449,5762000,49590000.0,2452228000,2397524500.0,0,0,,,1078907000,,,825239138,3830000.0,-4188000.0,30706000.0,101525000.0,-53433000.0,63425000.0,-147157000.0,0.0,87562000.0,0.0,17483000.0,2340000.0,2340000.0,-1865000.0,0.0,0.009,50298000.0,68788000.0,2391000,21.273,2.36,352.666,363.727,1388845000,15143000.0,40.01,3.11,3.066,0,-265730000,265368000.0,265368000.0,0.0,0.002,0.007,0.028,0.253,616000.0,18360000.0,1.0,20625822,20338000,20338000.0,13.048,1451339000,0,0.0,0,71.361,
69,MAA,ART,2004-06-30,2004-08-05,2004-06-30,2021-07-29,-13158000,1458805000,1414153500.0,,,0.183,17.877,-153548000.0,45472000,45472000,125895000.0,20822000.0,,2.943,1017578000,,,1017578000,0,67214000.0,5207000,0.065,2.34,69233000.0,136447000.0,0.528,136447000.0,69233000.0,20822000.0,-0.03,-0.03,-0.03,362454000,358231500.0,362454000,1709436077,25.0,12.528,-64618000.0,-3.187,1.0,132283000.0,0.512,5762000,48411000.0,2425149000,2350021000.0,0,0,,,1066630000,,,737330077,21140000.0,-26256000.0,65661000.0,101154000.0,-51515000.0,101712000.0,-169502000.0,0.0,88930000.0,0.0,20822000.0,-146000.0,-146000.0,-1919000.0,0.0,-0.001,64737000.0,67546000.0,1658000,-78.0,2.034,-5050.206,-1205.0,1384976000,20968000.0,36.15,2.856,2.839,0,-253224000,258178000.0,258178000.0,0.0,0.0,0.0,0.029,0.268,1272000.0,17972000.0,1.0,20396406,20275000,20585000.0,12.734,1453043000,0,0.0,0,71.667,
70,MAA,ART,2004-03-31,2004-05-07,2004-03-31,2021-07-29,-30009000,1424818000,1362844750.0,,,0.183,17.702,-155558000.0,17662000,17662000,104981000.0,20935000.0,,2.93,979495000,,,979495000,0,64237000.0,5181000,0.073,2.34,67927000.0,132164000.0,0.53,132164000.0,67927000.0,20935000.0,-0.02,-0.02,-0.02,354707000,346531000.0,354707000,1614537243,24.0,12.216,-71384000.0,-3.562,1.0,144480000.0,0.579,5762000,46992000.0,2380889000,2259201250.0,0,0,,,1039362000,,,652704243,2541000.0,-28337000.0,67188000.0,70888000.0,-50299000.0,73980000.0,-155613000.0,0.0,84174000.0,0.0,20935000.0,-252000.0,-252000.0,-1919000.0,0.0,-0.001,77295000.0,67185000.0,1736000,-117.0,1.84,-2590.096,-1602.5,1377545000,21187000.0,32.05,2.616,2.574,0,-242598000,249461000.0,249461000.0,0.0,0.0,-0.001,0.03,0.272,840000.0,16507000.0,1.0,20365187,20038000,20365000.0,12.449,1419056000,0,0.0,0,70.818,
71,MAA,ART,2003-12-31,2004-03-12,2003-12-31,2021-07-29,-25448000,1406533000,1318105500.0,,,0.183,19.663,-140046000.0,20880000,20880000,100526000.0,20206000.0,,2.804,951941000,,,951941000,0,61080000.0,5036000,0.064,2.34,66238000.0,127318000.0,0.528,127318000.0,66238000.0,20206000.0,-0.07,-0.07,-0.07,361294000,339733750.0,361294000,1663809917,25.0,13.068,-60805000.0,-3.309,1.0,140380000.0,0.583,5762000,46032000.0,2331832000,2178762000.0,0,0,,,1013220000,,,732748917,-442000.0,-26135000.0,59989000.0,63533000.0,-49245000.0,60251000.0,-139934000.0,0.0,79241000.0,0.0,20206000.0,-1200000.0,-1200000.0,-1919000.0,0.0,-0.005,74688000.0,65692000.0,1696000,-33.429,2.028,-610.624,-521.143,1351849000,21406000.0,36.48,3.042,2.782,0,-232224000,240906000.0,240906000.0,0.0,-0.001,-0.004,0.03,0.275,801000.0,15670000.0,1.0,20086319,18374000,18374000.0,13.111,1400771000,0,0.0,0,76.237,
72,MAA,ART,2003-09-30,2003-11-10,2003-09-30,2021-07-29,-29102000,1366458000,1276339000.0,,,0.183,19.368,-102698000.0,15940000,15940000,95538000.0,20201000.0,,2.763,911696000,,,911696000,0,58833000.0,4709000,0.073,2.34,66659000.0,125492000.0,0.538,125492000.0,66659000.0,20201000.0,-0.06,-0.06,-0.06,354471000,333953000.0,354471000,1522555334,23.0,12.133,-16026000.0,-0.876,1.0,137885000.0,0.591,0,46458000.0,2262214000,2102082250.0,0,0,,,979230000,,,626799334,-8602000.0,-34839000.0,44985000.0,2032000.0,-47696000.0,-19860000.0,-75414000.0,0.0,86672000.0,0.0,20201000.0,-1209000.0,-1209000.0,0.0,0.0,-0.005,72309000.0,65576000.0,1875000,-39.0,1.768,-518.444,-535.0,1319732000,21410000.0,32.1,2.685,2.517,0,-221080000,233423000.0,233423000.0,0.0,-0.001,-0.004,0.032,0.286,916000.0,16035000.0,1.0,19526459,18302000,18302000.0,12.754,1366458000,0,0.0,0,74.662,
73,MAA,ART,2003-06-30,2003-08-08,2003-06-30,2021-07-29,-34542000,1253570000,1254347750.0,,,0.184,17.709,-103617000.0,24912000,24912000,91985000.0,17528000.0,,2.875,833212000,,,833212000,0,58564000.0,4345000,0.102,2.926,64954000.0,123518000.0,0.534,123518000.0,64954000.0,17528000.0,0.1,0.1,0.1,315652000,333666500.0,315652000,1326355541,20.0,10.738,-14411000.0,-0.809,1.0,139295000.0,0.602,0,47426000.0,2061870000,2055777250.0,0,0,,,907406000,,,518055541,1664000.0,-13025000.0,3893000.0,37435000.0,-48135000.0,-28094000.0,-59448000.0,0.0,89206000.0,0.0,17528000.0,1622000.0,1622000.0,0.0,0.0,0.007,71751000.0,67544000.0,3390000,29.26,1.641,319.393,287.8,1199725000,15906000.0,28.78,2.24,2.218,0,-207484000,231280000.0,231280000.0,0.0,0.001,0.005,0.032,0.281,703000.0,16052000.0,1.0,18000540,17824000,18047000.0,12.976,1253570000,0,0.0,0,70.33,
74,MAA,ART,2003-03-31,2003-05-15,2003-03-31,2021-07-29,-29527000,1245861000,1253695750.0,,,0.183,18.45,-81943000.0,12505000,12505000,89630000.0,17393000.0,,2.707,825776000,,,825776000,0,58348000.0,4362000,0.108,2.926,66409000.0,124757000.0,0.542,124757000.0,66409000.0,17393000.0,0.09,0.08,0.09,327518000,348054500.0,327518000,1296117410,20.0,10.389,-271000.0,-0.015,1.0,140354000.0,0.61,0,49016000.0,2059132000,2043748250.0,0,0,,,886437000,,,482846410,-6762000.0,-10878000.0,1012000.0,35599000.0,-48009000.0,-32799000.0,-55635000.0,0.0,81672000.0,0.0,17393000.0,1383000.0,1383000.0,0.0,0.0,0.006,71300000.0,69054000.0,1037000,32.511,1.474,349.13,299.778,1203100000,16010000.0,26.98,2.099,2.083,0,-198197000,229984000.0,229984000.0,0.0,0.001,0.004,0.032,0.289,594000.0,15977000.0,1.0,17896457,17752000,17921000.0,12.955,1245861000,0,0.0,0,70.181,
75,MAA,ART,2002-12-31,2003-03-31,2002-12-31,2021-07-29,-28100000,1239467000,1255379500.0,,,0.186,19.257,-62586000.0,18057000,18057000,92842000.0,16141000.0,,2.566,803703000,,,803703000,0,57975000.0,4406000,0.123,2.926,65589000.0,123564000.0,0.53,123564000.0,65589000.0,16141000.0,-0.11,-0.03,-0.11,338171000,363781500.0,338171000,1209401550,18.0,9.788,18490000.0,1.053,1.0,140297000.0,0.602,0,49448000.0,2025113000,2032763500.0,0,0,,,867891000,,,423755550,-1598000.0,-8487000.0,875000.0,20002000.0,-47875000.0,-48492000.0,-34182000.0,0.0,81076000.0,0.0,16141000.0,-1929000.0,-1929000.0,0.0,0.0,-0.008,70561000.0,69736000.0,464000,-26.6,1.253,-219.676,-215.455,1192223000,18070000.0,23.7,1.818,1.785,0,-188155000,233139000.0,233139000.0,0.0,-0.002,-0.005,0.032,0.281,625000.0,15298000.0,1.0,17879981,17561000,17561000.0,13.276,1239467000,0,0.0,0,70.581,
76,MAA,ART,2002-09-30,2002-11-14,2002-09-30,2021-07-29,-24713000,1278493000,1261384750.0,,,0.18,20.099,-56301000.0,24231000,24231000,86186000.0,19212000.0,,2.508,822732000,,,822732000,0,57120000.0,4544000,0.116,2.926,68865000.0,125985000.0,0.555,125985000.0,68865000.0,19212000.0,0.15,0.15,0.15,353325000,378196000.0,353325000,1248065186,18.0,9.906,20976000.0,1.193,1.0,140971000.0,0.621,0,49653000.0,2076994000,2031415250.0,0,0,,,886019000,,,449564186,3532000.0,116000.0,1155000.0,44837000.0,-47765000.0,-17886000.0,-55859000.0,0.0,77277000.0,0.0,19212000.0,3099000.0,3099000.0,0.0,0.0,0.014,70475000.0,70496000.0,1038000,19.507,1.272,145.068,168.2,1225333000,16113000.0,25.23,1.979,1.952,0,-174836000,227157000.0,227157000.0,0.0,0.002,0.008,0.034,0.303,87000.0,16023000.0,1.0,17818636,17579000,17579000.0,12.922,1278493000,0,0.0,0,72.728,
77,MAA,ART,2002-06-30,2002-08-14,2002-06-30,2021-07-29,-12526000,1250962000,1260141750.0,,,0.179,21.328,-24026000.0,25344000,25344000,85252000.0,28505000.0,,2.236,788136000,,,788136000,0,55624000.0,4643000,0.12,2.926,78525000.0,134149000.0,0.593,134149000.0,78525000.0,28505000.0,0.69,0.69,0.69,373204000,390380500.0,373204000,1192192465,15.0,8.887,61390000.0,3.508,1.0,140888000.0,0.623,0,50020000.0,2013754000,2018152000.0,0,0,,,834652000,,,429400465,5350000.0,157000.0,378000.0,-5384000.0,-47659000.0,-68778000.0,-11288000.0,0.0,85416000.0,0.0,28505000.0,12392000.0,12392000.0,0.0,0.0,0.055,68911000.0,71977000.0,1546000,4.241,1.151,34.651,35.29,1198938000,16113000.0,24.35,1.899,1.884,0,-164290000,226140000.0,226140000.0,0.0,0.01,0.032,0.039,0.347,233000.0,15795000.0,1.0,17634516,17498000,17749000.0,12.924,1250962000,0,0.0,0,71.492,
78,MAA,ART,2002-03-31,2002-05-15,2002-03-31,2021-07-29,-4968000,1252596000,1269089500.0,,,0.179,22.368,-30411000.0,21010000,21010000,84969000.0,28137000.0,,2.094,783607000,,,783607000,0,55043000.0,4589000,0.114,2.926,79638000.0,134681000.0,0.592,134681000.0,79638000.0,28137000.0,0.69,0.7,0.69,390426000,399820000.0,390426000,1213215434,15.0,9.008,56598000.0,3.243,1.0,142415000.0,0.626,0,51501000.0,2015193000,2027915500.0,0,0,,,817410000,,,450618434,-6342000.0,89000.0,749000.0,-12009000.0,-47637000.0,-75010000.0,-18341000.0,0.0,87009000.0,0.0,28137000.0,12024000.0,12024000.0,0.0,0.0,0.053,68534000.0,73881000.0,1356000,4.241,1.154,37.477,37.319,1206730000,16113000.0,25.75,1.982,1.977,0,-154994000,227384000.0,227384000.0,0.0,0.009,0.03,0.039,0.35,138000.0,15971000.0,1.0,17499745,17455000,17596000.0,13.027,1252596000,0,0.0,0,71.761,
79,MAA,ART,2001-12-31,2002-04-01,2001-12-31,2021-07-29,-8756000,1263488000,1279577250.0,,,0.178,22.714,-36113000.0,23432000,23432000,84584000.0,28698000.0,,2.075,779664000,,,779664000,0,54403000.0,4514000,0.113,2.926,81296000.0,135699000.0,0.595,135699000.0,81296000.0,28698000.0,0.72,0.72,0.72,395829000,406907500.0,395829000,1208978116,15.0,8.909,54528000.0,3.129,1.0,143455000.0,0.629,0,52598000.0,2019720000,2037613750.0,0,0,,,821228000,,,452746116,-3903000.0,289000.0,-1814000.0,-5681000.0,-47693000.0,-71301000.0,-23243000.0,0.0,90641000.0,0.0,28698000.0,12585000.0,12585000.0,0.0,0.0,0.055,68134000.0,75321000.0,1219000,4.064,1.144,35.975,35.972,1216933000,16113000.0,25.9,1.985,1.979,0,-145061000,228039000.0,228039000.0,0.0,0.01,0.031,0.04,0.357,145000.0,16083000.0,1.0,17480545,17427000,17532000.0,13.085,1263488000,0,0.0,0,72.502,
80,MAA,ART,2001-09-30,2001-11-14,2001-09-30,2021-07-29,-9829000,1273521000,1289648000.0,,,0.177,23.099,-44565000.0,25047000,25047000,84542000.0,28753000.0,,2.048,775467000,,,775467000,0,54297000.0,4599000,0.113,2.926,82271000.0,136568000.0,0.597,136568000.0,82271000.0,28753000.0,0.75,0.75,0.75,402063000,416448500.0,402063000,1200266839,15.0,8.789,42137000.0,2.421,1.0,144047000.0,0.63,0,53518000.0,2023941000,2045507000.0,0,0,,,823532000,,,449846839,-7727000.0,394000.0,-1894000.0,-4658000.0,-47643000.0,-70307000.0,-24122000.0,0.0,86702000.0,0.0,28753000.0,12641000.0,12641000.0,0.0,0.0,0.055,67547000.0,76500000.0,1997000,3.901,1.119,35.586,34.4,1222152000,16112000.0,25.8,1.968,1.965,0,-136986000,228589000.0,228589000.0,0.0,0.01,0.03,0.04,0.36,484000.0,15550000.0,1.0,17435924,17406000,17569000.0,13.133,1273521000,0,0.0,0,73.166,
81,MAA,ART,2001-06-30,2001-08-14,2001-06-30,2021-07-29,-2072000,1286753000,1299003500.0,,,0.176,23.623,-44561000.0,24653000,24653000,84845000.0,21290000.0,,2.015,790708000,,,790708000,0,54208000.0,4723000,0.089,2.335,74790000.0,128998000.0,0.565,128998000.0,74790000.0,21290000.0,0.31,0.31,0.31,410962000,426269000.0,410962000,1220563428,16.0,9.462,33265000.0,1.912,1.0,143504000.0,0.628,0,53500000.0,2052808000,2052848000.0,0,0,,,827915000,,,454508428,-5260000.0,474000.0,-3745000.0,22257000.0,-47584000.0,-45185000.0,-37901000.0,0.0,77826000.0,0.0,21290000.0,5178000.0,5178000.0,0.0,0.0,0.023,67313000.0,76191000.0,1277000,7.532,1.106,87.777,84.194,1239566000,16112000.0,26.1,1.99,1.988,0,-135860000,228349000.0,228349000.0,0.0,0.004,0.012,0.036,0.328,327000.0,15495000.0,1.0,17414116,17397000,17480000.0,13.126,1286753000,0,0.0,0,73.964,
82,MAA,ART,2001-03-31,2001-05-15,2001-03-31,2021-07-29,-3971000,1294547000,1303742000.0,,,0.173,23.959,-73398000.0,31806000,31806000,83934000.0,27332000.0,,1.973,791245000,,,791245000,0,53955000.0,4621000,0.1,2.33,79307000.0,133262000.0,0.59,133262000.0,79307000.0,27332000.0,0.63,0.63,0.63,418776000,436450500.0,418776000,1163420028,15.0,8.73,176000.0,0.01,1.0,141909000.0,0.628,0,51975000.0,2053986000,2049701250.0,0,0,,,826160000,,,403981028,593000.0,438000.0,-5499000.0,22965000.0,-47629000.0,-46275000.0,-26706000.0,0.0,73574000.0,0.0,27332000.0,11220000.0,11220000.0,0.0,0.0,0.05,66458000.0,75451000.0,1049000,3.698,0.965,36.005,36.841,1239927000,16112000.0,23.21,1.789,1.796,0,-126304000,225843000.0,225843000.0,0.0,0.009,0.026,0.039,0.351,114000.0,15076000.0,1.0,17405473,17479000,17510000.0,12.921,1294547000,0,0.0,0,74.063,
83,MAA,ART,2000-12-31,2001-04-02,2000-12-31,2021-07-29,0,1303771000,1304741000.0,,,0.172,24.737,-85657000.0,33567000,33567000,83446000.0,29787000.0,,1.886,781089000,,,781089000,0,54602000.0,4611000,0.103,2.325,80523000.0,135125000.0,0.602,135125000.0,80523000.0,29787000.0,0.78,0.78,0.78,433993000,446083750.0,433993000,1141457433,14.0,8.447,-14493000.0,-0.826,1.0,141194000.0,0.629,0,50736000.0,2051293000,2041596750.0,0,0,,,818395000,,,393935433,2003000.0,267000.0,-3356000.0,24862000.0,-47591000.0,-42199000.0,-26962000.0,0.0,71164000.0,0.0,29787000.0,13673000.0,13673000.0,0.0,0.0,0.061,66670000.0,74524000.0,1740000,2.981,0.908,28.811,28.923,1244475000,16114000.0,22.56,1.754,1.762,0,-116889000,224640000.0,224640000.0,0.0,0.01,0.031,0.039,0.358,120000.0,14826000.0,1.0,17461677,17544000,17597000.0,12.804,1303771000,0,0.0,0,74.314,
84,MAA,ART,2000-09-30,2000-11-14,2000-09-30,2021-07-29,0,1310943000,1303504000.0,,,0.172,25.244,-100074000.0,34150000,34150000,83205000.0,32995000.0,,1.851,776512000,,,776512000,0,53931000.0,4741000,0.107,2.32,82529000.0,136460000.0,0.61,136460000.0,82529000.0,32995000.0,1.25,1.25,1.25,441345000,453556500.0,441345000,1121550549,14.0,8.219,-35866000.0,-2.051,1.0,140608000.0,0.628,0,49534000.0,2053305000,2032881500.0,0,0,,,816712000,,,379188549,3927000.0,2585000.0,-34841000.0,42981000.0,-48340000.0,-55391000.0,-4890000.0,0.0,64208000.0,0.0,32995000.0,16878000.0,16878000.0,0.0,0.0,0.075,53905000.0,86703000.0,2148000,1.856,0.859,22.466,17.352,1249346000,16117000.0,21.69,1.694,1.694,0,-108925000,223813000.0,223813000.0,0.0,0.013,0.037,0.041,0.369,494000.0,15712000.0,1.0,17482183,17483000,17568000.0,12.802,1310943000,0,0.0,0,74.984,
85,MAA,ART,2000-06-30,2000-08-14,2000-06-30,2021-07-29,0,1305707000,1304711000.0,,,0.172,25.687,-116260000.0,30962000,30962000,83002000.0,37896000.0,,1.77,765476000,,,765476000,0,53889000.0,4798000,0.095,2.315,86540000.0,140429000.0,0.627,140429000.0,86540000.0,37896000.0,1.2,1.2,1.2,451688000,468022750.0,451688000,1160552841,13.0,8.264,-44353000.0,-2.522,1.0,140857000.0,0.629,0,48644000.0,2040221000,2020003750.0,0,0,,,799651000,,,426038841,2462000.0,-2012000.0,-34351000.0,21849000.0,-49002000.0,-76952000.0,7507000.0,0.0,71907000.0,0.0,37896000.0,21779000.0,21779000.0,0.0,0.0,0.097,53507000.0,87350000.0,1501000,1.929,0.943,19.562,20.208,1251563000,16117000.0,24.25,1.903,1.905,0,-100432000,223859000.0,223859000.0,0.0,0.017,0.047,0.043,0.387,494000.0,15856000.0,1.0,17568612,17584000,17654000.0,12.731,1305707000,0,0.0,0,74.255,
86,MAA,ART,2000-03-31,2000-05-15,2000-03-31,2021-07-29,0,1298543000,1309095500.0,,,0.172,25.939,-84362000.0,31450000,31450000,83949000.0,29941000.0,,1.72,754475000,,,754475000,0,53722000.0,4727000,0.096,2.31,78462000.0,132184000.0,0.588,132184000.0,78462000.0,29941000.0,0.75,0.75,0.75,457309000,481363250.0,457309000,1145763074,15.0,8.668,-9164000.0,-0.52,1.0,140671000.0,0.626,0,48521000.0,2021568000,2015009250.0,0,0,,,786429000,,,422738074,4027000.0,-2541000.0,-30386000.0,12734000.0,-49651000.0,-83175000.0,12004000.0,0.0,75198000.0,0.0,29941000.0,13824000.0,13824000.0,0.0,0.0,0.062,52738000.0,87933000.0,1401000,3.08,0.924,30.58,31.92,1243820000,16117000.0,23.94,1.882,1.879,0,-96795000,224620000.0,224620000.0,0.0,0.011,0.029,0.039,0.349,631000.0,15120000.0,1.0,17658232,17630000,17655000.0,12.741,1298543000,0,0.0,0,73.655,
87,MAA,ART,1999-12-31,2000-03-30,1999-12-31,2021-07-29,0,1298823000,1322326500.0,,,0.171,24.696,-87806000.0,26629000,26629000,84885000.0,33572000.0,,1.679,744238000,,,744238000,0,52757000.0,4739000,0.1,2.305,81874000.0,134631000.0,0.595,134631000.0,81874000.0,33572000.0,0.93,0.93,0.93,463884000,495631500.0,463884000,1122162254,14.0,8.335,-12828000.0,-0.683,1.0,141437000.0,0.625,0,48302000.0,2016432000,2022799250.0,0,0,,,778879000,,,404553254,6855000.0,-8085000.0,-29524000.0,-11260000.0,-50311000.0,-107209000.0,39086000.0,0.0,74978000.0,0.0,33572000.0,17458000.0,17458000.0,0.0,0.0,0.077,54145000.0,87292000.0,2122000,2.478,0.872,23.173,24.667,1248051000,16114000.0,22.94,1.788,1.904,0,-89869000,226322000.0,226322000.0,0.0,0.013,0.035,0.04,0.362,494000.0,14479000.0,1.0,17635277,18784000,18808000.0,12.049,1298823000,0,0.0,0,69.145,
88,MAA,ART,1999-09-30,1999-11-12,1999-09-30,2021-07-29,0,1315771000,1339227500.0,,,0.169,26.043,-111398000.0,32528000,32528000,85416000.0,30998000.0,,1.52,718551000,,,718551000,0,52729000.0,4908000,0.103,2.3,78720000.0,131449000.0,0.58,131449000.0,78720000.0,30998000.0,0.52,0.52,0.52,499210000,508985250.0,499210000,1098350688,14.0,8.356,-26199000.0,-1.367,1.0,141327000.0,0.623,0,47722000.0,2001794000,2044525000.0,0,0,,,758683000,,,412327688,2914000.0,-10483000.0,2270000.0,-19411000.0,-49714000.0,-53402000.0,-28883000.0,0.0,85199000.0,0.0,30998000.0,15458000.0,15458000.0,0.0,0.0,0.068,58469000.0,82858000.0,2713000,4.423,0.826,26.674,43.038,1258441000,15540000.0,22.38,1.818,1.892,0,-84381000,226743000.0,226743000.0,0.0,0.012,0.03,0.039,0.347,-235000.0,13537000.0,1.0,18423936,19169000,19174000.0,11.829,1315771000,0,0.0,0,68.641,
89,MAA,ART,1999-06-30,1999-08-16,1999-06-30,2021-07-29,0,1323245000,1340760750.0,,,0.168,26.628,-169673000.0,32148000,32148000,84609000.0,27624000.0,,1.504,729146000,,,729146000,0,51518000.0,4950000,0.106,2.275,74860000.0,126378000.0,0.56,126378000.0,74860000.0,27624000.0,0.68,0.68,0.68,505050000,508704750.0,505050000,1103615540,15.0,8.733,-88141000.0,-4.647,1.0,141237000.0,0.625,0,47236000.0,2020243000,2049722750.0,0,0,,,759562000,,,406617540,845000.0,-6027000.0,3827000.0,65178000.0,-49234000.0,33584000.0,-114271000.0,0.0,81532000.0,0.0,27624000.0,12677000.0,12677000.0,0.0,0.0,0.056,57510000.0,83727000.0,912000,3.346,0.805,32.075,31.441,1270621000,14947000.0,21.38,1.8,1.796,0,-78798000,225846000.0,225846000.0,0.0,0.009,0.025,0.037,0.331,121000.0,13116000.0,1.0,19018594,18967000,19004000.0,11.907,1323245000,0,0.0,0,69.766,
90,MAA,ART,1999-03-31,1999-05-17,1999-03-31,2021-07-29,0,1351467000,1322888000.0,,,0.168,27.213,-191759000.0,40276000,40276000,82644000.0,31029000.0,,1.509,741537000,,,741537000,0,50117000.0,4721000,0.095,2.25,77746000.0,127863000.0,0.577,127863000.0,77746000.0,31029000.0,0.95,0.95,0.95,514382000,508574500.0,514382000,1150581408,15.0,8.999,-109930000.0,-5.816,1.0,139006000.0,0.627,0,46717000.0,2052728000,2013800000.0,0,0,,,776190000,,,449320408,1828000.0,-5549000.0,8061000.0,41032000.0,-48525000.0,63039000.0,-143040000.0,0.0,81829000.0,0.0,31029000.0,17835000.0,17835000.0,0.0,0.0,0.08,55072000.0,83934000.0,6731000,2.368,0.874,25.193,25.0,1276080000,13194000.0,23.75,2.027,2.025,0,-67824000,221650000.0,221650000.0,0.0,0.013,0.035,0.039,0.351,121000.0,12483000.0,1.0,18918754,18902000,18929000.0,11.726,1351467000,0,0.0,0,71.499,
91,MAA,ART,1998-12-31,1999-04-02,1998-12-31,2021-07-29,0,1366427000,1290648000.0,,,0.167,27.626,-204031000.0,16519000,16519000,79917000.0,26757000.0,,1.523,753427000,,,753427000,0,48369000.0,4917000,0.102,2.225,72461000.0,120830000.0,0.561,120830000.0,72461000.0,26757000.0,0.82,0.82,0.82,517299000,494390750.0,517299000,1150799335,16.0,9.524,-123626000.0,-6.602,1.0,135626000.0,0.629,0,45704000.0,2103335000,1966268750.0,0,0,,,787687000,,,413891335,-7568000.0,0.0,9586000.0,86920000.0,-47117000.0,110634000.0,-198607000.0,0.0,80405000.0,0.0,26757000.0,15327000.0,15327000.0,0.0,0.0,0.071,57573000.0,78053000.0,10384000,2.713,0.8,27.004,26.683,1315368000,11430000.0,21.88,1.92,1.901,0,-63876000,215543000.0,215543000.0,0.0,0.012,0.031,0.037,0.336,121000.0,11960000.0,1.0,18916423,18725000,18770000.0,11.511,1366427000,0,0.0,0,72.973,
92,MAA,ART,1998-12-31,1999-03-31,1998-12-31,2021-07-29,0,1366427000,1290648000.0,,,0.167,27.626,-204031000.0,16519000,16519000,79917000.0,26757000.0,,1.523,753427000,,,753427000,0,48369000.0,4917000,0.104,2.225,72461000.0,120830000.0,0.561,120830000.0,72461000.0,26757000.0,0.82,0.82,0.82,517299000,494390750.0,517299000,1141341124,16.0,9.446,-123626000.0,-6.602,1.0,135626000.0,0.629,0,45704000.0,2103335000,1966268750.0,0,0,,,787687000,,,404433124,-7568000.0,0.0,9586000.0,86920000.0,-47117000.0,110634000.0,-198607000.0,0.0,80405000.0,0.0,26757000.0,15327000.0,15327000.0,0.0,0.0,0.071,57573000.0,78053000.0,10384000,2.713,0.782,26.387,26.073,1315368000,11430000.0,21.38,1.876,1.857,0,-63876000,215543000.0,215543000.0,0.0,0.012,0.031,0.037,0.336,121000.0,11960000.0,1.0,18916423,18725000,18770000.0,11.511,1366427000,0,0.0,0,72.973,
93,MAA,ART,1998-09-30,1998-11-16,1998-09-30,2021-07-29,0,1321904000,1247558750.0,,,,26.491,,22267000,22267000,,,,1.53,722948000,,,722948000,0,,4882000,0.09,2.2,,,,,,,,,,498088000,480441000.0,498088000,1163391351,,,,,1.0,,,0,,2022585000,1889955250.0,0,0,,,762203000,,,462710351,,,,,,,,,,,,,,,,,,,7304000,,0.929,,,1265569000,,24.56,,,0,-55488000,,,,,,,,,,1.0,18839998,18802000,,,1321904000,0,,0,70.307,
94,MAA,ART,1998-06-30,1998-08-14,1998-06-30,2021-07-29,0,1251754000,977491500.0,,,0.184,26.99,-101825000.0,24129000,24129000,66732000.0,15581000.0,,1.356,648927000,,,648927000,0,39209000.0,4737000,0.083,2.185,54091000.0,93300000.0,0.519,93300000.0,54091000.0,15581000.0,0.39,,0.39,504529000,399452500.0,504529000,1117073909,21.0,11.973,-42608000.0,-2.279,1.0,112973000.0,0.629,0,38510000.0,1876552000,1458596500.0,0,0,,,684209000,,,492275909,7492000.0,-25678000.0,107895000.0,-74441000.0,-41981000.0,70343000.0,-122068000.0,0.0,59217000.0,0.0,15581000.0,8165000.0,8165000.0,0.0,0.0,0.045,45543000.0,67430000.0,7764000,5.603,0.976,60.291,67.154,1194115000,7416000.0,26.19,2.739,2.724,0,-48870000,179705000.0,179705000.0,0.0,0.008,0.02,0.037,0.301,0.0,8579000.0,1.0,18796331,18693000,,9.613,1251754000,0,0.0,0,66.964,
95,MAA,ART,1998-03-31,1998-05-15,1998-03-31,2021-07-29,0,1222507000,,,,,24.67,,26036000,26036000,,,,1.53,666132000,,,666132000,0,,4683000,0.079,2.17,,,,,,,,,,457647000,,457647000,1153001745,,,,,1.0,,,0,,1862603000,,0,0,,,700301000,,,512905745,,,,,,,,,,,,,,,,,,,11487000,,1.121,,,1161403000,,27.5,,,0,-42550000,,,,,,,,,,1.0,18651118,18551000,,,1222507000,0,,0,65.9,
96,MAA,ART,1997-12-31,1998-04-27,1997-12-31,2021-07-29,0,1194070000,,,,,24.873,-112585000.0,28202000,28202000,52404000.0,11227000.0,,1.451,632213000,,,632213000,0,28746000.0,4509000,0.081,2.17,40170000.0,68916000.0,0.495,68916000.0,40170000.0,11227000.0,0.43,,0.43,461500000,,461500000,1102740665,27.0,16.001,-67788000.0,-3.654,1.0,86712000.0,0.623,0,28943000.0,1798081000,,0,0,,,669705000,,,498729665,10752000.0,-25678000.0,165858000.0,-64683000.0,-34519000.0,104218000.0,-138263000.0,0.0,44797000.0,0.0,11227000.0,5975000.0,5975000.0,0.0,0.0,0.043,34339000.0,52373000.0,10098000,5.047,1.081,83.469,62.512,1134704000,5252000.0,26.88,3.585,3.585,0,-38371000,139116000.0,139116000.0,0.0,,,,0.289,0.0,6602000.0,1.0,18553931,18553931,,7.498,1194070000,0,0.0,0,64.357,
97,MAA,ART,1997-12-31,1998-03-31,1997-12-31,2021-07-29,0,1194070000,,,,,24.877,-112585000.0,28202000,28202000,52404000.0,11227000.0,,1.451,632213000,,,632213000,0,28746000.0,4509000,0.076,2.155,40170000.0,68916000.0,0.495,68916000.0,40170000.0,11227000.0,0.43,,0.43,461500000,,461500000,1127046315,28.0,16.354,-67788000.0,-3.654,1.0,86712000.0,0.623,0,28943000.0,1798081000,,0,0,,,669705000,,,523035315,10752000.0,-25678000.0,165858000.0,-64683000.0,-34519000.0,104218000.0,-138263000.0,0.0,44797000.0,0.0,11227000.0,5975000.0,5975000.0,0.0,0.0,0.043,34339000.0,52373000.0,10098000,5.012,1.133,87.537,65.558,1134704000,5252000.0,28.19,3.76,3.759,0,-38371000,139116000.0,139116000.0,0.0,,,,0.289,0.0,6602000.0,1.0,18553931,18551000,,7.499,1194070000,0,0.0,0,64.367,
98,MAA,ART,1997-06-30,1998-02-04,1997-06-30,2021-07-29,0,703229000,,,,,21.981,,10485000,10485000,,,,1.236,347897000,,,347897000,0,,2687000,0.074,2.155,,,,,,,,,,294376000,,294376000,724989040,,,,,1.0,,,0,,1040641000,,0,0,,,363811000,,,387577040,,,,,,,,,,,,,,,,,,,1350000,,1.317,,,683314000,,28.94,,,0,-22112000,,,,,,,,,,1.0,13392434,13392434,,,703229000,0,,0,52.509,
