None,ticker,dimension,calendardate,datekey,reportperiod,lastupdated,accoci,assets,assetsavg,assetsc,assetsnc,assetturnover,bvps,capex,cashneq,cashnequsd,cor,consolinc,currentratio,de,debt,debtc,debtnc,debtusd,deferredrev,depamor,deposits,divyield,dps,ebit,ebitda,ebitdamargin,ebitdausd,ebitusd,ebt,eps,epsdil,epsusd,equity,equityavg,equityusd,ev,evebit,evebitda,fcf,fcfps,fxusd,gp,grossmargin,intangibles,intexp,invcap,invcapavg,inventory,investments,investmentsc,investmentsnc,liabilities,liabilitiesc,liabilitiesnc,marketcap,ncf,ncfbus,ncfcommon,ncfdebt,ncfdiv,ncff,ncfi,ncfinv,ncfo,ncfx,netinc,netinccmn,netinccmnusd,netincdis,netincnci,netmargin,opex,opinc,payables,payoutratio,pb,pe,pe1,ppnenet,prefdivis,price,ps,ps1,receivables,retearn,revenue,revenueusd,rnd,roa,roe,roic,ros,sbcomp,sgna,sharefactor,sharesbas,shareswa,shareswadil,sps,tangibles,taxassets,taxexp,taxliabilities,tbvps,workingcapital
0,JBHT,ARY,2020-12-31,2021-02-23,2020-12-31,2021-08-03,0,5928348000,5660271000.0,1842117000,4086231000,1.702,24.599,-600769000.0,313302000,313302000,5700287000.0,506035000.0,1.698,1.28,1305424000,0,1305424000,1305424000,0,573360000.0,0,0.008,1.09,713605000.0,1286965000.0,0.134,1286965000.0,713605000.0,666025000.0,4.79,4.74,4.79,2600138000,2440205750.0,2600138000,16267552417,23.0,12.64,522090000.0,4.939,1.0,3936286000.0,0.408,212122000,47580000.0,5623545000,5511036000.0,23804000,0,0,0,3328210000,1084803000,2243407000,15275430417,278302000.0,-12136000.0,-119390000.0,2024000.0,-114234000.0,-231600000.0,-612957000.0,0.0,1122859000.0,0.0,506035000.0,506035000.0,506035000.0,0.0,0.0,0.053,3223167000.0,713119000.0,587510000,0.228,5.875,30.187,30.169,3688894000,0.0,144.51,1.585,1.585,1310252000,4984739000.0,9636573000.0,9636573000.0,0.0,0.089,0.207,0.129,0.074,60698000.0,2561310000.0,1.0,105705006,105700000,106766000.0,91.169,5716226000,0,159990000.0,692022000,54.08,757314000
1,JBHT,ARY,2019-12-31,2020-03-02,2019-12-31,2021-08-03,0,5470854000,5401303000.0,1481299000,3989555000,1.697,21.122,-688197000.0,35000000,35000000,5380456000.0,516320000.0,1.43,1.413,1295740000,0,1295740000,1295740000,0,538662000.0,0,0.011,1.05,735579000.0,1274241000.0,0.139,1274241000.0,735579000.0,680895000.0,4.81,4.77,4.81,2267029000,2199919500.0,2267029000,11521105274,16.0,9.042,410150000.0,3.821,1.0,3784802000.0,0.413,202832000,54684000.0,5492996000,5431999500.0,21106000,0,0,0,3203825000,1035766000,2168059000,10260365274,27400000.0,-115654000.0,-292182000.0,137014000.0,-111817000.0,-266985000.0,-803962000.0,0.0,1098347000.0,0.0,516320000.0,516320000.0,516320000.0,0.0,0.0,0.056,3050977000.0,733825000.0,602601000,0.218,4.526,19.872,20.075,3620866000,0.0,96.56,1.119,1.131,1242160000,4592938000.0,9165258000.0,9165258000.0,0.0,0.096,0.235,0.135,0.08,53324000.0,2394581000.0,1.0,106258961,107329000,108307000.0,85.394,5268022000,0,164575000.0,699078000,49.083,445533000
2,JBHT,ARY,2018-12-31,2019-02-22,2018-12-31,2021-08-03,0,5091647000,4706054500.0,1502981000,3588666000,1.831,19.213,-885485000.0,7600000,7600000,5248160000.0,489585000.0,1.111,1.423,1149104000,250706000,898398000,1149104000,0,435893000.0,0,0.009,0.98,681245000.0,1117138000.0,0.13,1117138000.0,681245000.0,640818000.0,4.48,4.43,4.48,2101384000,2039596750.0,2101384000,13005993159,19.0,11.642,202356000.0,1.85,1.0,3366714000.0,0.391,105157000,40427000.0,4775646000,4522307750.0,21977000,0,0,0,2990263000,1352348000,1637915000,11864489159,-7012000.0,0.0,-169901000.0,66815000.0,-104994000.0,-208080000.0,-886773000.0,0.0,1087841000.0,0.0,489585000.0,489585000.0,489585000.0,0.0,0.0,0.057,2685693000.0,681021000.0,709736000,0.219,5.646,24.234,24.355,3445111000,0.0,109.11,1.377,1.385,1326209000,4188435000.0,8614874000.0,8614874000.0,0.0,0.104,0.24,0.151,0.079,47369000.0,2120394000.0,1.0,108738788,109375000,110428000.0,78.765,4986490000,0,151233000.0,643461000,45.591,150633000
3,JBHT,ARY,2017-12-31,2018-02-23,2017-12-31,2021-08-03,0,4465349000,4017012250.0,1338728000,3126621000,1.79,16.723,-510515000.0,14612000,14612000,4300443000.0,686263000.0,1.452,1.428,1085649000,0,1085649000,1085649000,0,383518000.0,0,0.008,0.93,624024000.0,1007542000.0,0.14,1007542000.0,624024000.0,595239000.0,6.24,6.18,6.24,1839325000,1522827500.0,1839325000,14363403526,23.0,14.256,344638000.0,3.133,1.0,2889125000.0,0.402,113455000,28785000.0,4501087000,4266071000.0,20688000,0,0,0,2626024000,921844000,1704180000,13292366526,8235000.0,-136879000.0,-197928000.0,103654000.0,-101362000.0,-195636000.0,-651282000.0,0.0,855153000.0,0.0,686263000.0,686263000.0,686263000.0,0.0,0.0,0.095,2265336000.0,623789000.0,598594000,0.149,7.227,19.369,19.409,2983331000,0.0,121.11,1.849,1.853,1204266000,3803844000.0,7189568000.0,7189568000.0,0.0,0.171,0.451,0.146,0.087,38291000.0,1758239000.0,1.0,109754492,109987000,111049000.0,65.367,4351894000,0,-91024000.0,541870000,39.567,416884000
4,JBHT,ARY,2016-12-31,2017-02-23,2016-12-31,2021-08-03,0,3828988000,3725826000.0,945681000,2883307000,1.759,12.572,-485256000.0,6377000,6377000,3818306000.0,432090000.0,1.65,1.708,986278000,0,986278000,986278000,0,361510000.0,0,0.009,0.89,721091000.0,1082601000.0,0.165,1082601000.0,721091000.0,695797000.0,3.84,3.81,3.84,1414061000,1366162250.0,1414061000,11811560105,16.0,10.91,368887000.0,3.28,1.0,2737153000.0,0.418,0,25294000.0,4235755000,4103915500.0,18577000,0,0,0,2414927000,573134000,1841793000,10831659105,811000.0,0.0,-267060000.0,-8938000.0,-98990000.0,-367944000.0,-485388000.0,0.0,854143000.0,0.0,432090000.0,432090000.0,432090000.0,0.0,0.0,0.066,2016133000.0,721020000.0,384308000,0.232,7.66,25.068,25.341,2818791000,0.0,97.31,1.652,1.67,813214000,3218943000.0,6555459000.0,6555459000.0,0.0,0.116,0.316,0.176,0.11,40625000.0,1576213000.0,1.0,111310853,112474000,113361000.0,58.284,3828988000,0,263707000.0,790634000,34.043,372547000
5,JBHT,ARY,2015-12-31,2016-02-23,2015-12-31,2021-08-03,0,3636567000,3517544500.0,859367000,2777200000,1.759,11.241,-556436000.0,5566000,5566000,3571301000.0,427235000.0,1.614,1.797,1005026000,0,1005026000,1005026000,0,339613000.0,0,0.011,0.85,715780000.0,1055393000.0,0.171,1055393000.0,715780000.0,690203000.0,3.69,3.66,3.69,1300352000,1291531000.0,1300352000,9586090938,13.0,9.083,316872000.0,2.739,1.0,2616345000.0,0.423,25057000,25577000.0,4078553000,3794291000.0,23191000,0,0,0,2336215000,532417000,1803798000,8586630938,-395000.0,0.0,-284147000.0,71463000.0,-97364000.0,-297171000.0,-576532000.0,0.0,873308000.0,0.0,427235000.0,427235000.0,427235000.0,0.0,0.0,0.069,1900651000.0,715694000.0,340332000,0.23,6.603,20.098,20.634,2701329000,0.0,76.14,1.388,1.423,654542000,2885843000.0,6187646000.0,6187646000.0,0.0,0.121,0.331,0.189,0.116,37228000.0,1487349000.0,1.0,112774244,115677000,116728000.0,53.491,3611510000,0,262968000.0,740220000,31.221,326950000
6,JBHT,ARY,2014-12-31,2015-02-24,2014-12-31,2021-08-03,0,3397117000,3190779750.0,880130000,2516987000,1.932,10.295,-659710000.0,5961000,5961000,3796530000.0,374792000.0,1.141,1.82,933539000,250000000,683539000,933539000,0,294496000.0,0,0.009,0.81,631629000.0,926125000.0,0.15,926125000.0,631629000.0,604601000.0,3.2,3.16,3.2,1204523000,1128396000.0,1204523000,10982859005,17.0,11.859,-12931000.0,-0.111,1.0,2368911000.0,0.384,22886000,27028000.0,3530739000,3339094750.0,27740000,0,0,0,2192594000,771070000,1421524000,10055281005,130000.0,0.0,-141095000.0,231086000.0,-93604000.0,13032000.0,-659681000.0,0.0,646779000.0,0.0,374792000.0,374792000.0,374792000.0,0.0,0.0,0.061,1737369000.0,631542000.0,325838000,0.253,8.348,26.829,26.969,2482532000,0.0,86.3,1.631,1.638,653795000,2555972000.0,6165441000.0,6165441000.0,0.0,0.117,0.332,0.189,0.102,35333000.0,1361811000.0,1.0,116515423,117000000,118445000.0,52.696,3374231000,18631000,229809000.0,678424000,28.84,109060000
7,JBHT,ARY,2013-12-31,2014-02-21,2013-12-31,2021-08-03,0,2819404000,2693568250.0,680203000,2139201000,2.073,8.62,-442504000.0,5831000,5831000,3496501000.0,342382000.0,0.955,1.785,708417000,250000000,458417000,708417000,0,253380000.0,0,0.009,0.65,576777000.0,830157000.0,0.149,830157000.0,576777000.0,553568000.0,2.92,2.87,2.92,1012452000,942735000.0,1012452000,9144409168,16.0,11.015,131847000.0,1.123,1.0,2088070000.0,0.374,21602000,23209000.0,2788092000,2640888250.0,26248000,0,0,0,1806952000,712296000,1094656000,8441823168,242000.0,0.0,-123283000.0,22576000.0,-52811000.0,-131568000.0,-442541000.0,0.0,574351000.0,0.0,342382000.0,342382000.0,342382000.0,0.0,0.0,0.061,1511362000.0,576708000.0,305465000,0.223,8.338,24.656,24.658,2112204000,0.0,72.0,1.512,1.514,568519000,2274784000.0,5584571000.0,5584571000.0,0.0,0.127,0.363,0.218,0.103,32354000.0,1202824000.0,1.0,117247544,117449000,119404000.0,47.549,2797802000,0,211186000.0,580450000,23.821,-32093000
8,JBHT,ARY,2012-12-31,2013-02-22,2012-12-31,2021-08-03,0,2464641000,2397780250.0,554532000,1910109000,2.108,6.735,-369679000.0,5589000,5589000,3159580000.0,310354000.0,1.103,2.112,685347000,100000000,585347000,685347000,0,229166000.0,0,0.008,0.57,530201000.0,759367000.0,0.15,759367000.0,530201000.0,504641000.0,2.64,2.59,2.64,791860000,729154750.0,791860000,8587333719,16.0,11.309,178365000.0,1.517,1.0,1895400000.0,0.375,17632000,25560000.0,2624007000,2535814250.0,23065000,0,0,0,1672781000,502760000,1170021000,7907575719,139000.0,0.0,-52411000.0,-62559000.0,-83431000.0,-178311000.0,-369594000.0,0.0,548044000.0,0.0,310354000.0,310354000.0,310354000.0,0.0,0.0,0.061,1365200000.0,530200000.0,266722000,0.216,9.986,25.479,25.481,1885474000,0.0,67.27,1.564,1.565,466011000,1985213000.0,5054980000.0,5054980000.0,0.0,0.129,0.426,0.209,0.105,29715000.0,1082202000.0,1.0,117549810,117572000,120022000.0,42.995,2447009000,0,194287000.0,532374000,20.813,51772000
9,JBHT,ARY,2011-12-31,2012-02-24,2011-12-31,2021-08-03,0,2267332000,2147805250.0,513542000,1753790000,2.108,4.763,-445869000.0,5450000,5450000,2774704000.0,257006000.0,1.171,2.995,749177000,50000000,699177000,749177000,0,213943000.0,0,0.01,0.53,444241000.0,658184000.0,0.145,658184000.0,444241000.0,415733000.0,2.16,2.11,2.16,567543000,555694750.0,567543000,6689615438,15.0,10.164,189823000.0,1.593,1.0,1752138000.0,0.387,16735000,28508000.0,2555809000,2406914500.0,20932000,0,0,0,1699789000,438515000,1261274000,5945888438,-2201000.0,0.0,-242644000.0,96961000.0,-62243000.0,-192364000.0,-445529000.0,0.0,635692000.0,0.0,257006000.0,257006000.0,257006000.0,0.0,0.0,0.057,1307905000.0,444233000.0,251625000,0.245,10.477,23.135,23.519,1726870000,0.0,50.8,1.313,1.337,411479000,1758290000.0,4526842000.0,4526842000.0,0.0,0.12,0.462,0.185,0.098,26841000.0,1049033000.0,1.0,117045048,119158000,121922000.0,37.99,2250597000,5136000,158727000.0,516715000,18.888,75027000
10,JBHT,ARY,2010-12-31,2011-02-25,2010-12-31,2021-08-03,0,1961660000,1926935750.0,462645000,1499015000,1.969,4.595,-225932000.0,7651000,7651000,2234299000.0,199617000.0,0.907,2.423,654207000,200000000,454207000,654207000,0,197062000.0,0,0.012,0.49,347700000.0,544762000.0,0.144,544762000.0,347700000.0,319694000.0,1.6,1.56,1.6,573021000,602763250.0,573021000,5628549253,16.0,10.332,202146000.0,1.621,1.0,1559186000.0,0.411,16161000,28006000.0,2082106000,2003230500.0,17336000,0,0,0,1388639000,509949000,878690000,4981993253,-192000.0,0.0,-244090000.0,89592000.0,-59910000.0,-202254000.0,-226016000.0,0.0,428078000.0,0.0,199617000.0,199617000.0,199617000.0,0.0,0.0,0.053,1211561000.0,347625000.0,192103000,0.306,8.694,24.958,25.659,1479484000,0.0,41.055,1.313,1.35,351187000,1563527000.0,3793485000.0,3793485000.0,0.0,0.104,0.331,0.174,0.092,21397000.0,966219000.0,1.0,121349245,124712000,127767000.0,30.418,1945499000,0,120077000.0,393868000,15.6,-47304000
11,JBHT,ARY,2009-12-31,2010-02-26,2009-12-31,2021-08-03,0,1856914000,1829318000.0,392465000,1464449000,1.751,5.083,-241773000.0,7843000,7843000,1851531000.0,136435000.0,1.458,1.884,565000000,0,565000000,565000000,0,189045000.0,0,0.013,0.45,251497000.0,440542000.0,0.138,440542000.0,251497000.0,224068000.0,1.08,1.05,1.08,643853000,594960500.0,643853000,5072916860,20.0,11.515,115150000.0,0.909,1.0,1351790000.0,0.422,16330000,27429000.0,2128523000,2133580500.0,17273000,0,0,0,1213061000,269218000,943843000,4515759860,5470000.0,0.0,-1882000.0,-67156000.0,-55692000.0,-107502000.0,-243951000.0,7646000.0,356923000.0,0.0,136435000.0,136435000.0,136435000.0,0.0,0.0,0.043,1103819000.0,247971000.0,191347000,0.417,7.014,33.098,32.852,1444671000,0.0,35.48,1.41,1.403,310339000,1423820000.0,3203321000.0,3203321000.0,0.0,0.075,0.229,0.118,0.079,17566000.0,863977000.0,1.0,127276208,126676000,129462000.0,25.288,1840584000,0,87633000.0,353767000,14.53,123247000
12,JBHT,ARY,2008-12-31,2009-02-27,2008-12-31,2021-08-03,-1186000,1793453000,1828792000.0,396287000,1397166000,2.041,4.218,-210881000.0,2373000,2373000,2190245000.0,200593000.0,0.972,2.39,633500000,118500000,515000000,633500000,0,202288000.0,0,0.02,0.41,357573000.0,559861000.0,0.15,559861000.0,357573000.0,322236000.0,1.6,1.56,1.6,529011000,452340000.0,529011000,3200878190,9.0,5.717,294265000.0,2.346,1.0,1541698000.0,0.413,17612000,35337000.0,1999080000,2121802000.0,18214000,0,0,0,1264442000,407888000,856554000,2569751190,-12584000.0,0.0,-2023000.0,-287068000.0,-50144000.0,-315426000.0,-202304000.0,6275000.0,505146000.0,0.0,200593000.0,200593000.0,200593000.0,0.0,0.0,0.054,1183280000.0,358418000.0,196059000,0.256,4.858,12.811,12.738,1386530000,0.0,20.38,0.689,0.685,280614000,1343077000.0,3731943000.0,3731943000.0,0.0,0.11,0.443,0.169,0.096,13773000.0,920220000.0,1.0,126091815,125416000,128533000.0,29.757,1775841000,0,121643000.0,321147000,14.16,-11601000
13,JBHT,ARY,2007-12-31,2008-02-29,2007-12-31,2021-08-03,-993000,1862746000,1823538750.0,488894000,1373852000,1.914,2.555,-330635000.0,14957000,14957000,1888361000.0,213134000.0,0.932,4.428,913100000,234000000,679100000,913100000,0,205133000.0,0,0.014,0.37,368570000.0,573703000.0,0.164,573703000.0,368570000.0,325047000.0,1.59,1.55,1.59,343197000,486870250.0,343197000,4311603525,12.0,7.515,127170000.0,0.947,1.0,1601538000.0,0.459,20477000,43523000.0,2215980000,2017274250.0,15445000,0,0,0,1519549000,524432000,995117000,3413460525,7586000.0,0.0,-606104000.0,521022000.0,-48847000.0,-109732000.0,-340487000.0,-8756000.0,457805000.0,0.0,213134000.0,213134000.0,213134000.0,0.0,0.0,0.061,1232749000.0,368789000.0,189987000,0.233,9.946,16.016,17.214,1358723000,0.0,27.37,0.978,1.054,330202000,1192628000.0,3489899000.0,3489899000.0,0.0,0.117,0.438,0.183,0.106,9389000.0,957961000.0,1.0,124715401,134334000,137639000.0,25.979,1842269000,0,111913000.0,301634000,13.714,-35538000
14,JBHT,ARY,2006-12-31,2007-02-28,2006-12-31,2021-08-03,-148000,1770057000,1637073000.0,471243000,1298814000,2.033,5.113,-410203000.0,7371000,7371000,1752284000.0,219952000.0,0.984,1.33,396400000,214000000,182400000,396400000,0,183604000.0,0,0.012,0.33,370450000.0,554054000.0,0.166,554054000.0,370450000.0,354313000.0,1.48,1.44,1.48,759737000,761302500.0,759737000,4184164505,11.0,7.552,12860000.0,0.087,1.0,1575703000.0,0.473,21410000,16137000.0,1658946000,1502419000.0,13921000,0,0,0,1010320000,478730000,531590000,3795135505,-41000.0,0.0,-258599000.0,272400000.0,-47734000.0,-12343000.0,-410761000.0,0.0,423063000.0,0.0,219952000.0,219952000.0,219952000.0,0.0,0.0,0.066,1203050000.0,372653000.0,170672000,0.223,4.995,17.254,17.946,1283551000,0.0,26.56,1.14,1.186,346251000,1035804000.0,3327987000.0,3327987000.0,0.0,0.134,0.289,0.247,0.111,7171000.0,947864000.0,1.0,142889138,148581000,152317000.0,22.398,1748647000,11824000,134361000.0,318237000,11.769,-7487000
15,JBHT,ARY,2005-12-31,2006-03-10,2005-12-31,2021-08-03,0,1548874000,1495810500.0,474690000,1074184000,2.091,5.297,-203906000.0,7412000,7412000,1616090000.0,207311000.0,1.719,0.896,124000000,0,124000000,124000000,0,163034000.0,0,0.011,0.26,340157000.0,503191000.0,0.161,503191000.0,340157000.0,333626000.0,1.32,1.28,1.32,817025000,810542000.0,817025000,3798416007,11.0,7.549,127946000.0,0.829,1.0,1511809000.0,0.483,21780000,6531000.0,1367596000,1286930000.0,11138000,0,0,0,731849000,276086000,455763000,3681828007,-27304000.0,0.0,-243440000.0,124000000.0,-37955000.0,-146512000.0,-212644000.0,0.0,331852000.0,0.0,207311000.0,207311000.0,207311000.0,0.0,0.0,0.066,1167909000.0,343900000.0,162749000,0.197,4.506,17.76,18.083,1054059000,0.0,23.87,1.177,1.177,343501000,863586000.0,3127899000.0,3127899000.0,0.0,0.139,0.256,0.264,0.109,19276000.0,923808000.0,1.0,154244994,154244994,,20.279,1527094000,0,126315000.0,313416000,9.9,198604000
16,JBHT,ARY,2004-12-31,2005-03-11,2004-12-31,2021-08-03,0,1491706000,1410799750.0,464042000,1027664000,1.975,5.313,-275788000.0,23838000,23838000,1379887000.0,146256000.0,1.506,0.733,0,0,0,0,0,149776000.0,0,0.004,0.105,309641000.0,459417000.0,0.165,459417000.0,309641000.0,302279000.0,0.905,0.875,0.905,860950000,805185250.0,860950000,3907728915,13.0,8.506,117949000.0,0.728,1.0,1406267000.0,0.505,21696000,7362000.0,1137951000,1110810000.0,9692000,0,0,0,630756000,308221000,322535000,3931566915,-34274000.0,0.0,1017000.0,-171844000.0,-7288000.0,-178115000.0,-249896000.0,0.0,393737000.0,0.0,146256000.0,146256000.0,146256000.0,0.0,0.0,0.052,1096044000.0,310223000.0,180018000,0.116,4.567,26.881,26.807,1011379000,0.0,24.26,1.411,1.411,289146000,694230000.0,2786154000.0,2786154000.0,0.0,0.104,0.182,0.279,0.111,17829000.0,891511000.0,1.0,162059642,162059642,,17.192,1470010000,19418000,156023000.0,307655000,9.071,155821000
17,JBHT,ARY,2003-12-31,2004-03-04,2003-12-31,2021-08-03,0,1347071000,1323756250.0,423004000,924067000,1.838,4.384,-191706000.0,61229000,61229000,1184119000.0,95459000.0,0.994,0.916,171777000,171777000,0,171777000,0,150221000.0,0,0.0,0.0,184941000.0,335162000.0,0.138,335162000.0,184941000.0,167729000.0,0.6,0.585,0.6,703136000,653360000.0,703136000,2299666614,12.0,6.861,140904000.0,0.879,1.0,1249350000.0,0.513,22213000,17212000.0,1009756000,1107971000.0,8640000,0,0,0,643935000,425650000,218285000,2189118614,-19399000.0,0.0,9964000.0,-171456000.0,0.0,-161492000.0,-190517000.0,0.0,332610000.0,0.0,95459000.0,95459000.0,95459000.0,0.0,0.0,0.039,1063715000.0,185635000.0,158886000,0.0,3.113,22.933,22.75,884965000,0.0,13.65,0.9,0.9,256032000,555262000.0,2433469000.0,2433469000.0,0.0,0.072,0.146,0.167,0.076,7226000.0,849994000.0,1.0,160374990,160374990,,15.174,1324858000,0,72270000.0,237493000,8.261,-2646000
18,JBHT,ARY,2002-12-31,2003-03-11,2002-12-31,2021-08-03,0,1318728000,1282026500.0,433181000,885547000,1.753,3.751,-159336000.0,80628000,80628000,1072737000.0,51816000.0,1.332,1.233,343115000,124148000,218967000,343115000,0,145848000.0,0,0.0,0.0,99610000.0,245458000.0,0.109,245458000.0,99610000.0,74847000.0,0.34,0.333,0.34,590487000,548538000.0,590487000,1189246264,12.0,4.845,15027000.0,0.095,1.0,1175149000.0,0.523,20054000,24763000.0,1235832000,1307947750.0,9515000,0,0,0,728241000,325329000,402912000,926759264,31383000.0,0.0,67495000.0,-49043000.0,0.0,18452000.0,-161432000.0,0.0,174363000.0,0.0,51816000.0,51816000.0,51816000.0,0.0,0.0,0.023,1074186000.0,100963000.0,117931000,0.0,1.569,17.886,17.316,844562000,0.0,5.888,0.412,0.412,237156000,459803000.0,2247886000.0,2247886000.0,0.0,0.04,0.094,0.076,0.044,5822000.0,872206000.0,1.0,157411340,157411340,,14.28,1298674000,0,23031000.0,192690000,8.25,107852000
19,JBHT,ARY,2001-12-31,2002-03-08,2001-12-31,2021-08-03,-7037000,1260298000,1226866250.0,384799000,875499000,1.712,3.153,-27755000.0,49245000,49245000,1009110000.0,32945000.0,1.448,1.75,392033000,38426000,353607000,392033000,0,142755000.0,0,0.0,0.0,70126000.0,212881000.0,0.101,212881000.0,70126000.0,43082000.0,0.233,0.228,0.233,458317000,445226000.0,458317000,1347491423,19.0,6.33,143844000.0,0.99,1.0,1091195000.0,0.52,17507000,27044000.0,1319745000,1317580750.0,8915000,0,0,0,801981000,265834000,536147000,1004703423,43875000.0,0.0,2722000.0,-106203000.0,0.0,-103481000.0,-24243000.0,0.0,171599000.0,0.0,32945000.0,32945000.0,32945000.0,0.0,0.0,0.016,1018986000.0,72209000.0,163291000,0.0,2.192,30.496,29.667,831711000,0.0,6.912,0.478,0.478,233246000,407987000.0,2100305000.0,2100305000.0,0.0,0.027,0.074,0.053,0.033,5361000.0,833850000.0,1.0,145345884,145345884,,14.45,1242791000,0,10137000.0,180415000,8.551,118965000
20,JBHT,ARY,2000-12-31,2001-03-12,2000-12-31,2021-08-03,-6502000,1231921000,1193982500.0,330971000,900950000,1.809,3.033,-99322000.0,5370000,5370000,1101179000.0,36075000.0,1.018,1.878,401277000,100889000,300388000,401277000,0,134391000.0,0,0.0,0.0,68188000.0,202579000.0,0.094,202579000.0,68188000.0,42441000.0,0.255,0.255,0.255,428003000,413646000.0,428003000,942756548,14.0,4.654,25751000.0,0.182,1.0,1059268000.0,0.49,17224000,25747000.0,1285330000,1294599000.0,7233000,0,0,0,803918000,325274000,478644000,546849548,-7236000.0,-5000000.0,-6639000.0,-23970000.0,-1782000.0,-32391000.0,-99918000.0,0.0,125073000.0,0.0,36075000.0,36075000.0,36075000.0,0.0,0.0,0.017,995857000.0,63411000.0,158585000,0.0,1.278,15.159,15.196,845175000,0.0,3.875,0.253,0.253,225797000,385221000.0,2160447000.0,2160447000.0,0.0,0.03,0.087,0.053,0.032,141000.0,822484000.0,1.0,141122464,141122464,,15.309,1214697000,0,6366000.0,186284000,8.607,5697000
21,JBHT,ARY,1999-12-31,2000-03-02,1999-12-31,2021-08-03,-5324000,1127464000,1176197750.0,295141000,832323000,1.739,2.816,-10302000.0,12606000,12606000,1011834000.0,31909000.0,1.091,1.809,327639000,60000000,267639000,327639000,0,149817000.0,0,0.018,0.05,77430000.0,227247000.0,0.111,227247000.0,77430000.0,49084000.0,0.225,0.223,0.225,401386000,394411250.0,401386000,718109932,9.0,3.16,125371000.0,0.879,1.0,1033239000.0,0.505,17380000,28346000.0,1154487000,1354908500.0,7825000,0,0,0,726078000,270630000,455448000,403076932,3379000.0,0.0,412000.0,-106350000.0,-7126000.0,-112864000.0,-19430000.0,0.0,135673000.0,0.0,31909000.0,31909000.0,31909000.0,0.0,0.0,0.016,955809000.0,77430000.0,180009000,0.222,1.004,12.632,12.567,785885000,0.0,2.828,0.197,0.197,238573000,350928000.0,2045073000.0,2045073000.0,0.0,0.027,0.081,0.057,0.038,55000.0,765437000.0,1.0,142555944,142555944,,14.346,1110084000,0,17175000.0,180441000,7.787,24511000
22,JBHT,ARY,1998-12-31,1999-03-03,1998-12-31,2021-08-03,-5621000,1171479000,1129344500.0,225271000,946208000,1.631,2.637,-264897000.0,9227000,9227000,878787000.0,46837000.0,1.093,2.118,433395000,16350000,417045000,433395000,0,136304000.0,0,0.008,0.05,103044000.0,239348000.0,0.13,239348000.0,103044000.0,74344000.0,0.33,0.32,0.33,375657000,360039500.0,375657000,1279016968,12.0,5.344,-82029000.0,-0.576,1.0,962841000.0,0.523,14887000,28700000.0,1374719000,1302544250.0,6917000,0,0,0,795822000,206041000,589781000,854848968,5526000.0,0.0,-2946000.0,93250000.0,-7101000.0,83203000.0,-260545000.0,0.0,182868000.0,0.0,46837000.0,46837000.0,46837000.0,0.0,0.0,0.025,859797000.0,103044000.0,147967000,0.152,2.276,18.252,18.182,925400000,0.0,6.0,0.464,0.464,184367000,326145000.0,1841628000.0,1841628000.0,0.0,0.041,0.13,0.079,0.056,925000.0,690819000.0,1.0,142474828,142474828,,12.926,1156592000,2212000,27507000.0,165570000,8.118,19230000
23,JBHT,ARY,1997-12-31,1998-03-10,1997-12-31,2021-08-03,-5621000,1021919000,,199952000,821967000,,2.37,-89949000.0,3701000,3701000,772191000.0,11366000.0,0.975,2.024,340290000,17500000,322790000,340290000,0,130661000.0,0,0.007,0.05,42910000.0,173571000.0,0.112,173571000.0,42910000.0,18332000.0,0.077,0.077,0.077,337964000,,337964000,1299239116,30.0,7.485,70787000.0,0.496,1.0,782101000.0,0.503,0,24578000.0,1153420000,,6339000,0,0,0,683955000,205088000,478867000,962650116,-85000.0,0.0,-21706000.0,-42250000.0,-7321000.0,-71277000.0,-89544000.0,0.0,160736000.0,0.0,11366000.0,11366000.0,11366000.0,0.0,0.0,0.007,739191000.0,42910000.0,138509000,0.649,2.848,84.696,87.662,796807000,0.0,6.75,0.619,0.619,169198000,286409000.0,1554292000.0,1554292000.0,0.0,,,,0.028,-54000.0,570626000.0,1.0,142614832,142614832,,10.899,1021919000,5048000,6966000.0,140909000,7.166,-5136000
0,JBHT,ARQ,2021-06-30,2021-08-03,2021-06-30,2021-08-03,0,6323394000,,2209299000,4114095000,,26.529,-174857000.0,570918000,570918000,1770301000.0,172162000.0,1.799,1.259,1303467000,0,1303467000,1303467000,0,152486000.0,0,0.007,0.3,241546000.0,394032000.0,0.135,394032000.0,241546000.0,229487000.0,1.63,1.61,1.63,2799028000,,2799028000,18744213428,23.0,13.157,129233000.0,1.225,1.0,1138069000.0,0.391,204886000,12059000.0,5622702000,,0,0,0,0,3524366000,1228355000,2296011000,18011664428,17948000.0,0.0,-79995000.0,506000.0,-31704000.0,-111193000.0,-174949000.0,0.0,304090000.0,0.0,172162000.0,172162000.0,172162000.0,0.0,0.0,0.059,896523000.0,241546000.0,674856000,0.184,6.435,30.106,30.198,3717728000,0.0,171.22,1.678,1.683,1293924000,,2908370000.0,2908370000.0,0.0,,,,,16499000.0,721644000.0,1.0,105196031,105509000,106816000.0,27.565,6118508000,0,57325000.0,728968000,57.99,980944000
1,JBHT,ARQ,2021-03-31,2021-05-03,2021-03-31,2021-08-03,0,6162606000,,2131999000,4030607000,,25.758,-85854000.0,552970000,552970000,1560853000.0,146606000.0,1.828,1.264,1301430000,0,1301430000,1301430000,0,149841000.0,0,0.006,0.0,207652000.0,357493000.0,0.137,357493000.0,207652000.0,195628000.0,1.39,1.37,1.39,2722066000,,2722066000,19145782145,25.0,14.201,278804000.0,2.638,1.0,1057296000.0,0.404,208399000,12024000.0,5536267000,,0,0,0,0,3440540000,1166400000,2274140000,18397322145,239668000.0,0.0,-10048000.0,505000.0,-29597000.0,-39140000.0,-85850000.0,0.0,364658000.0,0.0,146606000.0,146606000.0,146606000.0,0.0,0.0,0.056,849644000.0,207652000.0,641887000,0.0,6.759,33.584,33.545,3650921000,0.0,174.1,1.845,1.845,1219162000,,2618149000.0,2618149000.0,0.0,,,,,14967000.0,674069000.0,1.0,105671006,105678000,106816000.0,24.775,5954207000,0,49022000.0,723018000,56.343,965599000
2,JBHT,ARQ,2020-12-31,2021-02-23,2020-12-31,2021-08-03,0,5928348000,,1842117000,4086231000,,24.609,-152048000.0,313302000,313302000,1677163000.0,154007000.0,1.698,1.28,1305424000,0,1305424000,1305424000,0,146464000.0,0,0.008,0.55,208178000.0,354642000.0,0.13,354642000.0,208178000.0,197347000.0,1.46,1.44,1.46,2600138000,,2600138000,16267552417,23.0,12.64,59817000.0,0.566,1.0,1060489000.0,0.387,212122000,10831000.0,5623545000,,23804000,0,0,0,3328210000,1084803000,2243407000,15275430417,-5247000.0,-12136000.0,-24807000.0,506000.0,-28526000.0,-52827000.0,-164285000.0,0.0,211865000.0,0.0,154007000.0,154007000.0,154007000.0,0.0,0.0,0.056,852797000.0,207692000.0,587510000,0.377,5.875,30.187,30.169,3688894000,0.0,144.51,1.585,1.585,1310252000,4984739000.0,2737652000.0,2737652000.0,0.0,,,,,12040000.0,682398000.0,1.0,105705006,105658000,106736000.0,25.911,5716226000,0,43340000.0,692022000,54.101,757314000
3,JBHT,ARQ,2020-09-30,2020-10-29,2020-09-30,2021-08-03,0,5779062000,,1728598000,4050464000,,23.543,-184107000.0,318549000,318549000,1484482000.0,125496000.0,1.578,1.323,1303353000,0,1303353000,1303353000,0,142950000.0,0,0.009,0.27,175503000.0,318453000.0,0.129,318453000.0,175503000.0,163608000.0,1.19,1.18,1.19,2487424000,,2487424000,13913567355,20.0,10.884,86937000.0,0.823,1.0,988041000.0,0.4,192648000,11895000.0,5475795000,,0,0,0,0,3291638000,1095423000,2196215000,12928763355,43895000.0,0.0,-14975000.0,505000.0,-28533000.0,-43003000.0,-184146000.0,0.0,271044000.0,0.0,125496000.0,125496000.0,125496000.0,0.0,0.0,0.051,812538000.0,175503000.0,603523000,0.227,5.198,26.029,26.085,3682404000,0.0,122.34,1.383,1.383,1121825000,,2472523000.0,2472523000.0,0.0,,,,,14593000.0,644734000.0,1.0,105678955,105653000,106798000.0,23.402,5586414000,0,38112000.0,711301000,52.875,633175000
4,JBHT,ARQ,2020-06-30,2020-07-28,2020-06-30,2021-08-03,0,5553632000,,1544697000,4008935000,,22.661,-135878000.0,274654000,274654000,1202457000.0,121698000.0,1.591,1.323,1307019000,0,1307019000,1307019000,0,142440000.0,0,0.008,0.27,175183000.0,317623000.0,0.148,317623000.0,175183000.0,162365000.0,1.15,1.14,1.15,2390843000,,2390843000,14535179400,21.0,11.49,254909000.0,2.416,1.0,943116000.0,0.44,196042000,12818000.0,5419273000,,0,0,0,0,3162789000,970682000,2192107000,13502814400,226200000.0,0.0,-788000.0,506000.0,-28487000.0,-28769000.0,-135818000.0,0.0,390787000.0,0.0,121698000.0,121698000.0,121698000.0,0.0,0.0,0.057,767933000.0,175183000.0,513517000,0.235,5.648,27.578,27.761,3626396000,0.0,127.98,1.461,1.461,950636000,,2145573000.0,2145573000.0,0.0,,,,,16002000.0,606736000.0,1.0,105507223,105505000,106580000.0,20.336,5357590000,0,40667000.0,699698000,50.78,574015000
5,JBHT,ARQ,2020-03-31,2020-05-01,2020-03-31,2021-08-03,0,5380042000,,1397969000,3982073000,,21.535,-128736000.0,48454000,48454000,1336184000.0,104834000.0,1.537,1.357,1302756000,0,1302756000,1302756000,0,141506000.0,0,0.008,0.0,154741000.0,296247000.0,0.13,296247000.0,154741000.0,142705000.0,0.99,0.98,0.99,2282418000,,2282418000,11891588748,16.0,9.332,120427000.0,1.136,1.0,944642000.0,0.414,199437000,12036000.0,5525531000,,0,0,0,0,3097624000,909376000,2188248000,10637286748,13454000.0,0.0,-78820000.0,507000.0,-28688000.0,-107001000.0,-128708000.0,0.0,249163000.0,0.0,104834000.0,104834000.0,104834000.0,0.0,0.0,0.046,789901000.0,154741000.0,497649000,0.0,4.661,21.209,21.461,3618300000,0.0,100.865,1.137,1.143,978280000,,2280826000.0,2280826000.0,0.0,,,,,18063000.0,627445000.0,1.0,105460633,105985000,106950000.0,21.52,5180605000,0,37871000.0,714548000,48.881,488593000
6,JBHT,ARQ,2019-12-31,2020-03-02,2019-12-31,2021-08-03,0,5470854000,,1481299000,3989555000,,21.289,-101590000.0,35000000,35000000,1462377000.0,144676000.0,1.43,1.413,1295740000,0,1295740000,1295740000,0,139203000.0,0,0.011,0.27,206829000.0,346032000.0,0.141,346032000.0,206829000.0,192298000.0,1.36,1.35,1.36,2267029000,,2267029000,11521105274,16.0,9.042,59162000.0,0.556,1.0,987947000.0,0.403,202832000,14531000.0,5492996000,,21106000,0,0,0,3203825000,1035766000,2168059000,10260365274,-40132000.0,-17422000.0,-54616000.0,508000.0,-27730000.0,-81838000.0,-119046000.0,0.0,160752000.0,0.0,144676000.0,144676000.0,144676000.0,0.0,0.0,0.059,782872000.0,205075000.0,602601000,0.199,4.526,19.872,20.075,3620866000,0.0,96.56,1.119,1.131,1242160000,4592938000.0,2450324000.0,2450324000.0,0.0,,,,,11170000.0,622167000.0,1.0,106258961,106486000,107521000.0,23.011,5268022000,0,47622000.0,699078000,49.471,445533000
7,JBHT,ARQ,2019-09-30,2019-11-01,2019-09-30,2021-08-03,0,5386337000,,1383456000,4002881000,,20.551,-111276000.0,75132000,75132000,1412451000.0,118410000.0,1.287,1.456,1293312000,0,1293312000,1293312000,0,137305000.0,0,0.009,0.26,167862000.0,305167000.0,0.129,305167000.0,167862000.0,155505000.0,1.11,1.1,1.11,2193529000,,2193529000,13996870450,21.0,12.012,219658000.0,2.058,1.0,951209000.0,0.402,189863000,12357000.0,5339630000,,0,0,0,0,3192808000,1075024000,2117784000,12778690450,68257000.0,311000.0,-46278000.0,-77593000.0,-27809000.0,-151680000.0,-110997000.0,0.0,330934000.0,0.0,118410000.0,118410000.0,118410000.0,0.0,0.0,0.05,783347000.0,167862000.0,654959000,0.234,5.826,27.76,28.08,3650362000,0.0,119.9,1.415,1.417,1051027000,,2363660000.0,2363660000.0,0.0,,,,,13850000.0,612588000.0,1.0,106577902,106735000,107692000.0,22.145,5196474000,0,37095000.0,644105000,48.686,308432000
8,JBHT,ARQ,2019-06-30,2019-07-26,2019-06-30,2021-08-03,0,5420739000,,1384364000,4036375000,,19.885,-263185000.0,6875000,6875000,1302282000.0,133633000.0,1.304,1.539,1372143000,0,1372143000,1372143000,0,133740000.0,0,0.01,0.26,193093000.0,326833000.0,0.145,326833000.0,193093000.0,178330000.0,1.24,1.23,1.24,2135356000,,2135356000,12355980846,19.0,10.805,92735000.0,0.864,1.0,959365000.0,0.424,193403000,14763000.0,5531082000,,0,0,0,0,3285383000,1061522000,2223861000,10990712846,-45488000.0,0.0,-188768000.0,78581000.0,-28006000.0,-138193000.0,-263215000.0,0.0,355920000.0,0.0,133633000.0,133633000.0,133633000.0,0.0,0.0,0.059,766272000.0,193093000.0,640324000,0.21,5.147,23.235,23.61,3678085000,0.0,102.94,1.238,1.245,1040153000,,2261647000.0,2261647000.0,0.0,,,,,14733000.0,590264000.0,1.0,106768145,107387000,108373000.0,21.061,5227336000,0,44697000.0,676062000,48.678,322842000
9,JBHT,ARQ,2019-03-31,2019-04-26,2019-03-31,2021-08-03,0,5327282000,,1438159000,3889123000,,20.268,-212146000.0,52363000,52363000,1203346000.0,119601000.0,1.441,1.417,1284550000,0,1284550000,1284550000,0,128414000.0,0,0.01,0.0,167795000.0,296209000.0,0.142,296209000.0,167795000.0,154762000.0,1.1,1.09,1.1,2203764000,,2203764000,11923394960,18.0,10.468,38595000.0,0.355,1.0,886281000.0,0.424,196940000,13033000.0,5364290000,,0,0,0,0,3123518000,998239000,2125279000,10691207960,44763000.0,-98543000.0,-2520000.0,135518000.0,-28272000.0,104726000.0,-310704000.0,0.0,250741000.0,0.0,119601000.0,119601000.0,119601000.0,0.0,0.0,0.057,718486000.0,167795000.0,594704000,0.0,4.851,21.772,21.8,3539738000,0.0,98.32,1.221,1.221,1002483000,,2089627000.0,2089627000.0,0.0,,,,,13571000.0,569562000.0,1.0,108738893,108730000,109664000.0,19.218,5130342000,0,35161000.0,668490000,47.184,439920000
10,JBHT,ARQ,2018-12-31,2019-02-22,2018-12-31,2021-08-03,0,5091647000,,1502981000,3588666000,,19.27,-300508000.0,7600000,7600000,1479942000.0,88681000.0,1.111,1.423,1149104000,250706000,898398000,1149104000,0,114086000.0,0,0.009,0.5,122963000.0,237049000.0,0.102,237049000.0,122963000.0,111505000.0,0.82,0.8,0.82,2101384000,,2101384000,13005993159,19.0,11.642,9730000.0,0.089,1.0,837900000.0,0.362,105157000,11458000.0,4775646000,,21977000,0,0,0,2990263000,1352348000,1637915000,11864489159,13000.0,0.0,-51851000.0,68353000.0,-26209000.0,-9707000.0,-300518000.0,0.0,310238000.0,0.0,88681000.0,88681000.0,88681000.0,0.0,0.0,0.038,715161000.0,122739000.0,709736000,0.61,5.646,24.234,24.355,3445111000,0.0,109.11,1.377,1.385,1326209000,4188435000.0,2317842000.0,2317842000.0,0.0,,,,,10185000.0,574133000.0,1.0,108738788,109048000,109939000.0,21.255,4986490000,0,22824000.0,643461000,45.727,150633000
11,JBHT,ARQ,2018-09-30,2018-10-29,2018-09-30,2021-08-03,0,4721671000,,1342482000,3379189000,,19.043,-230846000.0,7587000,7587000,1335790000.0,131110000.0,1.107,1.269,1069544000,248680000,820864000,1069544000,0,108801000.0,0,0.009,0.24,174688000.0,283489000.0,0.128,283489000.0,174688000.0,164727000.0,1.2,1.19,1.2,2080578000,,2080578000,12754741408,18.0,11.303,17724000.0,0.162,1.0,873970000.0,0.396,0,9961000.0,4570968000,,0,0,0,0,2641093000,1212660000,1428433000,11692784408,-7604000.0,0.0,-68875000.0,69734000.0,-26202000.0,-25343000.0,-230831000.0,0.0,248570000.0,0.0,131110000.0,131110000.0,131110000.0,0.0,0.0,0.059,699282000.0,174688000.0,569453000,0.2,5.62,14.872,14.916,3241507000,0.0,107.1,1.411,1.412,1095638000,,2209760000.0,2209760000.0,0.0,,,,,11183000.0,544887000.0,1.0,109176325,109254000,110235000.0,20.226,4721671000,0,33617000.0,518428000,43.217,129822000
12,JBHT,ARQ,2018-06-30,2018-07-27,2018-06-30,2021-08-03,0,4589243000,,1307421000,3281822000,,18.578,-175086000.0,15191000,15191000,1277385000.0,151652000.0,1.129,1.257,1005011000,249436000,755575000,1005011000,0,107423000.0,0,0.008,0.0,214812000.0,322235000.0,0.151,322235000.0,214812000.0,204957000.0,1.39,1.37,1.39,2033362000,,2033362000,13985357966,20.0,12.646,92329000.0,0.844,1.0,861642000.0,0.403,0,9855000.0,4420526000,,0,0,0,0,2555881000,1158537000,1397344000,12995537966,8109000.0,0.0,-49076000.0,-7908000.0,-26242000.0,-83226000.0,-176080000.0,0.0,267415000.0,0.0,151652000.0,151652000.0,151652000.0,0.0,0.0,0.071,646830000.0,214812000.0,551715000,0.0,6.391,17.202,17.225,3142387000,0.0,118.85,1.641,1.642,1019622000,,2139027000.0,2139027000.0,0.0,,,,,13965000.0,511036000.0,1.0,109344030,109449000,110682000.0,19.544,4589243000,0,53305000.0,552866000,41.93,148884000
13,JBHT,ARQ,2018-03-31,2018-05-04,2018-03-31,2021-08-03,0,4421657000,,1236064000,3185593000,,17.704,-179045000.0,7082000,7082000,1155042000.0,118142000.0,1.131,1.276,1000032000,247609000,752423000,1000032000,0,105583000.0,0,0.008,0.48,168781000.0,274364000.0,0.141,274364000.0,168781000.0,159629000.0,1.08,1.07,1.08,1943063000,,1943063000,13880454666,22.0,13.342,82573000.0,0.752,1.0,793203000.0,0.407,0,9152000.0,4322091000,,0,0,0,0,2478594000,1092516000,1386078000,12887504666,-7530000.0,0.0,-99000.0,-63364000.0,-26341000.0,-89804000.0,-179344000.0,0.0,261618000.0,0.0,118142000.0,118142000.0,118142000.0,0.0,0.0,0.061,624422000.0,168781000.0,503829000,0.444,6.633,18.366,18.347,3044276000,0.0,117.42,1.716,1.716,900903000,,1948245000.0,1948245000.0,0.0,,,,,12036000.0,490340000.0,1.0,109755618,109754000,110863000.0,17.751,4421657000,0,41487000.0,545282000,40.287,143548000
14,JBHT,ARQ,2018-03-31,2018-04-27,2018-03-31,2021-08-03,0,4421657000,,1236064000,3185593000,,17.704,-179045000.0,7082000,7082000,1155042000.0,118142000.0,1.131,1.276,1000032000,247609000,752423000,1000032000,0,105583000.0,0,0.008,0.0,168781000.0,274364000.0,0.141,274364000.0,168781000.0,159629000.0,1.08,1.07,1.08,1943063000,,1943063000,14001185845,22.0,13.458,82573000.0,0.752,1.0,793203000.0,0.407,0,9152000.0,4322091000,,0,0,0,0,2478594000,1092516000,1386078000,13008235845,-7530000.0,0.0,-99000.0,-63364000.0,-26341000.0,-89804000.0,-179344000.0,0.0,261618000.0,0.0,118142000.0,118142000.0,118142000.0,0.0,0.0,0.061,624422000.0,168781000.0,503829000,0.0,6.695,18.538,18.519,3044276000,0.0,118.52,1.732,1.732,900903000,,1948245000.0,1948245000.0,0.0,,,,,12036000.0,490340000.0,1.0,109755618,109754000,110863000.0,17.751,4421657000,0,41487000.0,545282000,40.287,143548000
15,JBHT,ARQ,2017-12-31,2018-02-23,2017-12-31,2021-08-03,0,4465349000,,1338728000,3126621000,,16.759,-195677000.0,14612000,14612000,1206597000.0,385307000.0,1.452,1.428,1085649000,0,1085649000,1085649000,0,102320000.0,0,0.008,0.47,146048000.0,248368000.0,0.125,248368000.0,146048000.0,139784000.0,3.51,3.47,3.51,1839325000,,1839325000,14363403526,23.0,14.256,30927000.0,0.282,1.0,783563000.0,0.394,113455000,6264000.0,4501087000,,20688000,0,0,0,2626024000,921844000,1704180000,13292366526,6905000.0,751000.0,-48000.0,764000.0,-25242000.0,-24526000.0,-195173000.0,0.0,226604000.0,0.0,385307000.0,385307000.0,385307000.0,0.0,0.0,0.194,637750000.0,145813000.0,598594000,0.134,7.227,19.369,19.409,2983331000,0.0,121.11,1.849,1.853,1204266000,3803844000.0,1990160000.0,1990160000.0,0.0,,,,,7338000.0,488781000.0,1.0,109754492,109750000,110734000.0,18.134,4351894000,0,-245523000.0,541870000,39.653,416884000
16,JBHT,ARQ,2017-09-30,2017-10-27,2017-09-30,2021-08-03,0,4053923000,,1006591000,3047332000,,13.418,-149746000.0,7707000,7707000,1112473000.0,100385000.0,1.476,1.754,1084801000,0,1084801000,1084801000,0,95960000.0,0,0.008,0.23,164972000.0,260932000.0,0.142,260932000.0,164972000.0,156662000.0,0.92,0.91,0.92,1471970000,,1471970000,13106999211,19.0,12.538,35356000.0,0.322,1.0,730861000.0,0.396,114422000,8310000.0,4334840000,,0,0,0,0,2581953000,681755000,1900198000,12029905211,433000.0,-137630000.0,-18736000.0,146863000.0,-25243000.0,102884000.0,-287553000.0,0.0,185102000.0,0.0,100385000.0,100385000.0,100385000.0,0.0,0.0,0.054,565889000.0,164972000.0,493585000,0.25,8.173,28.744,28.921,2875809000,0.0,109.61,1.738,1.738,858720000,,1843334000.0,1843334000.0,0.0,,,,,7843000.0,443467000.0,1.0,109751895,109703000,110628000.0,16.803,3939501000,0,56277000.0,746833000,35.911,324836000
17,JBHT,ARQ,2017-06-30,2017-07-28,2017-06-30,2021-08-03,0,3778382000,,908351000,2870031000,,12.841,-74085000.0,7274000,7274000,1025585000.0,97869000.0,1.494,1.684,943174000,0,943174000,943174000,0,93049000.0,0,0.01,0.23,163615000.0,256664000.0,0.149,256664000.0,163615000.0,156222000.0,0.89,0.88,0.89,1407721000,,1407721000,10825581888,16.0,10.228,83729000.0,0.764,1.0,701330000.0,0.406,0,7393000.0,4106190000,,0,0,0,0,2370661000,608092000,1762569000,9889681888,-4987000.0,0.0,-49107000.0,-14337000.0,-25275000.0,-88719000.0,-74082000.0,0.0,157814000.0,0.0,97869000.0,97869000.0,97869000.0,0.0,0.0,0.057,537715000.0,163615000.0,419306000,0.258,7.025,23.131,23.534,2820030000,0.0,90.37,1.461,1.464,749042000,,1726915000.0,1726915000.0,0.0,,,,,11940000.0,417204000.0,1.0,109435453,109630000,110822000.0,15.752,3778382000,0,58353000.0,753277000,34.465,300259000
18,JBHT,ARQ,2017-03-31,2017-04-28,2017-03-31,2021-08-03,0,3770395000,,893341000,2877054000,,12.377,-91007000.0,12261000,12261000,955787000.0,102702000.0,1.523,1.748,950558000,0,950558000,950558000,0,92189000.0,0,0.01,0.0,149389000.0,241578000.0,0.148,241578000.0,149389000.0,142572000.0,0.93,0.92,0.93,1372294000,,1372294000,10799389457,15.0,10.112,194626000.0,1.755,1.0,673371000.0,0.413,0,6817000.0,4122167000,,0,0,0,0,2398101000,586525000,1811576000,9861092457,5884000.0,0.0,-130037000.0,-29636000.0,-25602000.0,-185275000.0,-94474000.0,0.0,285633000.0,0.0,102702000.0,102702000.0,102702000.0,0.0,0.0,0.063,523982000.0,149389000.0,369763000,0.0,7.186,22.685,23.108,2830628000,0.0,89.66,1.482,1.494,707433000,,1629158000.0,1629158000.0,0.0,,,,,11170000.0,408788000.0,1.0,109983186,110878000,112026000.0,14.693,3770395000,0,39870000.0,792561000,34.005,306816000
19,JBHT,ARQ,2016-12-31,2017-02-23,2016-12-31,2021-08-03,0,3828988000,,945681000,2883307000,,12.679,-126502000.0,6377000,6377000,1024299000.0,117556000.0,1.65,1.708,986278000,0,986278000,986278000,0,91793000.0,0,0.009,0.45,194432000.0,286225000.0,0.166,286225000.0,194432000.0,188485000.0,1.05,1.04,1.05,1414061000,,1414061000,11811560105,16.0,10.91,43678000.0,0.392,1.0,696763000.0,0.405,0,5947000.0,4235755000,,18577000,0,0,0,2414927000,573134000,1841793000,10831659105,896000.0,0.0,-75029000.0,56363000.0,-24513000.0,-42667000.0,-126617000.0,0.0,170180000.0,0.0,117556000.0,117556000.0,117556000.0,0.0,0.0,0.068,502402000.0,194361000.0,384308000,0.429,7.66,25.068,25.341,2818791000,0.0,97.31,1.652,1.67,813214000,3218943000.0,1721062000.0,1721062000.0,0.0,,,,,10452000.0,390583000.0,1.0,111310853,111526000,112317000.0,15.432,3828988000,0,70929000.0,790634000,34.333,372547000
20,JBHT,ARQ,2016-09-30,2016-10-28,2016-09-30,2021-08-03,0,3729994000,,842401000,2887593000,,12.298,-100796000.0,5481000,5481000,994273000.0,109425000.0,1.402,1.693,943696000,0,943696000,943696000,0,91001000.0,0,0.011,0.22,182977000.0,273978000.0,0.162,273978000.0,182977000.0,176492000.0,0.97,0.97,0.97,1385083000,,1385083000,10018474728,14.0,9.296,109029000.0,0.968,1.0,696386000.0,0.412,0,6485000.0,4067364000,,0,0,0,0,2344911000,600845000,1744066000,9080259728,-5796000.0,0.0,-92398000.0,-3790000.0,-24879000.0,-114815000.0,-100806000.0,0.0,209825000.0,0.0,109425000.0,109425000.0,109425000.0,0.0,0.0,0.065,513409000.0,182977000.0,402913000,0.227,6.556,21.054,21.244,2808741000,0.0,80.94,1.407,1.412,775020000,,1690659000.0,1690659000.0,0.0,,,,,7258000.0,400546000.0,1.0,112185072,112630000,113363000.0,15.011,3729994000,0,67067000.0,731068000,33.117,241556000
21,JBHT,ARQ,2016-06-30,2016-07-28,2016-06-30,2021-08-03,0,3697364000,,827008000,2870356000,,12.243,-143500000.0,11277000,11277000,934256000.0,105011000.0,1.496,1.68,957574000,0,957574000,957574000,0,90364000.0,0,0.008,0.22,175792000.0,266156000.0,0.165,266156000.0,175792000.0,169372000.0,0.93,0.92,0.93,1379425000,,1379425000,10317914141,14.0,9.52,25742000.0,0.228,1.0,680770000.0,0.422,0,6420000.0,4090945000,,0,0,0,0,2317939000,552716000,1765223000,9371617141,5285000.0,0.0,946000.0,3157000.0,-24788000.0,-20452000.0,-143505000.0,0.0,169242000.0,0.0,105011000.0,105011000.0,105011000.0,0.0,0.0,0.065,504978000.0,175792000.0,343652000,0.237,6.794,21.446,21.659,2766915000,0.0,83.17,1.476,1.475,744026000,,1615026000.0,1615026000.0,0.0,,,,,11943000.0,395520000.0,1.0,112680259,112669000,113761000.0,14.334,3697364000,0,64361000.0,742574000,32.816,274292000
22,JBHT,ARQ,2016-03-31,2016-04-29,2016-03-31,2021-08-03,0,3646958000,,814930000,2832028000,,11.374,-114458000.0,5992000,5992000,865479000.0,100098000.0,1.403,1.836,961346000,0,961346000,961346000,0,88352000.0,0,0.01,0.0,167890000.0,256242000.0,0.168,256242000.0,167890000.0,161448000.0,0.89,0.88,0.89,1286080000,,1286080000,10292145036,14.0,9.574,190438000.0,1.684,1.0,663233000.0,0.434,0,6442000.0,4021598000,,0,0,0,0,2360878000,580714000,1780164000,9336791036,426000.0,0.0,-100579000.0,-64668000.0,-24810000.0,-190010000.0,-114460000.0,0.0,304896000.0,0.0,100098000.0,100098000.0,100098000.0,0.0,0.0,0.065,495343000.0,167890000.0,381185000,0.0,7.26,21.444,21.811,2739366000,0.0,82.88,1.488,1.493,690352000,,1528712000.0,1528712000.0,0.0,,,,,10972000.0,389563000.0,1.0,112654332,113072000,114003000.0,13.52,3646958000,0,61350000.0,755477000,32.253,234216000
23,JBHT,ARQ,2015-12-31,2016-02-23,2015-12-31,2021-08-03,0,3636567000,,859367000,2777200000,,11.383,-125776000.0,5566000,5566000,937157000.0,116745000.0,1.614,1.797,1005026000,0,1005026000,1005026000,0,88374000.0,0,0.011,0.22,192979000.0,281353000.0,0.174,281353000.0,192979000.0,188604000.0,1.02,1.01,1.02,1300352000,,1300352000,9586090938,13.0,9.083,50572000.0,0.443,1.0,683858000.0,0.422,25057000,4375000.0,4078553000,,23191000,0,0,0,2336215000,532417000,1803798000,8586630938,24000.0,0.0,-50158000.0,25249000.0,-24069000.0,-50547000.0,-125777000.0,0.0,176348000.0,0.0,116745000.0,116745000.0,116745000.0,0.0,0.0,0.072,490965000.0,192893000.0,340332000,0.216,6.603,20.098,20.634,2701329000,0.0,76.14,1.388,1.423,654542000,2885843000.0,1621015000.0,1621015000.0,0.0,,,,,10218000.0,384616000.0,1.0,112774244,114237000,115033000.0,14.19,3611510000,0,71859000.0,740220000,31.614,326950000
24,JBHT,ARQ,2015-09-30,2015-10-23,2015-09-30,2021-08-03,0,3519264000,,768171000,2751093000,,10.82,-131414000.0,5542000,5542000,914885000.0,115139000.0,1.412,1.817,993353000,0,993353000,993353000,0,86201000.0,0,0.011,0.0,193846000.0,280047000.0,0.177,280047000.0,193846000.0,186008000.0,1.0,0.99,1.0,1249187000,,1249187000,9981767170,14.0,9.64,112009000.0,0.97,1.0,671609000.0,0.423,0,7838000.0,3963027000,,0,0,0,0,2270077000,544048000,1726029000,8993956170,-44000.0,0.0,-199870000.0,99417000.0,-24350000.0,-112055000.0,-131412000.0,0.0,243423000.0,0.0,115139000.0,115139000.0,115139000.0,0.0,0.0,0.073,477763000.0,193846000.0,355671000,0.0,7.2,21.374,21.68,2670509000,0.0,78.48,1.456,1.467,671398000,,1586494000.0,1586494000.0,0.0,,,,,6313000.0,371484000.0,1.0,114601888,115456000,116282000.0,13.741,3519264000,0,70869000.0,673030000,30.481,224123000
25,JBHT,ARQ,2015-06-30,2015-07-30,2015-06-30,2021-08-03,0,3485350000,,786630000,2698720000,,11.498,-157902000.0,5586000,5586000,883194000.0,103419000.0,1.013,1.603,893202000,250000000,643202000,893202000,0,83660000.0,0,0.01,0.42,173735000.0,257395000.0,0.167,257395000.0,173735000.0,167074000.0,0.89,0.88,0.89,1339205000,,1339205000,10705000451,16.0,10.674,40092000.0,0.344,1.0,656763000.0,0.426,0,6661000.0,3596361000,,0,0,0,0,2146145000,776605000,1369540000,9817384451,-61000.0,0.0,-28323000.0,12106000.0,-24477000.0,-40056000.0,-157999000.0,0.0,197994000.0,0.0,103419000.0,103419000.0,103419000.0,0.0,0.0,0.067,483028000.0,173735000.0,341520000,0.472,7.331,24.058,24.198,2626104000,0.0,84.45,1.586,1.589,665241000,,1539957000.0,1539957000.0,0.0,,,,,10568000.0,381160000.0,1.0,116250852,116470000,117811000.0,13.222,3485350000,0,63655000.0,667141000,29.925,10025000
26,JBHT,ARQ,2015-03-31,2015-04-24,2015-03-31,2021-08-03,0,3428997000,,803512000,2625485000,,10.959,-141344000.0,5646000,5646000,836067000.0,91932000.0,1.054,1.684,878203000,250000000,628203000,878203000,0,81378000.0,0,0.009,0.21,155220000.0,236598000.0,0.164,236598000.0,155220000.0,148517000.0,0.79,0.78,0.79,1277380000,,1277380000,11470394934,17.0,11.747,114199000.0,0.98,1.0,604113000.0,0.419,0,6703000.0,3539223000,,0,0,0,0,2151617000,762331000,1389286000,10597837934,-314000.0,0.0,-5796000.0,-65309000.0,-24468000.0,-94513000.0,-161344000.0,0.0,255543000.0,0.0,91932000.0,91932000.0,91932000.0,0.0,0.0,0.064,448893000.0,155220000.0,328111000,0.266,8.297,26.624,26.743,2552863000,0.0,90.925,1.71,1.71,631172000,,1440180000.0,1440180000.0,0.0,,,,,10129000.0,350087000.0,1.0,116555820,116558000,117800000.0,12.356,3428997000,18631000,56585000.0,700518000,29.419,41181000
27,JBHT,ARQ,2014-12-31,2015-02-24,2014-12-31,2021-08-03,0,3397117000,,880130000,2516987000,,10.3,-180485000.0,5961000,5961000,966630000.0,110306000.0,1.141,1.82,933539000,250000000,683539000,933539000,0,78387000.0,0,0.009,0.41,182992000.0,261379000.0,0.162,261379000.0,182992000.0,177322000.0,0.94,0.93,0.94,1204523000,,1204523000,10982859005,17.0,11.859,-20071000.0,-0.172,1.0,642881000.0,0.399,22886000,5670000.0,3530739000,,27740000,0,0,0,2192594000,771070000,1421524000,10055281005,102000.0,0.0,-50376000.0,94978000.0,-23437000.0,20165000.0,-180477000.0,0.0,160414000.0,0.0,110306000.0,110306000.0,110306000.0,0.0,0.0,0.069,459976000.0,182905000.0,325838000,0.436,8.348,26.829,26.969,2482532000,0.0,86.3,1.631,1.638,653795000,2555972000.0,1609511000.0,1609511000.0,0.0,,,,,9211000.0,358149000.0,1.0,116515423,116940000,118079000.0,13.764,3374231000,18631000,67016000.0,678424000,28.854,109060000
28,JBHT,ARQ,2014-09-30,2014-10-30,2014-09-30,2021-08-03,0,3158918000,,737678000,2421240000,,9.909,-126373000.0,5859000,5859000,984466000.0,102414000.0,0.933,1.724,837074000,250000000,587074000,837074000,0,75416000.0,0,0.01,0.2,172100000.0,247516000.0,0.155,247516000.0,172100000.0,165451000.0,0.87,0.87,0.87,1159819000,,1159819000,10025482188,17.0,11.336,58991000.0,0.504,1.0,616690000.0,0.385,0,6649000.0,3199841000,,0,0,0,0,1999099000,790292000,1208807000,9194267188,-11000.0,0.0,-19810000.0,-27992000.0,-23420000.0,-59014000.0,-126361000.0,0.0,185364000.0,0.0,102414000.0,102414000.0,102414000.0,0.0,0.0,0.064,444590000.0,172100000.0,352645000,0.23,7.927,25.801,25.731,2385106000,0.0,78.48,1.525,1.523,671298000,,1601156000.0,1601156000.0,0.0,,,,,7308000.0,347270000.0,1.0,117154271,117050000,118221000.0,13.679,3158918000,0,63037000.0,570136000,26.988,-52614000
29,JBHT,ARQ,2014-06-30,2014-07-29,2014-06-30,2021-08-03,0,3091359000,,739225000,2352134000,,9.259,-194640000.0,5870000,5870000,960307000.0,93408000.0,1.436,1.859,874028000,0,874028000,874028000,0,71726000.0,0,0.009,0.2,159230000.0,230956000.0,0.149,230956000.0,159230000.0,150901000.0,0.8,0.79,0.8,1081117000,,1081117000,9989114872,17.0,11.725,-52684000.0,-0.451,1.0,587560000.0,0.38,0,8329000.0,3444883000,,0,0,0,0,2010242000,514634000,1495608000,9120956872,-118342000.0,0.0,-71077000.0,23590000.0,-23297000.0,-65667000.0,-194631000.0,0.0,141956000.0,0.0,93408000.0,93408000.0,93408000.0,0.0,0.0,0.06,428330000.0,159230000.0,338063000,0.25,8.437,26.56,26.619,2316545000,0.0,78.26,1.555,1.558,667620000,,1547867000.0,1547867000.0,0.0,,,,,8842000.0,336718000.0,1.0,116546855,116764000,118541000.0,13.256,3091359000,0,57493000.0,562778000,26.475,224591000
30,JBHT,ARQ,2014-03-31,2014-04-25,2014-03-31,2021-08-03,0,3115725000,,842068000,2273657000,,9.11,-158212000.0,124212000,124212000,885125000.0,68664000.0,1.27,1.917,852207000,100000000,752207000,852207000,0,68967000.0,0,0.009,0.0,117307000.0,186274000.0,0.132,186274000.0,117307000.0,110927000.0,0.59,0.58,0.59,1068125000,,1068125000,9578776932,17.0,11.531,833000.0,0.007,1.0,521783000.0,0.371,0,6380000.0,3180916000,,0,0,0,0,2047600000,662804000,1384796000,8850781932,118381000.0,0.0,168000.0,140510000.0,-23450000.0,117548000.0,-158212000.0,0.0,159045000.0,0.0,68664000.0,68664000.0,68664000.0,0.0,0.0,0.049,404476000.0,117307000.0,371235000,0.0,8.286,26.209,26.118,2236101000,0.0,75.48,1.553,1.553,635111000,,1406908000.0,1406908000.0,0.0,,,,,9972000.0,319677000.0,1.0,117259962,117250000,118943000.0,11.999,3115725000,0,42263000.0,575164000,26.573,179264000
31,JBHT,ARQ,2013-12-31,2014-02-21,2013-12-31,2021-08-03,0,2819404000,,680203000,2139201000,,8.625,-108880000.0,5831000,5831000,919128000.0,91864000.0,0.955,1.785,708417000,250000000,458417000,708417000,0,66076000.0,0,0.009,0.35,153602000.0,219678000.0,0.149,219678000.0,153602000.0,148713000.0,0.79,0.77,0.79,1012452000,,1012452000,9144409168,16.0,11.015,54243000.0,0.462,1.0,555148000.0,0.377,21602000,4889000.0,2788092000,,26248000,0,0,0,1806952000,712296000,1094656000,8441823168,-137000.0,0.0,-49368000.0,14262000.0,-17585000.0,-54378000.0,-108882000.0,0.0,163123000.0,0.0,91864000.0,91864000.0,91864000.0,0.0,0.0,0.062,401615000.0,153533000.0,305465000,0.443,8.338,24.656,24.658,2112204000,0.0,72.0,1.512,1.514,568519000,2274784000.0,1474276000.0,1474276000.0,0.0,,,,,8752000.0,319140000.0,1.0,117247544,117380000,118960000.0,12.56,2797802000,0,56849000.0,580450000,23.835,-32093000
32,JBHT,ARQ,2013-09-30,2013-10-30,2013-09-30,2021-08-03,0,2712434000,,648032000,2064402000,,8.329,-121932000.0,5968000,5968000,902110000.0,89472000.0,0.939,1.766,687474000,250000000,437474000,687474000,0,64291000.0,0,0.008,0.15,150729000.0,215020000.0,0.15,215020000.0,150729000.0,144894000.0,0.76,0.75,0.76,980477000,,980477000,9559628763,17.0,11.76,-4275000.0,-0.036,1.0,533740000.0,0.372,0,5835000.0,2703602000,,0,0,0,0,1731957000,690338000,1041619000,8878122763,45000.0,0.0,-14827000.0,21214000.0,-17671000.0,4354000.0,-121966000.0,0.0,117657000.0,0.0,89472000.0,89472000.0,89472000.0,0.0,0.0,0.062,383011000.0,150729000.0,304799000,0.197,9.055,26.542,26.525,2037386000,0.0,75.33,1.629,1.628,584914000,,1435850000.0,1435850000.0,0.0,,,,,5625000.0,304842000.0,1.0,117856402,117723000,119357000.0,12.197,2712434000,0,55422000.0,548172000,23.041,-42306000
33,JBHT,ARQ,2013-06-30,2013-07-30,2013-06-30,2021-08-03,0,2656316000,,651562000,2004754000,,7.702,-96634000.0,5923000,5923000,861743000.0,87697000.0,0.932,1.944,674132000,200000000,474132000,674132000,0,62283000.0,0,0.008,0.15,147407000.0,209690000.0,0.152,209690000.0,147407000.0,141177000.0,0.75,0.73,0.75,902239000,,902239000,9401436965,17.0,11.921,-9822000.0,-0.084,1.0,521115000.0,0.377,0,6230000.0,2625419000,,0,0,0,0,1754077000,699106000,1054971000,8733227965,176000.0,0.0,-59448000.0,80057000.0,-17555000.0,9987000.0,-96623000.0,0.0,86812000.0,0.0,87697000.0,87697000.0,87697000.0,0.0,0.0,0.063,373708000.0,147407000.0,364195000,0.2,9.68,27.016,27.226,1976226000,0.0,74.6,1.645,1.646,579643000,,1382858000.0,1382858000.0,0.0,,,,,8840000.0,299314000.0,1.0,117067399,117139000,119472000.0,11.805,2656316000,0,53480000.0,528901000,22.677,-47544000
34,JBHT,ARQ,2013-03-31,2013-04-26,2013-03-31,2021-08-03,0,2586119000,,615198000,1970921000,,7.45,-115058000.0,5747000,5747000,813520000.0,73349000.0,0.846,1.953,593289000,200000000,393289000,593289000,0,60730000.0,0,0.008,0.0,125039000.0,185769000.0,0.144,185769000.0,125039000.0,118783000.0,0.62,0.61,0.62,875772000,,875772000,9001796508,17.0,11.654,91701000.0,0.78,1.0,478067000.0,0.37,0,6256000.0,2446440000,,0,0,0,0,1710347000,727221000,983126000,8414254508,158000.0,0.0,360000.0,-92957000.0,0.0,-91531000.0,-115070000.0,0.0,206759000.0,0.0,73349000.0,73349000.0,73349000.0,0.0,0.0,0.057,353028000.0,125039000.0,374968000,0.0,9.608,26.626,26.701,1941426000,0.0,71.56,1.624,1.624,529333000,,1291587000.0,1291587000.0,0.0,,,,,9137000.0,279528000.0,1.0,117583210,117553000,119825000.0,10.987,2586119000,0,45434000.0,536772000,22.0,-112023000
35,JBHT,ARQ,2012-12-31,2013-02-22,2012-12-31,2021-08-03,0,2464641000,,554532000,1910109000,,6.716,-90642000.0,5589000,5589000,836810000.0,83977000.0,1.103,2.112,685347000,100000000,585347000,685347000,0,59046000.0,0,0.008,0.29,143336000.0,202382000.0,0.151,202382000.0,143336000.0,138039000.0,0.71,0.7,0.71,791860000,,791860000,8587333719,16.0,11.309,40063000.0,0.34,1.0,501326000.0,0.375,17632000,5297000.0,2624007000,,23065000,0,0,0,1672781000,502760000,1170021000,7907575719,-70000.0,0.0,-48737000.0,40453000.0,-34106000.0,-40588000.0,-90187000.0,0.0,130705000.0,0.0,83977000.0,83977000.0,83977000.0,0.0,0.0,0.063,357991000.0,143335000.0,266722000,0.408,9.986,25.479,25.481,1885474000,0.0,67.27,1.564,1.565,466011000,1985213000.0,1338136000.0,1338136000.0,0.0,,,,,7736000.0,282498000.0,1.0,117549810,117905000,120022000.0,11.349,2447009000,0,54062000.0,532374000,20.754,51772000
36,JBHT,ARQ,2012-09-30,2012-10-26,2012-09-30,2021-08-03,0,2438342000,,563257000,1875085000,,6.613,-108157000.0,5659000,5659000,816475000.0,78241000.0,1.027,2.121,644904000,100000000,544904000,644904000,0,57773000.0,0,0.01,0.14,133052000.0,190825000.0,0.147,190825000.0,133052000.0,126706000.0,0.66,0.65,0.66,781190000,,781190000,7398878396,15.0,10.068,48603000.0,0.411,1.0,479317000.0,0.37,0,6346000.0,2528912000,,0,0,0,0,1657152000,548675000,1108477000,6759633396,-228000.0,0.0,-8747000.0,-32521000.0,-16545000.0,-48437000.0,-108551000.0,0.0,156760000.0,0.0,78241000.0,78241000.0,78241000.0,0.0,0.0,0.06,346265000.0,133052000.0,328757000,0.212,8.653,22.612,22.416,1848453000,0.0,57.16,1.373,1.372,504252000,,1295792000.0,1295792000.0,0.0,,,,,5590000.0,274747000.0,1.0,118258107,118131000,120281000.0,10.969,2438342000,0,48465000.0,516724000,20.641,14582000
37,JBHT,ARQ,2012-06-30,2012-07-31,2012-06-30,2021-08-03,0,2365276000,,540425000,1824851000,,6.085,-87098000.0,5887000,5887000,782671000.0,80451000.0,1.031,2.316,679462000,100000000,579462000,679462000,0,56227000.0,0,0.007,0.14,137215000.0,193442000.0,0.154,193442000.0,137215000.0,130286000.0,0.69,0.67,0.69,713273000,,713273000,7141154267,14.0,9.957,27209000.0,0.232,1.0,472459000.0,0.376,0,6929000.0,2514490000,,0,0,0,0,1652003000,524361000,1127642000,6467579267,174000.0,0.0,3855000.0,-21280000.0,-16394000.0,-27043000.0,-87090000.0,0.0,114307000.0,0.0,80451000.0,80451000.0,80451000.0,0.0,0.0,0.064,335244000.0,137215000.0,298587000,0.203,9.067,22.352,22.275,1795790000,0.0,55.02,1.348,1.344,472077000,,1255130000.0,1255130000.0,0.0,,,,,8288000.0,266422000.0,1.0,117549605,117226000,120027000.0,10.707,2365276000,0,49835000.0,498457000,20.177,16064000
38,JBHT,ARQ,2012-03-31,2012-04-27,2012-03-31,2021-08-03,0,2322862000,,536086000,1786776000,,5.386,-83782000.0,5713000,5713000,723624000.0,67684000.0,0.987,2.685,702119000,100000000,602119000,702119000,0,56120000.0,0,0.01,0.0,116597000.0,172717000.0,0.148,172717000.0,116597000.0,109610000.0,0.58,0.57,0.58,630296000,,630296000,7213348918,15.0,10.458,62490000.0,0.534,1.0,442298000.0,0.379,0,6987000.0,2475848000,,0,0,0,0,1692566000,543420000,1149146000,6516942918,263000.0,0.0,1218000.0,-49211000.0,-16386000.0,-62243000.0,-83766000.0,0.0,146272000.0,0.0,67684000.0,67684000.0,67684000.0,0.0,0.0,0.058,325701000.0,116597000.0,301636000,0.0,10.339,23.733,23.888,1760514000,0.0,55.66,1.389,1.388,447706000,,1165922000.0,1165922000.0,0.0,,,,,8101000.0,258536000.0,1.0,117084853,117017000,119750000.0,9.964,2322862000,0,41926000.0,500039000,19.851,-7334000
39,JBHT,ARQ,2011-12-31,2012-02-24,2011-12-31,2021-08-03,0,2267332000,,513542000,1753790000,,4.859,-121603000.0,5450000,5450000,743358000.0,72565000.0,1.171,2.995,749177000,50000000,699177000,749177000,0,55631000.0,0,0.01,0.27,122295000.0,177926000.0,0.148,177926000.0,122295000.0,116073000.0,0.62,0.61,0.62,567543000,,567543000,6689615438,15.0,10.164,25880000.0,0.222,1.0,461579000.0,0.383,16735000,6222000.0,2555809000,,20932000,0,0,0,1699789000,438515000,1261274000,5945888438,-2297000.0,0.0,1444000.0,-16511000.0,-15192000.0,-28167000.0,-121613000.0,0.0,147483000.0,0.0,72565000.0,72565000.0,72565000.0,0.0,0.0,0.06,339292000.0,122287000.0,251625000,0.435,10.477,23.135,23.519,1726870000,0.0,50.8,1.313,1.337,411479000,1758290000.0,1204937000.0,1204937000.0,0.0,,,,,9003000.0,271263000.0,1.0,117045048,116812000,119336000.0,10.315,2250597000,5136000,43508000.0,516715000,19.267,75027000
40,JBHT,ARQ,2011-09-30,2011-10-28,2011-09-30,2021-08-03,0,2162656000,,477390000,1685266000,,4.195,-113303000.0,7747000,7747000,720547000.0,68650000.0,0.98,3.346,768034000,50000000,718034000,768034000,0,54404000.0,0,0.012,0.0,118680000.0,173084000.0,0.148,173084000.0,118680000.0,111535000.0,0.58,0.57,0.58,497631000,,497631000,5862578379,14.0,9.339,67233000.0,0.567,1.0,450723000.0,0.385,0,7145000.0,2435728000,,0,0,0,0,1665025000,487215000,1177810000,5102291379,-3402000.0,0.0,-163672000.0,103664000.0,-15658000.0,-70899000.0,-113039000.0,0.0,180536000.0,0.0,68650000.0,68650000.0,68650000.0,0.0,0.0,0.059,332043000.0,118680000.0,275673000,0.0,10.253,21.058,21.746,1656384000,0.0,43.71,1.175,1.194,424634000,,1171270000.0,1171270000.0,0.0,,,,,5205000.0,266597000.0,1.0,116730528,118627000,121126000.0,9.874,2162656000,0,42885000.0,435845000,18.231,-9825000
41,JBHT,ARQ,2011-06-30,2011-07-29,2011-06-30,2021-08-03,0,2120861000,,508151000,1612710000,,4.976,-98617000.0,11149000,11149000,704824000.0,65696000.0,1.139,2.545,664292000,15000000,649292000,664292000,0,52551000.0,0,0.011,0.26,113443000.0,165994000.0,0.144,165994000.0,113443000.0,106737000.0,0.55,0.53,0.55,598339000,,598339000,6091108714,16.0,10.22,72473000.0,0.603,1.0,445031000.0,0.387,0,6706000.0,2327870000,,0,0,0,0,1522522000,446134000,1076388000,5437965714,5756000.0,0.0,-26110000.0,-33062000.0,-15641000.0,-66815000.0,-98519000.0,0.0,171090000.0,0.0,65696000.0,65696000.0,65696000.0,0.0,0.0,0.057,331588000.0,113443000.0,270961000,0.473,9.088,24.082,24.454,1593250000,0.0,45.24,1.308,1.309,440755000,,1149855000.0,1149855000.0,0.0,,,,,7129000.0,267395000.0,1.0,120202602,120237000,123285000.0,9.563,2120861000,0,41041000.0,406916000,17.639,62017000
42,JBHT,ARQ,2011-03-31,2011-04-29,2011-03-31,2021-08-03,0,2040372000,,475567000,1564805000,,4.623,-112346000.0,5393000,5393000,605976000.0,50095000.0,1.119,2.648,698249000,49000000,649249000,698249000,0,51357000.0,0,0.01,0.0,89823000.0,141180000.0,0.141,141180000.0,89823000.0,81389000.0,0.41,0.4,0.41,559266000,,559266000,6425592475,17.0,11.263,24237000.0,0.2,1.0,394804000.0,0.394,0,8434000.0,2308251000,,0,0,0,0,1481106000,424977000,1056129000,5732736475,-2258000.0,0.0,-54306000.0,42870000.0,-15752000.0,-26483000.0,-112358000.0,0.0,136583000.0,0.0,50095000.0,50095000.0,50095000.0,0.0,0.0,0.05,304981000.0,89823000.0,249730000,0.0,10.25,27.012,27.883,1545125000,0.0,47.68,1.451,1.46,402922000,,1000780000.0,1000780000.0,0.0,,,,,5504000.0,243777000.0,1.0,120233567,120980000,123966000.0,8.272,2040372000,0,31294000.0,382034000,16.865,50590000
43,JBHT,ARQ,2010-12-31,2011-02-25,2010-12-31,2021-08-03,0,1961660000,,462645000,1499015000,,4.677,-80572000.0,7651000,7651000,609293000.0,57853000.0,0.907,2.423,654207000,200000000,454207000,654207000,0,50094000.0,0,0.012,0.25,97423000.0,147517000.0,0.145,147517000.0,97423000.0,89184000.0,0.47,0.46,0.47,573021000,,573021000,5628549253,16.0,10.332,17269000.0,0.141,1.0,410719000.0,0.403,16161000,8239000.0,2082106000,,17336000,0,0,0,1388639000,509949000,878690000,4981993253,-60909000.0,0.0,-74139000.0,7564000.0,-14805000.0,-78143000.0,-80607000.0,0.0,97841000.0,0.0,57853000.0,57853000.0,57853000.0,0.0,0.0,0.057,313371000.0,97348000.0,192103000,0.532,8.694,24.958,25.659,1479484000,0.0,41.055,1.313,1.35,351187000,1563527000.0,1020012000.0,1020012000.0,0.0,,,,,6416000.0,249740000.0,1.0,121349245,122531000,125391000.0,8.325,1945499000,0,31331000.0,393868000,15.878,-47304000
44,JBHT,ARQ,2010-09-30,2010-10-29,2010-09-30,2021-08-03,0,1956009000,,486265000,1469744000,,4.818,-41415000.0,68560000,68560000,578008000.0,52169000.0,0.926,2.29,649164000,200000000,449164000,649164000,0,49808000.0,0,0.013,0.0,91490000.0,141298000.0,0.143,141298000.0,91490000.0,84828000.0,0.42,0.41,0.42,594458000,,594458000,5012241352,15.0,9.613,79992000.0,0.648,1.0,408016000.0,0.414,0,6662000.0,2011397000,,0,0,0,0,1361551000,525216000,836335000,4431637352,60846000.0,0.0,-41120000.0,32257000.0,-14852000.0,-19149000.0,-41412000.0,0.0,121407000.0,0.0,52169000.0,52169000.0,52169000.0,0.0,0.0,0.053,316526000.0,91490000.0,218703000,0.0,7.455,24.16,24.793,1450032000,0.0,35.95,1.214,1.215,371120000,,986024000.0,986024000.0,0.0,,,,,4195000.0,255175000.0,1.0,123272249,123390000,126404000.0,7.991,1956009000,0,32659000.0,357164000,15.852,-38951000
45,JBHT,ARQ,2010-06-30,2010-07-30,2010-06-30,2021-08-03,0,1900941000,,423571000,1477370000,,4.544,-56272000.0,7714000,7714000,549275000.0,52113000.0,0.802,2.329,617100000,200000000,417100000,617100000,0,49148000.0,0,0.013,0.24,91347000.0,140495000.0,0.149,140495000.0,91347000.0,84736000.0,0.41,0.4,0.41,571059000,,571059000,4985578367,16.0,10.001,65883000.0,0.524,1.0,393501000.0,0.417,0,6611000.0,1982480000,,0,0,0,0,1329882000,527847000,802035000,4376192367,-73000.0,0.0,-129224000.0,74748000.0,-14982000.0,-65972000.0,-56256000.0,0.0,122155000.0,0.0,52113000.0,52113000.0,52113000.0,0.0,0.0,0.055,302154000.0,91347000.0,196730000,0.585,7.663,25.558,26.485,1457660000,0.0,35.49,1.251,1.275,363669000,,942776000.0,942776000.0,0.0,,,,,5593000.0,241357000.0,1.0,123307759,125686000,128920000.0,7.501,1900941000,0,32623000.0,357986000,15.125,-104276000
46,JBHT,ARQ,2010-03-31,2010-04-29,2010-03-31,2021-08-03,0,1889133000,,419913000,1469220000,,5.284,-47673000.0,7787000,7787000,497722000.0,37482000.0,0.865,1.809,541000000,200000000,341000000,541000000,0,48012000.0,0,0.012,0.0,67440000.0,115452000.0,0.137,115452000.0,67440000.0,60946000.0,0.29,0.29,0.29,672515000,,672515000,5328416813,20.0,11.786,39002000.0,0.306,1.0,346951000.0,0.411,0,6494000.0,1936939000,,0,0,0,0,1216618000,485407000,731211000,4795203813,-56000.0,0.0,393000.0,-24977000.0,-15271000.0,-38990000.0,-47741000.0,0.0,86675000.0,0.0,37482000.0,37482000.0,37482000.0,0.0,0.0,0.044,279511000.0,67440000.0,180085000,0.0,7.13,33.496,33.625,1449459000,0.0,37.66,1.442,1.442,341659000,,844673000.0,844673000.0,0.0,,,,,5193000.0,219948000.0,1.0,127328832,127282000,130397000.0,6.636,1889133000,0,23464000.0,365285000,14.842,-65494000
47,JBHT,ARQ,2009-12-31,2010-02-26,2009-12-31,2021-08-03,0,1856914000,,392465000,1464449000,,5.062,-40466000.0,7843000,7843000,520440000.0,41665000.0,1.458,1.884,565000000,0,565000000,565000000,0,47490000.0,0,0.013,0.12,76676000.0,124166000.0,0.142,124166000.0,76676000.0,70221000.0,0.33,0.32,0.33,643853000,,643853000,5072916860,20.0,11.515,68297000.0,0.537,1.0,356512000.0,0.407,16330000,6455000.0,2128523000,,17273000,0,0,0,1213061000,269218000,943843000,4515759860,3132000.0,0.0,-6526000.0,-59941000.0,-13990000.0,-70555000.0,-35076000.0,5641000.0,108763000.0,0.0,41665000.0,41665000.0,41665000.0,0.0,0.0,0.048,283576000.0,72936000.0,191347000,0.364,7.014,33.098,32.852,1444671000,0.0,35.48,1.41,1.403,310339000,1423820000.0,876952000.0,876952000.0,0.0,,,,,5148000.0,223313000.0,1.0,127276208,127195000,130095000.0,6.895,1840584000,0,28556000.0,353767000,14.471,123247000
48,JBHT,ARQ,2009-09-30,2009-10-28,2009-09-30,2021-08-03,0,1858095000,,401902000,1456193000,,4.782,-66615000.0,4711000,4711000,484949000.0,39963000.0,1.497,2.058,625800000,0,625800000,625800000,0,47098000.0,0,0.014,0.0,71302000.0,118400000.0,0.142,118400000.0,71302000.0,64875000.0,0.31,0.31,0.31,607654000,,607654000,4538190415,17.0,10.01,30907000.0,0.243,1.0,348800000.0,0.418,0,6427000.0,2210651000,,0,0,0,0,1250441000,268533000,981908000,3917101415,1141000.0,0.0,291000.0,-18302000.0,-13960000.0,-31111000.0,-65270000.0,1270000.0,97522000.0,0.0,39963000.0,39963000.0,39963000.0,0.0,0.0,0.048,277846000.0,70954000.0,180712000,0.0,6.446,26.459,26.56,1435912000,0.0,30.81,1.222,1.221,340330000,,833749000.0,833749000.0,0.0,,,,,2919000.0,218432000.0,1.0,127137339,127073000,129819000.0,6.561,1858095000,0,24912000.0,339766000,14.622,133369000
49,JBHT,ARQ,2009-06-30,2009-07-31,2009-06-30,2021-08-03,0,1820886000,,386234000,1434652000,,4.568,-88098000.0,3570000,3570000,444968000.0,24049000.0,1.103,2.155,648200000,61500000,586700000,648200000,0,47094000.0,0,0.015,0.22,47000000.0,94094000.0,0.122,94094000.0,47000000.0,39363000.0,0.19,0.19,0.19,577139000,,577139000,4189960914,14.0,8.519,-10782000.0,-0.085,1.0,324816000.0,0.422,0,7637000.0,2115506000,,0,0,0,0,1243747000,350010000,893737000,3545330914,-6000.0,0.0,4223000.0,16317000.0,-13873000.0,12918000.0,-90240000.0,185000.0,77316000.0,0.0,24049000.0,24049000.0,24049000.0,0.0,0.0,0.031,277725000.0,47091000.0,173125000,1.158,6.143,21.055,21.015,1414557000,0.0,27.95,1.052,1.048,308313000,,769784000.0,769784000.0,0.0,,,,,4943000.0,216773000.0,1.0,126845471,126346000,129364000.0,6.093,1820886000,0,15314000.0,286010000,14.412,36224000
50,JBHT,ARQ,2009-03-31,2009-04-29,2009-03-31,2021-08-03,0,1781377000,,372696000,1408681000,,4.372,-46594000.0,3576000,3576000,401173000.0,30758000.0,1.139,2.232,629000000,65000000,564000000,629000000,0,47363000.0,0,0.015,0.0,56519000.0,103882000.0,0.144,103882000.0,56519000.0,49609000.0,0.24,0.24,0.24,551196000,,551196000,4105638134,12.0,7.578,26728000.0,0.212,1.0,321662000.0,0.445,0,6910000.0,2079642000,,0,0,0,0,1230181000,327159000,903022000,3480214134,1203000.0,0.0,130000.0,-5230000.0,-13869000.0,-18754000.0,-53365000.0,550000.0,73322000.0,0.0,30758000.0,30758000.0,30758000.0,0.0,0.0,0.043,264672000.0,56990000.0,157608000,0.0,6.314,17.853,17.922,1390751000,0.0,27.6,0.973,0.973,278543000,,722835000.0,722835000.0,0.0,,,,,4556000.0,205459000.0,1.0,126094715,126078000,128558000.0,5.733,1781377000,0,18851000.0,318406000,14.129,45537000
51,JBHT,ARQ,2008-12-31,2009-02-27,2008-12-31,2021-08-03,-1186000,1793453000,,396287000,1397166000,,4.197,-88499000.0,2373000,2373000,502985000.0,53276000.0,0.972,2.39,633500000,118500000,515000000,633500000,0,50354000.0,0,0.02,0.21,86618000.0,136972000.0,0.156,136972000.0,86618000.0,83047000.0,0.42,0.41,0.42,529011000,,529011000,3200878190,9.0,5.717,66969000.0,0.531,1.0,376802000.0,0.428,17612000,3571000.0,1999080000,,18214000,0,0,0,1264442000,407888000,856554000,2569751190,-77000.0,0.0,-8566000.0,-58698000.0,-12605000.0,-70545000.0,-85000000.0,819000.0,155468000.0,0.0,53276000.0,53276000.0,53276000.0,0.0,0.0,0.061,290751000.0,86051000.0,196059000,0.5,4.858,12.811,12.738,1386530000,0.0,20.38,0.689,0.685,280614000,1343077000.0,879787000.0,879787000.0,0.0,,,,,5129000.0,225549000.0,1.0,126091815,126046000,128692000.0,6.98,1775841000,0,29771000.0,321147000,14.089,-11601000
52,JBHT,ARQ,2008-09-30,2008-10-31,2008-09-30,2021-08-03,0,1803831000,,438861000,1364970000,,3.835,-11982000.0,2450000,2450000,593578000.0,60300000.0,1.006,2.735,692200000,147000000,545200000,692200000,0,50667000.0,0,0.014,0.0,106233000.0,156900000.0,0.157,156900000.0,106233000.0,96539000.0,0.48,0.47,0.48,482897000,,482897000,4272221351,12.0,7.468,134185000.0,1.066,1.0,402856000.0,0.404,0,9694000.0,2057453000,,0,0,0,0,1320934000,436128000,884806000,3582471351,1190000.0,0.0,2087000.0,-127448000.0,-12592000.0,-134017000.0,-10960000.0,1317000.0,146167000.0,0.0,60300000.0,60300000.0,60300000.0,0.0,0.0,0.061,296590000.0,106266000.0,182808000,0.0,7.419,17.767,17.769,1353720000,0.0,28.43,0.943,0.943,379372000,,996434000.0,996434000.0,0.0,,,,,2619000.0,232064000.0,1.0,126010248,125907000,129042000.0,7.914,1803831000,0,36239000.0,331120000,14.327,2733000
53,JBHT,ARQ,2008-06-30,2008-07-31,2008-06-30,2021-08-03,0,1859815000,,466349000,1393466000,,3.409,-49948000.0,1260000,1260000,584155000.0,50604000.0,0.927,3.363,824700000,209000000,615700000,824700000,0,50728000.0,0,0.011,0.2,93279000.0,144007000.0,0.147,144007000.0,93279000.0,82957000.0,0.4,0.39,0.4,426255000,,426255000,5468760728,15.0,9.703,36675000.0,0.293,1.0,393184000.0,0.402,0,10322000.0,2180434000,,0,0,0,0,1433560000,502821000,930739000,4645320728,-14958000.0,0.0,3767000.0,-52995000.0,-12485000.0,-52542000.0,-49039000.0,1203000.0,86623000.0,0.0,50604000.0,50604000.0,50604000.0,0.0,0.0,0.052,299139000.0,94045000.0,188325000,0.5,10.898,24.179,24.49,1382394000,0.0,36.98,1.258,1.252,382121000,,977339000.0,977339000.0,0.0,,,,,3215000.0,234149000.0,1.0,125617110,125047000,128476000.0,7.816,1859815000,0,32353000.0,299587000,14.873,-36472000
54,JBHT,ARQ,2008-03-31,2008-04-30,2008-03-31,2021-08-03,0,1858069000,,471657000,1386412000,,2.978,-60452000.0,16218000,16218000,509527000.0,36413000.0,1.033,4.006,865200000,164000000,701200000,865200000,0,50539000.0,0,0.011,0.0,71444000.0,121983000.0,0.139,121983000.0,71444000.0,59694000.0,0.29,0.28,0.29,371197000,,371197000,5085850845,14.0,8.985,56436000.0,0.453,1.0,368856000.0,0.42,0,11750000.0,2250241000,,0,0,0,0,1486872000,456810000,1030062000,4236868845,1261000.0,0.0,689000.0,-47927000.0,-12462000.0,-58322000.0,-57305000.0,2936000.0,116888000.0,0.0,36413000.0,36413000.0,36413000.0,0.0,0.0,0.041,296801000.0,72055000.0,189164000,0.0,11.414,20.63,21.637,1375520000,0.0,33.97,1.187,1.186,340420000,,878383000.0,878383000.0,0.0,,,,,2810000.0,228460000.0,1.0,124723840,124657000,127914000.0,7.046,1858069000,0,23281000.0,312510000,14.905,14847000
55,JBHT,ARQ,2007-12-31,2008-02-29,2007-12-31,2021-08-03,-993000,1862746000,,488894000,1373852000,,2.737,-62264000.0,14957000,14957000,532260000.0,54323000.0,0.932,4.428,913100000,234000000,679100000,913100000,0,52787000.0,0,0.014,0.1,96376000.0,149163000.0,0.158,149163000.0,96376000.0,84220000.0,0.43,0.42,0.43,343197000,,343197000,4311603525,12.0,7.515,32588000.0,0.26,1.0,412690000.0,0.437,20477000,12156000.0,2215980000,,15445000,0,0,0,1519549000,524432000,995117000,3413460525,10844000.0,0.0,-71783000.0,60222000.0,-11288000.0,-12659000.0,-71349000.0,-8756000.0,94852000.0,0.0,54323000.0,54323000.0,54323000.0,0.0,0.0,0.057,316426000.0,96264000.0,189987000,0.233,9.946,16.016,17.214,1358723000,0.0,27.37,0.978,1.054,330202000,1192628000.0,944950000.0,944950000.0,0.0,,,,,2932000.0,245729000.0,1.0,124715401,125406000,128531000.0,7.535,1842269000,0,29897000.0,301634000,14.69,-35538000
56,JBHT,ARQ,2007-09-30,2007-10-31,2007-09-30,2021-08-03,0,1826152000,,411529000,1414623000,,2.752,-58339000.0,4113000,4113000,485233000.0,50783000.0,0.768,4.083,857200000,234000000,623200000,857200000,0,52299000.0,0,0.013,0.0,96151000.0,148450000.0,0.166,148450000.0,96151000.0,83387000.0,0.39,0.38,0.39,359275000,,359275000,4370185215,12.0,7.673,93969000.0,0.72,1.0,406405000.0,0.456,0,12764000.0,2143543000,,0,0,0,0,1466877000,535696000,931181000,3517098215,-2061000.0,0.0,-239509000.0,153700000.0,-11945000.0,-95823000.0,-58546000.0,0.0,152308000.0,0.0,50783000.0,50783000.0,50783000.0,0.0,0.0,0.057,310506000.0,95899000.0,202968000,0.0,9.789,16.237,17.769,1399680000,0.0,27.72,1.036,1.065,359220000,,891638000.0,891638000.0,0.0,,,,,2134000.0,240538000.0,1.0,126879445,130537000,133659000.0,6.831,1826152000,0,32604000.0,295374000,13.99,-124167000
57,JBHT,ARQ,2007-06-30,2007-07-31,2007-06-30,2021-08-03,0,1831871000,,423237000,1408634000,,4.016,-115474000.0,6174000,6174000,454373000.0,63857000.0,0.821,2.292,703500000,234000000,469500000,703500000,0,50527000.0,0,0.013,0.18,95922000.0,146449000.0,0.171,146449000.0,95922000.0,84911000.0,0.46,0.45,0.46,556496000,,556496000,4474067327,12.0,7.89,-59024000.0,-0.426,1.0,401487000.0,0.469,0,11011000.0,2013992000,,0,0,0,0,1275375000,515205000,760170000,3776741327,-3310000.0,0.0,-193151000.0,254500000.0,-12637000.0,55975000.0,-115735000.0,0.0,56450000.0,0.0,63857000.0,63857000.0,63857000.0,0.0,0.0,0.075,305260000.0,96227000.0,180068000,0.391,6.787,16.886,17.79,1393871000,0.0,27.93,1.123,1.151,351001000,,855860000.0,855860000.0,0.0,,,,,2280000.0,237960000.0,1.0,135221673,138560000,142030000.0,6.177,1831871000,0,21054000.0,272369000,13.221,-91968000
58,JBHT,ARQ,2007-03-31,2007-04-30,2007-03-31,2021-08-03,0,1773386000,,429425000,1343961000,,4.816,-94558000.0,9484000,9484000,416495000.0,44170000.0,0.83,1.576,449000000,164000000,285000000,449000000,0,49520000.0,0,0.009,0.0,80120000.0,129640000.0,0.163,129640000.0,80120000.0,72529000.0,0.31,0.3,0.31,688513000,,688513000,4259900758,12.0,7.618,59637000.0,0.417,1.0,380956000.0,0.478,0,7591000.0,1695582000,,0,0,0,0,1084873000,517320000,567553000,3820384758,2113000.0,0.0,-101661000.0,52600000.0,-12977000.0,-57225000.0,-94857000.0,0.0,154195000.0,0.0,44170000.0,44170000.0,44170000.0,0.0,0.0,0.055,300557000.0,80399000.0,237052000,0.0,5.549,17.758,18.284,1328915000,0.0,27.06,1.142,1.156,329751000,,797451000.0,797451000.0,0.0,,,,,2043000.0,233734000.0,1.0,141181994,142969000,146473000.0,5.578,1773386000,0,28359000.0,285053000,12.404,-87895000
59,JBHT,ARQ,2006-12-31,2007-02-28,2006-12-31,2021-08-03,-148000,1770057000,,471243000,1298814000,,5.26,-76011000.0,7371000,7371000,441093000.0,57804000.0,0.984,1.33,396400000,214000000,182400000,396400000,0,49742000.0,0,0.012,0.17,95254000.0,144996000.0,0.17,144996000.0,95254000.0,88497000.0,0.4,0.39,0.4,759737000,,759737000,4184164505,11.0,7.552,-18136000.0,-0.126,1.0,410475000.0,0.482,21410000,6757000.0,1658946000,,13921000,0,0,0,1010320000,478730000,531590000,3795135505,-10705000.0,0.0,-7938000.0,16400000.0,-11557000.0,7720000.0,-76300000.0,0.0,57875000.0,0.0,57804000.0,57804000.0,57804000.0,0.0,0.0,0.068,315108000.0,95367000.0,170672000,0.425,4.995,17.254,17.946,1283551000,0.0,26.56,1.14,1.186,346251000,1035804000.0,851568000.0,851568000.0,0.0,,,,,2290000.0,235909000.0,1.0,142889138,144429000,147820000.0,5.896,1748647000,11824000,30693000.0,318237000,12.107,-7487000
60,JBHT,ARQ,2006-09-30,2006-10-31,2006-09-30,2021-08-03,0,1710810000,,439296000,1271514000,,4.84,-194349000.0,18076000,18076000,453616000.0,57834000.0,0.918,1.433,380000000,214000000,166000000,380000000,0,45812000.0,0,0.014,0.0,100185000.0,145997000.0,0.17,145997000.0,100185000.0,94810000.0,0.4,0.39,0.4,703110000,,703110000,3484413029,9.0,6.256,-78463000.0,-0.54,1.0,404649000.0,0.471,0,5375000.0,1594438000,,0,0,0,0,1007700000,478296000,529404000,3122489029,8866000.0,0.0,-65967000.0,163000000.0,-11625000.0,86384000.0,-193404000.0,0.0,115886000.0,0.0,57834000.0,57834000.0,57834000.0,0.0,0.0,0.067,304160000.0,100489000.0,177251000,0.0,4.441,13.726,14.331,1256103000,0.0,21.64,0.936,0.943,343473000,,858265000.0,858265000.0,0.0,,,,,1329000.0,244023000.0,1.0,144292469,145262000,148680000.0,5.908,1710810000,0,36976000.0,311335000,11.777,-39000000
61,JBHT,ARQ,2006-06-30,2006-07-31,2006-06-30,2021-08-03,0,1544524000,,420191000,1124333000,,4.791,-72453000.0,9210000,9210000,444081000.0,55334000.0,1.451,1.14,217000000,40000000,177000000,217000000,0,44520000.0,0,0.015,0.08,94010000.0,138530000.0,0.165,138530000.0,94010000.0,90711000.0,0.37,0.36,0.37,721892000,,721892000,3238918121,9.0,6.271,25073000.0,0.166,1.0,394173000.0,0.47,0,3299000.0,1462720000,,0,0,0,0,822632000,289594000,533038000,3031128121,389000.0,0.0,-187447000.0,169600000.0,-12246000.0,-24313000.0,-72824000.0,0.0,97526000.0,0.0,55334000.0,55334000.0,55334000.0,0.0,0.0,0.066,298764000.0,95409000.0,176994000,0.216,4.199,14.469,15.125,1107133000,0.0,20.57,0.925,0.946,325305000,,838254000.0,838254000.0,0.0,,,,,1650000.0,238906000.0,1.0,147356739,150678000,154619000.0,5.563,1544524000,0,35377000.0,308018000,10.25,130597000
62,JBHT,ARQ,2006-03-31,2006-04-28,2006-03-31,2021-08-03,0,1522901000,,424773000,1098128000,,5.586,-67390000.0,8821000,8821000,413493000.0,48980000.0,1.586,0.77,47400000,0,47400000,47400000,0,43530000.0,0,0.012,0.16,81000000.0,124530000.0,0.16,124530000.0,81000000.0,80295000.0,0.32,0.31,0.32,860471000,,860471000,3718117970,11.0,7.29,84386000.0,0.548,1.0,366407000.0,0.47,0,705000.0,1293572000,,0,0,0,0,662430000,267908000,394522000,3679538970,1409000.0,0.0,2753000.0,-76600000.0,-12306000.0,-82134000.0,-68233000.0,0.0,151776000.0,0.0,48980000.0,48980000.0,48980000.0,0.0,0.0,0.063,285019000.0,81388000.0,167934000,0.5,4.276,17.623,17.917,1078706000,0.0,23.83,1.15,1.148,307313000,,779900000.0,779900000.0,0.0,,,,,1902000.0,229027000.0,1.0,154407846,154050000,158245000.0,5.063,1522901000,0,31315000.0,325527000,9.886,156865000
63,JBHT,ARQ,2005-12-31,2006-03-10,2005-12-31,2021-08-03,0,1548874000,,474690000,1074184000,,5.297,-62691000.0,7412000,7412000,455360000.0,65338000.0,1.719,0.896,124000000,0,124000000,124000000,0,42586000.0,0,0.011,0.08,105314000.0,147900000.0,0.172,147900000.0,105314000.0,103342000.0,0.42,0.41,0.42,817025000,,817025000,3798416007,11.0,7.549,-9790000.0,-0.063,1.0,403015000.0,0.47,21780000,1972000.0,1367596000,,11138000,0,0,0,731849000,276086000,455763000,3681828007,-7204000.0,0.0,-47524000.0,48300000.0,-9268000.0,2391000.0,-62496000.0,0.0,52901000.0,0.0,65338000.0,65338000.0,65338000.0,0.0,0.0,0.076,296390000.0,106625000.0,162749000,0.19,4.506,17.76,18.083,1054059000,0.0,23.87,1.177,1.177,343501000,863586000.0,858375000.0,858375000.0,0.0,,,,,8698000.0,237485000.0,1.0,154244994,154244994,,5.565,1527094000,0,38004000.0,313416000,9.9,198604000
64,JBHT,ARQ,2005-09-30,2005-10-31,2005-09-30,2021-08-03,0,1490060000,,432901000,1057159000,,5.034,-57106000.0,3738000,3738000,414898000.0,39843000.0,1.362,0.889,75700000,0,75700000,75700000,0,41107000.0,0,0.01,0.06,64425000.0,105532000.0,0.132,105532000.0,64425000.0,62858000.0,0.25,0.25,0.25,788898000,,788898000,3073906622,9.0,6.332,79744000.0,0.509,1.0,386242000.0,0.482,0,1567000.0,1244223000,,0,0,0,0,701162000,317799000,383363000,3001944622,-1019000.0,0.0,-79603000.0,8400000.0,-9454000.0,-80657000.0,-57212000.0,0.0,136850000.0,0.0,39843000.0,39843000.0,39843000.0,0.0,0.0,0.05,321140000.0,65102000.0,195158000,0.24,3.805,18.559,19.313,1034162000,0.0,19.41,0.987,1.0,329972000,,801140000.0,801140000.0,0.0,,,,,2276000.0,240114000.0,1.0,154659692,156710000,161174000.0,5.112,1490060000,6580000,23015000.0,302501000,9.508,115102000
65,JBHT,ARQ,2005-06-30,2005-07-22,2005-06-30,2021-08-03,0,1465547000,,426649000,1038898000,,5.277,-46774000.0,4757000,4757000,383346000.0,54631000.0,1.606,0.753,67300000,0,67300000,67300000,0,40109000.0,0,0.007,0.0,91950000.0,132059000.0,0.174,132059000.0,91950000.0,90192000.0,0.34,0.33,0.34,835837000,,835837000,3230263340,9.0,6.468,29183000.0,0.184,1.0,375860000.0,0.495,0,1758000.0,1262462000,,0,0,0,0,629710000,265628000,364082000,3167720340,2805000.0,0.0,-16801000.0,-700000.0,-9510000.0,-27011000.0,-46141000.0,0.0,75957000.0,0.0,54631000.0,54631000.0,54631000.0,0.0,0.0,0.072,282855000.0,93005000.0,139548000,0.0,3.79,18.657,19.048,1018000000,0.0,20.0,1.071,1.071,311799000,,759206000.0,759206000.0,0.0,,,,,7108000.0,229671000.0,1.0,158386017,158387000,163483000.0,4.793,1465547000,6580000,35561000.0,308090000,9.253,161021000
66,JBHT,ARQ,2005-03-31,2005-04-29,2005-03-31,2021-08-03,0,1478761000,,444410000,1034351000,,4.981,-37335000.0,1952000,1952000,362486000.0,47499000.0,1.638,0.848,68000000,0,68000000,68000000,0,39232000.0,0,0.008,0.06,78467000.0,117699000.0,0.166,117699000.0,78467000.0,77234000.0,0.295,0.285,0.295,800408000,,800408000,3162618366,10.0,6.557,28809000.0,0.179,1.0,346692000.0,0.489,0,1233000.0,1273439000,,0,0,0,0,678353000,271370000,406983000,3096570366,-21886000.0,0.0,-99512000.0,68000000.0,-9723000.0,-41235000.0,-46795000.0,0.0,66144000.0,0.0,47499000.0,47499000.0,47499000.0,0.0,0.0,0.067,267525000.0,79167000.0,161733000,0.203,3.869,19.26,19.643,1010497000,0.0,19.545,1.076,1.092,300111000,,709178000.0,709178000.0,0.0,,,,,1194000.0,216538000.0,1.0,158432866,160704000,166410000.0,4.413,1478761000,19418000,29735000.0,335253000,9.202,173040000
67,JBHT,ARQ,2004-12-31,2005-03-11,2004-12-31,2021-08-03,0,1491706000,,464042000,1027664000,,5.313,-81256000.0,23838000,23838000,393735000.0,19782000.0,1.506,0.733,0,0,0,0,0,38543000.0,0,0.004,0.06,91611000.0,130154000.0,0.169,130154000.0,91611000.0,89717000.0,0.12,0.115,0.12,860950000,,860950000,3907728915,13.0,8.506,22235000.0,0.137,1.0,377070000.0,0.489,21696000,1894000.0,1137951000,,9692000,0,0,0,630756000,308221000,322535000,3931566915,-14864000.0,0.0,1393000.0,-50000000.0,-2441000.0,-51048000.0,-67307000.0,0.0,103491000.0,0.0,19782000.0,19782000.0,19782000.0,0.0,0.0,0.026,286907000.0,90163000.0,180018000,0.5,4.567,26.881,26.807,1011379000,0.0,24.26,1.411,1.411,289146000,694230000.0,770805000.0,770805000.0,0.0,,,,,4227000.0,236955000.0,1.0,162059642,162059642,,4.756,1470010000,19418000,69935000.0,307655000,9.071,155821000
68,JBHT,ARQ,2004-09-30,2004-10-29,2004-09-30,2021-08-03,0,1405785000,,408775000,997010000,,5.169,-40396000.0,41819000,41819000,353033000.0,47875000.0,1.343,0.678,50000000,50000000,0,50000000,0,37458000.0,0,0.001,0.015,82021000.0,119479000.0,0.166,119479000.0,82021000.0,80463000.0,0.295,0.285,0.295,837989000,,837989000,3327301684,12.0,7.845,63349000.0,0.391,1.0,365581000.0,0.509,0,1558000.0,1109506000,,0,0,0,0,567796000,304460000,263336000,3319120684,133000.0,0.0,3929000.0,-76601000.0,-2433000.0,-75105000.0,-28507000.0,0.0,103745000.0,0.0,47875000.0,47875000.0,47875000.0,0.0,0.0,0.067,282913000.0,82668000.0,139595000,0.051,3.961,21.699,21.505,968413000,0.0,20.43,1.25,1.247,309201000,,718614000.0,718614000.0,0.0,,,,,4738000.0,230499000.0,1.0,162463078,162132000,167356000.0,4.432,1405785000,0,32588000.0,290745000,8.671,104315000
69,JBHT,ARQ,2004-06-30,2004-07-29,2004-06-30,2021-08-03,0,1391301000,,388561000,1002740000,,4.869,-84456000.0,41686000,41686000,328110000.0,45625000.0,1.077,0.775,126582000,126582000,0,126582000,0,36730000.0,0,0.001,0.0,78260000.0,114990000.0,0.169,114990000.0,78260000.0,76680000.0,0.285,0.275,0.285,783881000,,783881000,3184021244,13.0,7.952,31749000.0,0.197,1.0,350926000.0,0.517,0,1580000.0,1115307000,,0,0,0,0,607420000,360890000,246530000,3099125244,5878000.0,0.0,-5154000.0,-18258000.0,-2414000.0,-25826000.0,-84501000.0,0.0,116205000.0,0.0,45625000.0,45625000.0,45625000.0,0.0,0.0,0.067,271752000.0,79174000.0,127514000,0.0,3.954,22.498,22.311,965075000,0.0,19.188,1.211,1.207,276022000,,679036000.0,679036000.0,0.0,,,,,7902000.0,219653000.0,1.0,161517928,160994000,166412000.0,4.218,1391301000,0,31055000.0,271888000,8.642,27671000
70,JBHT,ARQ,2004-03-31,2004-05-07,2004-03-31,2021-08-03,0,1354407000,,400196000,954211000,,4.603,-69680000.0,35808000,35808000,305010000.0,32974000.0,1.045,0.835,144816000,144816000,0,144816000,0,37045000.0,0,0.001,0.015,57748000.0,94793000.0,0.153,94793000.0,57748000.0,55419000.0,0.205,0.2,0.205,737921000,,737921000,2546703119,12.0,6.902,616000.0,0.004,1.0,312688000.0,0.506,0,2329000.0,1080476000,,0,0,0,0,616486000,382939000,233547000,2437695119,-25421000.0,0.0,849000.0,-26985000.0,0.0,-26136000.0,-69581000.0,0.0,70296000.0,0.0,32974000.0,32974000.0,32974000.0,0.0,0.0,0.053,254471000.0,58217000.0,143154000,0.073,3.303,20.79,20.667,915677000,0.0,15.19,0.983,0.982,268499000,,617698000.0,617698000.0,0.0,,,,,962000.0,204402000.0,1.0,160480258,160330000,165930000.0,3.853,1354407000,0,22445000.0,258455000,8.448,17257000
71,JBHT,ARQ,2003-12-31,2004-03-04,2003-12-31,2021-08-03,0,1347071000,,423004000,924067000,,4.384,-80970000.0,61229000,61229000,309699000.0,26491000.0,0.994,0.916,171777000,171777000,0,171777000,0,37215000.0,0,0.0,0.0,57666000.0,94881000.0,0.148,94881000.0,57666000.0,55586000.0,0.165,0.16,0.165,703136000,,703136000,2299666614,12.0,6.861,532000.0,0.003,1.0,331047000.0,0.517,22213000,2080000.0,1009756000,,8640000,0,0,0,643935000,425650000,218285000,2189118614,-31940000.0,0.0,340000.0,-32975000.0,0.0,-32635000.0,-80807000.0,0.0,81502000.0,0.0,26491000.0,26491000.0,26491000.0,0.0,0.0,0.041,273287000.0,57760000.0,158886000,0.0,3.113,22.933,22.75,884965000,0.0,13.65,0.9,0.9,256032000,555262000.0,640746000.0,640746000.0,0.0,,,,,616000.0,221709000.0,1.0,160374990,160374990,,3.995,1324858000,0,29095000.0,237493000,8.261,-2646000
72,JBHT,ARQ,2003-09-30,2003-10-31,2003-09-30,2021-08-03,0,1297290000,,416807000,880483000,,4.234,-30693000.0,93169000,93169000,300497000.0,32661000.0,1.043,0.92,204728000,194819000,9909000,204728000,0,38196000.0,0,0.0,0.0,57552000.0,95748000.0,0.154,95748000.0,57552000.0,53107000.0,0.205,0.2,0.205,675689000,,675689000,2142720146,14.0,6.942,81608000.0,0.511,1.0,321147000.0,0.517,0,4445000.0,1009350000,,0,0,0,0,621601000,399499000,222102000,2031161146,-35164000.0,0.0,6681000.0,-123691000.0,0.0,-117010000.0,-30455000.0,0.0,112301000.0,0.0,32661000.0,32661000.0,32661000.0,0.0,0.0,0.053,263572000.0,57575000.0,109748000,0.0,3.006,24.269,24.034,841124000,0.0,12.69,0.85,0.847,266088000,,621644000.0,621644000.0,0.0,,,,,4067000.0,211429000.0,1.0,160059980,159604000,165116000.0,3.895,1297290000,0,20446000.0,219171000,8.128,17308000
73,JBHT,ARQ,2003-06-30,2003-07-30,2003-06-30,2021-08-03,0,1337501000,,454667000,882834000,,4.0,-48450000.0,128333000,128333000,286464000.0,25129000.0,1.201,1.115,322846000,196207000,126639000,322846000,0,37273000.0,0,0.0,0.0,46286000.0,83559000.0,0.139,83559000.0,46286000.0,41007000.0,0.16,0.155,0.16,632281000,,632281000,2042673803,16.0,7.368,48412000.0,0.306,1.0,313402000.0,0.522,0,5279000.0,1153569000,,0,0,0,0,705220000,378445000,326775000,1848160803,44054000.0,0.0,2508000.0,-7393000.0,0.0,-4885000.0,-47923000.0,0.0,96862000.0,0.0,25129000.0,25129000.0,25129000.0,0.0,0.0,0.042,266962000.0,46440000.0,101451000,0.0,2.923,27.263,27.198,843214000,0.0,11.695,0.786,0.786,257675000,,599866000.0,599866000.0,0.0,,,,,2309000.0,211943000.0,1.0,158029996,158052000,162628000.0,3.795,1337501000,0,15878000.0,203462000,8.462,76222000
74,JBHT,ARQ,2003-03-31,2003-05-07,2003-03-31,2021-08-03,0,1313163000,,434782000,878381000,,3.828,-31593000.0,84279000,84279000,287458000.0,11178000.0,1.424,1.18,335645000,119985000,215660000,335645000,0,37537000.0,0,0.0,0.0,23437000.0,60974000.0,0.107,60974000.0,23437000.0,18029000.0,0.07,0.07,0.07,602334000,,602334000,1593471584,15.0,6.194,10352000.0,0.066,1.0,283755000.0,0.497,0,5408000.0,1259209000,,0,0,0,0,710829000,305320000,405509000,1342105584,3651000.0,0.0,435000.0,-7397000.0,0.0,-6962000.0,-31332000.0,0.0,41945000.0,0.0,11178000.0,11178000.0,11178000.0,0.0,0.0,0.02,259895000.0,23860000.0,123076000,0.0,2.228,23.084,22.733,838080000,0.0,8.525,0.581,0.581,257023000,,571213000.0,571213000.0,0.0,,,,,234000.0,204913000.0,1.0,157431740,157364000,161152000.0,3.63,1313163000,0,6851000.0,190796000,8.345,129462000
75,JBHT,ARQ,2002-12-31,2003-03-11,2002-12-31,2021-08-03,0,1318728000,,433181000,885547000,,3.751,-35885000.0,80628000,80628000,289898000.0,14727000.0,1.332,1.233,343115000,124148000,218967000,343115000,0,37495000.0,0,0.0,0.0,30868000.0,68363000.0,0.114,68363000.0,30868000.0,25395000.0,0.093,0.093,0.093,590487000,,590487000,1189246264,12.0,4.845,15912000.0,0.101,1.0,307767000.0,0.515,20054000,5473000.0,1235832000,,9515000,0,0,0,728241000,325329000,402912000,926759264,-5133000.0,0.0,966000.0,-18286000.0,0.0,-17320000.0,-39610000.0,0.0,51797000.0,0.0,14727000.0,14727000.0,14727000.0,0.0,0.0,0.025,276970000.0,30797000.0,117931000,0.0,1.569,17.886,17.316,844562000,0.0,5.888,0.412,0.412,237156000,459803000.0,597665000.0,597665000.0,0.0,,,,,357000.0,221422000.0,1.0,157411340,157411340,,3.797,1298674000,0,10668000.0,192690000,8.25,107852000
76,JBHT,ARQ,2002-09-30,2002-11-08,2002-09-30,2021-08-03,0,1298916000,,414426000,884490000,,3.661,-47480000.0,85761000,85761000,277759000.0,16756000.0,1.322,1.261,361370000,127142000,234228000,361370000,0,36449000.0,0,0.0,0.0,27882000.0,64331000.0,0.11,64331000.0,27882000.0,22341000.0,0.107,0.105,0.107,574436000,,574436000,1355342773,13.0,5.464,2504000.0,0.016,1.0,304912000.0,0.523,0,5541000.0,1261049000,,0,0,0,0,724480000,313476000,411004000,1079733773,5437000.0,0.0,764000.0,-6950000.0,0.0,-6186000.0,-38361000.0,0.0,49984000.0,0.0,16756000.0,16756000.0,16756000.0,0.0,0.0,0.029,276886000.0,28026000.0,119282000,0.0,1.88,19.535,18.488,847301000,0.0,6.878,0.492,0.491,253932000,,582671000.0,582671000.0,0.0,,,,,180000.0,227022000.0,1.0,156995096,156908000,160980000.0,3.713,1298916000,0,5585000.0,174596000,8.278,100950000
77,JBHT,ARQ,2002-06-30,2002-07-29,2002-06-30,2021-08-03,0,1289907000,,406808000,883099000,,3.751,-35050000.0,80324000,80324000,262211000.0,15479000.0,1.762,1.317,368330000,39355000,328975000,368330000,0,35920000.0,0,0.0,0.0,27679000.0,63599000.0,0.114,63599000.0,27679000.0,20766000.0,0.105,0.1,0.105,556736000,,556736000,1336579705,15.0,5.796,33818000.0,0.228,1.0,295117000.0,0.53,0,6913000.0,1347060000,,0,0,0,0,733171000,230853000,502318000,1048573705,67920000.0,0.0,68064000.0,-40084000.0,0.0,27980000.0,-28928000.0,0.0,68868000.0,0.0,15479000.0,15479000.0,15479000.0,0.0,0.0,0.028,266608000.0,28509000.0,120531000,0.0,1.883,24.349,22.517,836647000,0.0,6.688,0.487,0.461,246818000,,557328000.0,557328000.0,0.0,,,,,701000.0,216984000.0,1.0,156796068,148428000,153208000.0,3.755,1289907000,0,5287000.0,171373000,8.69,175955000
78,JBHT,ARQ,2002-03-31,2002-05-29,2002-03-31,2021-08-03,0,1220555000,,329548000,891007000,,3.257,-40921000.0,12404000,12404000,242869000.0,4854000.0,1.441,1.583,408341000,61884000,346457000,408341000,0,35984000.0,0,0.0,0.0,13181000.0,49165000.0,0.096,49165000.0,13181000.0,6345000.0,0.033,0.033,0.033,472493000,,472493000,1341428170,18.0,6.153,-37207000.0,-0.257,1.0,267352000.0,0.524,0,6836000.0,1387850000,,0,0,0,0,748062000,228642000,519420000,945491170,-36841000.0,0.0,-2299000.0,16277000.0,0.0,13978000.0,-54533000.0,0.0,3714000.0,0.0,4854000.0,4854000.0,4854000.0,0.0,0.0,0.01,253721000.0,13631000.0,111684000,0.0,2.001,26.152,25.692,837604000,0.0,6.5,0.447,0.446,226232000,,510221000.0,510221000.0,0.0,,,,,4584000.0,206778000.0,1.0,145460180,145056000,149076000.0,3.517,1220555000,0,1491000.0,171246000,8.414,100906000
79,JBHT,ARQ,2002-03-31,2002-05-10,2002-03-31,2021-08-03,0,1220555000,,329548000,891007000,,3.257,-40921000.0,12404000,12404000,242869000.0,4854000.0,1.441,1.583,408341000,61884000,346457000,408341000,0,35984000.0,0,0.0,0.0,13181000.0,49165000.0,0.096,49165000.0,13181000.0,6345000.0,0.033,0.033,0.033,472493000,,472493000,1342519121,18.0,6.158,-37207000.0,-0.257,1.0,267352000.0,0.524,0,6836000.0,1387850000,,0,0,0,0,748062000,228642000,519420000,946582121,-36841000.0,0.0,-2299000.0,16277000.0,0.0,13978000.0,-54533000.0,0.0,3714000.0,0.0,4854000.0,4854000.0,4854000.0,0.0,0.0,0.01,253721000.0,13631000.0,111684000,0.0,2.003,26.183,25.721,837604000,0.0,6.508,0.448,0.446,226232000,,510221000.0,510221000.0,0.0,,,,,4584000.0,206778000.0,1.0,145460180,145056000,149076000.0,3.517,1220555000,0,1491000.0,171246000,8.414,100906000
80,JBHT,ARQ,2001-12-31,2002-03-08,2001-12-31,2021-08-03,-7037000,1260298000,,384799000,875499000,,3.153,-52294000.0,49245000,49245000,260868000.0,18182000.0,1.448,1.75,392033000,38426000,353607000,392033000,0,36188000.0,0,0.0,0.0,34750000.0,70938000.0,0.13,70938000.0,34750000.0,25714000.0,0.128,0.125,0.128,458317000,,458317000,1347491423,19.0,6.33,-1952000.0,-0.013,1.0,285372000.0,0.522,17507000,9036000.0,1319745000,,8915000,0,0,0,801981000,265834000,536147000,1004703423,-13918000.0,0.0,101000.0,-14546000.0,0.0,-14445000.0,-49815000.0,0.0,50342000.0,0.0,18182000.0,18182000.0,18182000.0,0.0,0.0,0.033,249298000.0,36074000.0,163291000,0.0,2.192,30.496,29.667,831711000,0.0,6.912,0.478,0.478,233246000,407987000.0,546240000.0,546240000.0,0.0,,,,,3072000.0,208074000.0,1.0,145345884,145345884,,3.758,1242791000,0,7532000.0,180415000,8.551,118965000
81,JBHT,ARQ,2001-09-30,2001-11-09,2001-09-30,2021-08-03,0,1238042000,,371744000,866298000,,3.14,-4904000.0,63163000,63163000,263847000.0,4549000.0,1.479,1.75,400659000,41414000,359245000,400659000,0,35717000.0,0,0.0,0.0,11179000.0,46896000.0,0.087,46896000.0,11179000.0,5352000.0,0.033,0.03,0.033,450140000,,450140000,843968806,16.0,4.299,47943000.0,0.334,1.0,273309000.0,0.509,0,5827000.0,1324180000,,0,0,0,0,787902000,251358000,536544000,506472806,40673000.0,0.0,1358000.0,-7194000.0,0.0,-5836000.0,-6338000.0,0.0,52847000.0,0.0,4549000.0,4549000.0,4549000.0,0.0,0.0,0.008,261359000.0,11950000.0,141503000,0.0,1.125,19.748,19.341,809850000,0.0,3.52,0.243,0.242,247206000,,537156000.0,537156000.0,0.0,,,,,2033000.0,212764000.0,1.0,143884320,143356000,147384000.0,3.747,1238042000,0,803000.0,183120000,8.636,120386000
82,JBHT,ARQ,2001-06-30,2001-08-09,2001-06-30,2021-08-03,0,1199280000,,324790000,874490000,,3.131,4271000.0,22490000,22490000,247993000.0,8568000.0,1.372,1.712,377790000,36377000,341413000,377790000,0,35337000.0,0,0.0,0.0,15663000.0,51000000.0,0.098,51000000.0,15663000.0,9746000.0,0.06,0.06,0.06,442201000,,442201000,1195985429,20.0,5.979,45282000.0,0.321,1.0,273496000.0,0.524,0,5917000.0,1317791000,,0,0,0,0,757079000,236789000,520290000,840685429,3266000.0,0.0,275000.0,-57550000.0,0.0,-57275000.0,19530000.0,0.0,41011000.0,0.0,8568000.0,8568000.0,8568000.0,0.0,0.0,0.016,257678000.0,15818000.0,128219000,0.0,1.901,27.818,27.663,810583000,0.0,5.947,0.408,0.408,229007000,,521489000.0,521489000.0,0.0,,,,,176000.0,210092000.0,1.0,141351060,141248000,143244000.0,3.692,1199280000,0,1178000.0,186665000,8.491,88001000
83,JBHT,ARQ,2001-03-31,2001-05-15,2001-03-31,2021-08-03,0,1209845000,,321798000,888047000,,3.049,25172000.0,19224000,19224000,236402000.0,1645000.0,1.137,1.812,400951000,82756000,318195000,400951000,0,35513000.0,0,0.0,0.0,8533000.0,44046000.0,0.089,44046000.0,8533000.0,2269000.0,0.013,0.013,0.013,430246000,,430246000,1049695069,16.0,5.17,52571000.0,0.373,1.0,259017000.0,0.523,0,6264000.0,1308607000,,0,0,0,0,779599000,282965000,496634000,667968069,13854000.0,0.0,988000.0,-26913000.0,0.0,-25925000.0,12380000.0,0.0,27399000.0,0.0,1645000.0,1645000.0,1645000.0,0.0,0.0,0.003,250650000.0,8367000.0,135906000,0.0,1.553,20.423,20.311,816254000,0.0,4.732,0.315,0.315,216715000,,495419000.0,495419000.0,0.0,,,,,80000.0,202919000.0,1.0,141144864,141092000,143168000.0,3.511,1209845000,0,624000.0,186303000,8.575,38833000
84,JBHT,ARQ,2000-12-31,2001-03-12,2000-12-31,2021-08-03,-6502000,1231921000,,330971000,900950000,,3.033,20210000.0,5370000,5370000,258570000.0,10885000.0,1.018,1.878,401277000,100889000,300388000,401277000,0,35480000.0,0,0.0,0.0,18887000.0,54367000.0,0.102,54367000.0,18887000.0,12806000.0,0.078,0.078,0.078,428003000,,428003000,942756548,14.0,4.654,48632000.0,0.345,1.0,275399000.0,0.516,17224000,6081000.0,1285330000,,7233000,0,0,0,803918000,325274000,478644000,546849548,-3777000.0,0.0,586000.0,-60479000.0,0.0,-59893000.0,27694000.0,3080000.0,28422000.0,0.0,10885000.0,10885000.0,10885000.0,0.0,0.0,0.02,257705000.0,17694000.0,158585000,0.0,1.278,15.159,15.196,845175000,0.0,3.875,0.253,0.253,225797000,385221000.0,533969000.0,533969000.0,0.0,,,,,134000.0,211919000.0,1.0,141122464,141122464,,3.784,1214697000,0,1921000.0,186284000,8.607,5697000
85,JBHT,ARQ,2000-09-30,2000-11-14,2000-09-30,2021-08-03,0,1154328000,,290337000,863991000,,2.965,-14929000.0,9147000,9147000,246174000.0,9123000.0,1.166,1.768,364283000,64109000,300174000,364283000,0,34243000.0,0,0.004,0.0,16365000.0,50608000.0,0.099,50608000.0,16365000.0,9552000.0,0.065,0.065,0.065,416960000,,416960000,812285199,13.0,4.113,39824000.0,0.283,1.0,263248000.0,0.517,0,6813000.0,1260487000,,0,57485000,0,57485000,737368000,248977000,488391000,457149199,3217000.0,-5000000.0,165000.0,-27790000.0,0.0,-27625000.0,-23911000.0,-3982000.0,54753000.0,0.0,9123000.0,9123000.0,9123000.0,0.0,0.0,0.018,247431000.0,15817000.0,137428000,0.0,1.096,14.856,14.908,806506000,0.0,3.25,0.21,0.21,225335000,,509422000.0,509422000.0,0.0,,,,,-1000.0,203728000.0,1.0,140661292,140644000,141120000.0,3.622,1154328000,0,429000.0,182781000,8.207,41360000
86,JBHT,ARQ,2000-06-30,2000-08-11,2000-06-30,2021-08-03,0,1196271000,,317254000,879017000,,2.883,-37976000.0,5930000,5930000,313485000.0,11054000.0,1.181,1.937,391938000,60000000,331938000,391938000,0,33321000.0,0,0.007,0.0,20708000.0,54029000.0,0.093,54029000.0,20708000.0,13818000.0,0.077,0.077,0.077,407261000,,407261000,906617828,15.0,4.533,11974000.0,0.085,1.0,270015000.0,0.463,0,6890000.0,1313694000,,0,53197000,0,53197000,789010000,268585000,520425000,520609828,2042000.0,0.0,-4272000.0,-4501000.0,0.0,-8773000.0,-39135000.0,902000.0,49950000.0,0.0,11054000.0,11054000.0,11054000.0,0.0,0.0,0.019,249307000.0,20708000.0,160535000,0.0,1.278,19.567,19.694,825820000,0.0,3.703,0.237,0.238,253546000,,583500000.0,583500000.0,0.0,,,,,9000.0,206305000.0,1.0,140610352,141260000,142020000.0,4.131,1196271000,0,2764000.0,182840000,8.469,48669000
87,JBHT,ARQ,2000-03-31,2000-05-12,2000-03-31,2021-08-03,0,1193410000,,314869000,878541000,,2.825,-66627000.0,3888000,3888000,282950000.0,5013000.0,1.179,1.966,396428000,60000000,336428000,396428000,0,31347000.0,0,0.009,0.0,12229000.0,43576000.0,0.082,43576000.0,12229000.0,6266000.0,0.035,0.035,0.035,402360000,,402360000,963857954,15.0,4.618,-74679000.0,-0.524,1.0,250606000.0,0.47,0,5963000.0,1318885000,,0,0,0,0,791050000,267065000,523985000,571317954,-8718000.0,0.0,-3118000.0,68800000.0,-1782000.0,63900000.0,-64566000.0,0.0,-8052000.0,0.0,5013000.0,5013000.0,5013000.0,0.0,0.0,0.009,238377000.0,12229000.0,168924000,0.0,1.42,21.693,21.797,821165000,0.0,4.032,0.271,0.272,238540000,,533556000.0,533556000.0,0.0,,,,,-1000.0,197496000.0,1.0,141678352,142416000,142488000.0,3.746,1193410000,0,1253000.0,181074000,8.38,47804000
88,JBHT,ARQ,1999-12-31,2000-03-02,1999-12-31,2021-08-03,-5324000,1127464000,,295141000,832323000,,2.816,104402000.0,12606000,12606000,292592000.0,5581000.0,1.091,1.809,327639000,60000000,267639000,327639000,0,35254000.0,0,0.018,0.013,14042000.0,49296000.0,0.089,49296000.0,14042000.0,7622000.0,0.04,0.04,0.04,401386000,,401386000,718109932,9.0,3.16,102704000.0,0.72,1.0,260782000.0,0.471,17380000,6420000.0,1154487000,,7825000,0,0,0,726078000,270630000,455448000,403076932,9789000.0,0.0,-168000.0,-109300000.0,-1780000.0,-111048000.0,122535000.0,0.0,-1698000.0,0.0,5581000.0,5581000.0,5581000.0,0.0,0.0,0.01,246740000.0,14042000.0,180009000,0.325,1.004,12.632,12.567,785885000,0.0,2.828,0.197,0.197,238573000,350928000.0,553374000.0,553374000.0,0.0,,,,,0.0,200336000.0,1.0,142555944,142555944,,3.882,1110084000,0,2041000.0,180441000,7.787,24511000
89,JBHT,ARQ,1999-09-30,1999-11-12,1999-09-30,2021-08-03,0,1240811000,,266826000,973985000,,2.79,-50588000.0,2817000,2817000,265878000.0,4958000.0,1.109,2.121,436806000,19300000,417506000,436806000,0,38129000.0,0,0.014,0.013,14975000.0,53104000.0,0.101,53104000.0,14975000.0,7808000.0,0.035,0.035,0.035,397631000,,397631000,955354477,11.0,4.006,10760000.0,0.075,1.0,258023000.0,0.493,0,7167000.0,1434124000,,0,0,0,0,843180000,240676000,602504000,521365477,-431000.0,0.0,158000.0,8000000.0,-1783000.0,6375000.0,-68154000.0,0.0,61348000.0,0.0,4958000.0,4958000.0,4958000.0,0.0,0.0,0.009,243048000.0,14975000.0,183300000,0.371,1.311,14.011,13.907,925541000,0.0,3.658,0.263,0.263,225305000,,523901000.0,523901000.0,0.0,,,,,-14000.0,193509000.0,1.0,142546952,142540000,142768000.0,3.675,1240811000,1275000,2850000.0,177336000,8.705,26150000
90,JBHT,ARQ,1999-06-30,1999-08-09,1999-06-30,2021-08-03,0,1168897000,,225367000,943530000,,2.764,-33932000.0,3248000,3248000,238251000.0,10785000.0,1.266,1.968,428775000,11300000,417475000,428775000,0,38524000.0,0,0.014,0.013,24239000.0,62763000.0,0.126,62763000.0,24239000.0,16984000.0,0.075,0.075,0.075,393882000,,393882000,926426437,9.0,3.774,14509000.0,0.102,1.0,259303000.0,0.521,0,7255000.0,1416402000,,0,0,0,0,775015000,178022000,596993000,500899437,-644000.0,0.0,48000.0,-10600000.0,-1782000.0,-12334000.0,-36751000.0,0.0,48441000.0,0.0,10785000.0,10785000.0,10785000.0,0.0,0.0,0.022,235064000.0,24239000.0,122109000,0.173,1.272,11.622,11.639,913082000,0.0,3.515,0.259,0.259,198230000,,497554000.0,497554000.0,0.0,,,,,6000.0,188326000.0,1.0,142503396,142500000,143388000.0,3.492,1168897000,1275000,6199000.0,175326000,8.203,47345000
91,JBHT,ARQ,1999-03-31,1999-05-05,1999-03-31,2021-08-03,0,1167619000,,222396000,945223000,,2.701,-30184000.0,3892000,3892000,215112000.0,10586000.0,1.181,2.035,439261000,21900000,417361000,439261000,0,37910000.0,0,0.009,0.013,24174000.0,62084000.0,0.132,62084000.0,24174000.0,16670000.0,0.075,0.072,0.075,384746000,,384746000,1192346041,11.0,4.821,-2602000.0,-0.018,1.0,255132000.0,0.543,0,7504000.0,1414621000,,0,0,0,0,782873000,188367000,594506000,756977041,-5335000.0,0.0,374000.0,5550000.0,-1781000.0,4143000.0,-37060000.0,0.0,27582000.0,0.0,10586000.0,10586000.0,10586000.0,0.0,0.0,0.023,230958000.0,24174000.0,117134000,0.173,1.967,15.79,15.717,917674000,0.0,5.312,0.399,0.399,190366000,,470244000.0,470244000.0,0.0,,,,,63000.0,183267000.0,1.0,142489796,142460000,146220000.0,3.301,1167619000,1275000,6084000.0,170373000,8.196,34029000
92,JBHT,ARQ,1998-12-31,1999-03-03,1998-12-31,2021-08-03,-5621000,1171479000,,225271000,946208000,,2.637,-46222000.0,9227000,9227000,235396000.0,10882000.0,1.093,2.118,433395000,16350000,417045000,433395000,0,35171000.0,0,0.008,0.013,25349000.0,60520000.0,0.123,60520000.0,25349000.0,17661000.0,0.078,0.075,0.078,375657000,,375657000,1279016968,12.0,5.344,4313000.0,0.03,1.0,258393000.0,0.523,14887000,7688000.0,1374719000,,6917000,0,0,0,795822000,206041000,589781000,854848968,4094000.0,0.0,76000.0,648000.0,-1781000.0,-1057000.0,-45384000.0,0.0,50535000.0,0.0,10882000.0,10882000.0,10882000.0,0.0,0.0,0.022,233044000.0,25349000.0,147967000,0.167,2.276,18.252,18.182,925400000,0.0,6.0,0.464,0.464,184367000,326145000.0,493789000.0,493789000.0,0.0,,,,,6000.0,188607000.0,1.0,142474828,142474828,,3.466,1156592000,2212000,6779000.0,165570000,8.118,19230000
93,JBHT,ARQ,1998-09-30,1998-11-12,1998-09-30,2021-08-03,0,1157021000,,221026000,935995000,,2.574,-65233000.0,5133000,5133000,226290000.0,10847000.0,1.076,2.157,432892000,15600000,417292000,432892000,0,35655000.0,0,0.011,0.013,24425000.0,60080000.0,0.127,60080000.0,24425000.0,17218000.0,0.075,0.075,0.075,366473000,,366473000,1070751997,,,-20617000.0,-0.145,1.0,247098000.0,0.522,0,7207000.0,1379396000,,0,0,0,0,790548000,205384000,585164000,642992997,-3927000.0,0.0,375000.0,17802000.0,-1780000.0,16397000.0,-64940000.0,0.0,44616000.0,0.0,10847000.0,10847000.0,10847000.0,0.0,0.0,0.023,222673000.0,24425000.0,136534000,0.173,1.755,,,914349000,0.0,4.515,,,192836000,,473388000.0,473388000.0,0.0,,,,,218000.0,178215000.0,1.0,142412624,142388000,146808000.0,3.325,1157021000,2337000,6371000.0,149690000,8.126,15642000
94,JBHT,ARQ,1998-06-30,1998-08-07,1998-06-30,2021-08-03,0,1116508000,,209798000,906710000,,2.512,-75615000.0,9060000,9060000,219655000.0,15624000.0,0.75,2.129,415090000,97350000,317740000,415090000,0,33048000.0,0,0.008,0.013,31613000.0,64661000.0,0.14,64661000.0,31613000.0,24413000.0,0.11,0.105,0.11,356812000,,356812000,1348743756,,,-8781000.0,-0.062,1.0,241330000.0,0.524,0,7200000.0,1242756000,,0,0,0,0,759696000,279782000,479914000,942713756,-303000.0,0.0,1113000.0,9125000.0,-1774000.0,8464000.0,-75601000.0,0.0,66834000.0,0.0,15624000.0,15624000.0,15624000.0,0.0,0.0,0.034,209717000.0,31613000.0,135731000,0.118,2.642,,,884771000,0.0,6.625,,,180791000,,460985000.0,460985000.0,0.0,,,,,641000.0,170037000.0,1.0,142296416,142044000,147880000.0,3.245,1116508000,2337000,8789000.0,146921000,7.86,-69984000
95,JBHT,ARQ,1998-03-31,1998-05-13,1998-03-31,2021-08-03,0,1072370000,,208213000,864157000,,2.395,-77827000.0,9363000,9363000,197446000.0,9483000.0,0.814,2.143,405965000,88650000,317315000,405965000,0,32430000.0,0,0.007,0.013,21658000.0,54088000.0,0.131,54088000.0,21658000.0,15052000.0,0.068,0.065,0.068,341216000,,341216000,1466080210,,,-56944000.0,-0.4,1.0,216020000.0,0.522,0,6606000.0,1213306000,,0,0,0,0,731154000,255666000,475488000,1069478210,5662000.0,0.0,-4510000.0,65675000.0,-1766000.0,59399000.0,-74620000.0,0.0,20883000.0,0.0,9483000.0,9483000.0,9483000.0,0.0,0.0,0.023,194362000.0,21658000.0,119130000,0.191,3.134,,,842204000,0.0,7.532,,,176038000,,413466000.0,413466000.0,0.0,,,,,60000.0,153960000.0,1.0,141981840,142452000,146592000.0,2.902,1072370000,2337000,5569000.0,143005000,7.528,-47453000
96,JBHT,ARQ,1997-12-31,1998-03-10,1997-12-31,2021-08-03,-5621000,1021919000,,199952000,821967000,,2.37,,3701000,3701000,,,0.975,2.024,340290000,17500000,322790000,340290000,0,,0,0.007,0.013,,,,,,,,,,337964000,,337964000,1299239116,30.0,7.485,,,1.0,,,0,,1153420000,,6339000,0,0,0,683955000,205088000,478867000,962650116,,,,,,,,,,,,,,,,,,,138509000,,2.848,84.696,87.662,796807000,,6.75,0.619,0.619,169198000,286409000.0,,,,,,,,,,1.0,142614832,142614832,,,1021919000,5048000,,140909000,7.166,-5136000
0,JBHT,ART,2021-06-30,2021-08-03,2021-06-30,2021-08-03,0,6323394000,6048352500.0,2209299000,4114095000,1.775,26.529,-596866000.0,570918000,570918000,6492799000.0,598271000.0,1.799,1.259,1303467000,0,1303467000,1303467000,0,591741000.0,0,0.007,1.12,832879000.0,1424620000.0,0.133,1424620000.0,832879000.0,786070000.0,5.67,5.6,5.67,2799028000,2652164000.0,2799028000,18744213428,23.0,13.157,554791000.0,5.258,1.0,4243895000.0,0.395,204886000,46809000.0,5622702000,5564577250.0,0,0,0,0,3524366000,1228355000,2296011000,18011664428,296264000.0,-12136000.0,-129825000.0,2022000.0,-118360000.0,-246163000.0,-609230000.0,0.0,1151657000.0,0.0,598271000.0,598271000.0,598271000.0,0.0,0.0,0.056,3411502000.0,832393000.0,674856000,0.198,6.435,30.106,30.198,3717728000,0.0,171.22,1.678,1.683,1293924000,,10736694000.0,10736694000.0,0.0,0.099,0.226,0.15,0.078,58099000.0,2722845000.0,1.0,105196031,105509000,106816000.0,101.761,6118508000,0,187799000.0,728968000,57.99,980944000
1,JBHT,ART,2021-03-31,2021-05-03,2021-03-31,2021-08-03,0,6162606000,5855912000.0,2131999000,4030607000,1.703,25.758,-557887000.0,552970000,552970000,5924955000.0,547807000.0,1.828,1.264,1301430000,0,1301430000,1301430000,0,581695000.0,0,0.006,1.09,766516000.0,1348211000.0,0.135,1348211000.0,766516000.0,718948000.0,5.19,5.13,5.19,2722066000,2550117750.0,2722066000,19145782145,25.0,14.201,680467000.0,6.439,1.0,4048942000.0,0.406,208399000,47568000.0,5536267000,5513720000.0,0,0,0,0,3440540000,1166400000,2274140000,18397322145,504516000.0,-12136000.0,-50618000.0,2022000.0,-115143000.0,-163739000.0,-570099000.0,0.0,1238354000.0,0.0,547807000.0,547807000.0,547807000.0,0.0,0.0,0.055,3282912000.0,766030000.0,641887000,0.21,6.759,33.584,33.545,3650921000,0.0,174.1,1.845,1.845,1219162000,,9973897000.0,9973897000.0,0.0,0.094,0.215,0.139,0.077,57602000.0,2607937000.0,1.0,105671006,105678000,106816000.0,94.38,5954207000,0,171141000.0,723018000,56.343,965599000
2,JBHT,ART,2020-12-31,2021-02-23,2020-12-31,2021-08-03,0,5928348000,5660271000.0,1842117000,4086231000,1.702,24.599,-600769000.0,313302000,313302000,5700287000.0,506035000.0,1.698,1.28,1305424000,0,1305424000,1305424000,0,573360000.0,0,0.008,1.09,713605000.0,1286965000.0,0.134,1286965000.0,713605000.0,666025000.0,4.79,4.74,4.79,2600138000,2440205750.0,2600138000,16267552417,23.0,12.64,522090000.0,4.939,1.0,3936286000.0,0.408,212122000,47580000.0,5623545000,5511036000.0,23804000,0,0,0,3328210000,1084803000,2243407000,15275430417,278302000.0,-12136000.0,-119390000.0,2024000.0,-114234000.0,-231600000.0,-612957000.0,0.0,1122859000.0,0.0,506035000.0,506035000.0,506035000.0,0.0,0.0,0.053,3223167000.0,713119000.0,587510000,0.228,5.875,30.187,30.169,3688894000,0.0,144.51,1.585,1.585,1310252000,4984739000.0,9636573000.0,9636573000.0,0.0,0.089,0.207,0.129,0.074,60698000.0,2561310000.0,1.0,105705006,105700000,106766000.0,91.169,5716226000,0,159990000.0,692022000,54.08,757314000
3,JBHT,ART,2020-09-30,2020-10-29,2020-09-30,2021-08-03,0,5779062000,5545897500.0,1728598000,4050464000,1.686,23.543,-550311000.0,318549000,318549000,5485500000.0,496704000.0,1.578,1.323,1303353000,0,1303353000,1303353000,0,566099000.0,0,0.009,1.07,712256000.0,1278355000.0,0.137,1278355000.0,712256000.0,660976000.0,4.69,4.65,4.69,2487424000,2356928500.0,2487424000,13913567355,20.0,10.884,521435000.0,4.935,1.0,3863746000.0,0.413,192648000,51280000.0,5475795000,5478398750.0,0,0,0,0,3291638000,1095423000,2196215000,12928763355,243417000.0,-17422000.0,-149199000.0,2026000.0,-113438000.0,-260611000.0,-567718000.0,0.0,1071746000.0,0.0,496704000.0,496704000.0,496704000.0,0.0,0.0,0.053,3153244000.0,710502000.0,603523000,0.228,5.198,26.029,26.085,3682404000,0.0,122.34,1.383,1.383,1121825000,,9349246000.0,9349246000.0,0.0,0.09,0.211,0.13,0.076,59828000.0,2501082000.0,1.0,105678955,105653000,106798000.0,88.49,5586414000,0,164272000.0,711301000,52.875,633175000
4,JBHT,ART,2020-06-30,2020-07-28,2020-06-30,2021-08-03,0,5553632000,5447716250.0,1544697000,4008935000,1.696,22.661,-477480000.0,274654000,274654000,5413469000.0,489618000.0,1.591,1.323,1307019000,0,1307019000,1307019000,0,560454000.0,0,0.008,1.06,704615000.0,1265069000.0,0.137,1265069000.0,704615000.0,652873000.0,4.61,4.57,4.61,2390843000,2283454750.0,2390843000,14535179400,21.0,11.49,654156000.0,6.2,1.0,3826914000.0,0.414,196042000,51742000.0,5419273000,5444357500.0,0,0,0,0,3162789000,970682000,2192107000,13502814400,267779000.0,-17111000.0,-180502000.0,-76072000.0,-112714000.0,-369288000.0,-494569000.0,0.0,1131636000.0,0.0,489618000.0,489618000.0,489618000.0,0.0,0.0,0.053,3124053000.0,702861000.0,513517000,0.23,5.648,27.578,27.761,3626396000,0.0,127.98,1.461,1.461,950636000,,9240383000.0,9240383000.0,0.0,0.09,0.214,0.129,0.076,59085000.0,2468936000.0,1.0,105507223,105505000,106580000.0,87.582,5357590000,0,163255000.0,699698000,50.78,574015000
5,JBHT,ART,2020-03-31,2020-05-01,2020-03-31,2021-08-03,0,5380042000,5414493000.0,1397969000,3982073000,1.728,21.535,-604787000.0,48454000,48454000,5513294000.0,501553000.0,1.537,1.357,1302756000,0,1302756000,1302756000,0,551754000.0,0,0.008,0.79,722525000.0,1274279000.0,0.136,1274279000.0,722525000.0,668838000.0,4.7,4.66,4.7,2282418000,2219583000.0,2282418000,11891588748,16.0,9.332,491982000.0,4.642,1.0,3843163000.0,0.411,199437000,53687000.0,5525531000,5472309750.0,0,0,0,0,3097624000,909376000,2188248000,10637286748,-3909000.0,-17111000.0,-368482000.0,2003000.0,-112233000.0,-478712000.0,-621966000.0,0.0,1096769000.0,0.0,501553000.0,501553000.0,501553000.0,0.0,0.0,0.054,3122392000.0,720771000.0,497649000,0.168,4.661,21.209,21.461,3618300000,0.0,100.865,1.137,1.143,978280000,,9356457000.0,9356457000.0,0.0,0.093,0.226,0.132,0.077,57816000.0,2452464000.0,1.0,105460633,105985000,106950000.0,88.281,5180605000,0,167285000.0,714548000,48.881,488593000
6,JBHT,ART,2019-12-31,2020-03-02,2019-12-31,2021-08-03,0,5470854000,5401303000.0,1481299000,3989555000,1.697,21.122,-688197000.0,35000000,35000000,5380456000.0,516320000.0,1.43,1.413,1295740000,0,1295740000,1295740000,0,538662000.0,0,0.011,1.05,735579000.0,1274241000.0,0.139,1274241000.0,735579000.0,680895000.0,4.81,4.77,4.81,2267029000,2199919500.0,2267029000,11521105274,16.0,9.042,410150000.0,3.821,1.0,3784802000.0,0.413,202832000,54684000.0,5492996000,5431999500.0,21106000,0,0,0,3203825000,1035766000,2168059000,10260365274,27400000.0,-115654000.0,-292182000.0,137014000.0,-111817000.0,-266985000.0,-803962000.0,0.0,1098347000.0,0.0,516320000.0,516320000.0,516320000.0,0.0,0.0,0.056,3050977000.0,733825000.0,602601000,0.218,4.526,19.872,20.075,3620866000,0.0,96.56,1.119,1.131,1242160000,4592938000.0,9165258000.0,9165258000.0,0.0,0.096,0.235,0.135,0.08,53324000.0,2394581000.0,1.0,106258961,107329000,108307000.0,85.394,5268022000,0,164575000.0,699078000,49.083,445533000
7,JBHT,ART,2019-09-30,2019-11-01,2019-09-30,2021-08-03,0,5386337000,5306501250.0,1383456000,4002881000,1.702,20.551,-887115000.0,75132000,75132000,5398021000.0,460325000.0,1.287,1.456,1293312000,0,1293312000,1293312000,0,513545000.0,0,0.009,1.02,651713000.0,1165258000.0,0.129,1165258000.0,651713000.0,600102000.0,4.27,4.22,4.27,2193529000,2158508250.0,2193529000,13996870450,21.0,12.012,360718000.0,3.38,1.0,3634755000.0,0.402,189863000,51611000.0,5339630000,5252662000.0,0,0,0,0,3192808000,1075024000,2117784000,12778690450,67545000.0,-98232000.0,-289417000.0,204859000.0,-110296000.0,-194854000.0,-985434000.0,0.0,1247833000.0,0.0,460325000.0,460325000.0,460325000.0,0.0,0.0,0.051,2983266000.0,651489000.0,654959000,0.239,5.826,27.76,28.08,3650362000,0.0,119.9,1.415,1.417,1051027000,,9032776000.0,9032776000.0,0.0,0.087,0.213,0.124,0.072,52339000.0,2346547000.0,1.0,106577902,106735000,107692000.0,84.628,5196474000,0,139777000.0,644105000,48.686,308432000
8,JBHT,ART,2019-06-30,2019-07-26,2019-06-30,2021-08-03,0,5420739000,5140334750.0,1384364000,4036375000,1.727,19.885,-1006685000.0,6875000,6875000,5321360000.0,473025000.0,1.304,1.539,1372143000,0,1372143000,1372143000,0,485041000.0,0,0.01,1.0,658539000.0,1143580000.0,0.129,1143580000.0,658539000.0,609324000.0,4.36,4.31,4.36,2135356000,2130270500.0,2135356000,12355980846,19.0,10.805,158784000.0,1.479,1.0,3557516000.0,0.401,193403000,49215000.0,5531082000,5060496500.0,0,0,0,0,3285383000,1061522000,2223861000,10990712846,-8316000.0,-98543000.0,-312014000.0,352186000.0,-108689000.0,-68517000.0,-1105268000.0,0.0,1165469000.0,0.0,473025000.0,473025000.0,473025000.0,0.0,0.0,0.053,2899201000.0,658315000.0,640324000,0.229,5.147,23.235,23.61,3678085000,0.0,102.94,1.238,1.245,1040153000,,8878876000.0,8878876000.0,0.0,0.092,0.222,0.13,0.074,49672000.0,2278846000.0,1.0,106768145,107387000,108373000.0,82.681,5227336000,0,136299000.0,676062000,48.678,322842000
9,JBHT,ART,2019-03-31,2019-04-26,2019-03-31,2021-08-03,0,5327282000,4932460750.0,1438159000,3889123000,1.775,20.268,-918586000.0,52363000,52363000,5296463000.0,491044000.0,1.441,1.417,1284550000,0,1284550000,1284550000,0,458724000.0,0,0.01,0.98,680258000.0,1138982000.0,0.13,1138982000.0,680258000.0,635951000.0,4.51,4.45,4.51,2203764000,2104772000.0,2203764000,11923394960,18.0,10.468,158378000.0,1.457,1.0,3459793000.0,0.395,196940000,44307000.0,5364290000,4782857500.0,0,0,0,0,3123518000,998239000,2125279000,10691207960,45281000.0,-98543000.0,-172322000.0,265697000.0,-106925000.0,-13550000.0,-1018133000.0,0.0,1076964000.0,0.0,491044000.0,491044000.0,491044000.0,0.0,0.0,0.056,2779759000.0,680034000.0,594704000,0.217,4.851,21.772,21.8,3539738000,0.0,98.32,1.221,1.221,1002483000,,8756256000.0,8756256000.0,0.0,0.1,0.233,0.142,0.078,48904000.0,2199618000.0,1.0,108738893,108730000,109664000.0,80.532,5130342000,0,144907000.0,668490000,47.184,439920000
10,JBHT,ART,2018-12-31,2019-02-22,2018-12-31,2021-08-03,0,5091647000,4706054500.0,1502981000,3588666000,1.831,19.213,-885485000.0,7600000,7600000,5248160000.0,489585000.0,1.111,1.423,1149104000,250706000,898398000,1149104000,0,435893000.0,0,0.009,0.98,681245000.0,1117138000.0,0.13,1117138000.0,681245000.0,640818000.0,4.48,4.43,4.48,2101384000,2039596750.0,2101384000,13005993159,19.0,11.642,202356000.0,1.85,1.0,3366714000.0,0.391,105157000,40427000.0,4775646000,4522307750.0,21977000,0,0,0,2990263000,1352348000,1637915000,11864489159,-7012000.0,0.0,-169901000.0,66815000.0,-104994000.0,-208080000.0,-886773000.0,0.0,1087841000.0,0.0,489585000.0,489585000.0,489585000.0,0.0,0.0,0.057,2685693000.0,681021000.0,709736000,0.219,5.646,24.234,24.355,3445111000,0.0,109.11,1.377,1.385,1326209000,4188435000.0,8614874000.0,8614874000.0,0.0,0.104,0.24,0.151,0.079,47369000.0,2120394000.0,1.0,108738788,109375000,110428000.0,78.765,4986490000,0,151233000.0,643461000,45.591,150633000
11,JBHT,ART,2018-09-30,2018-10-29,2018-09-30,2021-08-03,0,4721671000,4549480000.0,1342482000,3379189000,1.822,19.043,-780654000.0,7587000,7587000,4974814000.0,786211000.0,1.107,1.269,1069544000,248680000,820864000,1069544000,0,424127000.0,0,0.009,0.95,704329000.0,1128456000.0,0.136,1128456000.0,704329000.0,669097000.0,7.18,7.1,7.18,2080578000,1974082000.0,2080578000,12754741408,18.0,11.303,223553000.0,2.046,1.0,3312378000.0,0.4,0,35232000.0,4570968000,4453668000.0,0,0,0,0,2641093000,1212660000,1428433000,11692784408,-120000.0,751000.0,-118098000.0,-774000.0,-104027000.0,-222899000.0,-781428000.0,0.0,1004207000.0,0.0,786211000.0,786211000.0,786211000.0,0.0,0.0,0.095,2608284000.0,704094000.0,569453000,0.132,5.62,14.872,14.916,3241507000,0.0,107.1,1.411,1.412,1095638000,,8287192000.0,8287192000.0,0.0,0.173,0.398,0.158,0.085,44522000.0,2035044000.0,1.0,109176325,109254000,110235000.0,75.853,4721671000,0,-117114000.0,518428000,43.217,129822000
12,JBHT,ART,2018-06-30,2018-07-27,2018-06-30,2021-08-03,0,4589243000,4382543000.0,1307421000,3281822000,1.807,18.578,-699554000.0,15191000,15191000,4751497000.0,755486000.0,1.129,1.257,1005011000,249436000,755575000,1005011000,0,411286000.0,0,0.008,0.94,694613000.0,1105899000.0,0.14,1105899000.0,694613000.0,661032000.0,6.9,6.82,6.9,2033362000,1821930000.0,2033362000,13985357966,20.0,12.646,241185000.0,2.204,1.0,3169269000.0,0.4,0,33581000.0,4420526000,4394636000.0,0,0,0,0,2555881000,1158537000,1397344000,12995537966,7917000.0,-136879000.0,-67959000.0,76355000.0,-103068000.0,-94672000.0,-838150000.0,0.0,940739000.0,0.0,755486000.0,755486000.0,755486000.0,0.0,0.0,0.095,2474891000.0,694378000.0,551715000,0.136,6.391,17.202,17.225,3142387000,0.0,118.85,1.641,1.642,1019622000,,7920766000.0,7920766000.0,0.0,0.172,0.415,0.158,0.088,41182000.0,1933624000.0,1.0,109344030,109449000,110682000.0,72.369,4589243000,0,-94454000.0,552866000,41.93,148884000
13,JBHT,ART,2018-03-31,2018-05-04,2018-03-31,2021-08-03,0,4421657000,4179827750.0,1236064000,3185593000,1.796,17.704,-598553000.0,7082000,7082000,4499697000.0,701703000.0,1.131,1.276,1000032000,247609000,752423000,1000032000,0,396912000.0,0,0.008,0.94,643416000.0,1040328000.0,0.139,1040328000.0,643416000.0,612297000.0,6.4,6.33,6.4,1943063000,1665519750.0,1943063000,13880454666,22.0,13.342,232585000.0,2.119,1.0,3008957000.0,0.401,0,31119000.0,4322091000,4316052000.0,0,0,0,0,2478594000,1092516000,1386078000,12887504666,-5179000.0,-136879000.0,-67990000.0,69926000.0,-102101000.0,-100165000.0,-736152000.0,0.0,831138000.0,0.0,701703000.0,701703000.0,701703000.0,0.0,0.0,0.093,2365776000.0,643181000.0,503829000,0.147,6.633,18.366,18.347,3044276000,0.0,117.42,1.716,1.716,900903000,,7508654000.0,7508654000.0,0.0,0.168,0.421,0.149,0.086,39157000.0,1839792000.0,1.0,109755618,109754000,110863000.0,68.413,4421657000,0,-89406000.0,545282000,40.287,143548000
14,JBHT,ART,2018-03-31,2018-04-27,2018-03-31,2021-08-03,0,4421657000,4179827750.0,1236064000,3185593000,1.796,17.704,-598553000.0,7082000,7082000,4499697000.0,701703000.0,1.131,1.276,1000032000,247609000,752423000,1000032000,0,396912000.0,0,0.008,0.93,643416000.0,1040328000.0,0.139,1040328000.0,643416000.0,612297000.0,6.4,6.33,6.4,1943063000,1665519750.0,1943063000,14001185845,22.0,13.458,232585000.0,2.119,1.0,3008957000.0,0.401,0,31119000.0,4322091000,4316052000.0,0,0,0,0,2478594000,1092516000,1386078000,13008235845,-5179000.0,-136879000.0,-67990000.0,69926000.0,-102101000.0,-100165000.0,-736152000.0,0.0,831138000.0,0.0,701703000.0,701703000.0,701703000.0,0.0,0.0,0.093,2365776000.0,643181000.0,503829000,0.145,6.695,18.538,18.519,3044276000,0.0,118.52,1.732,1.732,900903000,,7508654000.0,7508654000.0,0.0,0.168,0.421,0.149,0.086,39157000.0,1839792000.0,1.0,109755618,109754000,110863000.0,68.413,4421657000,0,-89406000.0,545282000,40.287,143548000
15,JBHT,ART,2017-12-31,2018-02-23,2017-12-31,2021-08-03,0,4465349000,4017012250.0,1338728000,3126621000,1.79,16.723,-510515000.0,14612000,14612000,4300443000.0,686263000.0,1.452,1.428,1085649000,0,1085649000,1085649000,0,383518000.0,0,0.008,0.93,624024000.0,1007542000.0,0.14,1007542000.0,624024000.0,595239000.0,6.24,6.18,6.24,1839325000,1522827500.0,1839325000,14363403526,23.0,14.256,344638000.0,3.133,1.0,2889125000.0,0.402,113455000,28785000.0,4501087000,4266071000.0,20688000,0,0,0,2626024000,921844000,1704180000,13292366526,8235000.0,-136879000.0,-197928000.0,103654000.0,-101362000.0,-195636000.0,-651282000.0,0.0,855153000.0,0.0,686263000.0,686263000.0,686263000.0,0.0,0.0,0.095,2265336000.0,623789000.0,598594000,0.149,7.227,19.369,19.409,2983331000,0.0,121.11,1.849,1.853,1204266000,3803844000.0,7189568000.0,7189568000.0,0.0,0.171,0.451,0.146,0.087,38291000.0,1758239000.0,1.0,109754492,109987000,111049000.0,65.367,4351894000,0,-91024000.0,541870000,39.567,416884000
16,JBHT,ART,2017-09-30,2017-10-27,2017-09-30,2021-08-03,0,4053923000,3857922000.0,1006591000,3047332000,1.794,13.418,-441340000.0,7707000,7707000,4118144000.0,418512000.0,1.476,1.754,1084801000,0,1084801000,1084801000,0,372991000.0,0,0.008,0.91,672408000.0,1045399000.0,0.151,1045399000.0,672408000.0,643941000.0,3.79,3.75,3.79,1471970000,1416511500.0,1471970000,13106999211,19.0,12.538,357389000.0,3.258,1.0,2802325000.0,0.405,114422000,28467000.0,4334840000,4199738000.0,0,0,0,0,2581953000,681755000,1900198000,12029905211,2226000.0,-137630000.0,-272909000.0,159253000.0,-100633000.0,-213777000.0,-582726000.0,0.0,798729000.0,0.0,418512000.0,418512000.0,418512000.0,0.0,0.0,0.06,2129988000.0,672337000.0,493585000,0.24,8.173,28.744,28.921,2875809000,0.0,109.61,1.738,1.738,858720000,,6920469000.0,6920469000.0,0.0,0.108,0.295,0.16,0.097,41405000.0,1660042000.0,1.0,109751895,109703000,110628000.0,63.084,3939501000,0,225429000.0,746833000,35.911,324836000
17,JBHT,ART,2017-06-30,2017-07-28,2017-06-30,2021-08-03,0,3778382000,3776939750.0,908351000,2870031000,1.792,12.841,-392390000.0,7274000,7274000,3999944000.0,427552000.0,1.494,1.684,943174000,0,943174000,943174000,0,368032000.0,0,0.01,0.9,690413000.0,1058445000.0,0.156,1058445000.0,690413000.0,663771000.0,3.84,3.81,3.84,1407721000,1394789750.0,1407721000,10825581888,16.0,10.228,431062000.0,3.932,1.0,2767850000.0,0.409,0,26642000.0,4106190000,4132869000.0,0,0,0,0,2370661000,608092000,1762569000,9889681888,-4003000.0,0.0,-346571000.0,8600000.0,-100269000.0,-431476000.0,-395979000.0,0.0,823452000.0,0.0,427552000.0,427552000.0,427552000.0,0.0,0.0,0.063,2077508000.0,690342000.0,419306000,0.234,7.025,23.131,23.534,2820030000,0.0,90.37,1.461,1.464,749042000,,6767794000.0,6767794000.0,0.0,0.113,0.307,0.167,0.102,40820000.0,1617121000.0,1.0,109435453,109630000,110822000.0,61.733,3778382000,0,236219000.0,753277000,34.465,300259000
18,JBHT,ART,2017-03-31,2017-04-28,2017-03-31,2021-08-03,0,3770395000,3756685250.0,893341000,2877054000,1.772,12.377,-461805000.0,12261000,12261000,3908615000.0,434694000.0,1.523,1.748,950558000,0,950558000,950558000,0,365347000.0,0,0.01,0.89,702590000.0,1067937000.0,0.16,1067937000.0,702590000.0,676921000.0,3.88,3.85,3.88,1372294000,1387715750.0,1372294000,10799389457,15.0,10.112,373075000.0,3.365,1.0,2747290000.0,0.413,0,25669000.0,4122167000,4129057750.0,0,0,0,0,2398101000,586525000,1811576000,9861092457,6269000.0,0.0,-296518000.0,26094000.0,-99782000.0,-363209000.0,-465402000.0,0.0,834880000.0,0.0,434694000.0,434694000.0,434694000.0,0.0,0.0,0.065,2044771000.0,702519000.0,369763000,0.229,7.186,22.685,23.108,2830628000,0.0,89.66,1.482,1.494,707433000,,6655905000.0,6655905000.0,0.0,0.116,0.313,0.17,0.106,40823000.0,1595437000.0,1.0,109983186,110878000,112026000.0,60.029,3770395000,0,242227000.0,792561000,34.005,306816000
19,JBHT,ART,2016-12-31,2017-02-23,2016-12-31,2021-08-03,0,3828988000,3725826000.0,945681000,2883307000,1.759,12.572,-485256000.0,6377000,6377000,3818306000.0,432090000.0,1.65,1.708,986278000,0,986278000,986278000,0,361510000.0,0,0.009,0.89,721091000.0,1082601000.0,0.165,1082601000.0,721091000.0,695797000.0,3.84,3.81,3.84,1414061000,1366162250.0,1414061000,11811560105,16.0,10.91,368887000.0,3.28,1.0,2737153000.0,0.418,0,25294000.0,4235755000,4103915500.0,18577000,0,0,0,2414927000,573134000,1841793000,10831659105,811000.0,0.0,-267060000.0,-8938000.0,-98990000.0,-367944000.0,-485388000.0,0.0,854143000.0,0.0,432090000.0,432090000.0,432090000.0,0.0,0.0,0.066,2016133000.0,721020000.0,384308000,0.232,7.66,25.068,25.341,2818791000,0.0,97.31,1.652,1.67,813214000,3218943000.0,6555459000.0,6555459000.0,0.0,0.116,0.316,0.176,0.11,40625000.0,1576213000.0,1.0,111310853,112474000,113361000.0,58.284,3828988000,0,263707000.0,790634000,34.043,372547000
20,JBHT,ART,2016-09-30,2016-10-28,2016-09-30,2021-08-03,0,3729994000,3677720750.0,842401000,2887593000,1.755,12.298,-484530000.0,5481000,5481000,3731165000.0,431279000.0,1.402,1.693,943696000,0,943696000,943696000,0,358091000.0,0,0.011,0.87,719638000.0,1077729000.0,0.167,1077729000.0,719638000.0,695916000.0,3.81,3.78,3.81,1385083000,1337735000.0,1385083000,10018474728,14.0,9.296,375781000.0,3.336,1.0,2724247000.0,0.422,0,23722000.0,4067364000,4064615000.0,0,0,0,0,2344911000,600845000,1744066000,9080259728,-61000.0,0.0,-242189000.0,-40052000.0,-98546000.0,-375824000.0,-484548000.0,0.0,860311000.0,0.0,431279000.0,431279000.0,431279000.0,0.0,0.0,0.067,2004695000.0,719552000.0,402913000,0.228,6.556,21.054,21.244,2808741000,0.0,80.94,1.407,1.412,775020000,,6455412000.0,6455412000.0,0.0,0.117,0.322,0.177,0.111,40391000.0,1570245000.0,1.0,112185072,112630000,113363000.0,57.315,3729994000,0,264637000.0,731068000,33.117,241556000
21,JBHT,ART,2016-06-30,2016-07-28,2016-06-30,2021-08-03,0,3697364000,3625038250.0,827008000,2870356000,1.752,12.243,-515148000.0,11277000,11277000,3651777000.0,436993000.0,1.496,1.68,957574000,0,957574000,957574000,0,353291000.0,0,0.008,0.65,730507000.0,1083798000.0,0.171,1083798000.0,730507000.0,705432000.0,3.84,3.8,3.84,1379425000,1303761000.0,1379425000,10317914141,14.0,9.52,378761000.0,3.362,1.0,2699470000.0,0.425,0,25075000.0,4090945000,4038530750.0,0,0,0,0,2317939000,552716000,1765223000,9371617141,5691000.0,0.0,-349661000.0,63155000.0,-98017000.0,-373064000.0,-515154000.0,0.0,893909000.0,0.0,436993000.0,436993000.0,436993000.0,0.0,0.0,0.069,1969049000.0,730421000.0,343652000,0.169,6.794,21.446,21.659,2766915000,0.0,83.17,1.476,1.475,744026000,,6351247000.0,6351247000.0,0.0,0.121,0.335,0.181,0.115,39446000.0,1541183000.0,1.0,112680259,112669000,113761000.0,56.371,3697364000,0,268439000.0,742574000,32.816,274292000
22,JBHT,ART,2016-03-31,2016-04-29,2016-03-31,2021-08-03,0,3646958000,3572034750.0,814930000,2832028000,1.757,11.374,-529550000.0,5992000,5992000,3600715000.0,435401000.0,1.403,1.836,961346000,0,961346000,961346000,0,346587000.0,0,0.01,0.85,728450000.0,1075037000.0,0.171,1075037000.0,728450000.0,703134000.0,3.8,3.76,3.8,1286080000,1293706000.0,1286080000,10292145036,14.0,9.574,393111000.0,3.477,1.0,2675463000.0,0.426,0,25316000.0,4021598000,3914884750.0,0,0,0,0,2360878000,580714000,1780164000,9336791036,345000.0,0.0,-378930000.0,72104000.0,-97706000.0,-392668000.0,-529648000.0,0.0,922661000.0,0.0,435401000.0,435401000.0,435401000.0,0.0,0.0,0.069,1947099000.0,728364000.0,381185000,0.224,7.26,21.444,21.811,2739366000,0.0,82.88,1.488,1.493,690352000,,6276178000.0,6276178000.0,0.0,0.122,0.337,0.186,0.116,38071000.0,1526823000.0,1.0,112654332,113072000,114003000.0,55.506,3646958000,0,267733000.0,755477000,32.253,234216000
23,JBHT,ART,2015-12-31,2016-02-23,2015-12-31,2021-08-03,0,3636567000,3517544500.0,859367000,2777200000,1.759,11.241,-556436000.0,5566000,5566000,3571301000.0,427235000.0,1.614,1.797,1005026000,0,1005026000,1005026000,0,339613000.0,0,0.011,0.85,715780000.0,1055393000.0,0.171,1055393000.0,715780000.0,690203000.0,3.69,3.66,3.69,1300352000,1291531000.0,1300352000,9586090938,13.0,9.083,316872000.0,2.739,1.0,2616345000.0,0.423,25057000,25577000.0,4078553000,3794291000.0,23191000,0,0,0,2336215000,532417000,1803798000,8586630938,-395000.0,0.0,-284147000.0,71463000.0,-97364000.0,-297171000.0,-576532000.0,0.0,873308000.0,0.0,427235000.0,427235000.0,427235000.0,0.0,0.0,0.069,1900651000.0,715694000.0,340332000,0.23,6.603,20.098,20.634,2701329000,0.0,76.14,1.388,1.423,654542000,2885843000.0,6187646000.0,6187646000.0,0.0,0.121,0.331,0.189,0.116,37228000.0,1487349000.0,1.0,112774244,115677000,116728000.0,53.491,3611510000,0,262968000.0,740220000,31.221,326950000
24,JBHT,ART,2015-09-30,2015-10-23,2015-09-30,2021-08-03,0,3519264000,3457682000.0,768171000,2751093000,1.786,10.82,-611145000.0,5542000,5542000,3600776000.0,420796000.0,1.412,1.817,993353000,0,993353000,993353000,0,329626000.0,0,0.011,0.83,705793000.0,1035419000.0,0.168,1035419000.0,705793000.0,678921000.0,3.62,3.58,3.62,1249187000,1267573750.0,1249187000,9981767170,14.0,9.64,246229000.0,2.133,1.0,2575366000.0,0.417,0,26872000.0,3963027000,3657337500.0,0,0,0,0,2270077000,544048000,1726029000,8993956170,-317000.0,0.0,-284365000.0,141192000.0,-96732000.0,-226459000.0,-631232000.0,0.0,857374000.0,0.0,420796000.0,420796000.0,420796000.0,0.0,0.0,0.068,1869660000.0,705706000.0,355671000,0.229,7.2,21.374,21.68,2670509000,0.0,78.48,1.456,1.467,671398000,,6176142000.0,6176142000.0,0.0,0.122,0.332,0.193,0.114,36221000.0,1460880000.0,1.0,114601888,115456000,116282000.0,53.493,3519264000,0,258125000.0,673030000,30.481,224123000
25,JBHT,ART,2015-06-30,2015-07-30,2015-06-30,2021-08-03,0,3485350000,3367595500.0,786630000,2698720000,1.838,11.498,-606104000.0,5586000,5586000,3670357000.0,408071000.0,1.013,1.603,893202000,250000000,643202000,893202000,0,318841000.0,0,0.01,0.83,684047000.0,1002888000.0,0.162,1002888000.0,684047000.0,658364000.0,3.49,3.46,3.49,1339205000,1245231750.0,1339205000,10705000451,16.0,10.674,193211000.0,1.659,1.0,2520447000.0,0.407,0,25683000.0,3596361000,3466541000.0,0,0,0,0,2146145000,776605000,1369540000,9817384451,-284000.0,0.0,-104305000.0,13783000.0,-95802000.0,-173418000.0,-626181000.0,0.0,799315000.0,0.0,408071000.0,408071000.0,408071000.0,0.0,0.0,0.066,1836487000.0,683960000.0,341520000,0.238,7.331,24.058,24.198,2626104000,0.0,84.45,1.586,1.589,665241000,,6190804000.0,6190804000.0,0.0,0.121,0.328,0.197,0.11,37216000.0,1436666000.0,1.0,116250852,116470000,117811000.0,53.154,3485350000,0,250293000.0,667141000,29.925,10025000
26,JBHT,ART,2015-03-31,2015-04-24,2015-03-31,2021-08-03,0,3428997000,3269097750.0,803512000,2625485000,1.896,10.959,-642842000.0,5646000,5646000,3747470000.0,398060000.0,1.054,1.684,878203000,250000000,628203000,878203000,0,306907000.0,0,0.009,0.81,669542000.0,976449000.0,0.158,976449000.0,669542000.0,642191000.0,3.4,3.37,3.4,1277380000,1180709750.0,1277380000,11470394934,17.0,11.747,100435000.0,0.862,1.0,2451244000.0,0.395,0,27351000.0,3539223000,3428671500.0,0,0,0,0,2151617000,762331000,1389286000,10597837934,-118565000.0,0.0,-147059000.0,25267000.0,-94622000.0,-199029000.0,-662813000.0,0.0,743277000.0,0.0,398060000.0,398060000.0,398060000.0,0.0,0.0,0.064,1781789000.0,669455000.0,328111000,0.238,8.297,26.624,26.743,2552863000,0.0,90.925,1.71,1.71,631172000,,6198714000.0,6198714000.0,0.0,0.122,0.337,0.195,0.108,35490000.0,1392224000.0,1.0,116555820,116558000,117800000.0,53.181,3428997000,18631000,244131000.0,700518000,29.419,41181000
27,JBHT,ART,2014-12-31,2015-02-24,2014-12-31,2021-08-03,0,3397117000,3190779750.0,880130000,2516987000,1.932,10.295,-659710000.0,5961000,5961000,3796530000.0,374792000.0,1.141,1.82,933539000,250000000,683539000,933539000,0,294496000.0,0,0.009,0.81,631629000.0,926125000.0,0.15,926125000.0,631629000.0,604601000.0,3.2,3.16,3.2,1204523000,1128396000.0,1204523000,10982859005,17.0,11.859,-12931000.0,-0.111,1.0,2368911000.0,0.384,22886000,27028000.0,3530739000,3339094750.0,27740000,0,0,0,2192594000,771070000,1421524000,10055281005,130000.0,0.0,-141095000.0,231086000.0,-93604000.0,13032000.0,-659681000.0,0.0,646779000.0,0.0,374792000.0,374792000.0,374792000.0,0.0,0.0,0.061,1737369000.0,631542000.0,325838000,0.253,8.348,26.829,26.969,2482532000,0.0,86.3,1.631,1.638,653795000,2555972000.0,6165441000.0,6165441000.0,0.0,0.117,0.332,0.189,0.102,35333000.0,1361811000.0,1.0,116515423,117000000,118445000.0,52.696,3374231000,18631000,229809000.0,678424000,28.84,109060000
28,JBHT,ART,2014-09-30,2014-10-30,2014-09-30,2021-08-03,0,3158918000,3046351500.0,737678000,2421240000,1.979,9.909,-588105000.0,5859000,5859000,3749026000.0,356350000.0,0.933,1.724,837074000,250000000,587074000,837074000,0,282185000.0,0,0.01,0.75,602239000.0,884424000.0,0.147,884424000.0,602239000.0,575992000.0,3.05,3.01,3.05,1159819000,1080378250.0,1159819000,10025482188,17.0,11.336,61383000.0,0.524,1.0,2281181000.0,0.378,0,26247000.0,3199841000,3153433000.0,0,0,0,0,1999099000,790292000,1208807000,9194267188,-109000.0,0.0,-140087000.0,150370000.0,-87752000.0,-61511000.0,-588086000.0,0.0,649488000.0,0.0,356350000.0,356350000.0,356350000.0,0.0,0.0,0.059,1679011000.0,602170000.0,352645000,0.246,7.927,25.801,25.731,2385106000,0.0,78.48,1.525,1.523,671298000,,6030207000.0,6030207000.0,0.0,0.117,0.33,0.191,0.1,34874000.0,1322805000.0,1.0,117154271,117050000,118221000.0,51.518,3158918000,0,219642000.0,570136000,26.988,-52614000
29,JBHT,ART,2014-06-30,2014-07-29,2014-06-30,2021-08-03,0,3091359000,2934730500.0,739225000,2352134000,1.998,9.259,-583664000.0,5870000,5870000,3666670000.0,343408000.0,1.436,1.859,874028000,0,874028000,874028000,0,271060000.0,0,0.009,0.7,580868000.0,851928000.0,0.145,851928000.0,580868000.0,555435000.0,2.94,2.89,2.94,1081117000,1035542750.0,1081117000,9989114872,17.0,11.725,-1883000.0,-0.016,1.0,2198231000.0,0.375,0,25433000.0,3444883000,3029373250.0,0,0,0,0,2010242000,514634000,1495608000,9120956872,-53000.0,0.0,-135104000.0,199576000.0,-82003000.0,1857000.0,-583691000.0,0.0,581781000.0,0.0,343408000.0,343408000.0,343408000.0,0.0,0.0,0.059,1617432000.0,580799000.0,338063000,0.238,8.437,26.56,26.619,2316545000,0.0,78.26,1.555,1.558,667620000,,5864901000.0,5864901000.0,0.0,0.117,0.332,0.192,0.099,33191000.0,1280377000.0,1.0,116546855,116764000,118541000.0,50.229,3091359000,0,212027000.0,562778000,26.475,224591000
30,JBHT,ART,2014-03-31,2014-04-25,2014-03-31,2021-08-03,0,3115725000,2825969750.0,842068000,2273657000,2.017,9.11,-485658000.0,124212000,124212000,3568106000.0,337697000.0,1.27,1.917,852207000,100000000,752207000,852207000,0,261617000.0,0,0.009,0.65,569045000.0,830662000.0,0.146,830662000.0,569045000.0,545711000.0,2.89,2.83,2.89,1068125000,990823250.0,1068125000,9578776932,17.0,11.531,40979000.0,0.35,1.0,2131786000.0,0.374,0,23334000.0,3180916000,2824507250.0,0,0,0,0,2047600000,662804000,1384796000,8850781932,118465000.0,0.0,-123475000.0,256043000.0,-76261000.0,77511000.0,-485683000.0,0.0,526637000.0,0.0,337697000.0,337697000.0,337697000.0,0.0,0.0,0.059,1562810000.0,568976000.0,371235000,0.225,8.286,26.209,26.118,2236101000,0.0,75.48,1.553,1.553,635111000,,5699892000.0,5699892000.0,0.0,0.119,0.341,0.201,0.1,33189000.0,1242973000.0,1.0,117259962,117250000,118943000.0,48.613,3115725000,0,208014000.0,575164000,26.573,179264000
31,JBHT,ART,2013-12-31,2014-02-21,2013-12-31,2021-08-03,0,2819404000,2693568250.0,680203000,2139201000,2.073,8.62,-442504000.0,5831000,5831000,3496501000.0,342382000.0,0.955,1.785,708417000,250000000,458417000,708417000,0,253380000.0,0,0.009,0.65,576777000.0,830157000.0,0.149,830157000.0,576777000.0,553568000.0,2.92,2.87,2.92,1012452000,942735000.0,1012452000,9144409168,16.0,11.015,131847000.0,1.123,1.0,2088070000.0,0.374,21602000,23209000.0,2788092000,2640888250.0,26248000,0,0,0,1806952000,712296000,1094656000,8441823168,242000.0,0.0,-123283000.0,22576000.0,-52811000.0,-131568000.0,-442541000.0,0.0,574351000.0,0.0,342382000.0,342382000.0,342382000.0,0.0,0.0,0.061,1511362000.0,576708000.0,305465000,0.223,8.338,24.656,24.658,2112204000,0.0,72.0,1.512,1.514,568519000,2274784000.0,5584571000.0,5584571000.0,0.0,0.127,0.363,0.218,0.103,32354000.0,1202824000.0,1.0,117247544,117449000,119404000.0,47.549,2797802000,0,211186000.0,580450000,23.821,-32093000
32,JBHT,ART,2013-09-30,2013-10-30,2013-09-30,2021-08-03,0,2712434000,2604877500.0,648032000,2064402000,2.092,8.329,-424266000.0,5968000,5968000,3414183000.0,334495000.0,0.939,1.766,687474000,250000000,437474000,687474000,0,246350000.0,0,0.008,0.59,566511000.0,812861000.0,0.149,812861000.0,566511000.0,542893000.0,2.84,2.79,2.84,980477000,887587000.0,980477000,9559628763,17.0,11.76,117667000.0,1.0,1.0,2034248000.0,0.373,0,23618000.0,2703602000,2599867000.0,0,0,0,0,1731957000,690338000,1041619000,8878122763,309000.0,0.0,-122652000.0,48767000.0,-69332000.0,-117778000.0,-423846000.0,0.0,541933000.0,0.0,334495000.0,334495000.0,334495000.0,0.0,0.0,0.061,1467738000.0,566510000.0,304799000,0.208,9.055,26.542,26.525,2037386000,0.0,75.33,1.629,1.628,584914000,,5448431000.0,5448431000.0,0.0,0.128,0.377,0.218,0.104,31338000.0,1166182000.0,1.0,117856402,117723000,119357000.0,46.282,2712434000,0,208398000.0,548172000,23.041,-42306000
33,JBHT,ART,2013-06-30,2013-07-30,2013-06-30,2021-08-03,0,2656316000,2536354500.0,651562000,2004754000,2.093,7.702,-410491000.0,5923000,5923000,3328548000.0,323264000.0,0.932,1.944,674132000,200000000,474132000,674132000,0,239832000.0,0,0.008,0.58,548834000.0,788666000.0,0.149,788666000.0,548834000.0,524705000.0,2.74,2.69,2.74,902239000,837765250.0,902239000,9401436965,17.0,11.921,170545000.0,1.456,1.0,1979825000.0,0.373,0,24129000.0,2625419000,2556194500.0,0,0,0,0,1754077000,699106000,1054971000,8733227965,36000.0,0.0,-116572000.0,-4968000.0,-68206000.0,-170569000.0,-410431000.0,0.0,581036000.0,0.0,323264000.0,323264000.0,323264000.0,0.0,0.0,0.061,1430992000.0,548833000.0,364195000,0.212,9.68,27.016,27.226,1976226000,0.0,74.6,1.645,1.646,579643000,,5308373000.0,5308373000.0,0.0,0.127,0.386,0.215,0.103,31303000.0,1136087000.0,1.0,117067399,117139000,119472000.0,45.317,2656316000,0,201441000.0,528901000,22.677,-47544000
34,JBHT,ART,2013-03-31,2013-04-26,2013-03-31,2021-08-03,0,2586119000,2463594500.0,615198000,1970921000,2.103,7.45,-400955000.0,5747000,5747000,3249476000.0,316018000.0,0.846,1.953,593289000,200000000,393289000,593289000,0,233776000.0,0,0.008,0.57,538642000.0,772418000.0,0.149,772418000.0,538642000.0,513814000.0,2.68,2.63,2.68,875772000,790523750.0,875772000,9001796508,17.0,11.654,207576000.0,1.766,1.0,1931169000.0,0.373,0,24828000.0,2446440000,2528462250.0,0,0,0,0,1710347000,727221000,983126000,8414254508,34000.0,0.0,-53269000.0,-106305000.0,-67045000.0,-207599000.0,-400898000.0,0.0,608531000.0,0.0,316018000.0,316018000.0,316018000.0,0.0,0.0,0.061,1392528000.0,538641000.0,374968000,0.213,9.608,26.626,26.701,1941426000,0.0,71.56,1.624,1.624,529333000,,5180645000.0,5180645000.0,0.0,0.128,0.4,0.213,0.104,30751000.0,1103195000.0,1.0,117583210,117553000,119825000.0,44.071,2586119000,0,197796000.0,536772000,22.0,-112023000
35,JBHT,ART,2012-12-31,2013-02-22,2012-12-31,2021-08-03,0,2464641000,2397780250.0,554532000,1910109000,2.108,6.735,-369679000.0,5589000,5589000,3159580000.0,310354000.0,1.103,2.112,685347000,100000000,585347000,685347000,0,229166000.0,0,0.008,0.57,530201000.0,759367000.0,0.15,759367000.0,530201000.0,504641000.0,2.64,2.59,2.64,791860000,729154750.0,791860000,8587333719,16.0,11.309,178365000.0,1.517,1.0,1895400000.0,0.375,17632000,25560000.0,2624007000,2535814250.0,23065000,0,0,0,1672781000,502760000,1170021000,7907575719,139000.0,0.0,-52411000.0,-62559000.0,-83431000.0,-178311000.0,-369594000.0,0.0,548044000.0,0.0,310354000.0,310354000.0,310354000.0,0.0,0.0,0.061,1365200000.0,530200000.0,266722000,0.216,9.986,25.479,25.481,1885474000,0.0,67.27,1.564,1.565,466011000,1985213000.0,5054980000.0,5054980000.0,0.0,0.129,0.426,0.209,0.105,29715000.0,1082202000.0,1.0,117549810,117572000,120022000.0,42.995,2447009000,0,194287000.0,532374000,20.813,51772000
36,JBHT,ART,2012-09-30,2012-10-26,2012-09-30,2021-08-03,0,2438342000,2348453000.0,563257000,1875085000,2.096,6.613,-400640000.0,5659000,5659000,3066128000.0,298941000.0,1.027,2.121,644904000,100000000,544904000,644904000,0,225751000.0,0,0.01,0.55,509159000.0,734910000.0,0.149,734910000.0,509159000.0,482675000.0,2.55,2.5,2.55,781190000,673075500.0,781190000,7398878396,15.0,10.068,164182000.0,1.39,1.0,1855653000.0,0.377,0,26484000.0,2528912000,2518764750.0,0,0,0,0,1657152000,548675000,1108477000,6759633396,-2088000.0,0.0,-2230000.0,-119523000.0,-64517000.0,-165890000.0,-401020000.0,0.0,564822000.0,0.0,298941000.0,298941000.0,298941000.0,0.0,0.0,0.061,1346502000.0,509151000.0,328757000,0.216,8.653,22.612,22.416,1848453000,0.0,57.16,1.373,1.372,504252000,,4921781000.0,4921781000.0,0.0,0.127,0.444,0.202,0.103,30982000.0,1070968000.0,1.0,118258107,118131000,120281000.0,41.664,2438342000,0,183734000.0,516724000,20.641,14582000
37,JBHT,ART,2012-06-30,2012-07-31,2012-06-30,2021-08-03,0,2365276000,2279531500.0,540425000,1824851000,2.104,6.085,-405786000.0,5887000,5887000,2970200000.0,289350000.0,1.031,2.316,679462000,100000000,579462000,679462000,0,222382000.0,0,0.007,0.41,494787000.0,717169000.0,0.149,717169000.0,494787000.0,467504000.0,2.47,2.42,2.47,713273000,602185750.0,713273000,7141154267,14.0,9.957,182812000.0,1.559,1.0,1827059000.0,0.381,0,27283000.0,2514490000,2495468750.0,0,0,0,0,1652003000,524361000,1127642000,6467579267,-5262000.0,0.0,-157155000.0,16662000.0,-63630000.0,-188352000.0,-405508000.0,0.0,588598000.0,0.0,289350000.0,289350000.0,289350000.0,0.0,0.0,0.06,1332280000.0,494779000.0,298587000,0.166,9.067,22.352,22.275,1795790000,0.0,55.02,1.348,1.344,472077000,,4797259000.0,4797259000.0,0.0,0.127,0.48,0.198,0.103,30597000.0,1062818000.0,1.0,117549605,117226000,120027000.0,40.923,2365276000,0,178154000.0,498457000,20.177,16064000
38,JBHT,ART,2012-03-31,2012-04-27,2012-03-31,2021-08-03,0,2322862000,2218427750.0,536086000,1786776000,2.115,5.386,-417305000.0,5713000,5713000,2892353000.0,274595000.0,0.987,2.685,702119000,100000000,602119000,702119000,0,218706000.0,0,0.01,0.53,471015000.0,689721000.0,0.147,689721000.0,471015000.0,443955000.0,2.33,2.28,2.33,630296000,573452250.0,630296000,7213348918,15.0,10.458,228076000.0,1.949,1.0,1799631000.0,0.384,0,27060000.0,2475848000,2448813750.0,0,0,0,0,1692566000,543420000,1149146000,6516942918,320000.0,0.0,-187120000.0,4880000.0,-62877000.0,-228124000.0,-416937000.0,0.0,645381000.0,0.0,274595000.0,274595000.0,274595000.0,0.0,0.0,0.059,1328624000.0,471007000.0,301636000,0.227,10.339,23.733,23.888,1760514000,0.0,55.66,1.389,1.388,447706000,,4691984000.0,4691984000.0,0.0,0.124,0.479,0.192,0.1,29438000.0,1063791000.0,1.0,117084853,117017000,119750000.0,40.097,2322862000,0,169360000.0,500039000,19.851,-7334000
39,JBHT,ART,2011-12-31,2012-02-24,2011-12-31,2021-08-03,0,2267332000,2147805250.0,513542000,1753790000,2.108,4.763,-445869000.0,5450000,5450000,2774704000.0,257006000.0,1.171,2.995,749177000,50000000,699177000,749177000,0,213943000.0,0,0.01,0.53,444241000.0,658184000.0,0.145,658184000.0,444241000.0,415733000.0,2.16,2.11,2.16,567543000,555694750.0,567543000,6689615438,15.0,10.164,189823000.0,1.593,1.0,1752138000.0,0.387,16735000,28508000.0,2555809000,2406914500.0,20932000,0,0,0,1699789000,438515000,1261274000,5945888438,-2201000.0,0.0,-242644000.0,96961000.0,-62243000.0,-192364000.0,-445529000.0,0.0,635692000.0,0.0,257006000.0,257006000.0,257006000.0,0.0,0.0,0.057,1307905000.0,444233000.0,251625000,0.245,10.477,23.135,23.519,1726870000,0.0,50.8,1.313,1.337,411479000,1758290000.0,4526842000.0,4526842000.0,0.0,0.12,0.462,0.185,0.098,26841000.0,1049033000.0,1.0,117045048,119158000,121922000.0,37.99,2250597000,5136000,158727000.0,516715000,18.888,75027000
40,JBHT,ART,2011-09-30,2011-10-28,2011-09-30,2021-08-03,0,2162656000,2071387250.0,477390000,1685266000,2.096,4.195,-404838000.0,7747000,7747000,2640640000.0,242294000.0,0.98,3.346,768034000,50000000,718034000,768034000,0,208406000.0,0,0.012,0.51,419369000.0,627775000.0,0.145,627775000.0,419369000.0,388845000.0,2.01,1.96,2.01,497631000,557064250.0,497631000,5862578379,14.0,9.339,181212000.0,1.528,1.0,1701277000.0,0.392,0,30524000.0,2435728000,2288488750.0,0,0,0,0,1665025000,487215000,1177810000,5102291379,-60813000.0,0.0,-318227000.0,121036000.0,-61856000.0,-242340000.0,-404523000.0,0.0,586050000.0,0.0,242294000.0,242294000.0,242294000.0,0.0,0.0,0.056,1281983000.0,419294000.0,275673000,0.254,10.253,21.058,21.746,1656384000,0.0,43.71,1.175,1.194,424634000,,4341917000.0,4341917000.0,0.0,0.117,0.435,0.183,0.097,24254000.0,1027509000.0,1.0,116730528,118627000,121126000.0,36.601,2162656000,0,146551000.0,435845000,18.231,-9825000
41,JBHT,ART,2011-06-30,2011-07-29,2011-06-30,2021-08-03,0,2120861000,2019725500.0,508151000,1612710000,2.058,4.976,-332950000.0,11149000,11149000,2498101000.0,225813000.0,1.139,2.545,664292000,15000000,649292000,664292000,0,203810000.0,0,0.011,0.51,392179000.0,595989000.0,0.143,595989000.0,392179000.0,362138000.0,1.85,1.8,1.85,598339000,581271000.0,598339000,6091108714,16.0,10.22,193971000.0,1.613,1.0,1658570000.0,0.399,0,30041000.0,2327870000,2182406000.0,0,0,0,0,1522522000,446134000,1076388000,5437965714,3435000.0,0.0,-195675000.0,49629000.0,-61050000.0,-190590000.0,-332896000.0,0.0,526921000.0,0.0,225813000.0,225813000.0,225813000.0,0.0,0.0,0.054,1266466000.0,392104000.0,270961000,0.276,9.088,24.082,24.454,1593250000,0.0,45.24,1.308,1.309,440755000,,4156671000.0,4156671000.0,0.0,0.112,0.388,0.18,0.094,23244000.0,1016087000.0,1.0,120202602,120237000,123285000.0,34.571,2120861000,0,136325000.0,406916000,17.639,62017000
42,JBHT,ART,2011-03-31,2011-04-29,2011-03-31,2021-08-03,0,2040372000,1964745500.0,475567000,1564805000,2.01,4.623,-290605000.0,5393000,5393000,2342552000.0,212230000.0,1.119,2.648,698249000,49000000,649249000,698249000,0,200407000.0,0,0.01,0.49,370083000.0,570490000.0,0.144,570490000.0,370083000.0,340137000.0,1.71,1.67,1.71,559266000,574451000.0,559266000,6425592475,17.0,11.263,187381000.0,1.549,1.0,1607040000.0,0.407,0,29946000.0,2308251000,2096058500.0,0,0,0,0,1481106000,424977000,1056129000,5732736475,-2394000.0,0.0,-298789000.0,157439000.0,-60391000.0,-189747000.0,-290633000.0,0.0,477986000.0,0.0,212230000.0,212230000.0,212230000.0,0.0,0.0,0.054,1237032000.0,370008000.0,249730000,0.287,10.25,27.012,27.883,1545125000,0.0,47.68,1.451,1.46,402922000,,3949592000.0,3949592000.0,0.0,0.108,0.369,0.177,0.094,21708000.0,990049000.0,1.0,120233567,120980000,123966000.0,32.647,2040372000,0,127907000.0,382034000,16.865,50590000
43,JBHT,ART,2010-12-31,2011-02-25,2010-12-31,2021-08-03,0,1961660000,1926935750.0,462645000,1499015000,1.969,4.595,-225932000.0,7651000,7651000,2234299000.0,199617000.0,0.907,2.423,654207000,200000000,454207000,654207000,0,197062000.0,0,0.012,0.49,347700000.0,544762000.0,0.144,544762000.0,347700000.0,319694000.0,1.6,1.56,1.6,573021000,602763250.0,573021000,5628549253,16.0,10.332,202146000.0,1.621,1.0,1559186000.0,0.411,16161000,28006000.0,2082106000,2003230500.0,17336000,0,0,0,1388639000,509949000,878690000,4981993253,-192000.0,0.0,-244090000.0,89592000.0,-59910000.0,-202254000.0,-226016000.0,0.0,428078000.0,0.0,199617000.0,199617000.0,199617000.0,0.0,0.0,0.053,1211561000.0,347625000.0,192103000,0.306,8.694,24.958,25.659,1479484000,0.0,41.055,1.313,1.35,351187000,1563527000.0,3793485000.0,3793485000.0,0.0,0.104,0.331,0.174,0.092,21397000.0,966219000.0,1.0,121349245,124712000,127767000.0,30.418,1945499000,0,120077000.0,393868000,15.6,-47304000
44,JBHT,ART,2010-09-30,2010-10-29,2010-09-30,2021-08-03,0,1956009000,1900749250.0,486265000,1469744000,1.921,4.818,-185826000.0,68560000,68560000,2145445000.0,183429000.0,0.926,2.29,649164000,200000000,449164000,649164000,0,194458000.0,0,0.013,0.47,326953000.0,521411000.0,0.143,521411000.0,326953000.0,300731000.0,1.45,1.42,1.45,594458000,620471250.0,594458000,5012241352,15.0,9.613,253174000.0,2.052,1.0,1504980000.0,0.412,0,26222000.0,2011397000,2014834750.0,0,0,0,0,1361551000,525216000,836335000,4431637352,63849000.0,0.0,-176477000.0,22087000.0,-59095000.0,-194666000.0,-180485000.0,5641000.0,439000000.0,0.0,183429000.0,183429000.0,183429000.0,0.0,0.0,0.05,1181767000.0,323213000.0,218703000,0.324,7.455,24.16,24.793,1450032000,0.0,35.95,1.214,1.215,371120000,,3650425000.0,3650425000.0,0.0,0.097,0.296,0.162,0.09,20129000.0,939793000.0,1.0,123272249,123390000,126404000.0,29.584,1956009000,0,117302000.0,357164000,15.852,-38951000
45,JBHT,ART,2010-06-30,2010-07-30,2010-06-30,2021-08-03,0,1900941000,1876270750.0,423571000,1477370000,1.864,4.544,-211026000.0,7714000,7714000,2052386000.0,171223000.0,0.802,2.329,617100000,200000000,417100000,617100000,0,191748000.0,0,0.013,0.47,306765000.0,498513000.0,0.143,498513000.0,306765000.0,280778000.0,1.34,1.32,1.34,571059000,623770250.0,571059000,4985578367,16.0,10.001,204089000.0,1.624,1.0,1445764000.0,0.413,0,25987000.0,1982480000,2064648250.0,0,0,0,0,1329882000,527847000,802035000,4376192367,4144000.0,0.0,-135066000.0,-28472000.0,-58203000.0,-206628000.0,-204343000.0,6911000.0,415115000.0,0.0,171223000.0,171223000.0,171223000.0,0.0,0.0,0.049,1143087000.0,302677000.0,196730000,0.351,7.663,25.558,26.485,1457660000,0.0,35.49,1.251,1.275,363669000,,3498150000.0,3498150000.0,0.0,0.091,0.274,0.149,0.088,18853000.0,903050000.0,1.0,123307759,125686000,128920000.0,27.832,1900941000,0,109555000.0,357986000,15.125,-104276000
46,JBHT,ART,2010-03-31,2010-04-29,2010-03-31,2021-08-03,0,1889133000,1856257000.0,419913000,1469220000,1.791,5.284,-242852000.0,7787000,7787000,1948079000.0,143159000.0,0.865,1.809,541000000,200000000,341000000,541000000,0,189694000.0,0,0.012,0.45,262418000.0,452112000.0,0.136,452112000.0,262418000.0,235405000.0,1.12,1.11,1.12,672515000,625290250.0,672515000,5328416813,20.0,11.786,127424000.0,1.001,1.0,1377079000.0,0.414,0,27013000.0,1936939000,2097904750.0,0,0,0,0,1216618000,485407000,731211000,4795203813,4211000.0,0.0,-1619000.0,-86903000.0,-57094000.0,-127738000.0,-238327000.0,7096000.0,370276000.0,0.0,143159000.0,143159000.0,143159000.0,0.0,0.0,0.043,1118658000.0,258421000.0,180085000,0.402,7.13,33.496,33.625,1449459000,0.0,37.66,1.442,1.442,341659000,,3325158000.0,3325158000.0,0.0,0.077,0.229,0.125,0.079,18203000.0,878466000.0,1.0,127328832,127282000,130397000.0,26.124,1889133000,0,92246000.0,365285000,14.842,-65494000
47,JBHT,ART,2009-12-31,2010-02-26,2009-12-31,2021-08-03,0,1856914000,1829318000.0,392465000,1464449000,1.751,5.083,-241773000.0,7843000,7843000,1851531000.0,136435000.0,1.458,1.884,565000000,0,565000000,565000000,0,189045000.0,0,0.013,0.45,251497000.0,440542000.0,0.138,440542000.0,251497000.0,224068000.0,1.08,1.05,1.08,643853000,594960500.0,643853000,5072916860,20.0,11.515,115150000.0,0.909,1.0,1351790000.0,0.422,16330000,27429000.0,2128523000,2133580500.0,17273000,0,0,0,1213061000,269218000,943843000,4515759860,5470000.0,0.0,-1882000.0,-67156000.0,-55692000.0,-107502000.0,-243951000.0,7646000.0,356923000.0,0.0,136435000.0,136435000.0,136435000.0,0.0,0.0,0.043,1103819000.0,247971000.0,191347000,0.417,7.014,33.098,32.852,1444671000,0.0,35.48,1.41,1.403,310339000,1423820000.0,3203321000.0,3203321000.0,0.0,0.075,0.229,0.118,0.079,17566000.0,863977000.0,1.0,127276208,126676000,129462000.0,25.288,1840584000,0,87633000.0,353767000,14.53,123247000
48,JBHT,ART,2009-09-30,2009-10-28,2009-09-30,2021-08-03,0,1858095000,1813452750.0,401902000,1456193000,1.768,4.782,-289806000.0,4711000,4711000,1834075000.0,148046000.0,1.497,2.058,625800000,0,625800000,625800000,0,191909000.0,0,0.014,0.43,261439000.0,453348000.0,0.141,453348000.0,261439000.0,236894000.0,1.16,1.15,1.16,607654000,566250000.0,607654000,4538190415,17.0,10.01,113822000.0,0.896,1.0,1372080000.0,0.428,0,24545000.0,2210651000,2101219750.0,0,0,0,0,1250441000,268533000,981908000,3917101415,2261000.0,0.0,-3922000.0,-65913000.0,-54307000.0,-107492000.0,-293875000.0,2824000.0,403628000.0,0.0,148046000.0,148046000.0,148046000.0,0.0,0.0,0.046,1110994000.0,261086000.0,180712000,0.371,6.446,26.459,26.56,1435912000,0.0,30.81,1.222,1.221,340330000,,3206155000.0,3206155000.0,0.0,0.082,0.261,0.124,0.082,17547000.0,866213000.0,1.0,127137339,127073000,129819000.0,25.231,1858095000,0,88848000.0,339766000,14.622,133369000
49,JBHT,ART,2009-06-30,2009-07-31,2009-06-30,2021-08-03,0,1820886000,1799886750.0,386234000,1434652000,1.872,4.568,-235173000.0,3570000,3570000,1942704000.0,168383000.0,1.103,2.155,648200000,61500000,586700000,648200000,0,195478000.0,0,0.015,0.43,296370000.0,491848000.0,0.146,491848000.0,296370000.0,268558000.0,1.33,1.31,1.33,577139000,535060750.0,577139000,4189960914,14.0,8.519,217100000.0,1.718,1.0,1426136000.0,0.423,0,27812000.0,2115506000,2062920250.0,0,0,0,0,1243747000,350010000,893737000,3545330914,2310000.0,0.0,-2126000.0,-175059000.0,-52939000.0,-210398000.0,-239565000.0,2871000.0,452273000.0,0.0,168383000.0,168383000.0,168383000.0,0.0,0.0,0.05,1129738000.0,296398000.0,173125000,0.323,6.143,21.055,21.015,1414557000,0.0,27.95,1.052,1.048,308313000,,3368840000.0,3368840000.0,0.0,0.094,0.315,0.144,0.088,17247000.0,879845000.0,1.0,126845471,126346000,129364000.0,26.664,1820886000,0,100175000.0,286010000,14.412,36224000
50,JBHT,ART,2009-03-31,2009-04-29,2009-03-31,2021-08-03,0,1781377000,1809619000.0,372696000,1408681000,1.976,4.372,-197023000.0,3576000,3576000,2081891000.0,194938000.0,1.139,2.232,629000000,65000000,564000000,629000000,0,199112000.0,0,0.015,0.41,342649000.0,541761000.0,0.151,541761000.0,342649000.0,312152000.0,1.54,1.51,1.54,551196000,497339750.0,551196000,4105638134,12.0,7.578,264557000.0,2.098,1.0,1494504000.0,0.418,0,30497000.0,2079642000,2079152250.0,0,0,0,0,1230181000,327159000,903022000,3480214134,-12642000.0,0.0,-2582000.0,-244371000.0,-51551000.0,-275858000.0,-198364000.0,3889000.0,461580000.0,0.0,194938000.0,194938000.0,194938000.0,0.0,0.0,0.055,1151152000.0,343352000.0,157608000,0.266,6.314,17.853,17.922,1390751000,0.0,27.6,0.973,0.973,278543000,,3576395000.0,3576395000.0,0.0,0.108,0.392,0.165,0.096,15519000.0,897221000.0,1.0,126094715,126078000,128558000.0,28.367,1781377000,0,117214000.0,318406000,14.129,45537000
51,JBHT,ART,2008-12-31,2009-02-27,2008-12-31,2021-08-03,-1186000,1793453000,1828792000.0,396287000,1397166000,2.041,4.218,-210881000.0,2373000,2373000,2190245000.0,200593000.0,0.972,2.39,633500000,118500000,515000000,633500000,0,202288000.0,0,0.02,0.41,357573000.0,559861000.0,0.15,559861000.0,357573000.0,322236000.0,1.6,1.56,1.6,529011000,452340000.0,529011000,3200878190,9.0,5.717,294265000.0,2.346,1.0,1541698000.0,0.413,17612000,35337000.0,1999080000,2121802000.0,18214000,0,0,0,1264442000,407888000,856554000,2569751190,-12584000.0,0.0,-2023000.0,-287068000.0,-50144000.0,-315426000.0,-202304000.0,6275000.0,505146000.0,0.0,200593000.0,200593000.0,200593000.0,0.0,0.0,0.054,1183280000.0,358418000.0,196059000,0.256,4.858,12.811,12.738,1386530000,0.0,20.38,0.689,0.685,280614000,1343077000.0,3731943000.0,3731943000.0,0.0,0.11,0.443,0.169,0.096,13773000.0,920220000.0,1.0,126091815,125416000,128533000.0,29.757,1775841000,0,121643000.0,321147000,14.16,-11601000
52,JBHT,ART,2008-09-30,2008-10-31,2008-09-30,2021-08-03,0,1803831000,1846115250.0,438861000,1364970000,2.057,3.835,-184646000.0,2450000,2450000,2219520000.0,201640000.0,1.006,2.735,692200000,147000000,545200000,692200000,0,204721000.0,0,0.014,0.39,367332000.0,572053000.0,0.151,572053000.0,367332000.0,323410000.0,1.6,1.56,1.6,482897000,405886500.0,482897000,4272221351,12.0,7.468,259884000.0,2.064,1.0,1577586000.0,0.415,0,43922000.0,2057453000,2176027000.0,0,0,0,0,1320934000,436128000,884806000,3582471351,-1663000.0,0.0,-65240000.0,-168148000.0,-48827000.0,-257540000.0,-188653000.0,-3300000.0,444530000.0,0.0,201640000.0,201640000.0,201640000.0,0.0,0.0,0.053,1208956000.0,368630000.0,182808000,0.244,7.419,17.767,17.769,1353720000,0.0,28.43,0.943,0.943,379372000,,3797106000.0,3797106000.0,0.0,0.109,0.497,0.169,0.097,11576000.0,940402000.0,1.0,126010248,125907000,129042000.0,30.158,1803831000,0,121770000.0,331120000,14.327,2733000
53,JBHT,ART,2008-06-30,2008-07-31,2008-06-30,2021-08-03,0,1859815000,1851695500.0,466349000,1393466000,1.994,3.409,-231003000.0,1260000,1260000,2111175000.0,192123000.0,0.927,3.363,824700000,209000000,615700000,824700000,0,206353000.0,0,0.011,0.39,357250000.0,563603000.0,0.153,563603000.0,357250000.0,310258000.0,1.51,1.47,1.51,426255000,374981000.0,426255000,5468760728,15.0,9.703,219668000.0,1.757,1.0,1581135000.0,0.428,0,46992000.0,2180434000,2197549500.0,0,0,0,0,1433560000,502821000,930739000,4645320728,-4914000.0,0.0,-306836000.0,113000000.0,-48180000.0,-219346000.0,-236239000.0,-4617000.0,450671000.0,0.0,192123000.0,192123000.0,192123000.0,0.0,0.0,0.052,1222872000.0,358263000.0,188325000,0.258,10.898,24.179,24.49,1382394000,0.0,36.98,1.258,1.252,382121000,,3692310000.0,3692310000.0,0.0,0.104,0.512,0.163,0.097,11091000.0,948876000.0,1.0,125617110,125047000,128476000.0,29.527,1859815000,0,118135000.0,299587000,14.873,-36472000
54,JBHT,ART,2008-03-31,2008-04-30,2008-03-31,2021-08-03,0,1858069000,1844709500.0,471657000,1386412000,1.936,2.978,-296529000.0,16218000,16218000,1981393000.0,205376000.0,1.033,4.006,865200000,164000000,701200000,865200000,0,206152000.0,0,0.011,0.37,359893000.0,566045000.0,0.159,566045000.0,359893000.0,312212000.0,1.57,1.53,1.57,371197000,407541250.0,371197000,5085850845,14.0,8.985,123969000.0,0.994,1.0,1589438000.0,0.445,0,47681000.0,2250241000,2155939000.0,0,0,0,0,1486872000,456810000,1030062000,4236868845,6734000.0,0.0,-503754000.0,420495000.0,-48332000.0,-110829000.0,-302935000.0,-5820000.0,420498000.0,0.0,205376000.0,205376000.0,205376000.0,0.0,0.0,0.058,1228993000.0,360445000.0,189164000,0.236,11.414,20.63,21.637,1375520000,0.0,33.97,1.187,1.186,340420000,,3570831000.0,3570831000.0,0.0,0.111,0.504,0.167,0.101,10156000.0,952687000.0,1.0,124723840,124657000,127914000.0,28.645,1858069000,0,106836000.0,312510000,14.905,14847000
55,JBHT,ART,2007-12-31,2008-02-29,2007-12-31,2021-08-03,-993000,1862746000,1823538750.0,488894000,1373852000,1.914,2.555,-330635000.0,14957000,14957000,1888361000.0,213134000.0,0.932,4.428,913100000,234000000,679100000,913100000,0,205133000.0,0,0.014,0.37,368570000.0,573703000.0,0.164,573703000.0,368570000.0,325047000.0,1.59,1.55,1.59,343197000,486870250.0,343197000,4311603525,12.0,7.515,127170000.0,0.947,1.0,1601538000.0,0.459,20477000,43523000.0,2215980000,2017274250.0,15445000,0,0,0,1519549000,524432000,995117000,3413460525,7586000.0,0.0,-606104000.0,521022000.0,-48847000.0,-109732000.0,-340487000.0,-8756000.0,457805000.0,0.0,213134000.0,213134000.0,213134000.0,0.0,0.0,0.061,1232749000.0,368789000.0,189987000,0.233,9.946,16.016,17.214,1358723000,0.0,27.37,0.978,1.054,330202000,1192628000.0,3489899000.0,3489899000.0,0.0,0.117,0.438,0.183,0.106,9389000.0,957961000.0,1.0,124715401,134334000,137639000.0,25.979,1842269000,0,111913000.0,301634000,13.714,-35538000
56,JBHT,ART,2007-09-30,2007-10-31,2007-09-30,2021-08-03,0,1826152000,1800366500.0,411529000,1414623000,1.887,2.752,-344382000.0,4113000,4113000,1797194000.0,216614000.0,0.768,4.083,857200000,234000000,623200000,857200000,0,202088000.0,0,0.013,0.35,367447000.0,569535000.0,0.168,569535000.0,367447000.0,329324000.0,1.56,1.52,1.56,359275000,591005250.0,359275000,4370185215,12.0,7.673,76446000.0,0.586,1.0,1599323000.0,0.471,0,38123000.0,2143543000,1878015750.0,0,0,0,0,1466877000,535696000,931181000,3517098215,-13963000.0,0.0,-542259000.0,477200000.0,-49116000.0,-89353000.0,-345438000.0,0.0,420828000.0,0.0,216614000.0,216614000.0,216614000.0,0.0,0.0,0.064,1231431000.0,367892000.0,202968000,0.224,9.789,16.237,17.769,1399680000,0.0,27.72,1.036,1.065,359220000,,3396517000.0,3396517000.0,0.0,0.12,0.367,0.196,0.108,8747000.0,948141000.0,1.0,126879445,130537000,133659000.0,26.02,1826152000,0,112710000.0,295374000,13.99,-124167000
57,JBHT,ART,2007-06-30,2007-07-31,2007-06-30,2021-08-03,0,1831871000,1771531000.0,423237000,1408634000,1.898,4.016,-480392000.0,6174000,6174000,1765577000.0,223665000.0,0.821,2.292,703500000,234000000,469500000,703500000,0,195601000.0,0,0.013,0.35,371481000.0,567082000.0,0.169,567082000.0,371481000.0,340747000.0,1.57,1.53,1.57,556496000,676964000.0,556496000,4474067327,12.0,7.89,-95986000.0,-0.693,1.0,1597567000.0,0.475,0,30734000.0,2013992000,1740739500.0,0,0,0,0,1275375000,515205000,760170000,3776741327,-3036000.0,0.0,-368717000.0,486500000.0,-48796000.0,92854000.0,-480296000.0,0.0,384406000.0,0.0,223665000.0,223665000.0,223665000.0,0.0,0.0,0.067,1225085000.0,372482000.0,180068000,0.223,6.787,16.886,17.79,1393871000,0.0,27.93,1.123,1.151,351001000,,3363144000.0,3363144000.0,0.0,0.126,0.33,0.213,0.11,7942000.0,951626000.0,1.0,135221673,138560000,142030000.0,24.272,1831871000,0,117082000.0,272369000,13.221,-91968000
58,JBHT,ART,2007-03-31,2007-04-30,2007-03-31,2021-08-03,0,1773386000,1699694250.0,429425000,1343961000,1.968,4.816,-437371000.0,9484000,9484000,1755285000.0,215142000.0,0.83,1.576,449000000,164000000,285000000,449000000,0,189594000.0,0,0.009,0.25,369569000.0,559163000.0,0.167,559163000.0,369569000.0,346547000.0,1.48,1.44,1.48,688513000,718313000.0,688513000,4259900758,12.0,7.618,-11889000.0,-0.083,1.0,1590253000.0,0.475,0,23022000.0,1695582000,1602921500.0,0,0,0,0,1084873000,517320000,567553000,3820384758,663000.0,0.0,-363013000.0,401600000.0,-48405000.0,12566000.0,-437385000.0,0.0,425482000.0,0.0,215142000.0,215142000.0,215142000.0,0.0,0.0,0.064,1218589000.0,371664000.0,237052000,0.169,5.549,17.758,18.284,1328915000,0.0,27.06,1.142,1.156,329751000,,3345538000.0,3345538000.0,0.0,0.127,0.3,0.231,0.11,7312000.0,952572000.0,1.0,141181994,142969000,146473000.0,23.4,1773386000,0,131405000.0,285053000,12.404,-87895000
59,JBHT,ART,2006-12-31,2007-02-28,2006-12-31,2021-08-03,-148000,1770057000,1637073000.0,471243000,1298814000,2.033,5.113,-410203000.0,7371000,7371000,1752284000.0,219952000.0,0.984,1.33,396400000,214000000,182400000,396400000,0,183604000.0,0,0.012,0.33,370450000.0,554054000.0,0.166,554054000.0,370450000.0,354313000.0,1.48,1.44,1.48,759737000,761302500.0,759737000,4184164505,11.0,7.552,12860000.0,0.087,1.0,1575703000.0,0.473,21410000,16137000.0,1658946000,1502419000.0,13921000,0,0,0,1010320000,478730000,531590000,3795135505,-41000.0,0.0,-258599000.0,272400000.0,-47734000.0,-12343000.0,-410761000.0,0.0,423063000.0,0.0,219952000.0,219952000.0,219952000.0,0.0,0.0,0.066,1203050000.0,372653000.0,170672000,0.223,4.995,17.254,17.946,1283551000,0.0,26.56,1.14,1.186,346251000,1035804000.0,3327987000.0,3327987000.0,0.0,0.134,0.289,0.247,0.111,7171000.0,947864000.0,1.0,142889138,148581000,152317000.0,22.398,1748647000,11824000,134361000.0,318237000,11.769,-7487000
60,JBHT,ART,2006-09-30,2006-10-31,2006-09-30,2021-08-03,0,1710810000,1581777250.0,439296000,1271514000,2.108,4.84,-396883000.0,18076000,18076000,1766550000.0,227486000.0,0.918,1.433,380000000,214000000,166000000,380000000,0,176448000.0,0,0.014,0.3,380509000.0,556957000.0,0.167,556957000.0,380509000.0,369158000.0,1.51,1.47,1.51,703110000,775624500.0,703110000,3484413029,9.0,6.256,21206000.0,0.146,1.0,1568244000.0,0.47,0,11351000.0,1594438000,1429581500.0,0,0,0,0,1007700000,478296000,529404000,3122489029,3460000.0,0.0,-298185000.0,304300000.0,-45445000.0,-17672000.0,-396957000.0,0.0,418089000.0,0.0,227486000.0,227486000.0,227486000.0,0.0,0.0,0.068,1184333000.0,383911000.0,177251000,0.199,4.441,13.726,14.331,1256103000,0.0,21.64,0.936,0.943,343473000,,3334794000.0,3334794000.0,0.0,0.144,0.293,0.266,0.114,13579000.0,949441000.0,1.0,144292469,145262000,,22.957,1710810000,0,141672000.0,311335000,11.777,-39000000
61,JBHT,ART,2006-06-30,2006-07-31,2006-06-30,2021-08-03,0,1544524000,1526589750.0,420191000,1124333000,2.147,4.791,-259640000.0,9210000,9210000,1727832000.0,209495000.0,1.451,1.14,217000000,40000000,177000000,217000000,0,171743000.0,0,0.015,0.3,344749000.0,516492000.0,0.158,516492000.0,344749000.0,337206000.0,1.36,1.33,1.36,721892000,797071500.0,721892000,3238918121,9.0,6.271,179413000.0,1.191,1.0,1549837000.0,0.473,0,7543000.0,1462720000,1342027750.0,0,0,0,0,822632000,289594000,533038000,3031128121,-6425000.0,0.0,-311821000.0,149700000.0,-43274000.0,-184713000.0,-260765000.0,0.0,439053000.0,0.0,209495000.0,209495000.0,209495000.0,0.0,0.0,0.064,1201313000.0,348524000.0,176994000,0.221,4.199,14.469,15.125,1107133000,0.0,20.57,0.925,0.946,325305000,,3277669000.0,3277669000.0,0.0,0.137,0.263,0.257,0.105,14526000.0,945532000.0,1.0,147356739,150678000,,21.753,1544524000,0,127711000.0,308018000,10.25,130597000
62,JBHT,ART,2006-03-31,2006-04-28,2006-03-31,2021-08-03,0,1522901000,1506845500.0,424773000,1098128000,2.123,5.586,-233961000.0,8821000,8821000,1667097000.0,208792000.0,1.586,0.77,47400000,0,47400000,47400000,0,167332000.0,0,0.012,0.28,342689000.0,510021000.0,0.159,510021000.0,342689000.0,336687000.0,1.33,1.3,1.33,860471000,825557750.0,860471000,3718117970,11.0,7.29,183523000.0,1.191,1.0,1531524000.0,0.479,0,6002000.0,1293572000,1291963250.0,0,0,0,0,662430000,267908000,394522000,3679538970,-4009000.0,0.0,-141175000.0,-20600000.0,-40538000.0,-187411000.0,-234082000.0,0.0,417484000.0,0.0,208792000.0,208792000.0,208792000.0,0.0,0.0,0.065,1185404000.0,346120000.0,167934000,0.211,4.276,17.623,17.917,1078706000,0.0,23.83,1.15,1.148,307313000,,3198621000.0,3198621000.0,0.0,0.139,0.253,0.265,0.107,19984000.0,936297000.0,1.0,154407846,154050000,,20.764,1522901000,0,127895000.0,325527000,9.886,156865000
63,JBHT,ART,2005-12-31,2006-03-10,2005-12-31,2021-08-03,0,1548874000,1495810500.0,474690000,1074184000,2.091,5.297,-203906000.0,7412000,7412000,1616090000.0,207311000.0,1.719,0.896,124000000,0,124000000,124000000,0,163034000.0,0,0.011,0.26,340157000.0,503191000.0,0.161,503191000.0,340157000.0,333626000.0,1.32,1.28,1.32,817025000,810542000.0,817025000,3798416007,11.0,7.549,127946000.0,0.829,1.0,1511809000.0,0.483,21780000,6531000.0,1367596000,1286930000.0,11138000,0,0,0,731849000,276086000,455763000,3681828007,-27304000.0,0.0,-243440000.0,124000000.0,-37955000.0,-146512000.0,-212644000.0,0.0,331852000.0,0.0,207311000.0,207311000.0,207311000.0,0.0,0.0,0.066,1167909000.0,343900000.0,162749000,0.197,4.506,17.76,18.083,1054059000,0.0,23.87,1.177,1.177,343501000,863586000.0,3127899000.0,3127899000.0,0.0,0.139,0.256,0.264,0.109,19276000.0,923808000.0,1.0,154244994,154244994,,20.279,1527094000,0,126315000.0,313416000,9.9,198604000
64,JBHT,ART,2005-09-30,2005-10-31,2005-09-30,2021-08-03,0,1490060000,1481518500.0,432901000,1057159000,2.052,5.034,-222471000.0,3738000,3738000,1554465000.0,161755000.0,1.362,0.889,75700000,0,75700000,75700000,0,158991000.0,0,0.01,0.195,326453000.0,485444000.0,0.16,485444000.0,326453000.0,320001000.0,1.005,0.98,1.005,788898000,821523250.0,788898000,3073906622,9.0,6.332,159971000.0,1.021,1.0,1485864000.0,0.489,0,6452000.0,1244223000,1229518750.0,0,0,0,0,701162000,317799000,383363000,3001944622,-34964000.0,0.0,-194523000.0,25700000.0,-31128000.0,-199951000.0,-217455000.0,0.0,382442000.0,0.0,161755000.0,161755000.0,161755000.0,0.0,0.0,0.053,1158427000.0,327437000.0,195158000,0.194,3.805,18.559,19.313,1034162000,0.0,19.41,0.987,1.0,329972000,,3040329000.0,3040329000.0,0.0,0.109,0.197,0.266,0.107,14805000.0,923278000.0,1.0,154659692,156710000,,19.401,1490060000,6580000,158246000.0,302501000,9.508,115102000
65,JBHT,ART,2005-06-30,2005-07-22,2005-06-30,2021-08-03,0,1465547000,1460449750.0,426649000,1038898000,2.025,5.277,-205761000.0,4757000,4757000,1492600000.0,169787000.0,1.606,0.753,67300000,0,67300000,67300000,0,155342000.0,0,0.007,0.15,344049000.0,499391000.0,0.169,499391000.0,344049000.0,337606000.0,1.05,1.015,1.05,835837000,833796000.0,835837000,3230263340,9.0,6.468,143576000.0,0.906,1.0,1465203000.0,0.495,0,6443000.0,1262462000,1195839500.0,0,0,0,0,629710000,265628000,364082000,3167720340,-33812000.0,0.0,-110991000.0,-59301000.0,-24107000.0,-194399000.0,-188750000.0,0.0,349337000.0,0.0,169787000.0,169787000.0,169787000.0,0.0,0.0,0.057,1120200000.0,345003000.0,139548000,0.143,3.79,18.657,19.048,1018000000,0.0,20.0,1.071,1.071,311799000,,2957803000.0,2957803000.0,0.0,0.116,0.204,0.288,0.116,17267000.0,913663000.0,1.0,158386017,158387000,,18.675,1465547000,6580000,167819000.0,308090000,9.253,161021000
66,JBHT,ART,2005-03-31,2005-04-29,2005-03-31,2021-08-03,0,1478761000,1441888250.0,444410000,1034351000,1.996,4.981,-243443000.0,1952000,1952000,1437364000.0,160781000.0,1.638,0.848,68000000,0,68000000,68000000,0,151963000.0,0,0.008,0.165,330359000.0,482322000.0,0.168,482322000.0,330359000.0,324094000.0,0.995,0.96,0.995,800408000,820807000.0,800408000,3162618366,10.0,6.557,146142000.0,0.909,1.0,1440269000.0,0.501,0,6265000.0,1273439000,1159050750.0,0,0,0,0,678353000,271370000,406983000,3096570366,-30739000.0,0.0,-99344000.0,-76859000.0,-17011000.0,-193214000.0,-227110000.0,0.0,389585000.0,0.0,160781000.0,160781000.0,160781000.0,0.0,0.0,0.056,1109097000.0,331172000.0,161733000,0.166,3.869,19.26,19.643,1010497000,0.0,19.545,1.076,1.092,300111000,,2877633000.0,2877633000.0,0.0,0.112,0.196,0.285,0.115,18061000.0,903645000.0,1.0,158432866,160704000,,17.906,1478761000,19418000,163313000.0,335253000,9.202,173040000
67,JBHT,ART,2004-12-31,2005-03-11,2004-12-31,2021-08-03,0,1491706000,1410799750.0,464042000,1027664000,1.975,5.313,-275788000.0,23838000,23838000,1379887000.0,146256000.0,1.506,0.733,0,0,0,0,0,149776000.0,0,0.004,0.105,309641000.0,459417000.0,0.165,459417000.0,309641000.0,302279000.0,0.905,0.875,0.905,860950000,805185250.0,860950000,3907728915,13.0,8.506,117949000.0,0.728,1.0,1406267000.0,0.505,21696000,7362000.0,1137951000,1110810000.0,9692000,0,0,0,630756000,308221000,322535000,3931566915,-34274000.0,0.0,1017000.0,-171844000.0,-7288000.0,-178115000.0,-249896000.0,0.0,393737000.0,0.0,146256000.0,146256000.0,146256000.0,0.0,0.0,0.052,1096044000.0,310223000.0,180018000,0.116,4.567,26.881,26.807,1011379000,0.0,24.26,1.411,1.411,289146000,694230000.0,2786154000.0,2786154000.0,0.0,0.104,0.182,0.279,0.111,17829000.0,891511000.0,1.0,162059642,162059642,,17.192,1470010000,19418000,156023000.0,307655000,9.071,155821000
68,JBHT,ART,2004-09-30,2004-10-29,2004-09-30,2021-08-03,0,1405785000,1374641000.0,408775000,997010000,1.932,5.169,-275502000.0,41819000,41819000,1295852000.0,152965000.0,1.343,0.678,50000000,50000000,0,50000000,0,148448000.0,0,0.001,0.03,275695000.0,424143000.0,0.16,424143000.0,275695000.0,268148000.0,0.95,0.92,0.95,837989000,765731750.0,837989000,3327301684,12.0,7.845,96246000.0,0.594,1.0,1360242000.0,0.512,0,7547000.0,1109506000,1078761250.0,0,0,0,0,567796000,304460000,263336000,3319120684,-51350000.0,0.0,-36000.0,-154819000.0,-4847000.0,-159702000.0,-263396000.0,0.0,371748000.0,0.0,152965000.0,152965000.0,152965000.0,0.0,0.0,0.058,1082423000.0,277819000.0,139595000,0.032,3.961,21.699,21.505,968413000,0.0,20.43,1.25,1.247,309201000,,2656094000.0,2656094000.0,0.0,0.111,0.2,0.256,0.104,14218000.0,876263000.0,1.0,162463078,162132000,,16.382,1405785000,0,115183000.0,290745000,8.671,104315000
69,JBHT,ART,2004-06-30,2004-07-29,2004-06-30,2021-08-03,0,1391301000,1347517250.0,388561000,1002740000,1.899,4.869,-265799000.0,41686000,41686000,1243316000.0,137751000.0,1.077,0.775,126582000,126582000,0,126582000,0,149186000.0,0,0.001,0.015,251226000.0,400412000.0,0.156,400412000.0,251226000.0,240792000.0,0.86,0.835,0.86,783881000,725156750.0,783881000,3184021244,13.0,7.952,114505000.0,0.711,1.0,1315808000.0,0.514,0,10434000.0,1115307000,1053722250.0,0,0,0,0,607420000,360890000,246530000,3099125244,-86647000.0,0.0,2716000.0,-201909000.0,-2414000.0,-201607000.0,-265344000.0,0.0,380304000.0,0.0,137751000.0,137751000.0,137751000.0,0.0,0.0,0.054,1063082000.0,252726000.0,127514000,0.017,3.954,22.498,22.311,965075000,0.0,19.188,1.211,1.207,276022000,,2559124000.0,2559124000.0,0.0,0.102,0.19,0.238,0.098,13547000.0,857193000.0,1.0,161517928,160994000,,15.896,1391301000,0,103041000.0,271888000,8.642,27671000
70,JBHT,ART,2004-03-31,2004-05-07,2004-03-31,2021-08-03,0,1354407000,1334067250.0,400196000,954211000,1.859,4.603,-229793000.0,35808000,35808000,1201670000.0,117255000.0,1.045,0.835,144816000,144816000,0,144816000,0,149729000.0,0,0.001,0.015,219252000.0,368981000.0,0.149,368981000.0,219252000.0,205119000.0,0.735,0.715,0.735,737921000,687256750.0,737921000,2546703119,12.0,6.902,131168000.0,0.818,1.0,1278284000.0,0.515,0,14133000.0,1080476000,1063287750.0,0,0,0,0,616486000,382939000,233547000,2437695119,-48471000.0,0.0,10378000.0,-191044000.0,0.0,-180666000.0,-228766000.0,0.0,360961000.0,0.0,117255000.0,117255000.0,117255000.0,0.0,0.0,0.047,1058292000.0,219992000.0,143154000,0.02,3.303,20.79,20.667,915677000,0.0,15.19,0.983,0.982,268499000,,2479954000.0,2479954000.0,0.0,0.088,0.171,0.206,0.088,7954000.0,849483000.0,1.0,160480258,160330000,,15.468,1354407000,0,87864000.0,258455000,8.448,17257000
71,JBHT,ART,2003-12-31,2004-03-04,2003-12-31,2021-08-03,0,1347071000,1323756250.0,423004000,924067000,1.838,4.384,-191706000.0,61229000,61229000,1184119000.0,95459000.0,0.994,0.916,171777000,171777000,0,171777000,0,150221000.0,0,0.0,0.0,184941000.0,335162000.0,0.138,335162000.0,184941000.0,167729000.0,0.6,0.585,0.6,703136000,653360000.0,703136000,2299666614,12.0,6.861,140904000.0,0.879,1.0,1249350000.0,0.513,22213000,17212000.0,1009756000,1107971000.0,8640000,0,0,0,643935000,425650000,218285000,2189118614,-19399000.0,0.0,9964000.0,-171456000.0,0.0,-161492000.0,-190517000.0,0.0,332610000.0,0.0,95459000.0,95459000.0,95459000.0,0.0,0.0,0.039,1063715000.0,185635000.0,158886000,0.0,3.113,22.933,22.75,884965000,0.0,13.65,0.9,0.9,256032000,555262000.0,2433469000.0,2433469000.0,0.0,0.072,0.146,0.167,0.076,7226000.0,849994000.0,1.0,160374990,160374990,,15.174,1324858000,0,72270000.0,237493000,8.261,-2646000
72,JBHT,ART,2003-09-30,2003-10-31,2003-09-30,2021-08-03,0,1297290000,1316670500.0,416807000,880483000,1.815,4.234,-146621000.0,93169000,93169000,1164317000.0,83695000.0,1.043,0.92,204728000,194819000,9909000,204728000,0,150501000.0,0,0.0,0.0,158143000.0,308644000.0,0.129,308644000.0,158143000.0,137538000.0,0.528,0.518,0.528,675689000,625197750.0,675689000,2142720146,14.0,6.942,156284000.0,0.979,1.0,1226071000.0,0.513,0,20605000.0,1009350000,1164490000.0,0,0,0,0,621601000,399499000,222102000,2031161146,7408000.0,0.0,10590000.0,-156767000.0,0.0,-146177000.0,-149320000.0,0.0,302905000.0,0.0,83695000.0,83695000.0,83695000.0,0.0,0.0,0.035,1067399000.0,158672000.0,109748000,0.0,3.006,24.269,24.034,841124000,0.0,12.69,0.85,0.847,266088000,,2390388000.0,2390388000.0,0.0,0.064,0.134,0.136,0.066,6967000.0,849707000.0,1.0,160059980,159604000,,14.977,1297290000,0,53843000.0,219171000,8.128,17308000
73,JBHT,ART,2003-06-30,2003-07-30,2003-06-30,2021-08-03,0,1337501000,1317077000.0,454667000,882834000,1.785,4.0,-163408000.0,128333000,128333000,1141579000.0,67790000.0,1.201,1.115,322846000,196207000,126639000,322846000,0,148754000.0,0,0.0,0.0,128473000.0,277227000.0,0.118,277227000.0,128473000.0,106772000.0,0.43,0.422,0.43,632281000,599884500.0,632281000,2042673803,16.0,7.368,77180000.0,0.488,1.0,1209836000.0,0.515,0,21701000.0,1153569000,1227414750.0,0,0,0,0,705220000,378445000,326775000,1848160803,48009000.0,0.0,4673000.0,-40026000.0,0.0,-35353000.0,-157226000.0,0.0,240588000.0,0.0,67790000.0,67790000.0,67790000.0,0.0,0.0,0.029,1080713000.0,129123000.0,101451000,0.0,2.923,27.263,27.198,843214000,0.0,11.695,0.786,0.786,257675000,,2351415000.0,2351415000.0,0.0,0.051,0.113,0.105,0.055,3080000.0,865300000.0,1.0,158029996,158052000,,14.877,1337501000,0,38982000.0,203462000,8.462,76222000
74,JBHT,ART,2003-03-31,2003-05-07,2003-03-31,2021-08-03,0,1313163000,1305178500.0,434782000,878381000,1.769,3.828,-150008000.0,84279000,84279000,1117326000.0,58140000.0,1.424,1.18,335645000,119985000,215660000,335645000,0,147401000.0,0,0.0,0.0,109866000.0,257267000.0,0.111,257267000.0,109866000.0,86531000.0,0.375,0.368,0.375,602334000,580998250.0,602334000,1593471584,15.0,6.194,62586000.0,0.398,1.0,1191551000.0,0.516,0,23335000.0,1259209000,1275787500.0,0,0,0,0,710829000,305320000,405509000,1342105584,71875000.0,0.0,70229000.0,-72717000.0,0.0,-2488000.0,-138231000.0,0.0,212594000.0,0.0,58140000.0,58140000.0,58140000.0,0.0,0.0,0.025,1080359000.0,111192000.0,123076000,0.0,2.228,23.084,22.733,838080000,0.0,8.525,0.581,0.581,257023000,,2308877000.0,2308877000.0,0.0,0.045,0.1,0.086,0.048,1472000.0,870341000.0,1.0,157431740,157364000,,14.672,1313163000,0,28391000.0,190796000,8.345,129462000
75,JBHT,ART,2002-12-31,2003-03-11,2002-12-31,2021-08-03,0,1318728000,1282026500.0,433181000,885547000,1.753,3.751,-159336000.0,80628000,80628000,1072737000.0,51816000.0,1.332,1.233,343115000,124148000,218967000,343115000,0,145848000.0,0,0.0,0.0,99610000.0,245458000.0,0.109,245458000.0,99610000.0,74847000.0,0.34,0.333,0.34,590487000,548538000.0,590487000,1189246264,12.0,4.845,15027000.0,0.095,1.0,1175149000.0,0.523,20054000,24763000.0,1235832000,1307947750.0,9515000,0,0,0,728241000,325329000,402912000,926759264,31383000.0,0.0,67495000.0,-49043000.0,0.0,18452000.0,-161432000.0,0.0,174363000.0,0.0,51816000.0,51816000.0,51816000.0,0.0,0.0,0.023,1074186000.0,100963000.0,117931000,0.0,1.569,17.886,17.316,844562000,0.0,5.888,0.412,0.412,237156000,459803000.0,2247886000.0,2247886000.0,0.0,0.04,0.094,0.076,0.044,5822000.0,872206000.0,1.0,157411340,157411340,,14.28,1298674000,0,23031000.0,192690000,8.25,107852000
76,JBHT,ART,2002-09-30,2002-11-08,2002-09-30,2021-08-03,0,1298916000,1267419000.0,414426000,884490000,1.733,3.661,-175745000.0,85761000,85761000,1043707000.0,55271000.0,1.322,1.261,361370000,127142000,234228000,361370000,0,144541000.0,0,0.0,0.0,103492000.0,248033000.0,0.113,248033000.0,103492000.0,75166000.0,0.372,0.363,0.372,574436000,515495500.0,574436000,1355342773,13.0,5.464,-2837000.0,-0.018,1.0,1152753000.0,0.525,0,28326000.0,1261049000,1328926000.0,0,0,0,0,724480000,313476000,411004000,1079733773,22598000.0,0.0,66630000.0,-45303000.0,0.0,21327000.0,-171637000.0,0.0,172908000.0,0.0,55271000.0,55271000.0,55271000.0,0.0,0.0,0.025,1046513000.0,106240000.0,119282000,0.0,1.88,19.535,18.488,847301000,0.0,6.878,0.492,0.491,253932000,,2196460000.0,2196460000.0,0.0,0.044,0.107,0.078,0.047,8537000.0,858858000.0,1.0,156995096,156908000,,13.998,1298916000,0,19895000.0,174596000,8.278,100950000
77,JBHT,ART,2002-06-30,2002-07-29,2002-06-30,2021-08-03,0,1289907000,1252200500.0,406808000,883099000,1.718,3.751,-133169000.0,80324000,80324000,1029795000.0,43064000.0,1.762,1.317,368330000,39355000,328975000,368330000,0,143809000.0,0,0.0,0.0,86789000.0,230598000.0,0.107,230598000.0,86789000.0,58177000.0,0.297,0.287,0.297,556736000,484421500.0,556736000,1336579705,15.0,5.796,42602000.0,0.287,1.0,1121150000.0,0.521,0,28612000.0,1347060000,1344708750.0,0,0,0,0,733171000,230853000,502318000,1048573705,57834000.0,0.0,67224000.0,-45547000.0,0.0,21677000.0,-139614000.0,0.0,175771000.0,0.0,43064000.0,43064000.0,43064000.0,0.0,0.0,0.02,1030986000.0,90164000.0,120531000,0.0,1.883,24.349,22.517,836647000,0.0,6.688,0.487,0.461,246818000,,2150945000.0,2150945000.0,0.0,0.034,0.089,0.065,0.04,10390000.0,844600000.0,1.0,156796068,148428000,,14.492,1289907000,0,15113000.0,171373000,8.69,175955000
78,JBHT,ART,2002-03-31,2002-05-29,2002-03-31,2021-08-03,0,1220555000,1229543750.0,329548000,891007000,1.72,3.257,-93848000.0,12404000,12404000,1015577000.0,36153000.0,1.441,1.583,408341000,61884000,346457000,408341000,0,143226000.0,0,0.0,0.0,74773000.0,217999000.0,0.103,217999000.0,74773000.0,47157000.0,0.253,0.247,0.253,472493000,455787750.0,472493000,1341428170,18.0,6.153,54066000.0,0.373,1.0,1099529000.0,0.52,0,27616000.0,1387850000,1337391500.0,0,0,0,0,748062000,228642000,519420000,945491170,-6820000.0,0.0,-565000.0,-63013000.0,0.0,-63578000.0,-91156000.0,0.0,147914000.0,0.0,36153000.0,36153000.0,36153000.0,0.0,0.0,0.017,1022056000.0,77473000.0,111684000,0.0,2.001,26.152,25.692,837604000,0.0,6.5,0.447,0.446,226232000,,2115106000.0,2115106000.0,0.0,0.029,0.079,0.056,0.035,9865000.0,837708000.0,1.0,145460180,145056000,,14.581,1220555000,0,11004000.0,171246000,8.414,100906000
79,JBHT,ART,2002-03-31,2002-05-10,2002-03-31,2021-08-03,0,1220555000,1229543750.0,329548000,891007000,1.72,3.257,-93848000.0,12404000,12404000,1015577000.0,36153000.0,1.441,1.583,408341000,61884000,346457000,408341000,0,143226000.0,0,0.0,0.0,74773000.0,217999000.0,0.103,217999000.0,74773000.0,47157000.0,0.253,0.247,0.253,472493000,455787750.0,472493000,1342519121,18.0,6.158,54066000.0,0.373,1.0,1099529000.0,0.52,0,27616000.0,1387850000,1337391500.0,0,0,0,0,748062000,228642000,519420000,946582121,-6820000.0,0.0,-565000.0,-63013000.0,0.0,-63578000.0,-91156000.0,0.0,147914000.0,0.0,36153000.0,36153000.0,36153000.0,0.0,0.0,0.017,1022056000.0,77473000.0,111684000,0.0,2.003,26.183,25.721,837604000,0.0,6.508,0.448,0.446,226232000,,2115106000.0,2115106000.0,0.0,0.029,0.079,0.056,0.035,9865000.0,837708000.0,1.0,145460180,145056000,,14.581,1220555000,0,11004000.0,171246000,8.414,100906000
80,JBHT,ART,2001-12-31,2002-03-08,2001-12-31,2021-08-03,-7037000,1260298000,1226866250.0,384799000,875499000,1.712,3.153,-27755000.0,49245000,49245000,1009110000.0,32945000.0,1.448,1.75,392033000,38426000,353607000,392033000,0,142755000.0,0,0.0,0.0,70126000.0,212881000.0,0.101,212881000.0,70126000.0,43082000.0,0.233,0.228,0.233,458317000,445226000.0,458317000,1347491423,19.0,6.33,143844000.0,0.99,1.0,1091195000.0,0.52,17507000,27044000.0,1319745000,1317580750.0,8915000,0,0,0,801981000,265834000,536147000,1004703423,43875000.0,0.0,2722000.0,-106203000.0,0.0,-103481000.0,-24243000.0,0.0,171599000.0,0.0,32945000.0,32945000.0,32945000.0,0.0,0.0,0.016,1018986000.0,72209000.0,163291000,0.0,2.192,30.496,29.667,831711000,0.0,6.912,0.478,0.478,233246000,407987000.0,2100305000.0,2100305000.0,0.0,0.027,0.074,0.053,0.033,5361000.0,833850000.0,1.0,145345884,145345884,,14.45,1242791000,0,10137000.0,180415000,8.551,118965000
81,JBHT,ART,2001-09-30,2001-11-09,2001-09-30,2021-08-03,0,1238042000,1219772000.0,371744000,866298000,1.712,3.14,44749000.0,63163000,63163000,1006812000.0,25647000.0,1.479,1.75,400659000,41414000,359245000,400659000,0,142047000.0,0,0.0,0.0,54262000.0,196309000.0,0.094,196309000.0,54262000.0,30173000.0,0.182,0.18,0.182,450140000,437647500.0,450140000,843968806,16.0,4.299,194428000.0,1.356,1.0,1081221000.0,0.518,0,24089000.0,1324180000,1308977000.0,0,0,0,0,787902000,251358000,536544000,506472806,54016000.0,0.0,3207000.0,-152136000.0,0.0,-148929000.0,53266000.0,3080000.0,149679000.0,0.0,25647000.0,25647000.0,25647000.0,0.0,0.0,0.012,1027392000.0,53829000.0,141503000,0.0,1.125,19.748,19.341,809850000,0.0,3.52,0.243,0.242,247206000,,2088033000.0,2088033000.0,0.0,0.021,0.059,0.041,0.026,2423000.0,837694000.0,1.0,143884320,143356000,,14.565,1238042000,0,4526000.0,183120000,8.636,120386000
82,JBHT,ART,2001-06-30,2001-08-09,2001-06-30,2021-08-03,0,1199280000,1198843500.0,324790000,874490000,1.719,3.131,34724000.0,22490000,22490000,989139000.0,30221000.0,1.372,1.712,377790000,36377000,341413000,377790000,0,140573000.0,0,0.0,0.0,59448000.0,200021000.0,0.097,200021000.0,59448000.0,34373000.0,0.215,0.215,0.215,442201000,429352500.0,442201000,1195985429,20.0,5.979,186309000.0,1.319,1.0,1071160000.0,0.52,0,25075000.0,1317791000,1293053750.0,0,0,0,0,757079000,236789000,520290000,840685429,16560000.0,-5000000.0,2014000.0,-172732000.0,0.0,-170718000.0,35693000.0,-902000.0,151585000.0,0.0,30221000.0,30221000.0,30221000.0,0.0,0.0,0.015,1013464000.0,57696000.0,128219000,0.0,1.901,27.818,27.663,810583000,0.0,5.947,0.408,0.408,229007000,,2060299000.0,2060299000.0,0.0,0.025,0.07,0.046,0.029,389000.0,828658000.0,1.0,141351060,141248000,,14.586,1199280000,0,4152000.0,186665000,8.491,88001000
83,JBHT,ART,2001-03-31,2001-05-15,2001-03-31,2021-08-03,0,1209845000,1198091250.0,321798000,888047000,1.771,3.049,-7523000.0,19224000,19224000,1054631000.0,32707000.0,1.137,1.812,400951000,82756000,318195000,400951000,0,138557000.0,0,0.0,0.0,64493000.0,203050000.0,0.096,203050000.0,64493000.0,38445000.0,0.233,0.233,0.233,430246000,420617500.0,430246000,1049695069,16.0,5.17,153001000.0,1.084,1.0,1067679000.0,0.503,0,26048000.0,1308607000,1292029500.0,0,0,0,0,779599000,282965000,496634000,667968069,15336000.0,-5000000.0,-2533000.0,-119683000.0,0.0,-122216000.0,-22972000.0,0.0,160524000.0,0.0,32707000.0,32707000.0,32707000.0,0.0,0.0,0.015,1005093000.0,62586000.0,135906000,0.0,1.553,20.423,20.311,816254000,0.0,4.732,0.315,0.315,216715000,,2122310000.0,2122310000.0,0.0,0.027,0.078,0.05,0.03,222000.0,824871000.0,1.0,141144864,141092000,,15.042,1209845000,0,5738000.0,186303000,8.575,38833000
84,JBHT,ART,2000-12-31,2001-03-12,2000-12-31,2021-08-03,-6502000,1231921000,1193982500.0,330971000,900950000,1.809,3.033,-99322000.0,5370000,5370000,1101179000.0,36075000.0,1.018,1.878,401277000,100889000,300388000,401277000,0,134391000.0,0,0.0,0.0,68188000.0,202579000.0,0.094,202579000.0,68188000.0,42441000.0,0.255,0.255,0.255,428003000,413646000.0,428003000,942756548,14.0,4.654,25751000.0,0.182,1.0,1059268000.0,0.49,17224000,25747000.0,1285330000,1294599000.0,7233000,0,0,0,803918000,325274000,478644000,546849548,-7236000.0,-5000000.0,-6639000.0,-23970000.0,-1782000.0,-32391000.0,-99918000.0,0.0,125073000.0,0.0,36075000.0,36075000.0,36075000.0,0.0,0.0,0.017,995857000.0,63411000.0,158585000,0.0,1.278,15.159,15.196,845175000,0.0,3.875,0.253,0.253,225797000,385221000.0,2160447000.0,2160447000.0,0.0,0.03,0.087,0.053,0.032,141000.0,822484000.0,1.0,141122464,141122464,,15.309,1214697000,0,6366000.0,186284000,8.607,5697000
85,JBHT,ART,2000-09-30,2000-11-14,2000-09-30,2021-08-03,0,1154328000,1167868250.0,290337000,863991000,1.867,2.965,-15130000.0,9147000,9147000,1135201000.0,30771000.0,1.166,1.768,364283000,64109000,300174000,364283000,0,134165000.0,0,0.004,0.013,63344000.0,197509000.0,0.091,197509000.0,63344000.0,37258000.0,0.218,0.218,0.218,416960000,406991750.0,416960000,812285199,13.0,4.113,79823000.0,0.568,1.0,1044651000.0,0.479,0,26086000.0,1260487000,1261888250.0,0,57485000,0,57485000,737368000,248977000,488391000,457149199,6330000.0,-5000000.0,-7393000.0,-72791000.0,-3562000.0,-83546000.0,-5077000.0,-3080000.0,94953000.0,0.0,30771000.0,30771000.0,30771000.0,0.0,0.0,0.014,981855000.0,62796000.0,137428000,0.06,1.096,14.856,14.908,806506000,0.0,3.25,0.21,0.21,225335000,,2179852000.0,2179852000.0,0.0,0.026,0.076,0.05,0.029,7000.0,807865000.0,1.0,140661292,140644000,,15.499,1154328000,0,6487000.0,182781000,8.207,41360000
86,JBHT,ART,2000-06-30,2000-08-11,2000-06-30,2021-08-03,0,1196271000,1189489000.0,317254000,879017000,1.845,2.883,-50789000.0,5930000,5930000,1154905000.0,26606000.0,1.181,1.937,391938000,60000000,331938000,391938000,0,138051000.0,0,0.007,0.025,61954000.0,200005000.0,0.091,200005000.0,61954000.0,35514000.0,0.188,0.188,0.188,407261000,402159500.0,407261000,906617828,15.0,4.533,50759000.0,0.359,1.0,1039426000.0,0.474,0,26440000.0,1313694000,1305297500.0,0,53197000,0,53197000,789010000,268585000,520425000,520609828,2682000.0,0.0,-7400000.0,-37001000.0,-5345000.0,-49546000.0,-49320000.0,902000.0,101548000.0,0.0,26606000.0,26606000.0,26606000.0,0.0,0.0,0.012,977472000.0,61954000.0,160535000,0.133,1.278,19.567,19.694,825820000,0.0,3.703,0.237,0.238,253546000,,2194331000.0,2194331000.0,0.0,0.022,0.066,0.047,0.028,-6000.0,797646000.0,1.0,140610352,141260000,,15.534,1196271000,0,8908000.0,182840000,8.469,48669000
87,JBHT,ART,2000-03-31,2000-05-12,2000-03-31,2021-08-03,0,1193410000,1182645500.0,314869000,878541000,1.783,2.825,-46745000.0,3888000,3888000,1079671000.0,26337000.0,1.179,1.966,396428000,60000000,336428000,396428000,0,143254000.0,0,0.009,0.038,65485000.0,208739000.0,0.099,208739000.0,65485000.0,38680000.0,0.185,0.185,0.185,402360000,398814750.0,402360000,963857954,15.0,4.618,53294000.0,0.374,1.0,1028714000.0,0.488,0,26805000.0,1318885000,1330974500.0,0,0,0,0,791050000,267065000,523985000,571317954,-4000.0,0.0,-3080000.0,-43100000.0,-7127000.0,-53107000.0,-46936000.0,0.0,100039000.0,0.0,26337000.0,26337000.0,26337000.0,0.0,0.0,0.012,963229000.0,65485000.0,168924000,0.205,1.42,21.693,21.797,821165000,0.0,4.032,0.271,0.272,238540000,,2108385000.0,2108385000.0,0.0,0.022,0.066,0.049,0.031,-9000.0,779667000.0,1.0,141678352,142416000,,14.804,1193410000,0,12343000.0,181074000,8.38,47804000
88,JBHT,ART,1999-12-31,2000-03-02,1999-12-31,2021-08-03,-5324000,1127464000,1176197750.0,295141000,832323000,1.739,2.816,-10302000.0,12606000,12606000,1011834000.0,31909000.0,1.091,1.809,327639000,60000000,267639000,327639000,0,149817000.0,0,0.018,0.05,77430000.0,227247000.0,0.111,227247000.0,77430000.0,49084000.0,0.225,0.223,0.225,401386000,394411250.0,401386000,718109932,9.0,3.16,125371000.0,0.879,1.0,1033239000.0,0.505,17380000,28346000.0,1154487000,1354908500.0,7825000,0,0,0,726078000,270630000,455448000,403076932,3379000.0,0.0,412000.0,-106350000.0,-7126000.0,-112864000.0,-19430000.0,0.0,135673000.0,0.0,31909000.0,31909000.0,31909000.0,0.0,0.0,0.016,955809000.0,77430000.0,180009000,0.222,1.004,12.632,12.567,785885000,0.0,2.828,0.197,0.197,238573000,350928000.0,2045073000.0,2045073000.0,0.0,0.027,0.081,0.057,0.038,55000.0,765437000.0,1.0,142555944,142555944,,14.346,1110084000,0,17175000.0,180441000,7.787,24511000
89,JBHT,ART,1999-09-30,1999-11-12,1999-09-30,2021-08-03,0,1240811000,1187201500.0,266826000,973985000,1.672,2.79,-160926000.0,2817000,2817000,954637000.0,37211000.0,1.109,2.121,436806000,19300000,417506000,436806000,0,149734000.0,0,0.014,0.05,88737000.0,238471000.0,0.12,238471000.0,88737000.0,59123000.0,0.263,0.258,0.263,397631000,387979000.0,397631000,955354477,11.0,4.006,26980000.0,0.189,1.0,1030851000.0,0.519,0,29614000.0,1434124000,1409966500.0,0,0,0,0,843180000,240676000,602504000,521365477,-2316000.0,0.0,656000.0,3598000.0,-7127000.0,-2873000.0,-187349000.0,0.0,187906000.0,0.0,37211000.0,37211000.0,37211000.0,0.0,0.0,0.019,942114000.0,88737000.0,183300000,0.19,1.311,14.011,13.907,925541000,0.0,3.658,0.263,0.263,225305000,,1985488000.0,1985488000.0,0.0,0.031,0.096,0.063,0.045,61000.0,753709000.0,1.0,142546952,142540000,,13.929,1240811000,1275000,21912000.0,177336000,8.705,26150000
90,JBHT,ART,1999-06-30,1999-08-09,1999-06-30,2021-08-03,0,1168897000,1166254000.0,225367000,943530000,1.659,2.764,-175571000.0,3248000,3248000,915049000.0,43100000.0,1.266,1.968,428775000,11300000,417475000,428775000,0,147260000.0,0,0.014,0.05,98187000.0,245447000.0,0.127,245447000.0,98187000.0,68533000.0,0.302,0.297,0.302,393882000,380189500.0,393882000,926426437,9.0,3.774,-4397000.0,-0.031,1.0,1019926000.0,0.527,0,29654000.0,1416402000,1396284500.0,0,0,0,0,775015000,178022000,596993000,500899437,-5812000.0,0.0,873000.0,13400000.0,-7124000.0,7149000.0,-184135000.0,0.0,171174000.0,0.0,43100000.0,43100000.0,43100000.0,0.0,0.0,0.022,921739000.0,98187000.0,122109000,0.166,1.272,11.622,11.639,913082000,0.0,3.515,0.259,0.259,198230000,,1934975000.0,1934975000.0,0.0,0.037,0.113,0.07,0.051,293000.0,738415000.0,1.0,142503396,142500000,,13.579,1168897000,1275000,25433000.0,175326000,8.203,47345000
91,JBHT,ART,1999-03-31,1999-05-05,1999-03-31,2021-08-03,0,1167619000,1153156750.0,222396000,945223000,1.646,2.701,-217254000.0,3892000,3892000,896453000.0,47939000.0,1.181,2.035,439261000,21900000,417361000,439261000,0,141784000.0,0,0.009,0.05,105561000.0,247345000.0,0.13,247345000.0,105561000.0,75962000.0,0.338,0.328,0.338,384746000,370922000.0,384746000,1192346041,11.0,4.821,-27687000.0,-0.194,1.0,1001953000.0,0.528,0,29599000.0,1414621000,1352873000.0,0,0,0,0,782873000,188367000,594506000,756977041,-5471000.0,0.0,1938000.0,33125000.0,-7116000.0,27947000.0,-222985000.0,0.0,189567000.0,0.0,47939000.0,47939000.0,47939000.0,0.0,0.0,0.025,896392000.0,105561000.0,117134000,0.148,1.967,15.79,15.717,917674000,0.0,5.312,0.399,0.399,190366000,,1898406000.0,1898406000.0,0.0,0.042,0.129,0.078,0.056,928000.0,720126000.0,1.0,142489796,142460000,,13.326,1167619000,1275000,28023000.0,170373000,8.196,34029000
92,JBHT,ART,1998-12-31,1999-03-03,1998-12-31,2021-08-03,-5621000,1171479000,1129344500.0,225271000,946208000,1.631,2.637,-264897000.0,9227000,9227000,878787000.0,46837000.0,1.093,2.118,433395000,16350000,417045000,433395000,0,136304000.0,0,0.008,0.05,103044000.0,239348000.0,0.13,239348000.0,103044000.0,74344000.0,0.33,0.32,0.33,375657000,360039500.0,375657000,1279016968,12.0,5.344,-82029000.0,-0.576,1.0,962841000.0,0.523,14887000,28700000.0,1374719000,1302544250.0,6917000,0,0,0,795822000,206041000,589781000,854848968,5526000.0,0.0,-2946000.0,93250000.0,-7101000.0,83203000.0,-260545000.0,0.0,182868000.0,0.0,46837000.0,46837000.0,46837000.0,0.0,0.0,0.025,859797000.0,103044000.0,147967000,0.152,2.276,18.252,18.182,925400000,0.0,6.0,0.464,0.464,184367000,326145000.0,1841628000.0,1841628000.0,0.0,0.041,0.13,0.079,0.056,925000.0,690819000.0,1.0,142474828,142474828,,12.926,1156592000,2212000,27507000.0,165570000,8.118,19230000
93,JBHT,ART,1998-09-30,1998-11-12,1998-09-30,2021-08-03,0,1157021000,1091954500.0,221026000,935995000,,2.574,,5133000,5133000,,,1.076,2.157,432892000,15600000,417292000,432892000,0,,0,0.011,0.05,,,,,,,,,,366473000,350616250.0,366473000,1070751997,,,,,1.0,,,0,,1379396000,1247219500.0,0,0,0,0,790548000,205384000,585164000,642992997,,,,,,,,,,,,,,,,,,,136534000,,1.755,,,914349000,,4.515,,,192836000,,,,,,,,,,,1.0,142412624,142388000,,,1157021000,2337000,,149690000,8.126,15642000
94,JBHT,ART,1998-06-30,1998-08-07,1998-06-30,2021-08-03,0,1116508000,,209798000,906710000,,2.512,,9060000,9060000,,,0.75,2.129,415090000,97350000,317740000,415090000,0,,0,0.008,0.05,,,,,,,,,,356812000,,356812000,1348743756,,,,,1.0,,,0,,1242756000,,0,0,0,0,759696000,279782000,479914000,942713756,,,,,,,,,,,,,,,,,,,135731000,,2.642,,,884771000,,6.625,,,180791000,,,,,,,,,,,1.0,142296416,142044000,,,1116508000,2337000,,146921000,7.86,-69984000
95,JBHT,ART,1998-03-31,1998-05-13,1998-03-31,2021-08-03,0,1072370000,,208213000,864157000,,2.395,,9363000,9363000,,,0.814,2.143,405965000,88650000,317315000,405965000,0,,0,0.007,0.05,,,,,,,,,,341216000,,341216000,1466080210,,,,,1.0,,,0,,1213306000,,0,0,0,0,731154000,255666000,475488000,1069478210,,,,,,,,,,,,,,,,,,,119130000,,3.134,,,842204000,,7.532,,,176038000,,,,,,,,,,,1.0,141981840,142452000,,,1072370000,2337000,,143005000,7.528,-47453000
96,JBHT,ART,1997-12-31,1998-03-10,1997-12-31,2021-08-03,-5621000,1021919000,,199952000,821967000,,2.37,-89949000.0,3701000,3701000,772191000.0,11366000.0,0.975,2.024,340290000,17500000,322790000,340290000,0,130661000.0,0,0.007,0.05,42910000.0,173571000.0,0.112,173571000.0,42910000.0,18332000.0,0.077,0.077,0.077,337964000,,337964000,1299239116,30.0,7.485,70787000.0,0.496,1.0,782101000.0,0.503,0,24578000.0,1153420000,,6339000,0,0,0,683955000,205088000,478867000,962650116,-85000.0,0.0,-21706000.0,-42250000.0,-7321000.0,-71277000.0,-89544000.0,0.0,160736000.0,0.0,11366000.0,11366000.0,11366000.0,0.0,0.0,0.007,739191000.0,42910000.0,138509000,0.649,2.848,84.696,87.662,796807000,0.0,6.75,0.619,0.619,169198000,286409000.0,1554292000.0,1554292000.0,0.0,,,,0.028,-54000.0,570626000.0,1.0,142614832,142614832,,10.899,1021919000,5048000,6966000.0,140909000,7.166,-5136000
