None,ticker,dimension,calendardate,datekey,reportperiod,lastupdated,accoci,assets,assetsavg,assetsc,assetsnc,assetturnover,bvps,capex,cashneq,cashnequsd,cor,consolinc,currentratio,de,debt,debtc,debtnc,debtusd,deferredrev,depamor,deposits,divyield,dps,ebit,ebitda,ebitdamargin,ebitdausd,ebitusd,ebt,eps,epsdil,epsusd,equity,equityavg,equityusd,ev,evebit,evebitda,fcf,fcfps,fxusd,gp,grossmargin,intangibles,intexp,invcap,invcapavg,inventory,investments,investmentsc,investmentsnc,liabilities,liabilitiesc,liabilitiesnc,marketcap,ncf,ncfbus,ncfcommon,ncfdebt,ncfdiv,ncff,ncfi,ncfinv,ncfo,ncfx,netinc,netinccmn,netinccmnusd,netincdis,netincnci,netmargin,opex,opinc,payables,payoutratio,pb,pe,pe1,ppnenet,prefdivis,price,ps,ps1,receivables,retearn,revenue,revenueusd,rnd,roa,roe,roic,ros,sbcomp,sgna,sharefactor,sharesbas,shareswa,shareswadil,sps,tangibles,taxassets,taxexp,taxliabilities,tbvps,workingcapital
0,JEF,MRY,2020-12-31,2020-11-30,2020-11-30,2021-10-08,-288917000.0,53118352000.0,51738419500.0,,,0.116,36.815,-171837000.0,9659469000.0,9659469000.0,605180000.0,768410000.0,,4.629,31323814000.0,,,31323814000.0,0.0,142394000.0,0.0,0.026,0.6,1158782000.0,1301176000.0,0.216,1301176000.0,1158782000.0,1073912000.0,2.68,2.65,2.68,9403893000.0,9372516750.0,9403893000.0,27846447208.0,24.0,21.401,1904111000.0,7.454,1.0,5405694000.0,0.899,1913467000.0,84870000.0,72869230000.0,72295870000.0,0.0,24907909000.0,,,43530151000.0,,,5806030208.0,1184537000.0,1735627000.0,-816871000.0,235329000.0,-160940000.0,-723525000.0,-186192000.0,-1749982000.0,2075948000.0,18306000.0,775239000.0,769605000.0,769605000.0,0.0,-6829000.0,0.128,4178258000.0,1227436000.0,10388072000.0,0.224,0.617,7.544,8.481,897204000.0,5634000.0,22.73,0.966,0.966,6608767000.0,6531836000.0,6010874000.0,6010874000.0,0.0,0.015,0.082,0.016,0.193,40038000.0,4019819000.0,1.0,255434677.0,255434677.0,,23.532,51204885000.0,0.0,298673000.0,0.0,200.462,
1,JEF,MRY,2019-12-31,2019-11-30,2019-11-30,2021-10-08,-273039000.0,49460234000.0,49051681750.0,,,0.079,31.946,-220927000.0,8475618000.0,8475618000.0,542781000.0,962563000.0,,4.145,29993292000.0,,,29993292000.0,0.0,129766000.0,0.0,0.085,1.774,567918000.0,697684000.0,0.179,697684000.0,567918000.0,480741000.0,3.07,3.03,3.07,9579705000.0,9846742500.0,9579705000.0,18830896929.0,33.0,26.991,-1048764000.0,-3.497,1.0,3350195000.0,0.861,1922934000.0,87177000.0,69054974000.0,62133848250.0,0.0,22848296000.0,,,39706945000.0,,,6267312929.0,2467773000.0,1001445000.0,-509914000.0,2247273000.0,-149647000.0,1589578000.0,1707095000.0,926577000.0,-827837000.0,-1063000.0,964696000.0,959593000.0,959593000.0,0.0,-2133000.0,0.246,2987405000.0,362790000.0,8179013000.0,0.578,0.654,6.531,6.808,385029000.0,5103000.0,20.9,1.61,1.61,5744106000.0,5933389000.0,3892976000.0,3892976000.0,0.0,0.02,0.097,0.009,0.146,49848000.0,2834534000.0,1.0,299871432.0,299871432.0,,12.982,47537300000.0,0.0,-483955000.0,0.0,158.526,
2,JEF,MRY,2017-12-31,2017-12-31,2017-12-31,2021-10-08,372724000.0,47169108000.0,47298037750.0,,,0.086,28.366,-94985000.0,5853494000.0,5853494000.0,455458000.0,252847000.0,,3.61,18011994000.0,,,18011994000.0,0.0,64759000.0,0.0,0.012,0.326,915214000.0,979973000.0,0.24,979973000.0,915214000.0,814012000.0,0.45,0.45,0.45,10105957000.0,10361833000.0,10105957000.0,21392872571.0,23.0,21.83,693309000.0,1.946,1.0,3621987000.0,0.888,2463180000.0,101202000.0,56864428000.0,56879136500.0,0.0,22555625000.0,,,36478536000.0,,,9437673571.0,1177392000.0,441743000.0,-98976000.0,791263000.0,-117407000.0,434801000.0,-54634000.0,-335326000.0,788294000.0,12067000.0,171726000.0,167351000.0,167351000.0,-288631000.0,81121000.0,0.041,2839382000.0,782605000.0,7167666000.0,0.724,0.934,56.394,58.867,0.0,4375000.0,26.49,2.315,2.315,5419015000.0,4700968000.0,4077445000.0,4077445000.0,0.0,0.004,0.016,0.016,0.224,48384000.0,2728987000.0,1.0,356273068.0,356273068.0,,11.445,44705928000.0,743811000.0,642286000.0,0.0,125.482,
3,JEF,MRY,2016-12-31,2016-12-31,2016-12-31,2021-10-08,310697000.0,45071307000.0,44838403500.0,,,0.068,28.132,-209993000.0,4664895000.0,4664895000.0,504244000.0,194321000.0,,3.387,15724390000.0,,,15724390000.0,0.0,71613000.0,0.0,0.011,0.25,251531000.0,323144000.0,0.106,323144000.0,251531000.0,155774000.0,0.34,0.34,0.34,10128100000.0,10091398250.0,10128100000.0,20766857454.0,83.0,64.265,362421000.0,1.007,1.0,2531130000.0,0.834,2513678000.0,95757000.0,53617124000.0,54875552500.0,0.0,21789190000.0,,,34305849000.0,,,8370510454.0,134401000.0,-9999000.0,-93958000.0,496233000.0,-91296000.0,230906000.0,-636215000.0,-374421000.0,572414000.0,-27498000.0,130001000.0,125938000.0,125938000.0,-232686000.0,64320000.0,0.041,2602563000.0,-71433000.0,7373708000.0,0.735,0.826,66.465,68.382,709242000.0,4063000.0,23.25,2.758,2.758,4425178000.0,4645391000.0,3035374000.0,3035374000.0,0.0,0.003,0.012,0.005,0.083,33597000.0,2485452000.0,1.0,360021955.0,360021955.0,,8.431,42557629000.0,1461815000.0,25773000.0,0.0,118.208,
4,JEF,MRY,2015-12-31,2015-12-31,2015-12-31,2021-10-08,438793000.0,46331184000.0,50430892500.0,,,0.216,28.706,-273074000.0,4389732000.0,4389732000.0,7877013000.0,252111000.0,,3.418,18586850000.0,,,18586850000.0,0.0,172073000.0,0.0,0.014,0.251,509401000.0,681474000.0,0.063,681474000.0,509401000.0,393597000.0,0.74,0.74,0.74,10401211000.0,10518384250.0,10401211000.0,21517786324.0,42.0,31.575,-1034829000.0,-2.856,1.0,3009445000.0,0.276,2648362000.0,115804000.0,57879940000.0,62479697250.0,0.0,24716280000.0,,,35548661000.0,,,6301058324.0,-638127000.0,-10670000.0,-124531000.0,-449009000.0,-92550000.0,-651983000.0,781165000.0,1067441000.0,-761755000.0,-5554000.0,283650000.0,279587000.0,279587000.0,-5522000.0,-31539000.0,0.026,2647386000.0,362059000.0,7107081000.0,0.339,0.606,22.537,23.5,721875000.0,4063000.0,17.39,0.579,0.579,3830967000.0,4612982000.0,10886458000.0,10886458000.0,0.0,0.006,0.027,0.008,0.047,74087000.0,2423253000.0,1.0,362338029.0,362338029.0,,30.045,43682822000.0,1575368000.0,109947000.0,0.0,120.558,
5,JEF,MRY,2014-12-31,2014-12-31,2014-12-31,2021-10-08,447082000.0,52623908000.0,51972364500.0,,,0.221,27.962,-548826000.0,7721449000.0,7721449000.0,8239615000.0,199025000.0,,4.071,19917212000.0,,,19917212000.0,0.0,139744000.0,0.0,0.011,0.251,495274000.0,635018000.0,0.055,635018000.0,495274000.0,374339000.0,0.54,0.54,0.54,10302158000.0,10306432250.0,10302158000.0,20683710122.0,42.0,32.572,-1535986000.0,-4.169,1.0,3246870000.0,0.283,2720763000.0,120935000.0,62098908000.0,61689735000.0,0.0,27142155000.0,,,41942200000.0,,,8260179122.0,369180000.0,-65971000.0,-73538000.0,1038773000.0,-93071000.0,917782000.0,449083000.0,1058274000.0,-987160000.0,-10525000.0,208368000.0,204306000.0,204306000.0,16226000.0,-9343000.0,0.018,2883240000.0,363630000.0,10516491000.0,0.465,0.802,40.43,41.519,726376000.0,4062000.0,22.42,0.719,0.719,3934825000.0,4428069000.0,11486485000.0,11486485000.0,0.0,0.004,0.02,0.008,0.043,109838000.0,2637552000.0,1.0,368429042.0,368429042.0,,31.177,49903145000.0,1712535000.0,165971000.0,0.0,135.448,
6,JEF,MRY,2013-12-31,2013-12-31,2013-12-31,2021-10-08,538050000.0,47866781000.0,46734106000.0,,,0.223,27.713,-141729000.0,7524197000.0,7524197000.0,7718481000.0,362193000.0,,3.695,19207421000.0,,,19207421000.0,0.0,138964000.0,0.0,0.009,0.25,594082000.0,733046000.0,0.07,733046000.0,594082000.0,509118000.0,1.07,1.06,1.07,10102462000.0,10067245750.0,10102462000.0,20955114592.0,35.0,28.586,560611000.0,1.538,1.0,2707265000.0,0.26,2768628000.0,84964000.0,56781377000.0,54566744500.0,0.0,24628231000.0,,,37327653000.0,,,10331001592.0,3761635000.0,3038955000.0,-34467000.0,170636000.0,-91335000.0,-270507000.0,3323622000.0,427120000.0,702340000.0,6180000.0,372637000.0,369240000.0,369240000.0,46911000.0,-10444000.0,0.035,2195757000.0,511508000.0,8309945000.0,0.234,1.023,27.979,26.486,885859000.0,3397000.0,28.34,0.991,0.991,3816680000.0,4318840000.0,10425746000.0,10425746000.0,0.0,0.008,0.037,0.011,0.057,87309000.0,2026842000.0,1.0,364537812.0,364537812.0,,28.6,45098153000.0,1809943000.0,136481000.0,0.0,123.713,
7,JEF,MRY,2012-12-31,2012-12-31,2012-12-31,2021-10-08,705129000.0,9349118000.0,8919804250.0,2521266000.0,6827852000.0,1.054,27.669,-71325000.0,145960000.0,145960000.0,7479746000.0,864641000.0,1.969,0.346,1750400000.0,832274000.0,918126000.0,1750400000.0,0.0,170113000.0,0.0,0.011,0.25,1486511000.0,1656624000.0,0.176,1656624000.0,1486511000.0,1393930000.0,3.49,3.44,3.49,6767268000.0,6369793000.0,6767268000.0,6798005769.0,5.0,4.104,574114000.0,2.347,1.0,1924838000.0,0.205,854026000.0,92581000.0,8819053000.0,8476620750.0,0.0,5241638000.0,1672602000.0,3632618000.0,2339834000.0,1280479000.0,1059355000.0,5818619769.0,-22530000.0,105521000.0,0.0,-571902000.0,-61146000.0,-651708000.0,-16619000.0,-60067000.0,645439000.0,358000.0,854466000.0,854466000.0,854466000.0,37924000.0,10175000.0,0.091,478877000.0,1445961000.0,589434000.0,0.072,0.86,6.81,6.817,857360000.0,0.0,23.79,0.619,0.619,6824000.0,4240028000.0,9404584000.0,9404584000.0,0.0,0.096,0.134,0.175,0.158,14459000.0,360586000.0,1.0,244582588.0,244582588.0,,38.452,8495092000.0,1214615000.0,539464000.0,0.0,34.733,1240787000.0
8,JEF,MRY,2011-12-31,2011-12-31,2011-12-31,2021-10-08,912421000.0,9263189000.0,8973702250.0,1253479000.0,8009710000.0,0.072,25.245,-38586000.0,168490000.0,168490000.0,215963000.0,24956000.0,1.429,0.461,2321132000.0,446743000.0,1874389000.0,2321132000.0,0.0,96623000.0,0.0,0.011,0.25,199336000.0,295959000.0,0.461,295959000.0,199336000.0,87629000.0,0.1,0.1,0.1,6174396000.0,6475309250.0,6174396000.0,7227982051.0,36.0,24.422,-595357000.0,-2.434,1.0,426668000.0,0.664,876589000.0,111707000.0,9662110000.0,9738571250.0,354578000.0,4368805000.0,150135000.0,4218670000.0,2849019000.0,877132000.0,1971887000.0,5561808051.0,-272850000.0,-1008119000.0,6971000.0,-51442000.0,-61146000.0,-106637000.0,390669000.0,1404955000.0,-556771000.0,-111000.0,25231000.0,25231000.0,25231000.0,7969000.0,-275000.0,0.039,281651000.0,145017000.0,374321000.0,2.5,0.901,220.435,227.4,884109000.0,0.0,22.74,8.655,8.655,339010000.0,3446708000.0,642631000.0,642631000.0,0.0,0.003,0.004,0.02,0.31,23264000.0,244852000.0,1.0,244582588.0,244582588.0,,2.627,8386600000.0,1584886000.0,62398000.0,0.0,34.289,376347000.0
9,JEF,MRY,2010-12-31,2010-12-31,2010-12-31,2021-10-08,1687363000.0,9350298000.0,7519099000.0,985590000.0,8364708000.0,0.16,28.591,-44344000.0,441340000.0,441340000.0,307378000.0,1940236000.0,1.318,0.343,2092249000.0,543780000.0,1548469000.0,2092249000.0,0.0,105854000.0,0.0,0.009,0.25,925919000.0,1031773000.0,0.857,1031773000.0,925919000.0,802344000.0,7.97,7.85,7.97,6956758000.0,5070703250.0,6956758000.0,8930355936.0,10.0,8.655,386922000.0,1.59,1.0,896066000.0,0.745,42636000.0,123575000.0,10210731000.0,8478071000.0,58280000.0,6371394000.0,264572000.0,6106822000.0,2386917000.0,747840000.0,1639077000.0,7100001936.0,287212000.0,-274611000.0,11277000.0,116696000.0,-60952000.0,64664000.0,-208718000.0,-38141000.0,431266000.0,0.0,1939312000.0,1939312000.0,1939312000.0,-39562000.0,924000.0,1.611,389551000.0,506515000.0,176592000.0,0.031,1.021,3.661,3.661,587371000.0,0.0,29.18,5.9,5.9,150328000.0,3482623000.0,1203444000.0,1203444000.0,0.0,0.258,0.382,0.109,0.769,4071000.0,336323000.0,1.0,243317407.0,243317407.0,,4.946,9307662000.0,1175558000.0,-1136968000.0,0.0,38.253,237750000.0
10,JEF,MRY,2009-12-31,2009-12-31,2009-12-31,2021-10-08,985032000.0,6762364000.0,6137550000.0,551474000.0,6210890000.0,0.094,17.94,-23566000.0,130475000.0,130475000.0,285249000.0,548595000.0,0.882,0.547,1970371000.0,312592000.0,1657779000.0,1970371000.0,0.0,86377000.0,0.0,0.0,0.0,686142000.0,772519000.0,1.343,772519000.0,686142000.0,557388000.0,2.28,2.25,2.28,4361647000.0,3735960750.0,4361647000.0,7527109744.0,11.0,9.744,-156964000.0,-0.646,1.0,289959000.0,0.504,51224000.0,128754000.0,7926055000.0,7298955000.0,0.0,4977830000.0,84707000.0,4893123000.0,2387867000.0,624981000.0,1762886000.0,5784066744.0,-83375000.0,-285405000.0,958000.0,-18834000.0,0.0,-21948000.0,71971000.0,354159000.0,-133398000.0,0.0,550280000.0,550280000.0,550280000.0,-16621000.0,-1685000.0,0.957,402359000.0,-112400000.0,144483000.0,0.0,1.326,10.511,10.434,657898000.0,0.0,23.79,10.056,10.056,163863000.0,1604263000.0,575208000.0,575208000.0,0.0,0.09,0.147,0.094,1.193,11091000.0,345564000.0,1.0,243130170.0,243130170.0,,2.366,6711140000.0,0.0,7108000.0,0.0,27.603,-73507000.0
11,JEF,MRY,2008-12-31,2008-12-31,2008-12-31,2021-10-08,-29280000.0,5198493000.0,7801555750.0,866638000.0,4331855000.0,0.063,11.494,-76066000.0,237503000.0,237503000.0,389187000.0,-2536812000.0,1.54,0.935,2081456000.0,248713000.0,1832743000.0,2081456000.0,98453000.0,72283000.0,0.0,0.0,0.0,-717764000.0,-645481000.0,-1.316,-645481000.0,-717764000.0,-863112000.0,-11.0,-11.0,-11.0,2676797000.0,5214391000.0,2676797000.0,6670024363.0,-9.0,-10.333,-67320000.0,-0.289,1.0,101353000.0,0.207,84848000.0,145348000.0,6394682000.0,9173233250.0,0.0,3401050000.0,366464000.0,3034586000.0,2503102000.0,562916000.0,1940186000.0,4611156363.0,-219467000.0,-793066000.0,106202000.0,60563000.0,0.0,174818000.0,-403031000.0,545713000.0,8746000.0,0.0,-2535425000.0,-2535425000.0,-2535425000.0,-46075000.0,-1387000.0,-5.169,327511000.0,-226158000.0,205870000.0,0.0,1.723,-1.819,-1.8,534640000.0,0.0,19.8,9.4,9.4,156119000.0,1053983000.0,490540000.0,490540000.0,0.0,-0.325,-0.486,-0.078,-1.463,10355000.0,279329000.0,1.0,232886685.0,232886685.0,,2.106,5113645000.0,40235000.0,1672313000.0,0.0,21.958,303722000.0
12,JEF,MRY,2007-12-31,2007-12-31,2007-12-31,2021-10-08,975365000.0,8126622000.0,6960975500.0,1720133000.0,6406489000.0,0.166,25.036,-37700000.0,456970000.0,456970000.0,687520000.0,480272000.0,3.74,0.455,2136550000.0,132405000.0,2004145000.0,2136550000.0,86993000.0,42443000.0,0.0,0.005,0.25,36060000.0,78503000.0,0.068,78503000.0,36060000.0,-75477000.0,2.22,2.1,2.22,5570492000.0,4641265000.0,5570492000.0,11965276651.0,332.0,152.418,-56069000.0,-0.252,1.0,467375000.0,0.405,79506000.0,111537000.0,9266746000.0,7756019250.0,0.0,5122633000.0,983199000.0,4139434000.0,2535156000.0,459950000.0,2075206000.0,10479565651.0,169771000.0,-1070909000.0,253278000.0,942343000.0,-55644000.0,1145460000.0,-957359000.0,233868000.0,-18369000.0,39000.0,484294000.0,484294000.0,484294000.0,-3619000.0,-4022000.0,0.419,351089000.0,116286000.0,229560000.0,0.113,1.881,21.639,21.216,512804000.0,0.0,47.1,9.074,9.074,150153000.0,3589408000.0,1154895000.0,1154895000.0,0.0,0.07,0.104,0.005,0.031,7154000.0,315851000.0,1.0,222496086.0,222496086.0,,5.191,8047116000.0,1113925000.0,-559771000.0,0.0,36.167,1260183000.0
13,JEF,MRY,2006-12-31,2006-12-31,2006-12-31,2021-10-08,-4726000.0,5303824000.0,5362729750.0,1366209000.0,3937615000.0,0.161,17.997,-39021000.0,287199000.0,287199000.0,386466000.0,189399000.0,4.182,0.357,1159461000.0,184815000.0,974646000.0,1159461000.0,0.0,24000000.0,0.0,0.009,0.25,310562000.0,334562000.0,0.388,334562000.0,310562000.0,231170000.0,0.88,0.85,0.88,3893275000.0,3817643500.0,3893275000.0,6937925264.0,22.0,20.737,52501000.0,0.243,1.0,476206000.0,0.552,59437000.0,79392000.0,5789996000.0,5716234500.0,0.0,3142832000.0,903973000.0,2238859000.0,1391567000.0,326653000.0,1064914000.0,6100490264.0,-99758000.0,-701391000.0,3651000.0,30453000.0,-54085000.0,-5212000.0,-186176000.0,419608000.0,91522000.0,108000.0,189399000.0,189399000.0,189399000.0,-59630000.0,0.0,0.22,262994000.0,213212000.0,127739000.0,0.284,1.567,32.21,32.045,234216000.0,0.0,28.2,7.072,7.072,94821000.0,3160758000.0,862672000.0,862672000.0,0.0,0.035,0.05,0.054,0.36,14708000.0,240889000.0,1.0,216329442.0,216329442.0,,3.988,5244387000.0,978415000.0,41771000.0,8411000.0,24.243,1039556000.0
14,JEF,MRY,2005-12-31,2005-12-31,2005-12-31,2021-10-08,-81502000.0,5260884000.0,5524611750.0,2228615000.0,3032269000.0,0.125,16.94,-136260000.0,386957000.0,386957000.0,281451000.0,1636041000.0,4.698,0.432,1162382000.0,175664000.0,986718000.0,1162382000.0,0.0,189496000.0,0.0,0.005,0.125,570526000.0,760022000.0,1.102,760022000.0,570526000.0,505003000.0,7.59,7.14,7.59,3661914000.0,3234638500.0,3661914000.0,6127433024.0,11.0,8.062,184850000.0,0.855,1.0,408432000.0,0.592,85083000.0,65523000.0,5476830000.0,5733964000.0,0.0,2676362000.0,1323562000.0,1352800000.0,1583007000.0,474396000.0,1108611000.0,5129680024.0,-99991000.0,256756000.0,3522000.0,-394607000.0,-27008000.0,-442658000.0,22591000.0,-105574000.0,321110000.0,-1034000.0,1636041000.0,1636041000.0,1636041000.0,-415701000.0,0.0,2.371,208474000.0,199958000.0,230636000.0,0.016,1.401,3.135,3.126,237021000.0,0.0,23.73,7.436,7.436,399963000.0,3025444000.0,689883000.0,689883000.0,0.0,0.296,0.506,0.099,0.827,0.0,190404000.0,1.0,216168564.0,216168564.0,,3.191,5175801000.0,1094017000.0,-1131038000.0,15171000.0,23.943,1754219000.0
15,JEF,MRY,2004-12-31,2004-12-31,2004-12-31,2021-10-08,136138000.0,4800403000.0,4666569000.0,2059949000.0,2740454000.0,0.081,10.533,-120434000.0,277238000.0,277238000.0,45055000.0,145500000.0,3.124,1.117,1131922000.0,64799000.0,1067123000.0,1131922000.0,0.0,235916000.0,24591000.0,0.005,0.125,185513000.0,421429000.0,1.11,421429000.0,185513000.0,124956000.0,0.68,0.67,0.68,2258653000.0,2187758000.0,2258653000.0,6047343487.0,33.0,14.35,-51997000.0,-0.242,1.0,334511000.0,0.881,1472000.0,60557000.0,4994278000.0,4982518250.0,0.0,2263865000.0,1084745000.0,1179120000.0,2523475000.0,659337000.0,1864138000.0,4966437487.0,272558000.0,-41455000.0,22006000.0,345939000.0,-26901000.0,220528000.0,-16718000.0,21869000.0,68437000.0,311000.0,145500000.0,145500000.0,145500000.0,58347000.0,0.0,0.383,167130000.0,167381000.0,167864000.0,0.184,2.199,34.134,34.059,283330000.0,0.0,23.16,13.085,13.085,177140000.0,1416411000.0,379566000.0,379566000.0,0.0,0.031,0.067,0.037,0.489,0.0,148171000.0,1.0,214440306.0,214440306.0,,1.77,4798931000.0,0.0,-20544000.0,17690000.0,22.379,1400612000.0
16,JEF,MRY,2003-12-31,2003-12-31,2003-12-31,2021-10-08,152251000.0,4397164000.0,3083006000.0,1350363000.0,3046801000.0,0.102,10.215,-153642000.0,214390000.0,214390000.0,100278000.0,97054000.0,2.054,1.052,1178834000.0,23956000.0,1154878000.0,1178834000.0,203893000.0,61099000.0,145532000.0,0.005,0.083,99782000.0,160881000.0,0.513,160881000.0,99782000.0,61880000.0,0.53,0.525,0.53,2134161000.0,1725986750.0,2134161000.0,3629138425.0,36.0,22.558,-176904000.0,-0.847,1.0,213401000.0,0.68,0.0,37902000.0,4704280000.0,3213240250.0,0.0,1819017000.0,714363000.0,1104654000.0,2245435000.0,657328000.0,1588107000.0,3210593425.0,-204210000.0,94882000.0,1232000.0,297507000.0,-17706000.0,35188000.0,-217031000.0,-269405000.0,-23262000.0,895000.0,97054000.0,97054000.0,97054000.0,4088000.0,0.0,0.309,183717000.0,29684000.0,377473000.0,0.157,1.504,33.08,28.994,1524718000.0,0.0,15.367,10.235,10.235,565563000.0,1297812000.0,313679000.0,313679000.0,0.0,0.031,0.056,0.031,0.318,0.0,165585000.0,1.0,208932327.0,208932327.0,,1.501,4397164000.0,0.0,-35174000.0,15867000.0,21.046,693035000.0
17,JEF,MRY,2002-12-31,2002-12-31,2002-12-31,2021-10-08,56025000.0,2541778000.0,2481000250.0,740851000.0,1800927000.0,0.095,9.24,-37854000.0,418600000.0,418600000.0,33963000.0,161623000.0,1.778,0.586,233073000.0,3647000.0,229426000.0,233073000.0,0.0,16197000.0,392904000.0,0.007,0.083,50523000.0,66720000.0,0.284,66720000.0,50523000.0,17548000.0,0.97,0.96,0.97,1534525000.0,1309090750.0,1534525000.0,1631328125.0,32.0,24.45,61330000.0,0.369,1.0,201194000.0,0.856,0.0,32975000.0,1939554000.0,2091017500.0,0.0,1362503000.0,185196000.0,1177307000.0,898744000.0,416697000.0,482047000.0,2065376125.0,45378000.0,-328045000.0,102420000.0,-7120000.0,-13841000.0,46615000.0,-100327000.0,157426000.0,99184000.0,-94000.0,161623000.0,161623000.0,161623000.0,-7501000.0,0.0,0.687,207363000.0,-6169000.0,75770000.0,0.086,1.346,12.779,12.821,166207000.0,0.0,12.437,8.783,8.783,407422000.0,1218464000.0,235157000.0,235157000.0,0.0,0.065,0.123,0.024,0.215,0.0,191110000.0,1.0,166071519.0,166071519.0,,1.416,2541778000.0,0.0,-144075000.0,38231000.0,15.305,324154000.0
18,JEF,MRY,2001-12-31,2001-12-31,2001-12-31,2021-10-08,14662000.0,2469087000.0,2981576750.0,,,0.125,7.204,-51920000.0,373222000.0,373222000.0,36803000.0,-7508000.0,,0.971,252279000.0,,,252279000.0,0.0,3368000.0,476495000.0,0.017,0.167,28914000.0,32282000.0,0.086,32282000.0,28914000.0,-18849000.0,-0.047,-0.047,-0.047,1195453000.0,1188055250.0,1195453000.0,1485326470.0,51.0,46.011,57316000.0,0.345,1.0,337358000.0,0.902,0.0,47763000.0,2348144000.0,2878466000.0,0.0,1065810000.0,,,1161194000.0,,,1596951470.0,-102145000.0,-186782000.0,472000.0,60941000.0,-13829000.0,1656000.0,-212473000.0,-161400000.0,109236000.0,-564000.0,-7508000.0,-7508000.0,-7508000.0,70847000.0,0.0,-0.02,216513000.0,120845000.0,74988000.0,-3.553,1.336,-212.7,-204.752,162158000.0,0.0,9.623,4.268,4.268,596229000.0,1070682000.0,374161000.0,374161000.0,0.0,-0.003,-0.006,0.01,0.077,0.0,199255000.0,1.0,165945771.0,165945771.0,,2.255,2469087000.0,0.0,-11341000.0,124692000.0,14.879,
19,JEF,MRY,2000-12-31,2000-12-31,2000-12-31,2021-10-08,2585000.0,2626156000.0,3020211750.0,,,0.163,7.259,-83119000.0,529812000.0,529812000.0,40650000.0,116008000.0,,1.09,374523000.0,,,374523000.0,0.0,13065000.0,526172000.0,0.007,0.083,232333000.0,245398000.0,0.497,245398000.0,232333000.0,184224000.0,0.697,0.697,0.697,1204241000.0,1166624250.0,1204241000.0,2095614040.0,9.0,8.54,-109603000.0,-0.661,1.0,452758000.0,0.918,0.0,48109000.0,2470867000.0,3200946750.0,0.0,844747000.0,,,1312561000.0,,,1959716040.0,314350000.0,-108600000.0,-32094000.0,-82764000.0,-13824000.0,63830000.0,277055000.0,227081000.0,-26484000.0,-51000.0,116008000.0,116008000.0,116008000.0,30598000.0,0.0,0.235,203346000.0,249412000.0,141833000.0,0.119,1.627,16.893,16.949,171182000.0,0.0,11.813,3.972,3.972,693380000.0,1092019000.0,493408000.0,493408000.0,0.0,0.038,0.099,0.073,0.471,0.0,203346000.0,1.0,165890184.0,165890184.0,,2.974,2626156000.0,0.0,68216000.0,113724000.0,15.831,
20,JEF,MRY,1999-12-31,1999-12-31,1999-12-31,2021-10-08,-9578000.0,3070227000.0,3345388250.0,,,0.156,6.584,-118279000.0,296058000.0,296058000.0,39179000.0,215042000.0,,1.634,483309000.0,,,483309000.0,61916000.0,10607000.0,329301000.0,1.106,8.527,317870000.0,328477000.0,0.628,328477000.0,317870000.0,267205000.0,1.207,1.207,1.207,1121988000.0,1383810750.0,1121988000.0,1436745673.0,5.0,4.374,-31591000.0,-0.185,1.0,483729000.0,0.925,0.0,50665000.0,3257478000.0,3411859500.0,0.0,1244530000.0,,,1833135000.0,,,1313882673.0,-163099000.0,42889000.0,-125481000.0,-210471000.0,-811925000.0,-1009838000.0,771886000.0,635118000.0,86688000.0,-11835000.0,215042000.0,215042000.0,215042000.0,-7856000.0,0.0,0.411,165606000.0,318123000.0,292677000.0,7.065,1.171,6.11,6.388,184850000.0,0.0,7.71,2.513,2.513,914497000.0,989835000.0,522908000.0,522908000.0,0.0,0.064,0.155,0.093,0.608,0.0,165606000.0,1.0,170412798.0,170412798.0,,3.068,3070227000.0,0.0,52163000.0,113391000.0,18.016,
21,JEF,MRY,1998-12-31,1998-12-31,1998-12-31,2021-10-08,-771000.0,3958951000.0,4284423000.0,,,0.124,9.931,-79296000.0,459690000.0,459690000.0,268973000.0,54343000.0,,1.077,722601000.0,,,722601000.0,94572000.0,48348000.0,189782000.0,0.0,0.0,74409000.0,122757000.0,0.231,122757000.0,74409000.0,29270000.0,0.287,0.287,0.287,1853159000.0,1867782500.0,1853159000.0,1466251981.0,20.0,11.944,-240691000.0,-1.29,1.0,261533000.0,0.493,0.0,45139000.0,4221862000.0,4077172750.0,0.0,1942595000.0,,,1996320000.0,,,1959336981.0,-121496000.0,-37762000.0,-59348000.0,98951000.0,-8380000.0,-19664000.0,59563000.0,62820000.0,-161395000.0,0.0,54343000.0,54343000.0,54343000.0,-8141000.0,0.0,0.102,187017000.0,74516000.0,233485000.0,0.0,1.057,36.055,36.585,121790000.0,0.0,10.5,3.693,3.693,881371000.0,1586718000.0,530506000.0,530506000.0,0.0,0.013,0.029,0.018,0.14,0.0,187017000.0,1.0,186603522.0,186603522.0,,2.843,3958951000.0,0.0,-25073000.0,96500000.0,21.216,
22,JEF,MRY,1997-12-31,1997-12-31,1997-12-31,2021-10-08,5630000.0,3745336000.0,4229108500.0,,,0.149,9.728,-57130000.0,581186000.0,581186000.0,369512000.0,661815000.0,,0.924,352872000.0,,,352872000.0,127666000.0,70166000.0,198582000.0,0.007,0.083,697931000.0,768097000.0,1.218,768097000.0,697931000.0,651924000.0,3.547,3.547,3.547,1863531000.0,1407487500.0,1863531000.0,2395351834.0,3.0,3.119,-234550000.0,-1.224,1.0,261225000.0,0.414,0.0,46007000.0,3517022000.0,4348262250.0,0.0,2080271000.0,,,1722063000.0,,,2202976834.0,410844000.0,1042067000.0,-1484000.0,-71378000.0,-15964000.0,47993000.0,540271000.0,-642953000.0,-177420000.0,0.0,661815000.0,661815000.0,661815000.0,-686161000.0,0.0,1.049,239456000.0,21769000.0,208762000.0,0.023,1.182,3.329,3.242,60433000.0,0.0,11.5,3.493,3.493,783309000.0,1540755000.0,630737000.0,630737000.0,0.0,0.156,0.47,0.161,1.107,0.0,239456000.0,1.0,191563203.0,191563203.0,,3.293,3745336000.0,0.0,-9891000.0,172593000.0,19.551,
23,JEF,MRY,1996-12-31,1996-12-31,1996-12-31,2021-10-08,1759000.0,3362556000.0,4235215000.0,,,0.158,6.165,26111000.0,184029000.0,184029000.0,407483000.0,48677000.0,,1.999,520263000.0,,,520263000.0,150419000.0,78307000.0,209261000.0,0.009,0.083,82950000.0,161257000.0,0.241,161257000.0,82950000.0,29351000.0,0.27,0.27,0.27,1118107000.0,1114799000.0,1118107000.0,,,,8711000.0,0.048,1.0,262960000.0,0.392,0.0,53599000.0,3698790000.0,4530684000.0,0.0,1344458000.0,,,2235081000.0,,,1617268032.0,60830000.0,-11196000.0,-837000.0,1927000.0,-15100000.0,-7811000.0,86041000.0,71126000.0,-17400000.0,0.0,48677000.0,48677000.0,48677000.0,-84376000.0,0.0,0.073,257548000.0,5412000.0,120076000.0,0.307,1.446,33.224,33.025,71563000.0,0.0,8.917,2.412,2.412,509050000.0,894904000.0,670443000.0,670443000.0,0.0,0.011,0.044,0.018,0.124,0.0,257548000.0,1.0,181375854.0,181375854.0,,3.696,3362556000.0,43070000.0,-19326000.0,34902000.0,18.539,
24,JEF,MRY,1995-12-31,1995-12-31,1995-12-31,2021-10-08,30086000.0,5107874000.0,,,,,,-22458000.0,266158000.0,266158000.0,431776000.0,107503000.0,,3.586,520862000.0,,,520862000.0,434773000.0,81184000.0,203061000.0,0.01,0.083,150601000.0,231785000.0,0.301,231785000.0,150601000.0,98063000.0,0.623,0.603,0.623,1111491000.0,,1111491000.0,,,,95538000.0,,1.0,337151000.0,0.438,0.0,52538000.0,5362578000.0,,0.0,3064569000.0,,,3986343000.0,,,,14945000.0,-22593000.0,43130000.0,90107000.0,-15025000.0,140997000.0,-244048000.0,-198997000.0,117996000.0,0.0,107503000.0,107503000.0,107503000.0,-74971000.0,0.0,0.14,261521000.0,75630000.0,209362000.0,0.133,,,13.376,111374000.0,0.0,8.333,,,759020000.0,861327000.0,768927000.0,768927000.0,0.0,,,,0.196,0.0,261521000.0,1.0,,,,,5107874000.0,103466000.0,-9440000.0,39596000.0,,
25,JEF,MRY,1994-12-31,1994-12-31,1994-12-31,2021-10-08,,,,,,,,-114381000.0,,,875137000.0,70836000.0,,,,,,,,105560000.0,,0.006,0.042,144321000.0,249881000.0,0.18,249881000.0,144321000.0,100318000.0,,0.407,,,,,,,,5155000.0,,1.0,509248000.0,0.368,,44003000.0,,,,,,,,,,,-38919000.0,-45711000.0,-472000.0,21478000.0,-7021000.0,3029000.0,-161484000.0,-1392000.0,119536000.0,0.0,70836000.0,70836000.0,70836000.0,0.0,0.0,0.051,364927000.0,144321000.0,,,,,,,0.0,7.417,,,,,1384385000.0,1384385000.0,0.0,,,,0.104,0.0,364927000.0,1.0,,,,,,,29482000.0,,,
0,JEF,MRQ,2021-09-30,2021-08-31,2021-08-31,2021-10-08,-357973000.0,58037399000.0,,,,,42.026,-59232000.0,9995433000.0,9995433000.0,220492000.0,407916000.0,,4.573,34202110000.0,,,34202110000.0,0.0,42317000.0,0.0,0.022,0.25,574526000.0,616843000.0,0.318,616843000.0,574526000.0,555008000.0,1.54,1.5,1.54,10381883000.0,,10381883000.0,32838225043.0,14.0,13.212,1008899000.0,4.084,1.0,1718492000.0,0.886,1905163000.0,19518000.0,80338913000.0,,0.0,29491618000.0,,,47473437000.0,,,9130503043.0,737087000.0,283058000.0,-51769000.0,-84390000.0,-61829000.0,-200139000.0,-127854000.0,-351864000.0,1068131000.0,-3051000.0,409308000.0,407459000.0,407459000.0,0.0,-1392000.0,0.21,1118182000.0,600310000.0,11496986000.0,0.162,0.879,5.534,6.02,914537000.0,1849000.0,36.96,1.108,1.108,7067641000.0,7681488000.0,1938984000.0,1938984000.0,0.0,,,,,6962000.0,1079505000.0,1.0,247037420.0,247037420.0,,7.849,56132236000.0,0.0,145700000.0,0.0,227.222,
1,JEF,MRQ,2021-06-30,2021-05-31,2021-05-31,2021-10-08,-363998000.0,57978969000.0,,,,,40.784,-32523000.0,9344587000.0,9344587000.0,220657000.0,353319000.0,,4.738,33052309000.0,,,33052309000.0,0.0,41307000.0,0.0,0.022,0.2,494985000.0,536292000.0,0.275,536292000.0,494985000.0,475042000.0,1.33,1.3,1.33,10072634000.0,,10072634000.0,32463681987.0,15.0,13.861,481829000.0,1.951,1.0,1729850000.0,0.887,1912480000.0,19943000.0,79774211000.0,,0.0,28583170000.0,,,47724094000.0,,,7935222987.0,125083000.0,1055911000.0,0.0,-235924000.0,-49733000.0,-293666000.0,-96472000.0,-1122727000.0,514352000.0,869000.0,354222000.0,352596000.0,352596000.0,0.0,-903000.0,0.181,1212242000.0,517608000.0,12394362000.0,0.15,0.788,5.13,5.657,903010000.0,1626000.0,32.13,1.003,1.003,8131943000.0,7340113000.0,1950507000.0,1950507000.0,0.0,,,,,43579000.0,1172802000.0,1.0,246972393.0,246972393.0,,7.898,56066489000.0,0.0,120820000.0,0.0,227.015,
2,JEF,MRQ,2021-03-31,2021-02-28,2021-02-28,2021-10-08,-346544000.0,56868919000.0,,,,,38.817,-24243000.0,9264076000.0,9264076000.0,171975000.0,582549000.0,,4.816,33792535000.0,,,33792535000.0,0.0,42333000.0,0.0,0.022,0.2,822664000.0,864997000.0,0.348,864997000.0,822664000.0,802297000.0,2.17,2.13,2.17,9745862000.0,,9745862000.0,28955445969.0,16.0,14.887,-1520181000.0,-6.055,1.0,2314967000.0,0.931,1914322000.0,20367000.0,79483056000.0,,0.0,27466485000.0,,,46934582000.0,,,7291100969.0,-454739000.0,969817000.0,-130097000.0,1250134000.0,-49768000.0,1069653000.0,-32340000.0,-977438000.0,-1495938000.0,3886000.0,584061000.0,582435000.0,582435000.0,0.0,-1512000.0,0.234,1483247000.0,831720000.0,10622970000.0,0.092,0.748,5.885,6.439,896317000.0,1626000.0,29.04,1.025,1.025,7870542000.0,7041460000.0,2486942000.0,2486942000.0,0.0,,,,,20678000.0,1444480000.0,1.0,251070970.0,251070970.0,,9.905,54954597000.0,0.0,218236000.0,0.0,218.881,
3,JEF,MRQ,2020-12-31,2020-11-30,2020-11-30,2021-10-08,-288917000.0,53118352000.0,,,,,36.815,-30268000.0,9659469000.0,9659469000.0,167906000.0,308005000.0,,4.629,31323814000.0,,,31323814000.0,0.0,24575000.0,0.0,0.026,0.15,442850000.0,467425000.0,0.251,467425000.0,442850000.0,422206000.0,1.1,1.08,1.1,9403893000.0,,9403893000.0,27846447208.0,24.0,21.401,737822000.0,2.888,1.0,1692881000.0,0.91,1913467000.0,20644000.0,72869230000.0,,0.0,24907909000.0,,,43530151000.0,,,5806030208.0,267079000.0,362848000.0,-193402000.0,-271632000.0,-38069000.0,-501806000.0,2212000.0,-325869000.0,768090000.0,-1417000.0,308671000.0,307267000.0,307267000.0,0.0,-666000.0,0.165,1244737000.0,448144000.0,10388072000.0,0.136,0.617,7.544,8.481,897204000.0,1404000.0,22.73,0.966,0.966,6608767000.0,6531836000.0,1860787000.0,1860787000.0,0.0,,,,,10484000.0,1205654000.0,1.0,255434677.0,255434677.0,,7.285,51204885000.0,0.0,113535000.0,0.0,200.462,
4,JEF,MRQ,2020-09-30,2020-08-31,2020-08-31,2021-10-08,-196407000.0,51773988000.0,,,,,35.296,-25708000.0,9412949000.0,9412949000.0,149400000.0,304839000.0,,4.482,31453366000.0,,,31453366000.0,0.0,38650000.0,0.0,0.105,0.15,434728000.0,473378000.0,0.293,473378000.0,434728000.0,413216000.0,1.08,1.07,1.08,9410665000.0,,9410665000.0,27422334392.0,28.0,24.29,1121190000.0,4.205,1.0,1466770000.0,0.908,1914542000.0,21512000.0,71899863000.0,,0.0,24853468000.0,,,42180264000.0,,,4676533392.0,1902883000.0,28209000.0,-128216000.0,915555000.0,-39435000.0,747701000.0,-24986000.0,-32841000.0,1146898000.0,33270000.0,305813000.0,304409000.0,304409000.0,0.0,-974000.0,0.188,1038069000.0,428701000.0,8792748000.0,0.139,0.497,7.109,7.83,915896000.0,1404000.0,17.54,0.89,0.89,5029136000.0,6264689000.0,1616170000.0,1616170000.0,0.0,,,,,8870000.0,998549000.0,1.0,266621060.0,266621060.0,,6.062,49859446000.0,0.0,107403000.0,0.0,187.005,
5,JEF,MRQ,2020-06-30,2020-05-31,2020-05-31,2021-10-08,-134528000.0,50283215000.0,,,,,34.693,-59726000.0,7552806000.0,7552806000.0,156250000.0,43545000.0,,4.372,30298607000.0,,,30298607000.0,0.0,39783000.0,0.0,0.125,0.15,99445000.0,139228000.0,0.121,139228000.0,99445000.0,78285000.0,0.16,0.16,0.16,9326554000.0,,9326554000.0,27373878592.0,48.0,37.524,1019317000.0,3.792,1.0,991339000.0,0.864,1910204000.0,21160000.0,71118812000.0,,0.0,24386332000.0,,,40774840000.0,,,3938358592.0,301060000.0,461271000.0,-185066000.0,-427993000.0,-40643000.0,-653255000.0,-114108000.0,-538143000.0,1079043000.0,-10620000.0,46323000.0,44919000.0,44919000.0,0.0,-2778000.0,0.039,887951000.0,103388000.0,8524856000.0,0.938,0.422,9.798,11.098,917686000.0,1404000.0,14.65,0.876,0.876,6539495000.0,6002078000.0,1147589000.0,1147589000.0,0.0,,,,,10737000.0,847585000.0,1.0,268829938.0,268829938.0,,4.269,48373011000.0,0.0,31962000.0,0.0,179.939,
6,JEF,MRQ,2020-03-31,2020-02-29,2020-02-29,2021-10-08,-258400000.0,51778123000.0,,,,,32.468,-60982000.0,7452793000.0,7452793000.0,131624000.0,112021000.0,,4.518,30888313000.0,,,30888313000.0,0.0,39386000.0,0.0,0.091,0.15,181759000.0,221145000.0,0.16,221145000.0,181759000.0,160205000.0,0.37,0.37,0.37,9348955000.0,,9348955000.0,16660505270.0,25.0,20.171,-979065000.0,-3.4,1.0,1254704000.0,0.905,1918068000.0,21554000.0,73295575000.0,,0.0,24866640000.0,,,42242459000.0,,,5675291270.0,-1286485000.0,883299000.0,-310187000.0,19399000.0,-42793000.0,-316165000.0,-49310000.0,-874187000.0,-918083000.0,-2927000.0,114432000.0,113010000.0,113010000.0,0.0,-2411000.0,0.082,1007501000.0,247203000.0,9447230000.0,0.405,0.607,5.522,5.919,928643000.0,1422000.0,19.71,1.275,1.275,7234029000.0,6000613000.0,1386328000.0,1386328000.0,0.0,,,,,9947000.0,968031000.0,1.0,287939689.0,287939689.0,,4.815,49860055000.0,0.0,45773000.0,0.0,173.161,
7,JEF,MRQ,2019-12-31,2019-11-30,2019-11-30,2021-10-08,-273039000.0,49460234000.0,,,,,31.946,-76896000.0,8475618000.0,8475618000.0,146559000.0,193878000.0,,4.145,29993292000.0,,,29993292000.0,0.0,42339000.0,0.0,0.085,1.399,252846000.0,295185000.0,0.267,295185000.0,252846000.0,235488000.0,0.63,0.62,0.63,9579705000.0,,9579705000.0,18830896929.0,33.0,26.991,346589000.0,1.156,1.0,959539000.0,0.867,1922934000.0,17358000.0,69054974000.0,,0.0,22848296000.0,,,39706945000.0,,,6267312929.0,1798654000.0,869433000.0,-137065000.0,931541000.0,-37192000.0,754068000.0,603921000.0,-188616000.0,423485000.0,17180000.0,196817000.0,195541000.0,195541000.0,0.0,-2939000.0,0.177,790861000.0,168678000.0,8179013000.0,2.221,0.654,6.531,6.808,385029000.0,1276000.0,20.9,1.61,1.61,5744106000.0,5933389000.0,1106098000.0,1106098000.0,0.0,,,,,12812000.0,748590000.0,1.0,299871432.0,299871432.0,,3.689,47537300000.0,0.0,38671000.0,0.0,158.526,
8,JEF,MRQ,2019-09-30,2019-08-31,2019-08-31,2021-10-08,-266452000.0,49263208000.0,,,,,33.401,-47376000.0,6669685000.0,6669685000.0,136631000.0,49394000.0,,3.898,19233269000.0,,,19233269000.0,0.0,36668000.0,0.0,0.034,0.125,37284000.0,73952000.0,0.086,73952000.0,37284000.0,13621000.0,0.16,0.15,0.16,10020442000.0,,10020442000.0,18687331080.0,,,141663000.0,0.472,1.0,720147000.0,0.841,1921793000.0,23663000.0,59904999000.0,,0.0,24042208000.0,,,39063363000.0,,,5592052080.0,742769000.0,106400000.0,-8141000.0,713445000.0,-37892000.0,667689000.0,-99608000.0,-158632000.0,189039000.0,-14351000.0,49752000.0,48477000.0,48477000.0,0.0,-358000.0,0.057,755504000.0,-35357000.0,7350914000.0,0.781,0.558,,,0.0,1275000.0,18.64,,,5826350000.0,6255314000.0,856778000.0,856778000.0,0.0,,,,,12150000.0,715624000.0,1.0,300002794.0,300002794.0,,2.856,47341415000.0,509772000.0,-36131000.0,0.0,157.803,
9,JEF,MRQ,2019-06-30,2019-05-31,2019-05-31,2021-10-08,-242824000.0,48523940000.0,,,,,33.086,-52909000.0,5937166000.0,5937166000.0,140802000.0,672276000.0,,3.907,19032445000.0,,,19032445000.0,0.0,29313000.0,0.0,0.034,0.125,206381000.0,235694000.0,0.214,235694000.0,206381000.0,183243000.0,2.17,2.14,2.17,9853871000.0,,9853871000.0,18033323343.0,,,-709315000.0,-2.382,1.0,960855000.0,0.872,1882930000.0,23138000.0,59736289000.0,,0.0,23621810000.0,,,38502641000.0,,,5262589343.0,-339404000.0,24810000.0,-150047000.0,392357000.0,-36746000.0,206158000.0,127930000.0,156029000.0,-656406000.0,-17086000.0,672040000.0,670764000.0,670764000.0,0.0,236000.0,0.609,776408000.0,184447000.0,7029001000.0,0.058,0.534,,,0.0,1276000.0,17.67,,,6911314000.0,6246852000.0,1101657000.0,1101657000.0,0.0,,,,,13073000.0,739622000.0,1.0,297826222.0,297826222.0,,3.699,46641010000.0,471506000.0,-488797000.0,0.0,156.605,
10,JEF,MRQ,2019-03-31,2019-02-28,2019-02-28,2021-10-08,338619000.0,48959345000.0,,,,,32.491,-43746000.0,6280334000.0,6280334000.0,118789000.0,47015000.0,,3.912,19051068000.0,,,19051068000.0,0.0,21446000.0,0.0,0.028,0.125,71407000.0,92853000.0,0.112,92853000.0,71407000.0,48389000.0,0.14,0.14,0.14,9932952000.0,,9932952000.0,18412491590.0,,,-827701000.0,-2.707,1.0,709654000.0,0.857,1890948000.0,23018000.0,59839131000.0,,0.0,23826689000.0,,,38858023000.0,,,6196865590.0,265754000.0,802000.0,-214661000.0,209930000.0,-37817000.0,-38337000.0,1074852000.0,1117796000.0,-783955000.0,13194000.0,46087000.0,44811000.0,44811000.0,0.0,928000.0,0.054,664632000.0,45022000.0,7293843000.0,0.893,0.624,,,0.0,1276000.0,20.27,,,7228766000.0,5614935000.0,828443000.0,828443000.0,0.0,,,,,11813000.0,630698000.0,1.0,305716112.0,305716112.0,,2.71,47068397000.0,499827000.0,2302000.0,0.0,153.961,
11,JEF,MRQ,2018-12-31,2018-11-30,2018-11-30,2021-10-08,288286000.0,47131095000.0,,,,,31.141,,5966769000.0,5966769000.0,,,,3.668,18182395000.0,,,18182395000.0,0.0,,0.0,,0.125,,,,,,,,,,10060866000.0,,10060866000.0,20714489882.0,,,,,1.0,,,1890131000.0,,57456590000.0,,0.0,24076232000.0,,,36907059000.0,,,7059141882.0,,,,,,,,,,,,,,,,,,,7407030000.0,,0.702,,,0.0,,21.85,,,6287401000.0,5610218000.0,,,,,,,,,,1.0,323072855.0,323072855.0,,,45240964000.0,512789000.0,,0.0,140.033,
12,JEF,MRQ,2018-09-30,2018-09-30,2018-09-30,2021-10-08,287745000.0,48948669000.0,,,,,31.864,-37677000.0,5809244000.0,5809244000.0,129446000.0,182301000.0,,3.592,19464592000.0,,,19464592000.0,0.0,17083000.0,0.0,0.019,0.125,313139000.0,330222000.0,0.287,330222000.0,313139000.0,284302000.0,0.56,0.55,0.56,10621185000.0,,10621185000.0,20328534784.0,14.0,13.446,686345000.0,2.059,1.0,1021400000.0,0.888,1894898000.0,28837000.0,60709119000.0,,0.0,25687625000.0,,,38155533000.0,,,7319972784.0,354181000.0,524674000.0,-73406000.0,-123821000.0,-41726000.0,-236292000.0,-126662000.0,-614170000.0,724022000.0,-6887000.0,193911000.0,192635000.0,192635000.0,0.0,-11610000.0,0.167,738738000.0,282662000.0,6680224000.0,0.223,0.689,9.493,9.937,346896000.0,1276000.0,21.96,1.823,1.823,5864815000.0,5672363000.0,1150846000.0,1150846000.0,0.0,,,,,12777000.0,706443000.0,1.0,333332094.0,333332094.0,,3.453,47053771000.0,468297000.0,90391000.0,0.0,141.162,
13,JEF,MRQ,2018-06-30,2018-06-30,2018-06-30,2021-10-08,314973000.0,49401798000.0,,,,,30.586,-193987000.0,5450703000.0,5450703000.0,135736000.0,748944000.0,,3.672,18459265000.0,,,18459265000.0,0.0,20373000.0,0.0,0.018,0.1,760577000.0,780950000.0,0.857,780950000.0,760577000.0,736298000.0,2.05,2.03,2.05,10538192000.0,,10538192000.0,20360545772.0,16.0,15.248,-312848000.0,-0.908,1.0,775423000.0,0.851,1901352000.0,24279000.0,60509008000.0,,0.0,25906643000.0,,,38695105000.0,,,7834861771.0,-541799000.0,281439000.0,-559729000.0,-179256000.0,-34060000.0,-675655000.0,264882000.0,-699936000.0,-118861000.0,-12165000.0,726700000.0,725529000.0,725529000.0,-721027000.0,22244000.0,0.796,746982000.0,28441000.0,7496897000.0,0.049,0.743,11.559,11.844,353553000.0,1171000.0,22.74,2.106,2.106,5876389000.0,5523277000.0,911159000.0,911159000.0,0.0,,,,,12767000.0,715077000.0,1.0,344540975.0,344540975.0,,2.645,47500446000.0,537063000.0,9598000.0,0.0,137.866,
14,JEF,MRQ,2018-03-31,2018-03-31,2018-03-31,2021-10-08,357317000.0,49001494000.0,,,,,28.797,-38739000.0,5947318000.0,5947318000.0,124111000.0,139149000.0,,3.721,18473002000.0,,,18473002000.0,0.0,16395000.0,0.0,0.016,0.1,98766000.0,115161000.0,0.129,115161000.0,98766000.0,77268000.0,0.34,0.34,0.34,10259080000.0,,10259080000.0,20256125417.0,33.0,30.79,-443992000.0,-1.246,1.0,771324000.0,0.861,2450957000.0,21498000.0,59076221000.0,,0.0,23254408000.0,,,38173551000.0,,,8097625417.0,215077000.0,1643665000.0,-2700000.0,888872000.0,-35990000.0,874508000.0,-256761000.0,-1845149000.0,-405253000.0,2583000.0,125697000.0,124525000.0,124525000.0,-52957000.0,13452000.0,0.139,744163000.0,27161000.0,7336062000.0,0.294,0.789,773.56,757.667,754668000.0,1172000.0,22.73,2.209,2.209,6710631000.0,4833329000.0,895435000.0,895435000.0,0.0,,,,,12431000.0,716003000.0,1.0,356252768.0,356252768.0,,2.513,46550537000.0,777138000.0,-48429000.0,0.0,130.667,
15,JEF,MRQ,2017-12-31,2017-12-31,2017-12-31,2021-10-08,372724000.0,47169108000.0,,,,,28.366,-30030000.0,5853494000.0,5853494000.0,111479000.0,-251905000.0,,3.61,18011994000.0,,,18011994000.0,0.0,16386000.0,0.0,0.012,0.1,269099000.0,285485000.0,0.27,285485000.0,269099000.0,244659000.0,-0.74,-0.72,-0.74,10105957000.0,,10105957000.0,21392872571.0,23.0,21.83,-302652000.0,-0.849,1.0,945356000.0,0.895,2463180000.0,24440000.0,56864428000.0,,0.0,22555625000.0,,,36478536000.0,,,9437673571.0,-75167000.0,-2613030000.0,-24334000.0,230978000.0,-35962000.0,216818000.0,-25880000.0,2648122000.0,-272622000.0,6517000.0,-270429000.0,-271601000.0,-271601000.0,-69480000.0,18524000.0,-0.257,736725000.0,208631000.0,7167666000.0,-0.135,0.934,56.394,58.867,0.0,1172000.0,26.49,2.315,2.315,5419015000.0,4700968000.0,1056835000.0,1056835000.0,0.0,,,,,16890000.0,708459000.0,1.0,356273068.0,356273068.0,,2.966,44705928000.0,743811000.0,515088000.0,0.0,125.482,
16,JEF,MRQ,2017-09-30,2017-09-30,2017-09-30,2021-10-08,363486000.0,47666944000.0,,,,,29.144,-22610000.0,5920676000.0,5920676000.0,114448000.0,136767000.0,,3.493,17875875000.0,,,17875875000.0,0.0,17811000.0,0.0,0.011,0.1,135905000.0,153716000.0,0.179,153716000.0,135905000.0,110293000.0,0.27,0.27,0.27,10451910000.0,,10451910000.0,21383095234.0,27.0,26.973,564814000.0,1.575,1.0,742775000.0,0.866,2473292000.0,25612000.0,57148851000.0,,0.0,22289252000.0,,,36511795000.0,,,9055547234.0,338241000.0,169330000.0,-42516000.0,243955000.0,-36036000.0,-25285000.0,-224553000.0,-357064000.0,587424000.0,655000.0,100523000.0,99351000.0,99351000.0,-120989000.0,36244000.0,0.116,721672000.0,21103000.0,7104957000.0,0.37,0.866,15.718,16.186,727685000.0,1172000.0,25.25,30.125,30.125,5507847000.0,5000423000.0,857223000.0,857223000.0,0.0,,,,,11119000.0,692912000.0,1.0,358635534.0,358635534.0,,2.39,45193652000.0,1262648000.0,9770000.0,0.0,126.016,
17,JEF,MRQ,2017-06-30,2017-06-30,2017-06-30,2021-10-08,350442000.0,48376102000.0,,,,,29.157,-12648000.0,5580948000.0,5580948000.0,114417000.0,74062000.0,,3.552,17908496000.0,,,17908496000.0,0.0,-7461000.0,0.0,0.01,0.063,110973000.0,103512000.0,0.121,103512000.0,110973000.0,85393000.0,0.16,0.16,0.16,10491307000.0,,10491307000.0,21220114873.0,23.0,22.735,803163000.0,2.232,1.0,742444000.0,0.866,2488543000.0,25580000.0,58215107000.0,,0.0,22673294000.0,,,37262994000.0,,,9412848873.0,609237000.0,1450477000.0,-28671000.0,-216322000.0,-22699000.0,-282437000.0,70418000.0,-1345246000.0,815811000.0,5445000.0,59208000.0,58193000.0,58193000.0,-53990000.0,14854000.0,0.068,684711000.0,57733000.0,6785079000.0,0.394,0.897,14.914,15.388,728409000.0,1015000.0,26.16,4.441,4.441,5874580000.0,4938254000.0,856861000.0,856861000.0,0.0,,,,,10392000.0,658453000.0,1.0,359818382.0,359818382.0,,2.381,45887559000.0,1322443000.0,26185000.0,0.0,127.53,
18,JEF,MRQ,2017-03-31,2017-03-31,2017-03-31,2021-10-08,315637000.0,45979997000.0,,,,,28.899,-29697000.0,4966740000.0,4966740000.0,1578952000.0,293923000.0,,3.358,16774006000.0,,,16774006000.0,0.0,38023000.0,0.0,0.01,0.063,413982000.0,452005000.0,0.158,452005000.0,413982000.0,386598000.0,0.76,0.75,0.76,10398158000.0,,10398158000.0,20414489090.0,22.0,19.958,-372016000.0,-1.034,1.0,1289030000.0,0.449,2499103000.0,27384000.0,55288160000.0,,0.0,22158444000.0,,,34920677000.0,,,9354994090.0,305081000.0,1434966000.0,-3455000.0,532652000.0,-22710000.0,525705000.0,125381000.0,-1281138000.0,-342319000.0,-550000.0,282424000.0,281408000.0,281408000.0,0.0,11499000.0,0.098,734975000.0,554055000.0,6859832000.0,0.083,0.9,14.844,15.385,718439000.0,1016000.0,26.0,2.406,2.406,5553667000.0,4903424000.0,2867982000.0,2867982000.0,0.0,,,,,9983000.0,685465000.0,1.0,359807465.0,359807465.0,,7.971,43480894000.0,1360779000.0,104174000.0,0.0,120.845,
19,JEF,MRQ,2016-12-31,2016-12-31,2016-12-31,2021-10-08,310697000.0,45071307000.0,,,,,28.132,-13276000.0,4664895000.0,4664895000.0,-4733530000.0,166105000.0,,3.387,15724390000.0,,,15724390000.0,0.0,-48845000.0,0.0,0.011,0.062,132380000.0,83535000.0,-0.02,83535000.0,132380000.0,104768000.0,0.37,0.37,0.37,10128100000.0,,10128100000.0,20766857454.0,83.0,64.265,228207000.0,0.634,1.0,452065000.0,-0.106,2513678000.0,27612000.0,53617124000.0,,0.0,21789190000.0,,,34305849000.0,,,8370510454.0,494074000.0,-495572000.0,-35068000.0,579900000.0,-22663000.0,345374000.0,-77669000.0,471135000.0,241483000.0,-9908000.0,138187000.0,137171000.0,137171000.0,-232686000.0,27918000.0,-0.032,570606000.0,-118541000.0,7373708000.0,0.168,0.826,66.465,68.382,709242000.0,1016000.0,23.25,2.758,2.758,4425178000.0,4645391000.0,-4281465000.0,-4281465000.0,0.0,,,,,8661000.0,606565000.0,1.0,360021955.0,360021955.0,,-11.892,42557629000.0,1461815000.0,-33419000.0,0.0,118.208,
20,JEF,MRQ,2016-09-30,2016-09-30,2016-09-30,2021-10-08,360681000.0,46106015000.0,,,,,27.913,-61495000.0,4305840000.0,4305840000.0,1729282000.0,176206000.0,,3.519,16702187000.0,,,16702187000.0,0.0,42126000.0,0.0,0.013,0.062,252198000.0,294324000.0,0.11,294324000.0,252198000.0,229077000.0,0.41,0.41,0.41,10059670000.0,,10059670000.0,19977217908.0,100.0,54.977,295573000.0,0.82,1.0,947093000.0,0.354,2594329000.0,23121000.0,55908033000.0,,0.0,22648162000.0,,,35397459000.0,,,6861865908.0,248039000.0,173293000.0,-25267000.0,41332000.0,-22734000.0,-18333000.0,-79019000.0,-192218000.0,357068000.0,-11677000.0,155374000.0,154358000.0,154358000.0,0.0,20832000.0,0.058,710566000.0,236527000.0,7765740000.0,0.151,0.682,154.679,173.091,715198000.0,1016000.0,19.04,0.699,0.699,4169139000.0,4531329000.0,2676375000.0,2676375000.0,0.0,,,,,8881000.0,657875000.0,1.0,360392117.0,360392117.0,,7.426,43511686000.0,1513163000.0,73703000.0,0.0,120.734,
21,JEF,MRQ,2016-06-30,2016-06-30,2016-06-30,2021-10-08,413272000.0,45041927000.0,,,,,27.838,-49798000.0,3867807000.0,3867807000.0,1819961000.0,70612000.0,,3.412,16983159000.0,,,16983159000.0,0.0,43165000.0,0.0,0.014,0.062,149860000.0,193025000.0,0.074,193025000.0,149860000.0,127154000.0,0.15,0.15,0.15,10086518000.0,,10086518000.0,20208575921.0,-71.0,-173.315,846858000.0,2.337,1.0,805397000.0,0.307,2621633000.0,22706000.0,55535646000.0,,0.0,22449045000.0,,,34418582000.0,,,6279182921.0,426870000.0,118328000.0,-24530000.0,-473331000.0,-22898000.0,-507159000.0,32930000.0,-38312000.0,896656000.0,4443000.0,58304000.0,57289000.0,57289000.0,0.0,12308000.0,0.022,695119000.0,110278000.0,6456251000.0,0.413,0.623,-22.175,-22.506,702727000.0,1015000.0,17.33,0.661,0.661,4397127000.0,4400261000.0,2625358000.0,2625358000.0,0.0,,,,,9122000.0,644350000.0,1.0,362330232.0,362330232.0,,7.246,42420294000.0,1584954000.0,68850000.0,0.0,117.076,
22,JEF,MRQ,2016-03-31,2016-03-31,2016-03-31,2021-10-08,394004000.0,43134365000.0,,,,,27.858,-85424000.0,3283878000.0,3283878000.0,1688531000.0,-218602000.0,,3.226,17213271000.0,,,17213271000.0,0.0,35167000.0,0.0,0.016,0.062,-282907000.0,-247740000.0,-0.123,-247740000.0,-282907000.0,-305225000.0,-0.6,-0.6,-0.6,10091305000.0,,10091305000.0,20063219450.0,-50.0,-86.305,-1008217000.0,-2.783,1.0,326575000.0,0.162,2622351000.0,22318000.0,54441407000.0,,0.0,21460416000.0,,,32551412000.0,,,5857473450.0,-1034582000.0,193952000.0,-9093000.0,348332000.0,-23001000.0,411024000.0,-512457000.0,-615026000.0,-922793000.0,-10356000.0,-221864000.0,-222880000.0,-222880000.0,0.0,3262000.0,-0.111,626272000.0,-299697000.0,5124603000.0,-0.103,0.58,-18.076,-18.375,721060000.0,1016000.0,16.17,0.603,0.603,4178419000.0,4366525000.0,2015106000.0,2015106000.0,0.0,,,,,6933000.0,576662000.0,1.0,362243256.0,362243256.0,,5.563,40512014000.0,1646292000.0,-83361000.0,0.0,111.836,
23,JEF,MRQ,2015-12-31,2015-12-31,2015-12-31,2021-10-08,438793000.0,46331184000.0,,,,,28.706,-71291000.0,4389732000.0,4389732000.0,1808035000.0,42831000.0,,3.418,18586850000.0,,,18586850000.0,0.0,43059000.0,0.0,0.014,0.062,80707000.0,123766000.0,0.05,123766000.0,80707000.0,58724000.0,0.15,0.15,0.15,10401211000.0,,10401211000.0,21517786324.0,42.0,31.575,347222000.0,0.958,1.0,688181000.0,0.276,2648362000.0,21983000.0,57879940000.0,,0.0,24716280000.0,,,35548661000.0,,,6301058324.0,79347000.0,-1117638000.0,-3943000.0,-158799000.0,-22895000.0,-173445000.0,-162669000.0,1031333000.0,418513000.0,-3052000.0,56611000.0,55595000.0,55595000.0,-3793000.0,-13780000.0,0.022,640827000.0,47354000.0,7107081000.0,0.413,0.606,22.537,23.5,721875000.0,1016000.0,17.39,0.579,0.579,3830967000.0,4612982000.0,2496216000.0,2496216000.0,0.0,,,,,2235000.0,582840000.0,1.0,362338029.0,362338029.0,,6.889,43682822000.0,1575368000.0,2113000.0,0.0,120.558,
24,JEF,MRQ,2015-09-30,2015-09-30,2015-09-30,2021-10-08,415855000.0,50513738000.0,,,,,28.274,-69309000.0,4463310000.0,4463310000.0,1982595000.0,-180183000.0,,3.838,19680038000.0,,,19680038000.0,0.0,46113000.0,0.0,0.012,0.063,-231764000.0,-185651000.0,-0.078,-185651000.0,-231764000.0,-262430000.0,-0.47,-0.47,-0.47,10365476000.0,,10365476000.0,22378161446.0,49.0,35.614,444340000.0,1.212,1.0,383501000.0,0.162,2667870000.0,30666000.0,63062596000.0,,0.0,27369156000.0,,,39783625000.0,,,7427369446.0,68269000.0,169425000.0,-91186000.0,-864868000.0,-23126000.0,-978681000.0,533441000.0,432490000.0,513649000.0,-140000.0,-172157000.0,-173173000.0,-173173000.0,-1729000.0,-8026000.0,-0.073,649263000.0,-265762000.0,6945182000.0,-0.134,0.717,34.67,36.836,716906000.0,1016000.0,20.26,0.67,0.67,4286520000.0,4580831000.0,2366096000.0,2366096000.0,0.0,,,,,18983000.0,590797000.0,1.0,366602638.0,366602638.0,,6.454,47845868000.0,1622790000.0,-90273000.0,0.0,130.512,
25,JEF,MRQ,2015-06-30,2015-06-30,2015-06-30,2021-10-08,425064000.0,52555956000.0,,,,,29.06,-72756000.0,5887146000.0,5887146000.0,2109080000.0,15034000.0,,3.898,20837938000.0,,,20837938000.0,0.0,42573000.0,0.0,0.01,0.062,34583000.0,77156000.0,0.027,77156000.0,34583000.0,2850000.0,0.04,0.04,0.04,10655012000.0,,10655012000.0,23436160529.0,28.0,23.521,-39286000.0,-0.107,1.0,730383000.0,0.257,2684571000.0,31733000.0,64822177000.0,,0.0,27495635000.0,,,41532817000.0,,,8902478529.0,-33492000.0,377500000.0,-3008000.0,-182629000.0,-23170000.0,-208170000.0,142473000.0,-164943000.0,33470000.0,-1265000.0,17421000.0,16406000.0,16406000.0,0.0,-2387000.0,0.006,727994000.0,2389000.0,7772082000.0,1.55,0.836,20.138,20.931,723310000.0,1015000.0,24.28,0.76,0.76,4690344000.0,4777697000.0,2839463000.0,2839463000.0,0.0,,,,,20075000.0,672754000.0,1.0,366658918.0,366658918.0,,7.744,49871385000.0,1529457000.0,-14571000.0,0.0,136.016,
26,JEF,MRQ,2015-03-31,2015-03-31,2015-03-31,2021-10-08,427118000.0,52322692000.0,,,,,29.052,-59718000.0,6710843000.0,6710843000.0,1977303000.0,374429000.0,,3.878,21244525000.0,,,21244525000.0,0.0,40328000.0,0.0,0.011,0.063,625875000.0,666203000.0,0.209,666203000.0,625875000.0,594453000.0,1.0,0.99,1.0,10651838000.0,,10651838000.0,20368270800.0,22.0,18.652,-1787105000.0,-4.874,1.0,1207380000.0,0.379,2702298000.0,31422000.0,64154076000.0,,0.0,28047497000.0,,,41308780000.0,,,8172507800.0,-752251000.0,560043000.0,-26394000.0,757287000.0,-23359000.0,708313000.0,267920000.0,-231439000.0,-1727387000.0,-1097000.0,381775000.0,380759000.0,380759000.0,0.0,-7346000.0,0.12,629302000.0,578078000.0,8940421000.0,0.063,0.767,16.653,17.279,722149000.0,1016000.0,22.29,0.697,0.697,4354707000.0,4784966000.0,3184683000.0,3184683000.0,0.0,,,,,32794000.0,576862000.0,1.0,366644585.0,366644585.0,,8.686,49620394000.0,1506968000.0,212678000.0,0.0,135.336,
27,JEF,MRQ,2014-12-31,2014-12-31,2014-12-31,2021-10-08,447082000.0,52623908000.0,,,,,27.962,-127673000.0,7721449000.0,7721449000.0,2091157000.0,-19624000.0,,4.071,19917212000.0,,,19917212000.0,0.0,43599000.0,0.0,0.011,0.063,27054000.0,70653000.0,0.026,70653000.0,27054000.0,-6662000.0,-0.02,-0.02,-0.02,10302158000.0,,10302158000.0,20683710122.0,42.0,32.572,149441000.0,0.406,1.0,597198000.0,0.222,2720763000.0,33716000.0,62098908000.0,,0.0,27142155000.0,,,41942200000.0,,,8260179122.0,28897000.0,-2271000.0,-20643000.0,-142379000.0,-23286000.0,-181970000.0,-53359000.0,77191000.0,277114000.0,-12888000.0,-8748000.0,-9763000.0,-9763000.0,5586000.0,-10876000.0,-0.004,629663000.0,-32465000.0,10516491000.0,-3.15,0.802,40.43,41.519,726376000.0,1015000.0,22.42,0.719,0.719,3934825000.0,4428069000.0,2688355000.0,2688355000.0,0.0,,,,,22345000.0,516569000.0,1.0,368429042.0,368429042.0,,7.297,49903145000.0,1712535000.0,2086000.0,0.0,135.448,
28,JEF,MRQ,2014-09-30,2014-09-30,2014-09-30,2021-10-08,533263000.0,52727801000.0,,,,,28.18,-261427000.0,7549063000.0,7549063000.0,2057809000.0,60262000.0,,4.037,19972594000.0,,,19972594000.0,0.0,37294000.0,0.0,0.01,0.062,145100000.0,182394000.0,0.061,182394000.0,145100000.0,115601000.0,0.14,0.14,0.14,10385107000.0,,10385107000.0,22029006224.0,41.0,33.239,-413515000.0,-1.122,1.0,945834000.0,0.315,2754305000.0,29499000.0,62397027000.0,,0.0,27471603000.0,,,41922702000.0,,,8785774224.0,61153000.0,184795000.0,-2901000.0,433723000.0,-23297000.0,439821000.0,-224069000.0,-149295000.0,-152088000.0,-2511000.0,55695000.0,54679000.0,54679000.0,-2009000.0,4567000.0,0.018,827093000.0,118741000.0,9750022000.0,0.443,0.846,39.465,43.345,709326000.0,1016000.0,23.84,0.75,0.75,4093964000.0,4461634000.0,3003643000.0,3003643000.0,0.0,,,,,24715000.0,780629000.0,1.0,368530798.0,368530798.0,,8.15,49973496000.0,1693010000.0,59906000.0,0.0,135.602,
29,JEF,MRQ,2014-06-30,2014-06-30,2014-06-30,2021-10-08,561305000.0,51407735000.0,,,,,28.084,-87350000.0,7475242000.0,7475242000.0,2095404000.0,66450000.0,,3.93,20718474000.0,,,20718474000.0,0.0,29780000.0,0.0,0.01,0.062,142962000.0,172742000.0,0.061,172742000.0,142962000.0,113818000.0,0.17,0.17,0.17,10350681000.0,,10350681000.0,21662472474.0,50.0,38.471,-165057000.0,-0.448,1.0,756559000.0,0.265,2750110000.0,29144000.0,61900857000.0,,0.0,26043821000.0,,,40679217000.0,,,9663791474.0,596198000.0,-12252000.0,-3876000.0,540986000.0,-23302000.0,514013000.0,159024000.0,252389000.0,-77707000.0,868000.0,66089000.0,65074000.0,65074000.0,3740000.0,361000.0,0.023,644841000.0,111718000.0,8761178000.0,0.365,0.934,56.542,62.429,936923000.0,1015000.0,26.22,0.859,0.859,4407172000.0,4430738000.0,2851963000.0,2851963000.0,0.0,,,,,24571000.0,600198000.0,1.0,368565655.0,368565655.0,,7.738,48657625000.0,1742268000.0,47729000.0,0.0,132.019,
30,JEF,MRQ,2014-03-31,2014-03-31,2014-03-31,2021-10-08,558060000.0,51130014000.0,,,,,27.978,-72376000.0,7392044000.0,7392044000.0,1995245000.0,91937000.0,,3.983,19390725000.0,,,19390725000.0,0.0,29071000.0,0.0,0.009,0.062,180158000.0,209229000.0,0.071,209229000.0,180158000.0,151582000.0,0.25,0.25,0.25,10187783000.0,,10187783000.0,21878932992.0,56.0,41.884,-1106855000.0,-3.04,1.0,947279000.0,0.322,2766547000.0,28576000.0,60362148000.0,,0.0,26558812000.0,,,40576999000.0,,,10195708992.0,-317068000.0,-236243000.0,-46118000.0,206443000.0,-23186000.0,145918000.0,567487000.0,877989000.0,-1034479000.0,4006000.0,95332000.0,94316000.0,94316000.0,8909000.0,-3395000.0,0.032,781643000.0,165636000.0,8724587000.0,0.248,1.001,64.345,71.795,922637000.0,1016000.0,28.0,0.921,0.921,3884774000.0,4389453000.0,2942524000.0,2942524000.0,0.0,,,,,38207000.0,740156000.0,1.0,364132464.0,364132464.0,,8.081,48363467000.0,1767181000.0,56250000.0,0.0,132.818,
31,JEF,MRQ,2013-12-31,2013-12-31,2013-12-31,2021-10-08,538050000.0,47866781000.0,,,,,27.713,-52342000.0,7524197000.0,7524197000.0,1996713000.0,-11015000.0,,3.695,19207421000.0,,,19207421000.0,0.0,34006000.0,0.0,0.009,0.062,64373000.0,98379000.0,0.034,98379000.0,64373000.0,39170000.0,-0.01,0.0,-0.01,10102462000.0,,10102462000.0,20955114592.0,35.0,28.586,-288735000.0,-0.792,1.0,924111000.0,0.316,2768628000.0,25203000.0,56781377000.0,,0.0,24628231000.0,,,37327653000.0,,,10331001592.0,-502498000.0,17032000.0,-5347000.0,820358000.0,-23052000.0,796184000.0,-1071975000.0,-1031615000.0,-236393000.0,9686000.0,9570000.0,8554000.0,8554000.0,12190000.0,-20585000.0,0.003,897614000.0,26497000.0,8309945000.0,-6.2,1.023,27.979,26.486,885859000.0,1016000.0,28.34,0.991,0.991,3816680000.0,4318840000.0,2920824000.0,2920824000.0,0.0,,,,,27091000.0,849223000.0,1.0,364537812.0,364537812.0,,8.012,45098153000.0,1809943000.0,29600000.0,0.0,123.713,
32,JEF,MRQ,2013-09-30,2013-09-30,2013-09-30,2021-10-08,487152000.0,45541073000.0,,,,,27.718,-35055000.0,7868019000.0,7868019000.0,1936663000.0,14383000.0,,3.473,18492132000.0,,,18492132000.0,0.0,34747000.0,0.0,0.016,0.062,47990000.0,82737000.0,0.033,82737000.0,47990000.0,30756000.0,0.01,0.01,0.01,10101353000.0,,10101353000.0,20716133051.0,16.0,14.654,456162000.0,1.252,1.0,595389000.0,0.235,2787078000.0,17234000.0,53378108000.0,,0.0,21264833000.0,,,35084837000.0,,,9927023051.0,856448000.0,911000.0,-6181000.0,-260312000.0,-23092000.0,-273864000.0,638243000.0,671470000.0,491217000.0,852000.0,3998000.0,2971000.0,2971000.0,15591000.0,10385000.0,0.001,545312000.0,50077000.0,7342508000.0,6.2,0.983,12.183,8.787,936174000.0,1027000.0,27.24,0.974,0.974,3840589000.0,4333887000.0,2532052000.0,2532052000.0,0.0,,,,,27775000.0,498263000.0,1.0,364428159.0,364428159.0,,6.948,42753995000.0,1791643000.0,26758000.0,0.0,117.318,
33,JEF,MRQ,2013-06-30,2013-06-30,2013-06-30,2021-10-08,440950000.0,46179276000.0,,,,,27.518,-33555000.0,6609786000.0,6609786000.0,1954642000.0,58536000.0,,3.572,17398896000.0,,,17398896000.0,0.0,33959000.0,0.0,0.014,0.062,98070000.0,132029000.0,0.049,132029000.0,98070000.0,76862000.0,0.14,0.14,0.14,10023607000.0,,10023607000.0,18949377821.0,13.0,12.01,576958000.0,1.584,1.0,721083000.0,0.269,2782408000.0,21208000.0,54185978000.0,,0.0,22449134000.0,,,35807569000.0,,,9550712821.0,413224000.0,1632000.0,-22939000.0,-484559000.0,-22195000.0,-839866000.0,646674000.0,689003000.0,610513000.0,-4097000.0,53627000.0,52612000.0,52612000.0,2038000.0,4909000.0,0.02,650929000.0,70154000.0,8921485000.0,0.443,0.953,10.398,7.428,930486000.0,1015000.0,26.22,0.967,0.967,4502543000.0,4354244000.0,2675725000.0,2675725000.0,0.0,,,,,30614000.0,604952000.0,1.0,364252968.0,364252968.0,,7.346,43396868000.0,1839932000.0,23235000.0,0.0,119.139,
34,JEF,MRQ,2013-03-31,2013-03-31,2013-03-31,2021-10-08,506870000.0,47349294000.0,,,,,41.056,-20777000.0,6869163000.0,6869163000.0,1830463000.0,300289000.0,,3.646,16267828000.0,,,16267828000.0,0.0,36252000.0,0.0,0.011,0.062,376528000.0,412780000.0,0.18,412780000.0,376528000.0,355209000.0,1.1,1.08,1.1,10041561000.0,,10041561000.0,8313340389.0,8.0,6.777,-183774000.0,-0.751,1.0,467150000.0,0.203,2826444000.0,21319000.0,53921515000.0,,0.0,24087016000.0,,,36606577000.0,,,6708900389.0,2994461000.0,3019380000.0,0.0,95149000.0,-22996000.0,47039000.0,3110680000.0,98262000.0,-162997000.0,-261000.0,305442000.0,305103000.0,305103000.0,3867000.0,-5153000.0,0.133,122716000.0,344434000.0,8643848000.0,0.056,0.668,10.033,10.632,933073000.0,339000.0,27.43,0.75,0.75,3886446000.0,4324471000.0,2297613000.0,2297613000.0,0.0,,,,,1829000.0,95218000.0,1.0,244582588.0,244582588.0,,9.394,44522850000.0,1822135000.0,49767000.0,0.0,182.036,
35,JEF,MRQ,2012-12-31,2012-12-31,2012-12-31,2021-10-08,705129000.0,9349118000.0,,2521266000.0,6827852000.0,,27.669,-20164000.0,145960000.0,145960000.0,1891169000.0,450840000.0,1.969,0.346,1750400000.0,832274000.0,918126000.0,1750400000.0,0.0,35407000.0,0.0,0.011,0.25,750741000.0,786148000.0,0.293,786148000.0,750741000.0,729454000.0,1.85,1.82,1.85,6767268000.0,,6767268000.0,6798005769.0,5.0,4.104,362162000.0,1.481,1.0,791277000.0,0.295,854026000.0,21287000.0,8819053000.0,,0.0,5241638000.0,1672602000.0,3632618000.0,2339834000.0,1280479000.0,1059355000.0,5818619769.0,-626184000.0,106599000.0,0.0,-1373000.0,-61146000.0,-62325000.0,-946543000.0,-1031917000.0,382326000.0,358000.0,454166000.0,454166000.0,454166000.0,35930000.0,-3326000.0,0.169,30779000.0,760498000.0,589434000.0,0.135,0.86,6.81,6.817,857360000.0,0.0,23.79,0.619,0.619,6824000.0,4240028000.0,2682446000.0,2682446000.0,0.0,,,,,3727000.0,13070000.0,1.0,244582588.0,244582588.0,,10.967,8495092000.0,1214615000.0,275288000.0,0.0,34.733,1240787000.0
36,JEF,MRQ,2012-09-30,2012-09-30,2012-09-30,2021-10-08,518705000.0,8740184000.0,,2139481000.0,6600703000.0,,25.316,-18340000.0,772144000.0,772144000.0,1884833000.0,114334000.0,1.642,0.373,1751530000.0,839698000.0,911832000.0,1751530000.0,0.0,40212000.0,0.0,0.011,0.0,206670000.0,246882000.0,0.111,246882000.0,206670000.0,185564000.0,0.44,0.43,0.44,6191942000.0,,6191942000.0,7159530877.0,13.0,9.905,181604000.0,0.743,1.0,332087000.0,0.15,862376000.0,21106000.0,7554471000.0,,354487000.0,3397010000.0,390378000.0,3006632000.0,2310939000.0,1302723000.0,1008216000.0,5564253877.0,585479000.0,564000.0,0.0,-28824000.0,0.0,-35974000.0,421509000.0,436191000.0,199944000.0,0.0,106674000.0,106674000.0,106674000.0,2611000.0,7660000.0,0.048,139420000.0,192667000.0,412692000.0,0.0,0.899,10.706,10.681,856213000.0,0.0,22.75,0.956,0.956,315030000.0,3847008000.0,2216920000.0,2216920000.0,0.0,,,,,3393000.0,109048000.0,1.0,244582588.0,244582588.0,,9.064,7877808000.0,1570541000.0,78890000.0,0.0,32.209,836758000.0
37,JEF,MRQ,2012-06-30,2012-06-30,2012-06-30,2021-10-08,541721000.0,8603278000.0,,1285641000.0,7317637000.0,,24.909,-14246000.0,186665000.0,186665000.0,1880582000.0,-187768000.0,1.618,0.371,1781942000.0,411097000.0,1370845000.0,1781942000.0,0.0,44353000.0,0.0,0.012,0.0,-263416000.0,-219063000.0,-0.125,-219063000.0,-263416000.0,-284759000.0,-0.81,-0.81,-0.81,6092283000.0,,6092283000.0,6864885647.0,64.0,27.482,91610000.0,0.375,1.0,-134541000.0,-0.077,852435000.0,21343000.0,8551739000.0,,340437000.0,3700108000.0,193742000.0,3506366000.0,2261593000.0,794381000.0,1467212000.0,5202271647.0,-18626000.0,-760000.0,0.0,-86198000.0,0.0,-93239000.0,-31243000.0,-18049000.0,105856000.0,0.0,-197251000.0,-197251000.0,-197251000.0,1112000.0,9483000.0,-0.113,131816000.0,-266357000.0,345696000.0,0.0,0.854,42.627,42.54,1013283000.0,0.0,21.27,1.369,1.369,407285000.0,3740334000.0,1746041000.0,1746041000.0,0.0,,,,,3447000.0,95899000.0,1.0,244582588.0,244582588.0,,7.139,7750843000.0,1628488000.0,-87508000.0,0.0,31.69,491260000.0
38,JEF,MRQ,2012-03-31,2012-03-31,2012-03-31,2021-10-08,671579000.0,8986637000.0,,1125430000.0,7861207000.0,,26.28,-18575000.0,205291000.0,205291000.0,1823162000.0,487235000.0,1.403,0.362,1867905000.0,442718000.0,1425187000.0,1867905000.0,0.0,50141000.0,0.0,0.01,0.0,653147000.0,703288000.0,0.295,703288000.0,653147000.0,624302000.0,2.01,1.97,2.01,6427679000.0,,6427679000.0,8538298547.0,11.0,9.51,-61262000.0,-0.25,1.0,562099000.0,0.236,865864000.0,28845000.0,8981220000.0,,355736000.0,4261608000.0,125480000.0,4136128000.0,2323732000.0,802167000.0,1521565000.0,6383605547.0,36801000.0,-882000.0,0.0,-455507000.0,0.0,-460170000.0,539658000.0,553708000.0,-42687000.0,0.0,490877000.0,490877000.0,490877000.0,-1729000.0,-3642000.0,0.206,176862000.0,385237000.0,315333000.0,0.0,0.993,12.626,12.609,1043313000.0,0.0,26.1,2.273,2.273,332170000.0,3937585000.0,2385261000.0,2385261000.0,0.0,,,,,3892000.0,142569000.0,1.0,244582588.0,244582588.0,,9.752,8120773000.0,1455804000.0,133425000.0,0.0,33.203,323263000.0
39,JEF,MRQ,2011-12-31,2011-12-31,2011-12-31,2021-10-08,912421000.0,9263189000.0,,1253479000.0,8009710000.0,,25.245,-7697000.0,168490000.0,168490000.0,-17147000.0,119064000.0,1.429,0.461,2321132000.0,446743000.0,1874389000.0,2321132000.0,0.0,24446000.0,0.0,0.011,0.25,-32764000.0,-8318000.0,0.016,-8318000.0,-32764000.0,-60234000.0,0.49,0.49,0.49,6174396000.0,,6174396000.0,7227982051.0,36.0,24.422,-587422000.0,-2.402,1.0,-513245000.0,0.968,876589000.0,27470000.0,9662110000.0,,354578000.0,4368805000.0,150135000.0,4218670000.0,2849019000.0,877132000.0,1971887000.0,5561808051.0,-137780000.0,-365023000.0,-155000.0,-6996000.0,-61146000.0,-61364000.0,503420000.0,874018000.0,-579725000.0,-111000.0,119437000.0,119437000.0,119437000.0,15247000.0,-373000.0,-0.225,37314000.0,-550559000.0,374321000.0,0.51,0.901,220.435,227.4,884109000.0,0.0,22.74,8.655,8.655,339010000.0,3446708000.0,-530392000.0,-530392000.0,0.0,,,,,4663000.0,39723000.0,1.0,244582588.0,244582588.0,,-2.169,8386600000.0,1584886000.0,-179671000.0,0.0,34.289,376347000.0
40,JEF,MRQ,2011-09-30,2011-09-30,2011-09-30,2021-10-08,824179000.0,8215054000.0,,1419413000.0,6795641000.0,,24.627,-9625000.0,306270000.0,306270000.0,77083000.0,-291352000.0,2.153,0.363,1972444000.0,501150000.0,1471294000.0,1972444000.0,0.0,23679000.0,0.0,0.011,0.0,-249787000.0,-226108000.0,-1.132,-226108000.0,-249787000.0,-277299000.0,-1.19,-1.19,-1.19,6023442000.0,,6023442000.0,7139859096.0,9.0,7.868,11405000.0,0.047,1.0,122668000.0,0.614,60037000.0,27512000.0,9161892000.0,,0.0,4837152000.0,810972000.0,4026180000.0,2186651000.0,659299000.0,1527352000.0,5547133096.0,-232822000.0,-432419000.0,273000.0,-159594000.0,0.0,-163585000.0,-90267000.0,347540000.0,21030000.0,0.0,-291022000.0,-291022000.0,-291022000.0,-2463000.0,-330000.0,-1.457,78436000.0,44232000.0,142307000.0,0.0,0.921,3.465,3.447,595112000.0,0.0,22.68,3.251,3.251,171451000.0,3388417000.0,199751000.0,199751000.0,0.0,,,,,4378000.0,64986000.0,1.0,244582588.0,244582588.0,,0.817,8155017000.0,1686058000.0,13723000.0,0.0,33.343,760114000.0
41,JEF,MRQ,2011-06-30,2011-06-30,2011-06-30,2021-10-08,1314743000.0,9192181000.0,,1487852000.0,7704329000.0,,27.808,-17212000.0,539092000.0,539092000.0,103669000.0,186458000.0,1.8,0.351,2131818000.0,660579000.0,1471239000.0,2131818000.0,0.0,24711000.0,0.0,0.007,0.0,404254000.0,428965000.0,0.569,428965000.0,404254000.0,376417000.0,0.76,0.75,0.76,6800725000.0,,6800725000.0,10110959451.0,7.0,6.814,2487000.0,0.01,1.0,649772000.0,0.862,62665000.0,27837000.0,9895870000.0,,0.0,5963092000.0,620868000.0,5342224000.0,2386702000.0,826372000.0,1560330000.0,8339483451.0,225160000.0,-210738000.0,5513000.0,43238000.0,0.0,48424000.0,157037000.0,372165000.0,19699000.0,0.0,186309000.0,186309000.0,186309000.0,-3170000.0,149000.0,0.247,102743000.0,547029000.0,144559000.0,0.0,1.226,3.826,3.81,604261000.0,0.0,34.1,4.928,4.928,193429000.0,3679439000.0,753441000.0,753441000.0,0.0,,,,,13214000.0,84164000.0,1.0,244559632.0,244559632.0,,3.081,9129516000.0,1261069000.0,190108000.0,0.0,37.33,661480000.0
42,JEF,MRQ,2011-03-31,2011-03-31,2011-03-31,2021-10-08,1622305000.0,9224385000.0,,767672000.0,8456713000.0,,28.312,-4052000.0,313932000.0,313932000.0,96993000.0,10786000.0,1.066,0.336,2085408000.0,579171000.0,1506237000.0,2085408000.0,0.0,23787000.0,0.0,0.007,0.0,78537000.0,102324000.0,0.36,102324000.0,78537000.0,49560000.0,0.04,0.04,0.04,6902674000.0,,6902674000.0,10803466838.0,14.0,12.25,-21827000.0,-0.09,1.0,187041000.0,0.659,41098000.0,28977000.0,10234413000.0,,0.0,6420199000.0,231842000.0,6188357000.0,2316274000.0,720350000.0,1595924000.0,9152557838.0,-127408000.0,61000.0,1340000.0,71910000.0,0.0,69888000.0,-179521000.0,-188768000.0,-17775000.0,0.0,10507000.0,10507000.0,10507000.0,1643000.0,279000.0,0.037,78534000.0,108507000.0,126286000.0,0.0,1.326,5.205,5.199,570623000.0,0.0,37.54,7.452,7.452,116138000.0,3493130000.0,284034000.0,284034000.0,0.0,,,,,1009000.0,60772000.0,1.0,243808147.0,243808147.0,,1.165,9183287000.0,1193623000.0,39053000.0,0.0,37.666,47322000.0
43,JEF,MRQ,2010-12-31,2010-12-31,2010-12-31,2021-10-08,1687363000.0,9350298000.0,,985590000.0,8364708000.0,,28.591,-24236000.0,441340000.0,441340000.0,938000.0,1695039000.0,1.318,0.343,2092249000.0,543780000.0,1548469000.0,2092249000.0,0.0,25668000.0,0.0,0.009,0.25,576559000.0,602227000.0,1.284,602227000.0,576559000.0,547318000.0,6.97,6.85,6.97,6956758000.0,,6956758000.0,8930355936.0,10.0,8.655,361130000.0,1.484,1.0,468146000.0,0.998,42636000.0,29241000.0,10210731000.0,,58280000.0,6371394000.0,264572000.0,6106822000.0,2386917000.0,747840000.0,1639077000.0,7100001936.0,106165000.0,-322387000.0,10658000.0,-64981000.0,-60952000.0,-115386000.0,-163815000.0,33379000.0,385366000.0,0.0,1695222000.0,1695222000.0,1695222000.0,-6863000.0,-183000.0,3.614,125415000.0,342731000.0,176592000.0,0.036,1.021,3.661,3.661,587371000.0,0.0,29.18,5.9,5.9,150328000.0,3482623000.0,469084000.0,469084000.0,0.0,,,,,678000.0,131332000.0,1.0,243317407.0,243317407.0,,1.928,9307662000.0,1175558000.0,-1147904000.0,0.0,38.253,237750000.0
44,JEF,MRQ,2010-09-30,2010-09-30,2010-09-30,2021-10-08,1158674000.0,7307335000.0,,683777000.0,6623558000.0,,19.659,-7525000.0,323284000.0,323284000.0,102576000.0,289970000.0,0.833,0.526,2153638000.0,545262000.0,1608376000.0,2153638000.0,0.0,27674000.0,0.0,0.0,0.0,322648000.0,350322000.0,1.885,350322000.0,322648000.0,291295000.0,1.18,1.17,1.18,4783391000.0,,4783391000.0,7504731153.0,26.0,19.036,96017000.0,0.395,1.0,83289000.0,0.448,44272000.0,31353000.0,8272919000.0,,0.0,5513550000.0,110166000.0,5403384000.0,2517836000.0,820498000.0,1697338000.0,5747157153.0,86938000.0,59104000.0,0.0,146990000.0,0.0,146373000.0,-162977000.0,-213195000.0,103542000.0,0.0,287755000.0,287755000.0,287755000.0,-27483000.0,2215000.0,1.548,110621000.0,-27332000.0,153291000.0,0.0,1.201,37.525,38.097,601518000.0,0.0,23.62,6.199,6.199,110156000.0,1848353000.0,185865000.0,185865000.0,0.0,,,,,691000.0,90807000.0,1.0,243317407.0,243317407.0,,0.764,7263063000.0,0.0,3540000.0,0.0,29.85,-136721000.0
45,JEF,MRQ,2010-06-30,2010-06-30,2010-06-30,2021-10-08,638481000.0,6430701000.0,,764516000.0,5666185000.0,,16.336,-6064000.0,248237000.0,248237000.0,106360000.0,-236278000.0,1.048,0.615,2005811000.0,380725000.0,1625086000.0,2005811000.0,90634000.0,26057000.0,0.0,0.0,0.0,-198989000.0,-172932000.0,-0.598,-172932000.0,-198989000.0,-230479000.0,-0.97,-0.97,-0.97,3974752000.0,,3974752000.0,6509731125.0,18.0,13.909,8341000.0,0.034,1.0,182840000.0,0.632,69632000.0,31490000.0,7388911000.0,,0.0,4496619000.0,111075000.0,4385544000.0,2445827000.0,729732000.0,1716095000.0,4747020125.0,29254000.0,-2704000.0,358000.0,23873000.0,0.0,23866000.0,-9017000.0,429000.0,14405000.0,0.0,-235144000.0,-235144000.0,-235144000.0,-10014000.0,-1134000.0,-0.813,71055000.0,111785000.0,220438000.0,0.0,1.194,20.149,20.323,687216000.0,0.0,19.51,5.366,5.366,284836000.0,1560598000.0,289200000.0,289200000.0,0.0,,,,,688000.0,51213000.0,1.0,243312154.0,243312154.0,,1.189,6361069000.0,0.0,4665000.0,0.0,26.144,34784000.0
46,JEF,MRQ,2010-03-31,2010-03-31,2010-03-31,2021-10-08,997543000.0,6988062000.0,,662024000.0,6326038000.0,,18.776,-6519000.0,218983000.0,218983000.0,97504000.0,191505000.0,1.037,0.527,1981694000.0,324266000.0,1657428000.0,1981694000.0,81123000.0,26455000.0,0.0,0.0,0.0,225672000.0,252127000.0,0.972,252127000.0,225672000.0,194181000.0,0.79,0.78,0.79,4567912000.0,,4567912000.0,7852222101.0,8.0,6.914,-78566000.0,-0.323,1.0,161791000.0,0.624,72379000.0,31491000.0,8039723000.0,,0.0,5127585000.0,99174000.0,5028411000.0,2408538000.0,638671000.0,1769867000.0,6035979101.0,64855000.0,-8624000.0,261000.0,10814000.0,0.0,9811000.0,127091000.0,141246000.0,-72047000.0,0.0,191479000.0,191479000.0,191479000.0,4827000.0,26000.0,0.738,82460000.0,79331000.0,201011000.0,0.0,1.321,6.845,6.835,701104000.0,0.0,24.81,6.86,6.86,234344000.0,1795742000.0,259295000.0,259295000.0,0.0,,,,,2014000.0,62971000.0,1.0,243288154.0,243288154.0,,1.066,6915683000.0,0.0,2702000.0,0.0,28.426,23353000.0
47,JEF,MRQ,2009-12-31,2009-12-31,2009-12-31,2021-10-08,985032000.0,6762364000.0,,551474000.0,6210890000.0,,17.94,-3566000.0,130475000.0,130475000.0,78448000.0,-91836000.0,0.882,0.547,1970371000.0,312592000.0,1657779000.0,1970371000.0,0.0,22795000.0,0.0,0.0,0.0,-58078000.0,-35283000.0,-0.183,-35283000.0,-58078000.0,-89637000.0,-0.38,-0.36,-0.38,4361647000.0,,4361647000.0,7527109744.0,11.0,9.744,-15450000.0,-0.064,1.0,114350000.0,0.593,51224000.0,31559000.0,7926055000.0,,0.0,4977830000.0,84707000.0,4893123000.0,2387867000.0,624981000.0,1762886000.0,5784066744.0,-78524000.0,-329267000.0,392000.0,-5917000.0,0.0,-6107000.0,-60533000.0,250299000.0,-11884000.0,0.0,-90935000.0,-90935000.0,-90935000.0,6956000.0,-901000.0,-0.472,79406000.0,34944000.0,144483000.0,0.0,1.326,10.511,10.434,657898000.0,0.0,23.79,10.056,10.056,163863000.0,1604263000.0,192798000.0,192798000.0,0.0,,,,,2808000.0,63366000.0,1.0,243130170.0,243130170.0,,0.793,6711140000.0,0.0,1298000.0,0.0,27.603,-73507000.0
48,JEF,MRQ,2009-09-30,2009-09-30,2009-09-30,2021-10-08,791354000.0,6621425000.0,,817246000.0,5804179000.0,,17.442,-6649000.0,232652000.0,232652000.0,74995000.0,369580000.0,1.427,0.554,1975695000.0,310266000.0,1665429000.0,1975695000.0,74340000.0,21130000.0,0.0,0.0,0.0,402979000.0,424109000.0,2.957,424109000.0,402979000.0,371540000.0,1.52,1.5,1.52,4250583000.0,,4250583000.0,7819121592.0,224.0,66.059,-65909000.0,-0.27,1.0,68436000.0,0.477,78561000.0,31439000.0,7713300000.0,,0.0,4954829000.0,277380000.0,4677449000.0,2354612000.0,572607000.0,1782005000.0,6024156592.0,76488000.0,21583000.0,391000.0,25309000.0,0.0,24735000.0,111013000.0,96884000.0,-59260000.0,0.0,370199000.0,370199000.0,370199000.0,-28406000.0,-619000.0,2.581,73999000.0,-5563000.0,176392000.0,0.0,1.417,-2.904,-2.699,512557000.0,0.0,24.72,23.66,23.66,208363000.0,1695198000.0,143431000.0,143431000.0,0.0,,,,,2757000.0,59787000.0,1.0,243695655.0,243695655.0,,0.589,6542864000.0,0.0,1341000.0,0.0,26.849,244639000.0
49,JEF,MRQ,2009-06-30,2009-06-30,2009-06-30,2021-10-08,586319000.0,6053609000.0,,745386000.0,5308223000.0,,15.456,-7166000.0,156164000.0,156164000.0,163011000.0,410984000.0,1.313,0.637,1951129000.0,276184000.0,1674945000.0,1951129000.0,96556000.0,22210000.0,0.0,0.0,0.0,472534000.0,494744000.0,1.74,494744000.0,472534000.0,440150000.0,1.7,1.67,1.7,3686324000.0,,3686324000.0,6898669337.0,-25.0,-34.664,-3575000.0,-0.015,1.0,121312000.0,0.427,81042000.0,32384000.0,7199772000.0,,0.0,4467450000.0,379851000.0,4087599000.0,2349477000.0,567760000.0,1781717000.0,5030030337.0,-48521000.0,17967000.0,175000.0,-35276000.0,0.0,-36596000.0,-15516000.0,-35388000.0,3591000.0,0.0,411023000.0,411023000.0,411023000.0,0.0,-39000.0,1.446,193201000.0,-71889000.0,183561000.0,0.0,1.365,-2.136,-2.048,518847000.0,0.0,21.09,13.864,13.864,163813000.0,1324999000.0,284323000.0,284323000.0,0.0,,,,,2787000.0,177744000.0,1.0,238503098.0,238503098.0,,1.192,5972567000.0,7583000.0,29127000.0,0.0,25.042,177626000.0
50,JEF,MRQ,2009-03-31,2009-03-31,2009-03-31,2021-10-08,78398000.0,5112802000.0,,777885000.0,4334917000.0,,11.091,-6185000.0,204685000.0,204685000.0,168469000.0,-140133000.0,1.437,0.925,2073324000.0,273104000.0,1800220000.0,2073324000.0,95649000.0,20242000.0,0.0,0.0,0.0,-130924000.0,-110682000.0,-0.442,-110682000.0,-130924000.0,-164311000.0,-0.59,-0.59,-0.59,2645289000.0,,2645289000.0,5395197124.0,-7.0,-7.704,-72030000.0,-0.302,1.0,81874000.0,0.327,83345000.0,33387000.0,6356693000.0,,0.0,3356686000.0,294330000.0,3062356000.0,2448157000.0,541403000.0,1906754000.0,3551244124.0,-32818000.0,4312000.0,0.0,-2950000.0,0.0,-3980000.0,37007000.0,42364000.0,-65845000.0,0.0,-140007000.0,-140007000.0,-140007000.0,0.0,-126000.0,-0.559,105423000.0,-23549000.0,161560000.0,0.0,1.342,-1.377,-1.331,524870000.0,0.0,14.89,8.536,8.536,172172000.0,913976000.0,250343000.0,250343000.0,0.0,,,,,2739000.0,90146000.0,1.0,238498598.0,238498598.0,,1.05,5029457000.0,39234000.0,-24304000.0,0.0,21.088,236482000.0
51,JEF,MRQ,2008-12-31,2008-12-31,2008-12-31,2021-10-08,-29280000.0,5198493000.0,,866638000.0,4331855000.0,,11.494,-6923000.0,237503000.0,237503000.0,-209486000.0,-2716997000.0,1.54,0.935,2081456000.0,248713000.0,1832743000.0,2081456000.0,98453000.0,19902000.0,0.0,0.0,0.0,-709707000.0,-689805000.0,1.629,-689805000.0,-709707000.0,-745714000.0,-11.79,-11.76,-11.79,2676797000.0,,2676797000.0,6670024363.0,-9.0,-10.333,41585000.0,0.179,1.0,-213993000.0,0.505,84848000.0,36007000.0,6394682000.0,,0.0,3401050000.0,366464000.0,3034586000.0,2503102000.0,562916000.0,1940186000.0,4611156363.0,75430000.0,-68599000.0,0.0,-23016000.0,0.0,-24099000.0,50868000.0,121333000.0,48508000.0,153000.0,-2715841000.0,-2715841000.0,-2715841000.0,-46075000.0,-1156000.0,6.413,35944000.0,-249937000.0,205870000.0,0.0,1.723,-1.819,-1.8,534640000.0,0.0,19.8,9.4,9.4,156119000.0,1053983000.0,-423479000.0,-423479000.0,0.0,,,,,3555000.0,27462000.0,1.0,232886685.0,232886685.0,,-1.818,5113645000.0,40235000.0,1970127000.0,0.0,21.958,303722000.0
52,JEF,MRQ,2008-09-30,2008-09-30,2008-09-30,2021-10-08,538741000.0,8409169000.0,,901285000.0,7507884000.0,,25.03,-30589000.0,162073000.0,162073000.0,193553000.0,89348000.0,2.005,0.439,2220941000.0,175562000.0,2045379000.0,2220941000.0,72118000.0,19002000.0,0.0,0.006,0.0,87725000.0,106727000.0,0.424,106727000.0,87725000.0,50709000.0,0.38,0.37,0.38,5828052000.0,,5828052000.0,12555284936.0,-136.0,-488.361,-80831000.0,-0.347,1.0,58063000.0,0.231,74370000.0,37016000.0,9944224000.0,,0.0,5033366000.0,334735000.0,4698631000.0,2559701000.0,449443000.0,2110258000.0,10580194936.0,-74577000.0,52954000.0,1294000.0,8756000.0,0.0,10472000.0,-34638000.0,-33613000.0,-50242000.0,-169000.0,89462000.0,89462000.0,89462000.0,0.0,-114000.0,0.356,95889000.0,-37826000.0,190834000.0,0.0,1.815,16.897,16.229,527233000.0,0.0,45.44,8.842,8.842,202783000.0,3769824000.0,251616000.0,251616000.0,0.0,,,,,3536000.0,81126000.0,1.0,232838797.0,232838797.0,,1.081,8334799000.0,1571012000.0,-38753000.0,0.0,35.796,451842000.0
53,JEF,MRQ,2008-06-30,2008-06-30,2008-06-30,2021-10-08,1809292000.0,9668615000.0,,796305000.0,8872310000.0,,30.103,-27507000.0,236650000.0,236650000.0,200165000.0,186826000.0,1.499,0.377,2211740000.0,164381000.0,2047359000.0,2211740000.0,98904000.0,17873000.0,0.0,0.005,0.0,-24390000.0,-6517000.0,-0.019,-6517000.0,-24390000.0,-60933000.0,0.81,0.76,0.81,7005215000.0,,7005215000.0,12847985196.0,-84.0,-139.269,29036000.0,0.125,1.0,137389000.0,0.407,76251000.0,36543000.0,11036073000.0,,0.0,6962569000.0,255433000.0,6707136000.0,2643481000.0,531381000.0,2112100000.0,10923260196.0,-21442000.0,-399180000.0,104292000.0,28744000.0,0.0,136351000.0,-214289000.0,252939000.0,56543000.0,-47000.0,186778000.0,186778000.0,186778000.0,0.0,48000.0,0.553,106027000.0,31362000.0,256800000.0,0.0,1.559,20.207,19.238,514037000.0,0.0,46.94,8.56,8.56,133633000.0,3680362000.0,337554000.0,337554000.0,0.0,,,,,965000.0,92536000.0,1.0,232706864.0,232706864.0,,1.451,9592364000.0,945830000.0,-247711000.0,0.0,41.221,264924000.0
54,JEF,MRQ,2008-03-31,2008-03-31,2008-03-31,2021-10-08,844918000.0,7929946000.0,,935065000.0,6994881000.0,,24.026,-11047000.0,258092000.0,258092000.0,204955000.0,-95989000.0,2.036,0.479,2182817000.0,153689000.0,2029128000.0,2182817000.0,87628000.0,15506000.0,0.0,0.006,0.0,-71392000.0,-55886000.0,-0.172,-55886000.0,-71392000.0,-107174000.0,-0.43,-0.43,-0.43,5347500000.0,,5347500000.0,11744464007.0,-196.0,-1381.702,-57110000.0,-0.257,1.0,119894000.0,0.369,77557000.0,35782000.0,9317954000.0,,0.0,4975041000.0,367819000.0,4607222000.0,2561082000.0,459160000.0,2101922000.0,10064884007.0,-198878000.0,-378241000.0,616000.0,46079000.0,0.0,52094000.0,-204972000.0,205054000.0,-46063000.0,63000.0,-95824000.0,-95824000.0,-95824000.0,0.0,-165000.0,-0.295,89651000.0,30243000.0,206323000.0,0.0,1.882,26.48,25.84,502668000.0,0.0,45.22,7.848,7.848,145330000.0,3493584000.0,324849000.0,324849000.0,0.0,,,,,2299000.0,78205000.0,1.0,222575940.0,222575940.0,,1.459,7852389000.0,1216660000.0,-11350000.0,0.0,35.28,475905000.0
55,JEF,MRQ,2007-12-31,2007-12-31,2007-12-31,2021-10-08,975365000.0,8126622000.0,,1720133000.0,6406489000.0,,25.036,-8347000.0,456970000.0,456970000.0,192181000.0,441711000.0,3.74,0.455,2136550000.0,132405000.0,2004145000.0,2136550000.0,86993000.0,14264000.0,0.0,0.005,0.25,-84297000.0,-70033000.0,-0.248,-70033000.0,-84297000.0,-120979000.0,2.04,1.92,2.04,5570492000.0,,5570492000.0,11965276651.0,332.0,152.418,-21616000.0,-0.097,1.0,90376000.0,0.32,79506000.0,36682000.0,9266746000.0,,0.0,5122633000.0,983199000.0,4139434000.0,2535156000.0,459950000.0,2075206000.0,10479565651.0,-238162000.0,-52570000.0,3163000.0,-32950000.0,-55644000.0,-84181000.0,-140731000.0,-40087000.0,-13269000.0,19000.0,445733000.0,445733000.0,445733000.0,-1321000.0,-4022000.0,1.577,106597000.0,-16221000.0,229560000.0,0.123,1.881,21.639,21.216,512804000.0,0.0,47.1,9.074,9.074,150153000.0,3589408000.0,282557000.0,282557000.0,0.0,,,,,1562000.0,94409000.0,1.0,222496086.0,222496086.0,,1.27,8047116000.0,1113925000.0,-566712000.0,0.0,36.167,1260183000.0
56,JEF,MRQ,2007-09-30,2007-09-30,2007-09-30,2021-10-08,541312000.0,7317559000.0,,1874651000.0,5442908000.0,,21.878,-15023000.0,695132000.0,695132000.0,199976000.0,3888000.0,3.91,0.54,2180843000.0,192116000.0,1988727000.0,2180843000.0,76663000.0,12529000.0,0.0,0.005,0.0,27654000.0,40183000.0,0.121,40183000.0,27654000.0,-289000.0,0.02,0.02,0.02,4739403000.0,,4739403000.0,11679340216.0,82.0,66.262,-79154000.0,-0.365,1.0,131173000.0,0.396,78434000.0,27943000.0,8245421000.0,,0.0,4474795000.0,877317000.0,3597478000.0,2557319000.0,479415000.0,2077904000.0,10446051216.0,227797000.0,-281302000.0,245694000.0,451385000.0,0.0,698932000.0,-407008000.0,-85511000.0,-64131000.0,4000.0,3888000.0,3888000.0,3888000.0,-1801000.0,0.0,0.012,85283000.0,45890000.0,201490000.0,0.0,2.204,209.887,200.917,514512000.0,0.0,48.22,9.961,9.961,122906000.0,3199319000.0,331149000.0,331149000.0,0.0,,,,,301000.0,75112000.0,1.0,216633165.0,216633165.0,,1.529,7239125000.0,741519000.0,-4177000.0,0.0,33.417,1395236000.0
57,JEF,MRQ,2007-06-30,2007-06-30,2007-06-30,2021-10-08,291980000.0,6375353000.0,,1493435000.0,4881918000.0,,19.557,-5000000.0,467335000.0,467335000.0,187009000.0,26299000.0,2.738,0.5,1700624000.0,221087000.0,1479537000.0,1700624000.0,107665000.0,9251000.0,0.0,0.007,0.0,67985000.0,77236000.0,0.225,77236000.0,67985000.0,41149000.0,0.12,0.12,0.12,4235734000.0,,4235734000.0,8600349104.0,45.0,39.513,27705000.0,0.128,1.0,156995000.0,0.456,66584000.0,26836000.0,6996654000.0,,0.0,3919642000.0,716530000.0,3203112000.0,2117782000.0,545404000.0,1572378000.0,7634559104.0,-233103000.0,-495745000.0,581000.0,29984000.0,0.0,30074000.0,-295888000.0,216379000.0,32705000.0,6000.0,26299000.0,26299000.0,26299000.0,16000.0,0.0,0.076,81658000.0,75337000.0,204585000.0,0.0,1.802,71.781,70.5,263191000.0,0.0,35.25,8.599,8.599,138340000.0,3195431000.0,344004000.0,344004000.0,0.0,,,,,2461000.0,74959000.0,1.0,216583237.0,216583237.0,,1.588,6308769000.0,891254000.0,14850000.0,963000.0,29.129,948031000.0
58,JEF,MRQ,2007-03-31,2007-03-31,2007-03-31,2021-10-08,105380000.0,6024368000.0,,1556997000.0,4467371000.0,,18.578,-9330000.0,700438000.0,700438000.0,108354000.0,8374000.0,3.784,0.493,1666228000.0,190385000.0,1475843000.0,1666228000.0,61876000.0,6399000.0,0.0,0.008,0.0,24718000.0,31117000.0,0.158,31117000.0,24718000.0,4642000.0,0.04,0.04,0.04,4019431000.0,,4019431000.0,7237322130.0,37.0,32.825,16996000.0,0.079,1.0,88831000.0,0.45,63453000.0,20076000.0,6515256000.0,,0.0,3295311000.0,600990000.0,2694321000.0,1981072000.0,411449000.0,1569623000.0,6365060130.0,413239000.0,-241292000.0,3840000.0,493924000.0,0.0,500635000.0,-113732000.0,143087000.0,26326000.0,10000.0,8374000.0,8374000.0,8374000.0,-513000.0,0.0,0.042,77551000.0,11280000.0,149303000.0,0.0,1.584,54.365,53.491,234523000.0,0.0,29.42,8.285,8.285,133780000.0,3169132000.0,197185000.0,197185000.0,0.0,,,,,2830000.0,71371000.0,1.0,216351466.0,216351466.0,,0.911,5960915000.0,1024221000.0,-3732000.0,49000.0,27.552,1145548000.0
59,JEF,MRQ,2006-12-31,2006-12-31,2006-12-31,2021-10-08,-4726000.0,5303824000.0,,1366209000.0,3937615000.0,,17.997,-5362000.0,287199000.0,287199000.0,95768000.0,11209000.0,4.182,0.357,1159461000.0,184815000.0,974646000.0,1159461000.0,0.0,5765000.0,0.0,0.009,0.25,21960000.0,27725000.0,0.157,27725000.0,21960000.0,4109000.0,0.06,0.05,0.06,3893275000.0,,3893275000.0,6937925264.0,22.0,20.737,17519000.0,0.081,1.0,80627000.0,0.457,59437000.0,17851000.0,5789996000.0,,0.0,3142832000.0,903973000.0,2238859000.0,1391567000.0,326653000.0,1064914000.0,6100490264.0,-13820000.0,-38150000.0,280000.0,2756000.0,-54085000.0,-43020000.0,6255000.0,55469000.0,22881000.0,64000.0,11209000.0,11209000.0,11209000.0,-4144000.0,0.0,0.064,76195000.0,4432000.0,127739000.0,4.167,1.567,32.21,32.045,234216000.0,0.0,28.2,7.072,7.072,94821000.0,3160758000.0,176395000.0,176395000.0,0.0,,,,,2694000.0,70277000.0,1.0,216329442.0,216329442.0,,0.815,5244387000.0,978415000.0,-7100000.0,8411000.0,24.243,1039556000.0
60,JEF,MRQ,2006-09-30,2006-09-30,2006-09-30,2021-10-08,-113132000.0,5224433000.0,,1554333000.0,3670100000.0,,17.683,6095000.0,319281000.0,319281000.0,91909000.0,60477000.0,5.113,0.362,1156716000.0,184079000.0,972637000.0,1156716000.0,0.0,6968000.0,0.0,0.005,0.0,74611000.0,81579000.0,0.479,81579000.0,74611000.0,51768000.0,0.28,0.27,0.28,3824611000.0,,3824611000.0,6607159357.0,12.0,10.536,-11443000.0,-0.053,1.0,78334000.0,0.46,61293000.0,22843000.0,5696558000.0,,0.0,2962341000.0,980144000.0,1982197000.0,1386309000.0,304017000.0,1082292000.0,5660242357.0,-55923000.0,-352511000.0,1881000.0,-72467000.0,0.0,-65320000.0,26944000.0,325484000.0,-17538000.0,-9000.0,60477000.0,60477000.0,60477000.0,-56737000.0,0.0,0.355,61533000.0,16801000.0,103327000.0,0.0,1.48,12.971,13.02,236095000.0,0.0,26.17,6.237,6.237,129806000.0,3203634000.0,170243000.0,170243000.0,0.0,,,,,2848000.0,55678000.0,1.0,216287442.0,216287442.0,,0.787,5163140000.0,972876000.0,-8709000.0,10978000.0,23.872,1250316000.0
61,JEF,MRQ,2006-06-30,2006-06-30,2006-06-30,2021-10-08,-80416000.0,5543821000.0,,2090368000.0,3453453000.0,,17.539,-32104000.0,490330000.0,490330000.0,100276000.0,37020000.0,3.493,0.458,1437247000.0,410668000.0,1026579000.0,1437247000.0,0.0,6595000.0,0.0,0.004,0.0,73469000.0,80064000.0,0.357,80064000.0,73469000.0,51921000.0,0.17,0.17,0.17,3791763000.0,,3791763000.0,7095018916.0,12.0,10.333,-34649000.0,-0.16,1.0,124150000.0,0.553,94649000.0,21548000.0,5797687000.0,,0.0,2925005000.0,1306672000.0,1618333000.0,1735405000.0,598402000.0,1137003000.0,6310501916.0,-62804000.0,-254710000.0,410000.0,58288000.0,0.0,59230000.0,-119526000.0,221521000.0,-2545000.0,37000.0,37020000.0,37020000.0,37020000.0,-645000.0,0.0,0.165,60860000.0,63290000.0,156741000.0,0.0,1.664,13.146,13.208,405928000.0,0.0,29.19,6.403,6.403,306188000.0,3143157000.0,224426000.0,224426000.0,0.0,,,,,9016000.0,55442000.0,1.0,216187116.0,216187116.0,,1.038,5449172000.0,1009645000.0,14901000.0,16348000.0,25.206,1491966000.0
62,JEF,MRQ,2006-03-31,2006-03-31,2006-03-31,2021-10-08,-64808000.0,5378841000.0,,2538927000.0,2839914000.0,,17.4,-7650000.0,419746000.0,419746000.0,98513000.0,80693000.0,5.076,0.426,1204263000.0,218259000.0,986004000.0,1204263000.0,0.0,4672000.0,0.0,0.004,0.0,140522000.0,145194000.0,0.498,145194000.0,140522000.0,123372000.0,0.37,0.36,0.37,3760925000.0,,3760925000.0,7223030827.0,10.0,8.627,81074000.0,0.375,1.0,193095000.0,0.662,82508000.0,17150000.0,5580697000.0,,0.0,2940819000.0,1683688000.0,1257131000.0,1602745000.0,500153000.0,1102592000.0,6447605827.0,32789000.0,-56020000.0,1080000.0,41876000.0,0.0,43898000.0,-99849000.0,-182866000.0,88724000.0,16000.0,80693000.0,80693000.0,80693000.0,1896000.0,0.0,0.277,64406000.0,128689000.0,238674000.0,0.0,1.714,3.761,3.757,254520000.0,0.0,29.83,6.725,6.725,314592000.0,3106137000.0,291608000.0,291608000.0,0.0,,,,,150000.0,59492000.0,1.0,216145016.0,216145016.0,,1.349,5296333000.0,1031286000.0,42679000.0,20855000.0,24.504,2038774000.0
63,JEF,MRQ,2005-12-31,2005-12-31,2005-12-31,2021-10-08,-81502000.0,5260884000.0,,2228615000.0,3032269000.0,,16.94,-26701000.0,386957000.0,386957000.0,92311000.0,258203000.0,4.698,0.432,1162382000.0,175664000.0,986718000.0,1162382000.0,0.0,44990000.0,0.0,0.005,0.125,275257000.0,320247000.0,1.447,320247000.0,275257000.0,258974000.0,1.19,1.13,1.19,3661914000.0,,3661914000.0,6127433024.0,11.0,8.062,76124000.0,0.352,1.0,128950000.0,0.583,85083000.0,16283000.0,5476830000.0,,0.0,2676362000.0,1323562000.0,1352800000.0,1583007000.0,474396000.0,1108611000.0,5129680024.0,-180919000.0,334259000.0,1938000.0,-406394000.0,-27008000.0,-430800000.0,147210000.0,-160587000.0,102825000.0,-154000.0,258203000.0,258203000.0,258203000.0,-279762000.0,0.0,1.167,76360000.0,52590000.0,230636000.0,0.105,1.401,3.135,3.126,237021000.0,0.0,23.73,7.436,7.436,399963000.0,3025444000.0,221261000.0,221261000.0,0.0,,,,,0.0,71965000.0,1.0,216168564.0,216168564.0,,1.024,5175801000.0,1094017000.0,771000.0,15171000.0,23.943,1754219000.0
64,JEF,MRQ,2005-09-30,2005-09-30,2005-09-30,2021-10-08,27913000.0,6061818000.0,,2197364000.0,3864454000.0,,16.449,-43963000.0,567876000.0,567876000.0,98019000.0,104114000.0,2.933,0.708,1565629000.0,185410000.0,1380219000.0,1565629000.0,248299000.0,45698000.0,0.0,0.006,0.0,95432000.0,141130000.0,0.568,141130000.0,95432000.0,79229000.0,0.48,0.47,0.48,3542709000.0,,3542709000.0,5647417412.0,18.0,11.103,-7711000.0,-0.036,1.0,150256000.0,0.605,83698000.0,16203000.0,6226754000.0,,0.0,2218116000.0,992027000.0,1226089000.0,2506661000.0,749119000.0,1757542000.0,4641248412.0,50347000.0,9464000.0,197000.0,41989000.0,0.0,23701000.0,-11733000.0,37690000.0,36252000.0,2127000.0,104114000.0,104114000.0,104114000.0,-58900000.0,0.0,0.419,47193000.0,103063000.0,413110000.0,0.0,1.31,3.253,3.258,1238674000.0,0.0,21.55,-6.058,-6.058,483056000.0,2794249000.0,248275000.0,248275000.0,0.0,,,,,0.0,42897000.0,1.0,215371156.0,215371156.0,,1.153,5978120000.0,1097351000.0,-24885000.0,16039000.0,27.757,1448245000.0
65,JEF,MRQ,2005-06-30,2005-06-30,2005-06-30,2021-10-08,95490000.0,6018484000.0,,2038440000.0,3980044000.0,,16.228,-30080000.0,517529000.0,517529000.0,95263000.0,1271111000.0,3.036,0.719,1523698000.0,63253000.0,1460445000.0,1523698000.0,222766000.0,50585000.0,15901000.0,0.006,0.0,180088000.0,230673000.0,1.167,230673000.0,180088000.0,163659000.0,5.9,5.52,5.9,3493116000.0,,3493116000.0,5015775736.0,16.0,9.486,90401000.0,0.42,1.0,102322000.0,0.518,92025000.0,16429000.0,6261250000.0,,0.0,2201269000.0,961855000.0,1239414000.0,2510013000.0,671378000.0,1838635000.0,4157585736.0,-176074000.0,-57892000.0,1165000.0,-30351000.0,0.0,-34281000.0,-260346000.0,-175976000.0,120481000.0,-1928000.0,1271111000.0,1271111000.0,1271111000.0,-66702000.0,0.0,6.433,56281000.0,46041000.0,399570000.0,0.0,1.19,2.976,2.978,1363587000.0,0.0,19.315,-10.917,-10.917,398468000.0,2690135000.0,197585000.0,197585000.0,0.0,,,,,0.0,49122000.0,1.0,215251656.0,215251656.0,,0.918,5926459000.0,1080114000.0,-1107452000.0,18396000.0,27.533,1367062000.0
66,JEF,MRQ,2005-03-31,2005-03-31,2005-03-31,2021-10-08,115465000.0,4757261000.0,,2046945000.0,2710316000.0,,10.411,-35516000.0,693603000.0,693603000.0,71173000.0,2613000.0,3.176,1.115,1551793000.0,71284000.0,1480509000.0,1551793000.0,214181000.0,48223000.0,21934000.0,0.007,0.0,20602000.0,68825000.0,0.567,68825000.0,20602000.0,3237000.0,0.01,0.01,0.01,2240815000.0,,2240815000.0,4761327992.0,24.0,11.447,26036000.0,0.121,1.0,50122000.0,0.413,0.0,17365000.0,4971022000.0,,0.0,2106912000.0,953475000.0,1153437000.0,2498645000.0,644429000.0,1854216000.0,3696534992.0,206655000.0,-29075000.0,222000.0,149000.0,0.0,-1278000.0,147460000.0,193299000.0,61552000.0,-1079000.0,2613000.0,2613000.0,2613000.0,-9308000.0,0.0,0.022,49976000.0,146000.0,402289000.0,0.0,1.65,23.094,23.054,1321645000.0,0.0,17.175,-416.793,-416.793,359976000.0,1419024000.0,121295000.0,121295000.0,0.0,,,,,0.0,45688000.0,1.0,215227656.0,215227656.0,,0.564,4757261000.0,0.0,624000.0,14204000.0,22.103,1402516000.0
67,JEF,MRQ,2004-12-31,2004-12-31,2004-12-31,2021-10-08,136138000.0,4800403000.0,,2059949000.0,2740454000.0,,10.533,-54714000.0,277238000.0,277238000.0,-996103000.0,48913000.0,3.124,1.117,1131922000.0,64799000.0,1067123000.0,1131922000.0,0.0,52401000.0,24591000.0,0.005,0.125,15598000.0,67999000.0,-0.051,67999000.0,15598000.0,27397000.0,0.225,0.22,0.225,2258653000.0,,2258653000.0,6047343487.0,33.0,14.35,-31262000.0,-0.146,1.0,-337201000.0,0.253,1472000.0,-11799000.0,4994278000.0,,0.0,2263865000.0,1084745000.0,1179120000.0,2523475000.0,659337000.0,1864138000.0,4966437487.0,5671000.0,27693000.0,6301000.0,-16175000.0,-26901000.0,-48354000.0,30161000.0,33000000.0,23452000.0,412000.0,48913000.0,48913000.0,48913000.0,55137000.0,0.0,-0.037,-355670000.0,18469000.0,167864000.0,0.556,2.199,34.134,34.059,283330000.0,0.0,23.16,13.085,13.085,177140000.0,1416411000.0,-1333304000.0,-1333304000.0,0.0,,,,,0.0,-198318000.0,1.0,214440306.0,214440306.0,,-6.218,4798931000.0,0.0,-21516000.0,17690000.0,22.379,1400612000.0
68,JEF,MRQ,2004-09-30,2004-09-30,2004-09-30,2021-10-08,117814000.0,4735122000.0,,1940510000.0,2794612000.0,,10.4,-17646000.0,480735000.0,480735000.0,343273000.0,74564000.0,3.022,1.132,1561641000.0,79441000.0,1482200000.0,1561641000.0,205112000.0,57824000.0,36190000.0,0.004,0.0,103416000.0,161240000.0,0.254,161240000.0,103416000.0,76542000.0,0.35,0.335,0.35,2212016000.0,,2212016000.0,5084047438.0,26.0,11.923,-68486000.0,-0.322,1.0,290320000.0,0.458,0.0,26874000.0,5173847000.0,,0.0,2241996000.0,1074253000.0,1167743000.0,2504559000.0,642181000.0,1862378000.0,4016513438.0,-81744000.0,-17726000.0,13893000.0,-69302000.0,0.0,-83344000.0,52429000.0,8955000.0,-50840000.0,11000.0,74564000.0,74564000.0,74564000.0,333000.0,0.0,0.118,182652000.0,107668000.0,377171000.0,0.0,1.816,29.551,28.525,1346611000.0,0.0,18.883,2.196,2.196,345030000.0,1394399000.0,633593000.0,633593000.0,0.0,,,,,0.0,127538000.0,1.0,212701506.0,212701506.0,,2.979,4735122000.0,0.0,1978000.0,17502000.0,22.262,1298329000.0
69,JEF,MRQ,2004-06-30,2004-06-30,2004-06-30,2021-10-08,129391000.0,4768694000.0,,1856948000.0,2911746000.0,,10.042,-29892000.0,563021000.0,563021000.0,349626000.0,33975000.0,2.879,1.226,1630555000.0,50614000.0,1579941000.0,1630555000.0,202225000.0,60574000.0,64198000.0,0.005,0.0,57323000.0,117897000.0,0.207,117897000.0,57323000.0,32711000.0,0.16,0.16,0.16,2135136000.0,,2135136000.0,4358325349.0,29.0,13.3,10577000.0,0.05,1.0,219921000.0,0.386,0.0,24612000.0,5191126000.0,,0.0,2132729000.0,910823000.0,1221906000.0,2617003000.0,645102000.0,1971901000.0,3522363349.0,217225000.0,-422000.0,588000.0,434098000.0,0.0,380026000.0,-203189000.0,-178933000.0,40469000.0,-81000.0,33975000.0,33975000.0,33975000.0,2396000.0,0.0,0.06,164353000.0,55568000.0,377851000.0,0.0,1.65,29.991,26.507,1423714000.0,0.0,16.567,2.772,2.772,349983000.0,1319835000.0,569547000.0,569547000.0,0.0,,,,,0.0,105756000.0,1.0,212617506.0,212617506.0,,2.679,4768694000.0,0.0,-1264000.0,18821000.0,22.429,1211846000.0
70,JEF,MRQ,2004-03-31,2004-03-31,2004-03-31,2021-10-08,174045000.0,4362057000.0,,1524121000.0,2837936000.0,,10.09,-18182000.0,345796000.0,345796000.0,348259000.0,-11952000.0,2.43,1.026,1181758000.0,23033000.0,1158725000.0,1181758000.0,197331000.0,65117000.0,119089000.0,0.005,0.0,9176000.0,74293000.0,0.146,74293000.0,9176000.0,-11694000.0,-0.055,-0.055,-0.055,2145227000.0,,2145227000.0,4740264507.0,40.0,19.901,37174000.0,0.175,1.0,161471000.0,0.317,0.0,20870000.0,4570822000.0,,0.0,1783945000.0,660342000.0,1123603000.0,2200396000.0,627197000.0,1573199000.0,3775820507.0,131406000.0,-51000000.0,1224000.0,-2682000.0,0.0,-27800000.0,103881000.0,158847000.0,55356000.0,-31000.0,-11952000.0,-11952000.0,-11952000.0,481000.0,0.0,-0.023,175795000.0,-14324000.0,343226000.0,0.0,1.76,38.183,32.174,1388667000.0,0.0,17.76,4.913,4.913,485175000.0,1285860000.0,509730000.0,509730000.0,0.0,,,,,0.0,113195000.0,1.0,212602506.0,212602506.0,,2.398,4362057000.0,0.0,258000.0,18528000.0,20.517,896924000.0
71,JEF,MRQ,2003-12-31,2003-12-31,2003-12-31,2021-10-08,152251000.0,4397164000.0,,1350363000.0,3046801000.0,,10.215,-94079000.0,214390000.0,214390000.0,56845000.0,39333000.0,2.054,1.052,1178834000.0,23956000.0,1154878000.0,1178834000.0,203893000.0,44924000.0,145532000.0,0.005,0.083,28055000.0,72979000.0,0.627,72979000.0,28055000.0,15928000.0,0.207,0.205,0.207,2134161000.0,,2134161000.0,3629138425.0,36.0,22.558,-97224000.0,-0.465,1.0,59575000.0,0.512,0.0,12127000.0,4704280000.0,,0.0,1819017000.0,714363000.0,1104654000.0,2245435000.0,657328000.0,1588107000.0,3210593425.0,23671000.0,107169000.0,295000.0,56847000.0,-17706000.0,1006000.0,25393000.0,-61311000.0,-3145000.0,417000.0,39333000.0,39333000.0,39333000.0,9633000.0,0.0,0.338,55892000.0,3683000.0,377473000.0,0.401,1.504,33.08,28.994,1524718000.0,0.0,15.367,10.235,10.235,565563000.0,1297812000.0,116420000.0,116420000.0,0.0,,,,,0.0,51376000.0,1.0,208932327.0,208932327.0,,0.557,4397164000.0,0.0,-23405000.0,15867000.0,21.046,693035000.0
72,JEF,MRQ,2003-09-30,2003-09-30,2003-09-30,2021-10-08,111767000.0,2771293000.0,,,,,9.217,-56255000.0,195028000.0,195028000.0,24283000.0,56090000.0,,0.673,613573000.0,,,613573000.0,0.0,6200000.0,184200000.0,0.007,0.0,56328000.0,62528000.0,0.833,62528000.0,56328000.0,44548000.0,0.313,0.31,0.313,1648925000.0,,1648925000.0,2208316792.0,31.0,24.234,-64263000.0,-0.359,1.0,50820000.0,0.677,0.0,11780000.0,3189838000.0,,0.0,1747996000.0,,,1110305000.0,,,2257248792.0,-306595000.0,-22356000.0,415000.0,32159000.0,0.0,-36144000.0,-262619000.0,-219082000.0,-8008000.0,176000.0,56090000.0,56090000.0,56090000.0,-1493000.0,0.0,0.747,46075000.0,4745000.0,107460000.0,0.0,1.369,12.402,11.791,221053000.0,0.0,12.617,8.879,8.879,317723000.0,1276185000.0,75103000.0,75103000.0,0.0,,,,,0.0,40624000.0,1.0,178910076.0,178910076.0,,0.42,2771293000.0,0.0,-11542000.0,24899000.0,15.49,
73,JEF,MRQ,2003-06-30,2003-06-30,2003-06-30,2021-10-08,105187000.0,2717414000.0,,,,,8.865,-1985000.0,497314000.0,497314000.0,10201000.0,15417000.0,,0.645,448382000.0,,,448382000.0,0.0,4150000.0,253098000.0,0.007,0.0,24238000.0,28388000.0,0.422,28388000.0,24238000.0,16765000.0,0.087,0.087,0.087,1585779000.0,,1585779000.0,2057615767.0,207.0,75.545,-7365000.0,-0.041,1.0,57129000.0,0.848,0.0,7473000.0,2668482000.0,,0.0,1423917000.0,,,1022785000.0,,,2213407767.0,105372000.0,11922000.0,340000.0,205441000.0,0.0,152876000.0,-42392000.0,-51126000.0,-5380000.0,268000.0,15417000.0,15417000.0,15417000.0,-3934000.0,0.0,0.229,37987000.0,19142000.0,91220000.0,0.0,1.396,17.932,16.653,167307000.0,0.0,12.373,9.561,9.561,406241000.0,1220095000.0,67330000.0,67330000.0,0.0,,,,,0.0,34066000.0,1.0,178885326.0,178885326.0,,0.376,2717414000.0,0.0,1348000.0,62975000.0,15.191,
74,JEF,MRQ,2003-03-31,2003-03-31,2003-03-31,2021-10-08,70186000.0,2446153000.0,,,,,8.583,-1323000.0,391942000.0,391942000.0,8949000.0,-13786000.0,,0.523,236150000.0,,,236150000.0,0.0,5825000.0,306514000.0,0.007,0.0,-8473000.0,-2648000.0,-0.047,-2648000.0,-8473000.0,-15272000.0,-0.077,-0.077,-0.077,1535082000.0,,1535082000.0,1945195016.0,80.0,46.156,-8052000.0,-0.045,1.0,47950000.0,0.843,0.0,6799000.0,2290361000.0,,0.0,1338161000.0,,,803488000.0,,,2130722016.0,-26658000.0,-1853000.0,182000.0,3060000.0,0.0,-82550000.0,62587000.0,62114000.0,-6729000.0,34000.0,-13786000.0,-13786000.0,-13786000.0,0.0,0.0,-0.242,45352000.0,2598000.0,72313000.0,0.0,1.388,15.772,14.528,163680000.0,0.0,11.913,9.087,9.087,359428000.0,1204678000.0,56899000.0,56899000.0,0.0,,,,,0.0,40761000.0,1.0,178851876.0,178851876.0,,0.318,2446153000.0,0.0,-1486000.0,48345000.0,13.677,
75,JEF,MRQ,2002-12-31,2002-12-31,2002-12-31,2021-10-08,56025000.0,2541778000.0,,740851000.0,1800927000.0,,9.24,-8644000.0,418600000.0,418600000.0,7428000.0,124283000.0,1.778,0.586,233073000.0,3647000.0,229426000.0,233073000.0,0.0,3800000.0,392904000.0,0.007,0.083,-945000.0,2855000.0,0.052,2855000.0,-945000.0,-8111000.0,0.747,0.737,0.747,1534525000.0,,1534525000.0,1631328125.0,32.0,24.45,24670000.0,0.149,1.0,47472000.0,0.865,0.0,7166000.0,1939554000.0,,0.0,1362503000.0,185196000.0,1177307000.0,898744000.0,416697000.0,482047000.0,2065376125.0,-261864000.0,-384565000.0,102518000.0,-722000.0,-13841000.0,85626000.0,-380560000.0,-23389000.0,33314000.0,-244000.0,124283000.0,124283000.0,124283000.0,1591000.0,0.0,2.264,49853000.0,-2381000.0,75770000.0,0.111,1.346,12.779,12.821,166207000.0,0.0,12.437,8.783,8.783,407422000.0,1218464000.0,54900000.0,54900000.0,0.0,,,,,0.0,33600000.0,1.0,166071519.0,166071519.0,,0.331,2541778000.0,0.0,-132394000.0,38231000.0,15.305,324154000.0
76,JEF,MRQ,2002-09-30,2002-09-30,2002-09-30,2021-10-08,15254000.0,2400576000.0,,,,,7.432,-9421000.0,680464000.0,680464000.0,9103000.0,-2484000.0,,0.857,246416000.0,,,246416000.0,0.0,3521000.0,443119000.0,0.015,0.0,-4879000.0,-1358000.0,-0.026,-1358000.0,-4879000.0,-13178000.0,-0.013,-0.013,-0.013,1234010000.0,,1234010000.0,1648699662.0,27.0,21.762,-14344000.0,-0.086,1.0,43270000.0,0.826,0.0,8299000.0,1966528000.0,,0.0,886664000.0,,,1057598000.0,,,1881775662.0,196611000.0,-8215000.0,0.0,-4380000.0,0.0,-29101000.0,230637000.0,221040000.0,-4923000.0,-2000.0,-2484000.0,-2484000.0,-2484000.0,0.0,0.0,-0.047,60944000.0,-17674000.0,73356000.0,0.0,1.525,33.964,34.034,171154000.0,0.0,11.333,6.122,6.122,446598000.0,1108022000.0,52373000.0,52373000.0,0.0,,,,,0.0,60944000.0,1.0,166039029.0,166039029.0,,0.315,2400576000.0,0.0,-10694000.0,81246000.0,14.458,
77,JEF,MRQ,2002-06-30,2002-06-30,2002-06-30,2021-10-08,32225000.0,2478703000.0,,,,,7.551,-4112000.0,483853000.0,483853000.0,9140000.0,27081000.0,,0.89,250777000.0,,,250777000.0,0.0,4660000.0,468025000.0,0.016,0.0,38635000.0,43295000.0,0.616,43295000.0,38635000.0,29713000.0,0.163,0.163,0.163,1253386000.0,,1253386000.0,1461260002.0,46.0,33.727,44627000.0,0.269,1.0,61177000.0,0.87,0.0,8922000.0,2245627000.0,,0.0,1105614000.0,,,1116049000.0,,,1751843002.0,-36897000.0,64760000.0,-47000.0,1889000.0,0.0,35156000.0,-120935000.0,-218144000.0,48739000.0,143000.0,27081000.0,27081000.0,27081000.0,-7652000.0,0.0,0.385,45099000.0,16078000.0,74537000.0,0.0,1.398,67.563,68.976,170605000.0,0.0,10.553,6.005,6.005,505301000.0,1110506000.0,70317000.0,70317000.0,0.0,,,,,0.0,45099000.0,1.0,165999021.0,165999021.0,,0.424,2478703000.0,0.0,2632000.0,98248000.0,14.932,
78,JEF,MRQ,2002-03-31,2002-03-31,2002-03-31,2021-10-08,20811000.0,2502944000.0,,,,,7.318,-15677000.0,624756000.0,624756000.0,8292000.0,12743000.0,,0.972,334173000.0,,,334173000.0,0.0,4216000.0,435011000.0,0.014,0.0,17712000.0,21928000.0,0.381,21928000.0,17712000.0,9124000.0,0.077,0.077,0.077,1214442000.0,,1214442000.0,1944361688.0,42.0,37.319,6377000.0,0.038,1.0,49275000.0,0.856,0.0,8588000.0,2212361000.0,,0.0,884940000.0,,,1180194000.0,,,1977627688.0,147528000.0,-25000.0,-51000.0,-3907000.0,0.0,-45066000.0,170531000.0,177919000.0,22054000.0,9000.0,12743000.0,12743000.0,12743000.0,-1440000.0,0.0,0.221,51467000.0,-2192000.0,66700000.0,0.0,1.628,79.995,81.066,163086000.0,0.0,11.917,5.83,5.83,571301000.0,1083425000.0,57567000.0,57567000.0,0.0,,,,,0.0,51467000.0,1.0,165954771.0,165954771.0,,0.347,2502944000.0,0.0,-3619000.0,116447000.0,15.082,
79,JEF,MRQ,2001-12-31,2001-12-31,2001-12-31,2021-10-08,14662000.0,2469087000.0,,,,,7.204,-15016000.0,373222000.0,373222000.0,8439000.0,18065000.0,,0.971,252279000.0,,,252279000.0,0.0,2710000.0,476495000.0,0.017,0.167,9186000.0,11896000.0,0.094,11896000.0,9186000.0,-1756000.0,0.107,0.107,0.107,1195453000.0,,1195453000.0,1485326470.0,51.0,46.011,116606000.0,0.703,1.0,118664000.0,0.934,0.0,10942000.0,2348144000.0,,0.0,1065810000.0,,,1161194000.0,,,1596951470.0,5489000.0,-180263000.0,517000.0,239000.0,-13829000.0,-89436000.0,-36511000.0,206049000.0,131622000.0,-186000.0,18065000.0,18065000.0,18065000.0,27585000.0,0.0,0.142,64539000.0,54125000.0,74988000.0,1.561,1.336,-212.7,-204.752,162158000.0,0.0,9.623,4.268,4.268,596229000.0,1070682000.0,127103000.0,127103000.0,0.0,,,,,0.0,47281000.0,1.0,165945771.0,165945771.0,,0.766,2469087000.0,0.0,-19821000.0,124692000.0,14.879,
80,JEF,MRQ,2001-09-30,2001-09-30,2001-09-30,2021-10-08,14048000.0,3236082000.0,,,,,7.175,-12708000.0,541064000.0,541064000.0,10330000.0,-31960000.0,,1.623,429439000.0,,,429439000.0,25759000.0,-83000.0,555172000.0,0.008,0.0,-33710000.0,-33793000.0,-0.92,-33793000.0,-33710000.0,-45884000.0,-0.193,-0.193,-0.193,1190535000.0,,1190535000.0,1749053618.0,15.0,19.544,-44142000.0,-0.266,1.0,26413000.0,0.719,0.0,12174000.0,3124457000.0,,0.0,1433162000.0,,,1932632000.0,,,1725773618.0,125349000.0,-805000.0,-11000.0,10771000.0,0.0,11514000.0,145190000.0,20053000.0,-31434000.0,79000.0,-31960000.0,-31960000.0,-31960000.0,6973000.0,0.0,-0.87,51770000.0,-25357000.0,155052000.0,0.0,1.45,65.018,65.0,186338000.0,0.0,10.4,6.187,6.187,754709000.0,1066446000.0,36743000.0,36743000.0,0.0,,,,,0.0,51770000.0,1.0,165939771.0,165939771.0,,0.221,3236082000.0,0.0,-13924000.0,121022000.0,19.502,
81,JEF,MRQ,2001-06-30,2001-06-30,2001-06-30,2021-10-08,-15472000.0,3132062000.0,,,,,7.19,-16147000.0,382501000.0,382501000.0,8346000.0,25874000.0,,1.532,405781000.0,,,405781000.0,37974000.0,-1286000.0,555637000.0,0.008,0.0,53356000.0,52070000.0,0.442,52070000.0,53356000.0,40920000.0,0.157,0.157,0.157,1192930000.0,,1192930000.0,1591548324.0,8.0,8.17,-45250000.0,-0.273,1.0,109476000.0,0.929,0.0,12436000.0,3155342000.0,,0.0,1474750000.0,,,1827891000.0,,,1794703324.0,-153245000.0,-1911000.0,-34000.0,52719000.0,0.0,73578000.0,-201767000.0,-236658000.0,-29103000.0,4047000.0,25874000.0,25874000.0,25874000.0,4604000.0,0.0,0.22,50136000.0,59340000.0,176429000.0,0.0,1.504,20.559,20.525,188743000.0,0.0,10.817,4.317,4.317,779010000.0,1098406000.0,117822000.0,117822000.0,0.0,,,,,0.0,50136000.0,1.0,165920184.0,165920184.0,,0.71,3132062000.0,0.0,15046000.0,109407000.0,18.877,
82,JEF,MRQ,2001-03-31,2001-03-31,2001-03-31,2021-10-08,-9092000.0,3089076000.0,,,,,7.073,-8049000.0,565288000.0,565288000.0,9688000.0,-19487000.0,,1.539,362133000.0,,,362133000.0,48880000.0,2027000.0,536420000.0,0.008,0.0,2848000.0,4875000.0,0.05,4875000.0,2848000.0,-11732000.0,-0.117,-0.117,-0.117,1173303000.0,,1173303000.0,1601260740.0,9.0,8.642,30102000.0,0.181,1.0,88726000.0,0.902,0.0,14580000.0,2885921000.0,,0.0,1231696000.0,,,1805618000.0,,,1778895740.0,-79738000.0,-3803000.0,0.0,-2788000.0,0.0,6000000.0,-119385000.0,-150844000.0,38151000.0,-4504000.0,-19487000.0,-19487000.0,-19487000.0,32669000.0,0.0,-0.198,52239000.0,36487000.0,175776000.0,0.0,1.516,25.073,25.113,188929000.0,0.0,10.723,4.091,4.091,787484000.0,1072532000.0,98414000.0,98414000.0,0.0,,,,,0.0,52239000.0,1.0,165890184.0,165890184.0,,0.593,3089076000.0,0.0,7755000.0,117244000.0,18.621,
83,JEF,MRQ,2000-12-31,2000-12-31,2000-12-31,2021-10-08,2585000.0,2626156000.0,,,,,7.259,-19348000.0,529812000.0,529812000.0,-82347000.0,52116000.0,,1.09,374523000.0,,,374523000.0,0.0,-24184000.0,526172000.0,0.007,0.083,90524000.0,66340000.0,2.555,66340000.0,90524000.0,86080000.0,0.313,0.313,0.313,1204241000.0,,1204241000.0,2095614040.0,9.0,8.54,81697000.0,0.492,1.0,108310000.0,4.172,0.0,4444000.0,2470867000.0,,0.0,844747000.0,,,1312561000.0,,,1959716040.0,364066000.0,-458000.0,0.0,-5257000.0,-13824000.0,25023000.0,227943000.0,118145000.0,101045000.0,10055000.0,52116000.0,52116000.0,52116000.0,30598000.0,0.0,2.007,4286000.0,104024000.0,141833000.0,0.265,1.627,16.893,16.949,171182000.0,0.0,11.813,3.972,3.972,693380000.0,1092019000.0,25963000.0,25963000.0,0.0,,,,,0.0,4286000.0,1.0,165890184.0,165890184.0,,0.157,2626156000.0,0.0,33964000.0,113724000.0,15.831,
84,JEF,MRQ,2000-09-30,2000-09-30,2000-09-30,2021-10-08,34375000.0,3110267000.0,,,,,7.22,-76160000.0,246342000.0,246342000.0,49896000.0,28791000.0,,1.502,382240000.0,,,382240000.0,62558000.0,12814000.0,481876000.0,0.059,0.0,58716000.0,71530000.0,0.412,71530000.0,58716000.0,43348000.0,0.173,0.173,0.173,1197739000.0,,1197739000.0,1928994474.0,12.0,10.757,-101884000.0,-0.614,1.0,123659000.0,0.713,0.0,15368000.0,3246165000.0,,0.0,1388767000.0,,,1798750000.0,,,1479187474.0,108996000.0,-622000.0,0.0,-190123000.0,0.0,-127409000.0,265239000.0,243875000.0,-25724000.0,-3110000.0,28791000.0,28791000.0,28791000.0,0.0,0.0,0.166,63563000.0,60096000.0,222603000.0,0.0,1.235,20.447,20.128,189521000.0,0.0,8.917,3.513,3.513,833436000.0,1053727000.0,173555000.0,173555000.0,0.0,,,,,0.0,63563000.0,1.0,165890184.0,165890184.0,,1.046,3110267000.0,0.0,14557000.0,119298000.0,18.749,
85,JEF,MRQ,2000-06-30,2000-06-30,2000-06-30,2021-10-08,14140000.0,3224168000.0,,,,,6.925,8338000.0,137346000.0,137346000.0,36555000.0,9528000.0,,1.707,587153000.0,,,587153000.0,66427000.0,13069000.0,417495000.0,0.069,0.0,29475000.0,42544000.0,0.311,42544000.0,29475000.0,14332000.0,0.057,0.057,0.057,1148713000.0,,1148713000.0,1553842366.0,9.0,8.792,-38241000.0,-0.231,1.0,100380000.0,0.733,0.0,15143000.0,3673975000.0,,0.0,1447000000.0,,,1960885000.0,,,1261318366.0,-60169000.0,-51288000.0,0.0,97168000.0,0.0,159565000.0,-171145000.0,-141628000.0,-46579000.0,-2010000.0,9528000.0,9528000.0,9528000.0,0.0,0.0,0.07,69525000.0,30855000.0,264417000.0,0.0,1.098,15.653,15.84,188908000.0,0.0,7.603,3.33,3.33,1031078000.0,1024936000.0,136935000.0,136935000.0,0.0,,,,,0.0,69525000.0,1.0,165890184.0,165890184.0,,0.825,3224168000.0,0.0,4804000.0,117447000.0,19.436,
86,JEF,MRQ,2000-03-31,2000-03-31,2000-03-31,2021-10-08,-9241000.0,3120256000.0,,,,,6.726,4051000.0,197515000.0,197515000.0,36546000.0,25573000.0,,1.694,490039000.0,,,490039000.0,70786000.0,11366000.0,353808000.0,1.077,0.0,53618000.0,64984000.0,0.414,64984000.0,53618000.0,40464000.0,0.153,0.153,0.153,1115804000.0,,1115804000.0,1500548290.0,9.0,8.174,-51175000.0,-0.308,1.0,120409000.0,0.767,0.0,13154000.0,3412780000.0,,0.0,1336808000.0,,,1889842000.0,,,1313297290.0,-98543000.0,-56232000.0,-32094000.0,15448000.0,0.0,6651000.0,-44982000.0,6689000.0,-55226000.0,-4986000.0,25573000.0,25573000.0,25573000.0,0.0,0.0,0.163,65972000.0,54437000.0,325166000.0,0.0,1.177,15.579,15.929,189030000.0,0.0,7.917,3.444,3.444,967498000.0,1015408000.0,156955000.0,156955000.0,0.0,,,,,0.0,65972000.0,1.0,165890184.0,165890184.0,,0.946,3120256000.0,0.0,14891000.0,121506000.0,18.809,
87,JEF,MRQ,1999-12-31,1999-12-31,1999-12-31,2021-10-08,-9578000.0,3070227000.0,,,,,6.584,-120392000.0,296058000.0,296058000.0,-96597000.0,8451000.0,,1.634,483309000.0,,,483309000.0,61916000.0,-25533000.0,329301000.0,1.106,0.527,25794000.0,261000.0,-0.006,261000.0,25794000.0,13778000.0,0.06,0.06,0.06,1121988000.0,,1121988000.0,1436745673.0,5.0,4.374,-47621000.0,-0.279,1.0,50187000.0,-1.081,0.0,12016000.0,3257478000.0,,0.0,1244530000.0,,,1833135000.0,,,1313882673.0,-63631000.0,-158237000.0,-9516000.0,9648000.0,-89747000.0,11572000.0,-139537000.0,-65090000.0,72771000.0,-8437000.0,8451000.0,8451000.0,8451000.0,16345000.0,0.0,-0.182,6668000.0,43519000.0,292677000.0,8.783,1.171,6.11,6.388,184850000.0,0.0,7.71,2.513,2.513,914497000.0,989835000.0,-46410000.0,-46410000.0,0.0,,,,,0.0,6668000.0,1.0,170412798.0,170412798.0,,-0.272,3070227000.0,0.0,5327000.0,113391000.0,18.016,
88,JEF,MRQ,1999-09-30,1999-09-30,1999-09-30,2021-10-08,314000.0,3052792000.0,,,,,6.846,-7576000.0,360222000.0,360222000.0,41532000.0,37028000.0,,1.416,483085000.0,,,483085000.0,73999000.0,13355000.0,226448000.0,1.143,0.0,55599000.0,68954000.0,0.525,68954000.0,55599000.0,44856000.0,0.21,0.21,0.21,1219743000.0,,1219743000.0,1450647086.0,4.0,3.766,-27160000.0,-0.152,1.0,89804000.0,0.684,0.0,10743000.0,3175655000.0,,0.0,1167059000.0,,,1727603000.0,,,1247206086.0,-12841000.0,53565000.0,-51502000.0,-100074000.0,0.0,-144212000.0,146549000.0,98366000.0,-19584000.0,4406000.0,37028000.0,37028000.0,37028000.0,-15582000.0,0.0,0.282,48407000.0,41397000.0,248457000.0,0.0,1.023,5.295,5.439,176929000.0,0.0,7.0,1.708,1.708,921515000.0,1071131000.0,131336000.0,131336000.0,0.0,,,,,0.0,48407000.0,1.0,178172298.0,178172298.0,,0.737,3052792000.0,0.0,7828000.0,127048000.0,17.134,
89,JEF,MRQ,1999-06-30,1999-06-30,1999-06-30,2021-10-08,313000.0,3197210000.0,,,,,6.852,32828000.0,373063000.0,373063000.0,45565000.0,13248000.0,,1.499,576504000.0,,,576504000.0,78521000.0,12750000.0,219356000.0,0.946,8.0,36628000.0,49378000.0,0.354,49378000.0,36628000.0,22411000.0,0.073,0.073,0.073,1237165000.0,,1237165000.0,1279790174.0,5.0,4.274,9229000.0,0.051,1.0,93832000.0,0.673,0.0,14217000.0,3400651000.0,,0.0,1274505000.0,,,1854341000.0,,,1527460174.0,-557213000.0,-18290000.0,-12344000.0,-99565000.0,-722178000.0,-811354000.0,282129000.0,261809000.0,-23599000.0,-4389000.0,13248000.0,13248000.0,13248000.0,-518000.0,0.0,0.095,53754000.0,40078000.0,243619000.0,109.589,1.235,7.774,7.929,176174000.0,0.0,8.46,2.257,2.257,919870000.0,1034103000.0,139397000.0,139397000.0,0.0,,,,,0.0,53754000.0,1.0,180550848.0,180550848.0,,0.772,3197210000.0,0.0,9163000.0,132369000.0,17.708,
90,JEF,MRQ,1999-03-31,1999-03-31,1999-03-31,2021-10-08,-1150000.0,4061324000.0,,,,,10.824,-23139000.0,930276000.0,930276000.0,48679000.0,156315000.0,,1.02,682606000.0,,,682606000.0,92104000.0,10035000.0,196540000.0,0.0,0.0,199849000.0,209884000.0,0.703,209884000.0,199849000.0,186160000.0,0.85,0.85,0.85,1956347000.0,,1956347000.0,2085356009.0,9.0,7.163,33961000.0,0.188,1.0,249906000.0,0.837,0.0,13689000.0,3813654000.0,,0.0,1519122000.0,,,1995679000.0,,,1822445009.0,470586000.0,165851000.0,-52119000.0,-20480000.0,0.0,-65844000.0,482745000.0,340033000.0,57100000.0,-3415000.0,156315000.0,156315000.0,156315000.0,-8101000.0,0.0,0.524,56777000.0,193129000.0,262545000.0,0.0,0.932,9.201,9.424,151994000.0,0.0,10.083,2.664,2.664,926943000.0,1743033000.0,298585000.0,298585000.0,0.0,,,,,0.0,56777000.0,1.0,180738348.0,180738348.0,,1.652,4061324000.0,0.0,29845000.0,138239000.0,22.471,
91,JEF,MRQ,1998-12-31,1998-12-31,1998-12-31,2021-10-08,-771000.0,3958951000.0,,,,,9.931,-71149000.0,459690000.0,459690000.0,67356000.0,28955000.0,,1.077,722601000.0,,,722601000.0,94572000.0,14430000.0,189782000.0,0.0,0.0,42571000.0,57001000.0,0.354,57001000.0,42571000.0,28105000.0,0.153,0.153,0.153,1853159000.0,,1853159000.0,1466251981.0,20.0,11.944,-101158000.0,-0.542,1.0,93741000.0,0.582,0.0,14466000.0,4221862000.0,,0.0,1942595000.0,,,1996320000.0,,,1959336981.0,-452109000.0,-129861000.0,-24640000.0,34153000.0,-1710000.0,-36356000.0,-385744000.0,-298535000.0,-30009000.0,0.0,28955000.0,28955000.0,28955000.0,-1768000.0,0.0,0.18,51017000.0,42724000.0,233485000.0,0.0,1.057,36.055,36.585,121790000.0,0.0,10.5,3.693,3.693,881371000.0,1586718000.0,161097000.0,161097000.0,0.0,,,,,0.0,51017000.0,1.0,186603522.0,186603522.0,,0.863,3958951000.0,0.0,-850000.0,96500000.0,21.216,
92,JEF,MRQ,1998-09-30,1998-09-30,1998-09-30,2021-10-08,8710000.0,4331817000.0,,,,,9.66,-8834000.0,926696000.0,926696000.0,63629000.0,-2037000.0,,1.251,433611000.0,,,433611000.0,111419000.0,11046000.0,191732000.0,0.008,0.0,-27897000.0,-16851000.0,-0.217,-16851000.0,-27897000.0,-38248000.0,-0.01,-0.01,-0.01,1853435000.0,,1853435000.0,1801785843.0,4.0,3.658,80083000.0,0.417,1.0,14076000.0,0.181,0.0,10351000.0,3838732000.0,,0.0,1756563000.0,,,2318129000.0,,,1874512843.0,478974000.0,3516000.0,-33929000.0,45385000.0,-6670000.0,4378000.0,385679000.0,390997000.0,88917000.0,0.0,-2037000.0,-2037000.0,-2037000.0,-3411000.0,0.0,-0.026,43275000.0,-29199000.0,97043000.0,0.0,1.011,4.292,4.199,73023000.0,0.0,9.77,3.725,3.725,842463000.0,1559473000.0,77705000.0,77705000.0,0.0,,,,,0.0,43275000.0,1.0,191864160.0,191864160.0,,0.405,4331817000.0,8629000.0,-36211000.0,113617000.0,22.578,
93,JEF,MRQ,1998-06-30,1998-06-30,1998-06-30,2021-10-08,904000.0,4372294000.0,,,,,9.839,1958000.0,445080000.0,445080000.0,69891000.0,14842000.0,,1.232,372353000.0,,,372353000.0,125641000.0,11347000.0,192148000.0,0.008,0.0,29742000.0,41089000.0,0.28,41089000.0,29742000.0,19546000.0,0.077,0.077,0.077,1887403000.0,,1887403000.0,1587794518.0,2.0,2.165,-161049000.0,-0.84,1.0,76826000.0,0.524,0.0,10196000.0,4299567000.0,,0.0,2260246000.0,,,2325142000.0,,,2113894518.0,-426197000.0,15058000.0,-67000.0,19094000.0,0.0,13982000.0,-277172000.0,-294188000.0,-163007000.0,0.0,14842000.0,14842000.0,14842000.0,-1503000.0,0.0,0.101,46478000.0,30348000.0,134844000.0,0.0,1.12,3.288,3.229,67690000.0,0.0,11.02,3.709,3.709,825250000.0,1568180000.0,146717000.0,146717000.0,0.0,,,,,0.0,46478000.0,1.0,191823459.0,191823459.0,,0.765,4372294000.0,0.0,4704000.0,44296000.0,22.793,
94,JEF,MRQ,1998-03-31,1998-03-31,1998-03-31,2021-10-08,5586000.0,4474630000.0,,,,,9.787,-1271000.0,879324000.0,879324000.0,68097000.0,12583000.0,,1.299,353224000.0,,,353224000.0,136754000.0,11525000.0,197235000.0,0.006,0.0,29993000.0,41518000.0,0.286,41518000.0,29993000.0,19867000.0,0.067,0.067,0.067,1877133000.0,,1877133000.0,2263283502.0,3.0,2.948,-58567000.0,-0.305,1.0,76890000.0,0.53,0.0,10126000.0,3948530000.0,,0.0,1936566000.0,,,2437715000.0,,,2517592502.0,277836000.0,73525000.0,-712000.0,319000.0,0.0,-1668000.0,336800000.0,264546000.0,-57296000.0,0.0,12583000.0,12583000.0,12583000.0,-1459000.0,0.0,0.087,46247000.0,30643000.0,227648000.0,0.0,1.341,3.805,3.729,63092000.0,0.0,13.127,4.102,4.102,824270000.0,1553338000.0,144987000.0,144987000.0,0.0,,,,,0.0,46247000.0,1.0,191792217.0,191792217.0,,0.756,4474630000.0,0.0,7284000.0,64825000.0,23.331,
95,JEF,MRQ,1997-12-31,1997-12-31,1997-12-31,2021-10-08,5630000.0,3745336000.0,,,,,9.728,-177189000.0,581186000.0,581186000.0,91894000.0,411339000.0,,0.924,352872000.0,,,352872000.0,127666000.0,18271000.0,198582000.0,0.007,0.083,408534000.0,426805000.0,3.189,426805000.0,408534000.0,398160000.0,2.193,2.197,2.193,1863531000.0,,1863531000.0,2395351834.0,3.0,3.119,-308977000.0,-1.613,1.0,41960000.0,0.313,0.0,10374000.0,3517022000.0,,0.0,2080271000.0,,,1722063000.0,,,2202976834.0,408016000.0,982067000.0,-989000.0,-22197000.0,-15964000.0,-41251000.0,581055000.0,-422110000.0,-131788000.0,0.0,411339000.0,411339000.0,411339000.0,-434811000.0,0.0,3.073,66128000.0,-24168000.0,208762000.0,0.038,1.182,3.329,3.242,60433000.0,0.0,11.5,3.493,3.493,783309000.0,1540755000.0,133854000.0,133854000.0,0.0,,,,,0.0,66128000.0,1.0,191563203.0,191563203.0,,0.699,3745336000.0,0.0,-13179000.0,172593000.0,19.551,
96,JEF,MRQ,1997-09-30,1997-09-30,1997-09-30,2021-10-08,9707000.0,3987587000.0,,,,,7.689,14645000.0,186857000.0,186857000.0,91878000.0,204207000.0,,1.601,379232000.0,,,379232000.0,142937000.0,17324000.0,200668000.0,0.007,0.0,206699000.0,224023000.0,1.552,224023000.0,206699000.0,195704000.0,1.077,1.077,1.077,1471673000.0,,1471673000.0,2513564591.0,9.0,6.904,141349000.0,0.738,1.0,52432000.0,0.363,0.0,10995000.0,4179962000.0,,0.0,1594036000.0,,,2356173000.0,,,2193488591.0,23971000.0,60000000.0,-495000.0,-133442000.0,0.0,-133443000.0,30710000.0,-43935000.0,126704000.0,0.0,204207000.0,204207000.0,204207000.0,-215655000.0,0.0,1.415,59408000.0,-6976000.0,190038000.0,0.0,1.49,8.732,,68365000.0,0.0,11.46,3.448,3.448,975574000.0,1145380000.0,144310000.0,144310000.0,0.0,,,,,0.0,59408000.0,1.0,191403891.0,191403891.0,,0.754,3987587000.0,9918000.0,-8503000.0,53249000.0,20.833,
97,JEF,MRQ,1997-06-30,1997-06-30,1997-06-30,2021-10-08,-5030000.0,4687237000.0,,,,,6.516,96396000.0,259308000.0,259308000.0,92886000.0,33549000.0,,2.81,579384000.0,,,579384000.0,455677000.0,17047000.0,200170000.0,0.008,0.0,58330000.0,75377000.0,0.396,75377000.0,58330000.0,46574000.0,0.183,0.177,0.183,1188370000.0,,1188370000.0,2073500269.0,18.0,12.391,-29954000.0,-0.164,1.0,97642000.0,0.512,0.0,11756000.0,5007313000.0,,0.0,2558793000.0,,,3339350000.0,,,1881022269.0,-14056000.0,0.0,0.0,84329000.0,0.0,78031000.0,34263000.0,-62133000.0,-126350000.0,0.0,33549000.0,33549000.0,33549000.0,-16911000.0,0.0,0.176,52070000.0,45572000.0,165552000.0,0.0,1.583,28.426,,89392000.0,0.0,10.313,2.803,2.803,812200000.0,941173000.0,190528000.0,190528000.0,0.0,,,,,0.0,52070000.0,1.0,182387421.0,182387421.0,,1.045,4687237000.0,72117000.0,13025000.0,50603000.0,25.699,
98,JEF,MRQ,1997-03-31,1997-03-31,1997-03-31,2021-10-08,-23110000.0,4496274000.0,,,,,6.1,9018000.0,331225000.0,331225000.0,92854000.0,12720000.0,,2.92,523703000.0,,,523703000.0,446859000.0,17524000.0,206299000.0,0.009,0.0,24368000.0,41892000.0,0.259,41892000.0,24368000.0,11486000.0,0.07,0.07,0.07,1106376000.0,,1106376000.0,1801523995.0,21.0,12.287,-36968000.0,-0.204,1.0,69191000.0,0.427,0.0,12882000.0,4688752000.0,,0.0,2404826000.0,,,3230606000.0,,,1662611995.0,-7087000.0,0.0,0.0,-68000.0,0.0,144656000.0,-105757000.0,-114775000.0,-45986000.0,0.0,12720000.0,12720000.0,12720000.0,-18784000.0,0.0,0.078,61850000.0,7341000.0,170782000.0,0.0,1.503,36.305,,88479000.0,0.0,9.167,2.078,2.078,729561000.0,907624000.0,162045000.0,162045000.0,0.0,,,,,0.0,61850000.0,1.0,181375854.0,181375854.0,,0.893,4496274000.0,86939000.0,-1234000.0,43789000.0,24.79,
99,JEF,MRQ,1996-12-31,1996-12-31,1996-12-31,2021-10-08,1759000.0,3362556000.0,,,,,6.165,11606000.0,184029000.0,184029000.0,95160000.0,718000.0,,1.999,520263000.0,,,520263000.0,150419000.0,21262000.0,209261000.0,0.009,0.083,1524000.0,22786000.0,0.164,22786000.0,1524000.0,-11745000.0,,0.007,,1118107000.0,,1118107000.0,,,,-15847000.0,-0.087,1.0,44081000.0,0.317,0.0,13269000.0,3698790000.0,,0.0,1344458000.0,,,2235081000.0,,,1617268032.0,-2837000.0,-11196000.0,-837000.0,22147000.0,-15100000.0,4738000.0,19878000.0,19468000.0,-27453000.0,0.0,718000.0,718000.0,718000.0,-24789000.0,0.0,0.005,60508000.0,-16427000.0,120076000.0,,1.446,33.224,33.025,71563000.0,0.0,8.917,2.412,2.412,509050000.0,894904000.0,139241000.0,139241000.0,0.0,,,,,0.0,60508000.0,1.0,181375854.0,181375854.0,,0.768,3362556000.0,43070000.0,-12463000.0,34902000.0,18.539,
100,JEF,MRQ,1996-09-30,1996-09-30,1996-09-30,2021-10-08,,,,,,,,13142000.0,,,102458000.0,19185000.0,,,,,,,,-5458000.0,,0.01,0.0,32748000.0,27290000.0,0.152,27290000.0,32748000.0,19481000.0,,0.107,,,,,,,,26032000.0,,1.0,76817000.0,0.428,,13267000.0,,,,,,,,,,,-21088000.0,0.0,0.0,36000.0,0.0,-276000.0,-33702000.0,-46844000.0,12890000.0,0.0,19185000.0,19185000.0,19185000.0,-18339000.0,0.0,0.107,62408000.0,14409000.0,,,,,,,0.0,8.0,,,,,179275000.0,179275000.0,0.0,,,,,0.0,62408000.0,1.0,,,,,,,296000.0,,,
101,JEF,MRQ,1996-06-30,1996-06-30,1996-06-30,2021-10-08,,,,,,,,658000.0,,,213904000.0,13173000.0,,,,,,,,28863000.0,,0.01,0.0,25787000.0,54650000.0,0.171,54650000.0,25787000.0,12419000.0,,0.073,,,,,,,,42331000.0,,1.0,105768000.0,0.331,,13368000.0,,,,,,,,,,,60763000.0,0.0,0.0,7117000.0,0.0,10242000.0,8848000.0,8190000.0,41673000.0,0.0,13173000.0,13173000.0,13173000.0,-9147000.0,0.0,0.041,89128000.0,16640000.0,,,,,,,0.0,8.167,,,,,319672000.0,319672000.0,0.0,,,,,0.0,89128000.0,1.0,,,,,,,-754000.0,,,
102,JEF,MRQ,1996-03-31,1996-03-31,1996-03-31,2021-10-08,,,,,,,,705000.0,,,210015000.0,15601000.0,,,,,,,,33640000.0,,0.01,0.0,32615000.0,66255000.0,0.201,66255000.0,32615000.0,18736000.0,,0.087,,,,,,,,-43805000.0,,1.0,119918000.0,0.363,,13879000.0,,,,,,,,,,,23992000.0,0.0,0.0,-27373000.0,0.0,-22515000.0,91017000.0,90312000.0,-44510000.0,0.0,15601000.0,15601000.0,15601000.0,-8217000.0,0.0,0.047,95520000.0,24398000.0,,,,,,,0.0,8.25,,,,,329933000.0,329933000.0,0.0,,,,,0.0,95520000.0,1.0,,,,,,,3135000.0,,,
103,JEF,MRQ,1995-12-31,1995-12-31,1995-12-31,2021-10-08,30086000.0,5107874000.0,,,,,,,266158000.0,266158000.0,,,,3.586,520862000.0,,,520862000.0,434773000.0,,203061000.0,0.01,0.083,,,,,,,,,,1111491000.0,,1111491000.0,,,,,,1.0,,,0.0,,5362578000.0,,0.0,3064569000.0,,,3986343000.0,,,,,,,,,,,,,,,,,,,,,,209362000.0,,,,13.376,111374000.0,,8.333,,,759020000.0,861327000.0,,,,,,,,,,1.0,,,,,5107874000.0,103466000.0,,39596000.0,,
0,JEF,MRT,2021-09-30,2021-08-31,2021-08-31,2021-10-08,-357973000.0,58037399000.0,56500909750.0,,,0.146,42.026,-146266000.0,9995433000.0,9995433000.0,781030000.0,1651789000.0,,4.573,34202110000.0,,,34202110000.0,0.0,150532000.0,0.0,0.022,0.8,2335025000.0,2485557000.0,0.302,2485557000.0,2335025000.0,2254553000.0,6.14,6.01,6.14,10381883000.0,9901068000.0,10381883000.0,32838225043.0,14.0,13.212,708369000.0,2.867,1.0,7456190000.0,0.905,1905163000.0,80472000.0,80338913000.0,78116352500.0,0.0,29491618000.0,,,47473437000.0,,,9130503043.0,674510000.0,2671634000.0,-375268000.0,658188000.0,-199399000.0,74042000.0,-254454000.0,-2777898000.0,854635000.0,287000.0,1656262000.0,1649757000.0,1649757000.0,0.0,-4473000.0,0.2,5058408000.0,2397782000.0,11496986000.0,0.13,0.879,5.534,6.02,914537000.0,6505000.0,36.96,1.108,1.108,7067641000.0,7681488000.0,8237220000.0,8237220000.0,0.0,0.029,0.167,0.03,0.283,81703000.0,4902441000.0,1.0,247037420.0,247037420.0,,33.344,56132236000.0,0.0,598291000.0,0.0,227.222,
1,JEF,MRT,2021-06-30,2021-05-31,2021-05-31,2021-10-08,-363998000.0,57978969000.0,54935057000.0,,,0.144,40.784,-112742000.0,9344587000.0,9344587000.0,709938000.0,1548712000.0,,4.738,33052309000.0,,,33052309000.0,0.0,146865000.0,0.0,0.022,0.7,2195227000.0,2342092000.0,0.296,2342092000.0,2195227000.0,2112761000.0,5.68,5.58,5.68,10072634000.0,9658263500.0,10072634000.0,32463681987.0,15.0,13.861,820660000.0,3.323,1.0,7204468000.0,0.91,1912480000.0,82466000.0,79774211000.0,76006590000.0,0.0,28583170000.0,,,47724094000.0,,,7935222987.0,1840306000.0,2416785000.0,-451715000.0,1658133000.0,-177005000.0,1021882000.0,-151586000.0,-2458875000.0,933402000.0,36608000.0,1552767000.0,1546707000.0,1546707000.0,0.0,-4055000.0,0.195,4978295000.0,2226173000.0,12394362000.0,0.123,0.788,5.13,5.657,903010000.0,6060000.0,32.13,1.003,1.003,8131943000.0,7340113000.0,7914406000.0,7914406000.0,0.0,0.028,0.16,0.029,0.277,83611000.0,4821485000.0,1.0,246972393.0,246972393.0,,32.046,56066489000.0,0.0,559994000.0,0.0,227.015,
2,JEF,MRT,2021-03-31,2021-02-28,2021-02-28,2021-10-08,-346544000.0,56868919000.0,53011118500.0,,,0.134,38.817,-139945000.0,9264076000.0,9264076000.0,645531000.0,1238938000.0,,4.816,33792535000.0,,,33792535000.0,0.0,145341000.0,0.0,0.022,0.65,1799687000.0,1945028000.0,0.274,1945028000.0,1799687000.0,1716004000.0,4.51,4.44,4.51,9745862000.0,9471743500.0,9745862000.0,28955445969.0,16.0,14.887,1358148000.0,5.409,1.0,6465957000.0,0.909,1914322000.0,83683000.0,79483056000.0,73842740250.0,0.0,27466485000.0,,,46934582000.0,,,7291100969.0,2016283000.0,1822145000.0,-636781000.0,1466064000.0,-167915000.0,662293000.0,-169222000.0,-1874291000.0,1498093000.0,25119000.0,1244868000.0,1239030000.0,1239030000.0,0.0,-5930000.0,0.174,4654004000.0,1811953000.0,10622970000.0,0.144,0.748,5.885,6.439,896317000.0,5838000.0,29.04,1.025,1.025,7870542000.0,7041460000.0,7111488000.0,7111488000.0,0.0,0.023,0.131,0.024,0.253,50769000.0,4496268000.0,1.0,251070970.0,251070970.0,,28.325,54954597000.0,0.0,471136000.0,0.0,218.881,
3,JEF,MRT,2020-12-31,2020-11-30,2020-11-30,2021-10-08,-288917000.0,53118352000.0,51738419500.0,,,0.116,36.815,-171837000.0,9659469000.0,9659469000.0,605180000.0,768410000.0,,4.629,31323814000.0,,,31323814000.0,0.0,142394000.0,0.0,0.026,0.6,1158782000.0,1301176000.0,0.216,1301176000.0,1158782000.0,1073912000.0,2.68,2.65,2.68,9403893000.0,9372516750.0,9403893000.0,27846447208.0,24.0,21.401,1904111000.0,7.454,1.0,5405694000.0,0.899,1913467000.0,84870000.0,72869230000.0,72295870000.0,0.0,24907909000.0,,,43530151000.0,,,5806030208.0,1184537000.0,1735627000.0,-816871000.0,235329000.0,-160940000.0,-723525000.0,-186192000.0,-1749982000.0,2075948000.0,18306000.0,775239000.0,769605000.0,769605000.0,0.0,-6829000.0,0.128,4178258000.0,1227436000.0,10388072000.0,0.224,0.617,7.544,8.481,897204000.0,5634000.0,22.73,0.966,0.966,6608767000.0,6531836000.0,6010874000.0,6010874000.0,0.0,0.015,0.082,0.016,0.193,40038000.0,4019819000.0,1.0,255434677.0,255434677.0,,23.532,51204885000.0,0.0,298673000.0,0.0,200.462,
4,JEF,MRT,2020-09-30,2020-08-31,2020-08-31,2021-10-08,-196407000.0,51773988000.0,50823890000.0,,,0.103,35.296,-223312000.0,9412949000.0,9412949000.0,583833000.0,654283000.0,,4.482,31453366000.0,,,31453366000.0,0.0,160158000.0,0.0,0.105,1.849,968778000.0,1128936000.0,0.215,1128936000.0,968778000.0,887194000.0,2.24,2.22,2.24,9410665000.0,9416469750.0,9410665000.0,27422334392.0,28.0,24.29,1508031000.0,5.656,1.0,4672352000.0,0.889,1914542000.0,81584000.0,71899863000.0,71342306000.0,0.0,24853468000.0,,,42180264000.0,,,4676533392.0,2716112000.0,2242212000.0,-760534000.0,1438502000.0,-160063000.0,532349000.0,415517000.0,-1633787000.0,1731343000.0,36903000.0,663385000.0,657879000.0,657879000.0,0.0,-9102000.0,0.125,3724382000.0,947970000.0,8792748000.0,0.825,0.497,7.109,7.83,915896000.0,5506000.0,17.54,0.89,0.89,5029136000.0,6264689000.0,5256185000.0,5256185000.0,0.0,0.013,0.07,0.014,0.184,42366000.0,3562755000.0,1.0,266621060.0,266621060.0,,19.714,49859446000.0,0.0,223809000.0,0.0,187.005,
5,JEF,MRT,2020-06-30,2020-05-31,2020-05-31,2021-10-08,-134528000.0,50283215000.0,50196195000.0,,,0.09,34.693,-244980000.0,7552806000.0,7552806000.0,571064000.0,398838000.0,,4.372,30298607000.0,,,30298607000.0,0.0,158176000.0,0.0,0.125,1.824,571334000.0,729510000.0,0.162,729510000.0,571334000.0,487599000.0,1.32,1.3,1.32,9326554000.0,9568914000.0,9326554000.0,27373878592.0,48.0,37.524,528504000.0,1.966,1.0,3925729000.0,0.873,1910204000.0,83735000.0,71118812000.0,68343590000.0,0.0,24386332000.0,,,40774840000.0,,,3938358592.0,1555998000.0,2320403000.0,-640459000.0,1236392000.0,-158520000.0,452337000.0,340895000.0,-1759578000.0,773484000.0,-10718000.0,407324000.0,401947000.0,401947000.0,0.0,-8486000.0,0.089,3441817000.0,483912000.0,8524856000.0,1.382,0.422,9.798,11.098,917686000.0,5377000.0,14.65,0.876,0.876,6539495000.0,6002078000.0,4496793000.0,4496793000.0,0.0,0.008,0.042,0.008,0.127,45646000.0,3279830000.0,1.0,268829938.0,268829938.0,,16.727,48373011000.0,0.0,80275000.0,0.0,179.939,
6,JEF,MRT,2020-03-31,2020-02-29,2020-02-29,2021-10-08,-258400000.0,51778123000.0,49756376250.0,,,0.089,32.468,-238163000.0,7452793000.0,7452793000.0,555616000.0,1027569000.0,,4.518,30888313000.0,,,30888313000.0,0.0,147706000.0,0.0,0.091,1.799,678270000.0,825976000.0,0.186,825976000.0,678270000.0,592557000.0,3.33,3.28,3.33,9348955000.0,9700743250.0,9348955000.0,16660505270.0,25.0,20.171,-1200128000.0,-4.168,1.0,3895245000.0,0.875,1918068000.0,85713000.0,73295575000.0,65497959250.0,0.0,24866640000.0,,,42242459000.0,,,5675291270.0,915534000.0,1883942000.0,-605440000.0,2056742000.0,-154623000.0,1311750000.0,582933000.0,-1065406000.0,-961965000.0,-17184000.0,1033041000.0,1027792000.0,1027792000.0,0.0,-5472000.0,0.231,3330274000.0,564971000.0,9447230000.0,0.54,0.607,5.522,5.919,928643000.0,5249000.0,19.71,1.275,1.275,7234029000.0,6000613000.0,4450861000.0,4450861000.0,0.0,0.021,0.106,0.01,0.152,47982000.0,3171867000.0,1.0,287939689.0,287939689.0,,15.458,49860055000.0,0.0,-440484000.0,0.0,173.161,
7,JEF,MRT,2019-12-31,2019-11-30,2019-11-30,2021-10-08,-273039000.0,49460234000.0,49051681750.0,,,0.079,31.946,-220927000.0,8475618000.0,8475618000.0,542781000.0,962563000.0,,4.145,29993292000.0,,,29993292000.0,0.0,129766000.0,0.0,0.085,1.774,567918000.0,697684000.0,0.179,697684000.0,567918000.0,480741000.0,3.07,3.03,3.07,9579705000.0,9846742500.0,9579705000.0,18830896929.0,33.0,26.991,-1048764000.0,-3.497,1.0,3350195000.0,0.861,1922934000.0,87177000.0,69054974000.0,62133848250.0,0.0,22848296000.0,,,39706945000.0,,,6267312929.0,2467773000.0,1001445000.0,-509914000.0,2247273000.0,-149647000.0,1589578000.0,1707095000.0,926577000.0,-827837000.0,-1063000.0,964696000.0,959593000.0,959593000.0,0.0,-2133000.0,0.246,2987405000.0,362790000.0,8179013000.0,0.578,0.654,6.531,6.808,385029000.0,5103000.0,20.9,1.61,1.61,5744106000.0,5933389000.0,3892976000.0,3892976000.0,0.0,0.02,0.097,0.009,0.146,49848000.0,2834534000.0,1.0,299871432.0,299871432.0,,12.982,47537300000.0,0.0,-483955000.0,0.0,158.526,
8,JEF,MRT,2019-09-30,2019-08-31,2019-08-31,2021-10-08,-266452000.0,49263208000.0,48469397000.0,,,,33.401,,6669685000.0,6669685000.0,,,,3.898,19233269000.0,,,19233269000.0,0.0,,0.0,0.034,0.625,,,,,,,,,,10020442000.0,9967032750.0,10020442000.0,18687331080.0,,,,,1.0,,,1921793000.0,,59904999000.0,59234252250.0,0.0,24042208000.0,,,39063363000.0,,,5592052080.0,,,,,,,,,,,,,,,,,,,7350914000.0,,0.558,,,0.0,,18.64,,,5826350000.0,6255314000.0,,,,,,,,,,1.0,300002794.0,300002794.0,,,47341415000.0,509772000.0,,0.0,157.803,
9,JEF,MRT,2019-06-30,2019-05-31,2019-05-31,2021-10-08,-242824000.0,48523940000.0,,,,,33.086,,5937166000.0,5937166000.0,,,,3.907,19032445000.0,,,19032445000.0,0.0,,0.0,0.034,0.6,,,,,,,,,,9853871000.0,,9853871000.0,18033323343.0,,,,,1.0,,,1882930000.0,,59736289000.0,,0.0,23621810000.0,,,38502641000.0,,,5262589343.0,,,,,,,,,,,,,,,,,,,7029001000.0,,0.534,,,0.0,,17.67,,,6911314000.0,6246852000.0,,,,,,,,,,1.0,297826222.0,297826222.0,,,46641010000.0,471506000.0,,0.0,156.605,
10,JEF,MRT,2019-03-31,2019-02-28,2019-02-28,2021-10-08,338619000.0,48959345000.0,,,,,32.491,,6280334000.0,6280334000.0,,,,3.912,19051068000.0,,,19051068000.0,0.0,,0.0,0.028,0.575,,,,,,,,,,9932952000.0,,9932952000.0,18412491590.0,,,,,1.0,,,1890948000.0,,59839131000.0,,0.0,23826689000.0,,,38858023000.0,,,6196865590.0,,,,,,,,,,,,,,,,,,,7293843000.0,,0.624,,,0.0,,20.27,,,7228766000.0,5614935000.0,,,,,,,,,,1.0,305716112.0,305716112.0,,,47068397000.0,499827000.0,,0.0,153.961,
11,JEF,MRT,2018-12-31,2018-11-30,2018-11-30,2021-10-08,288286000.0,47131095000.0,,,,,,,5966769000.0,5966769000.0,,,,3.668,18182395000.0,,,18182395000.0,0.0,,0.0,,,,,,,,,,,,10060866000.0,,10060866000.0,20714489882.0,,,,,1.0,,,1890131000.0,,57456590000.0,,0.0,24076232000.0,,,36907059000.0,,,7059141882.0,,,,,,,,,,,,,,,,,,,7407030000.0,,0.702,,,0.0,,21.85,,,6287401000.0,5610218000.0,,,,,,,,,,1.0,323072855.0,,,,45240964000.0,512789000.0,,0.0,,
12,JEF,MRT,2018-09-30,2018-09-30,2018-09-30,2021-10-08,287745000.0,48948669000.0,48630267250.0,,,0.083,31.864,-300433000.0,5809244000.0,5809244000.0,500772000.0,818489000.0,,3.592,19464592000.0,,,19464592000.0,0.0,70237000.0,0.0,0.019,0.425,1441581000.0,1511818000.0,0.377,1511818000.0,1441581000.0,1342527000.0,2.21,2.2,2.21,10621185000.0,10381103500.0,10621185000.0,20328534784.0,14.0,13.446,-373147000.0,-1.119,1.0,3513503000.0,0.875,1894898000.0,99054000.0,60709119000.0,59289694000.0,0.0,25687625000.0,,,38155533000.0,,,7319972784.0,-47708000.0,-163252000.0,-660169000.0,816773000.0,-147738000.0,179379000.0,-144421000.0,-511133000.0,-72714000.0,-9952000.0,775879000.0,771088000.0,771088000.0,-843464000.0,42610000.0,0.192,2966608000.0,546895000.0,6680224000.0,0.192,0.689,9.493,9.937,346896000.0,4791000.0,21.96,1.823,1.823,5864815000.0,5672363000.0,4014275000.0,4014275000.0,0.0,0.016,0.074,0.024,0.359,54865000.0,2845982000.0,1.0,333332094.0,333332094.0,,12.043,47053771000.0,468297000.0,566648000.0,0.0,141.162,
13,JEF,MRT,2018-06-30,2018-06-30,2018-06-30,2021-10-08,314973000.0,49401798000.0,48309836000.0,,,0.077,30.586,-285366000.0,5450703000.0,5450703000.0,485774000.0,772955000.0,,3.672,18459265000.0,,,18459265000.0,0.0,70965000.0,0.0,0.018,0.4,1264347000.0,1335312000.0,0.359,1335312000.0,1264347000.0,1168518000.0,1.92,1.92,1.92,10538192000.0,10338784750.0,10538192000.0,20360545772.0,16.0,15.248,-494678000.0,-1.436,1.0,3234878000.0,0.869,1901352000.0,95829000.0,60509008000.0,58399627000.0,0.0,25906643000.0,,,38695105000.0,,,7834861771.0,-63648000.0,-518596000.0,-629279000.0,1184549000.0,-142048000.0,390386000.0,-242312000.0,-254027000.0,-209312000.0,-2410000.0,682491000.0,677804000.0,677804000.0,-964453000.0,90464000.0,0.182,2949542000.0,285336000.0,7496897000.0,0.208,0.743,11.559,11.844,353553000.0,4687000.0,22.74,2.106,2.106,5876389000.0,5523277000.0,3720652000.0,3720652000.0,0.0,0.014,0.066,0.022,0.34,53207000.0,2832451000.0,1.0,344540975.0,344540975.0,,10.799,47500446000.0,537063000.0,486027000.0,0.0,137.866,
14,JEF,MRT,2018-03-31,2018-03-31,2018-03-31,2021-10-08,357317000.0,49001494000.0,48053412000.0,,,0.076,28.797,-104027000.0,5947318000.0,5947318000.0,464455000.0,98073000.0,,3.721,18473002000.0,,,18473002000.0,0.0,43131000.0,0.0,0.016,0.363,614743000.0,657874000.0,0.179,657874000.0,614743000.0,517613000.0,0.03,0.05,0.03,10259080000.0,10327063500.0,10259080000.0,20256125417.0,33.0,30.79,621333000.0,1.744,1.0,3201899000.0,0.873,2450957000.0,97130000.0,59076221000.0,57826151750.0,0.0,23254408000.0,,,38173551000.0,,,8097625417.0,1087388000.0,650442000.0,-98221000.0,1147483000.0,-130687000.0,783604000.0,-436776000.0,-899337000.0,725360000.0,15200000.0,14999000.0,10468000.0,10468000.0,-297416000.0,83074000.0,0.003,2887271000.0,314628000.0,7336062000.0,12.1,0.789,773.56,757.667,754668000.0,4531000.0,22.73,2.209,2.209,6710631000.0,4833329000.0,3666354000.0,3666354000.0,0.0,0.0,0.001,0.011,0.168,50832000.0,2775827000.0,1.0,356252768.0,356252768.0,,10.291,46550537000.0,777138000.0,502614000.0,0.0,130.667,
15,JEF,MRT,2017-12-31,2017-12-31,2017-12-31,2021-10-08,372724000.0,47169108000.0,47298037750.0,,,0.086,28.366,-94985000.0,5853494000.0,5853494000.0,455458000.0,252847000.0,,3.61,18011994000.0,,,18011994000.0,0.0,64759000.0,0.0,0.012,0.326,915214000.0,979973000.0,0.24,979973000.0,915214000.0,814012000.0,0.45,0.45,0.45,10105957000.0,10361833000.0,10105957000.0,21392872571.0,23.0,21.83,693309000.0,1.946,1.0,3621987000.0,0.888,2463180000.0,101202000.0,56864428000.0,56879136500.0,0.0,22555625000.0,,,36478536000.0,,,9437673571.0,1177392000.0,441743000.0,-98976000.0,791263000.0,-117407000.0,434801000.0,-54634000.0,-335326000.0,788294000.0,12067000.0,171726000.0,167351000.0,167351000.0,-288631000.0,81121000.0,0.041,2839382000.0,782605000.0,7167666000.0,0.724,0.934,56.394,58.867,0.0,4375000.0,26.49,2.315,2.315,5419015000.0,4700968000.0,4077445000.0,4077445000.0,0.0,0.004,0.016,0.016,0.224,48384000.0,2728987000.0,1.0,356273068.0,356273068.0,,11.445,44705928000.0,743811000.0,642286000.0,0.0,125.482,
16,JEF,MRT,2017-09-30,2017-09-30,2017-09-30,2021-10-08,363486000.0,47666944000.0,46773587500.0,,,0.006,29.144,-78231000.0,5920676000.0,5920676000.0,-2925713000.0,670857000.0,,3.493,17875875000.0,,,17875875000.0,0.0,-472000.0,0.0,0.011,0.288,793240000.0,792768000.0,2.637,792768000.0,793240000.0,687052000.0,1.56,1.55,1.56,10451910000.0,10367368750.0,10451910000.0,21383095234.0,27.0,26.973,1224168000.0,3.413,1.0,3226314000.0,10.733,2473292000.0,106188000.0,57148851000.0,56067310500.0,0.0,22289252000.0,,,36511795000.0,,,9055547234.0,1746633000.0,2559201000.0,-109710000.0,1140185000.0,-104108000.0,563357000.0,-106423000.0,-2512313000.0,1302399000.0,-4358000.0,580342000.0,576123000.0,576123000.0,-407665000.0,90515000.0,1.917,2711964000.0,514350000.0,7104957000.0,0.185,0.866,15.718,16.186,727685000.0,4219000.0,25.25,30.125,30.125,5507847000.0,5000423000.0,300601000.0,300601000.0,0.0,0.012,0.056,0.014,2.639,40155000.0,2643395000.0,1.0,358635534.0,358635534.0,,0.838,45193652000.0,1262648000.0,106710000.0,0.0,126.016,
17,JEF,MRT,2017-06-30,2017-06-30,2017-06-30,2021-10-08,350442000.0,48376102000.0,46383355250.0,,,0.046,29.157,-117116000.0,5580948000.0,5580948000.0,-1310879000.0,710296000.0,,3.552,17908496000.0,,,17908496000.0,0.0,23843000.0,0.0,0.01,0.251,909533000.0,933376000.0,0.44,933376000.0,909533000.0,805836000.0,1.7,1.69,1.7,10491307000.0,10269308750.0,10491307000.0,21220114873.0,23.0,22.735,954927000.0,2.654,1.0,3430632000.0,1.618,2488543000.0,103697000.0,58215107000.0,55757106000.0,0.0,22673294000.0,,,37262994000.0,,,9412848873.0,1656431000.0,2563164000.0,-92461000.0,937562000.0,-90806000.0,570309000.0,39111000.0,-2347467000.0,1072043000.0,-16690000.0,635193000.0,631130000.0,631130000.0,-286676000.0,75103000.0,0.298,2700858000.0,729774000.0,6785079000.0,0.148,0.897,14.914,15.388,728409000.0,4063000.0,26.16,4.441,4.441,5874580000.0,4938254000.0,2119753000.0,2119753000.0,0.0,0.014,0.061,0.016,0.429,37917000.0,2608358000.0,1.0,359818382.0,359818382.0,,5.891,45887559000.0,1322443000.0,170643000.0,0.0,127.53,
18,JEF,MRT,2017-03-31,2017-03-31,2017-03-31,2021-10-08,315637000.0,45979997000.0,45549811500.0,,,0.085,28.899,-154266000.0,4966740000.0,4966740000.0,394665000.0,706846000.0,,3.358,16774006000.0,,,16774006000.0,0.0,74469000.0,0.0,0.01,0.251,948420000.0,1022889000.0,0.263,1022889000.0,948420000.0,847597000.0,1.69,1.68,1.69,10398158000.0,10168111500.0,10398158000.0,20414489090.0,22.0,19.958,998622000.0,2.775,1.0,3493585000.0,0.898,2499103000.0,100823000.0,55288160000.0,55087240750.0,0.0,22158444000.0,,,34920677000.0,,,9354994090.0,1474064000.0,1231015000.0,-88320000.0,680553000.0,-91005000.0,345587000.0,1623000.0,-1040533000.0,1152888000.0,-17692000.0,634289000.0,630226000.0,630226000.0,-232686000.0,72557000.0,0.162,2711266000.0,782319000.0,6859832000.0,0.149,0.9,14.844,15.385,718439000.0,4063000.0,26.0,2.406,2.406,5553667000.0,4903424000.0,3888250000.0,3888250000.0,0.0,0.014,0.062,0.017,0.244,36647000.0,2594255000.0,1.0,359807465.0,359807465.0,,10.806,43480894000.0,1360779000.0,213308000.0,0.0,120.845,
19,JEF,MRT,2016-12-31,2016-12-31,2016-12-31,2021-10-08,310697000.0,45071307000.0,44838403500.0,,,0.068,28.132,-209993000.0,4664895000.0,4664895000.0,504244000.0,194321000.0,,3.387,15724390000.0,,,15724390000.0,0.0,71613000.0,0.0,0.011,0.25,251531000.0,323144000.0,0.106,323144000.0,251531000.0,155774000.0,0.34,0.34,0.34,10128100000.0,10091398250.0,10128100000.0,20766857454.0,83.0,64.265,362421000.0,1.007,1.0,2531130000.0,0.834,2513678000.0,95757000.0,53617124000.0,54875552500.0,0.0,21789190000.0,,,34305849000.0,,,8370510454.0,134401000.0,-9999000.0,-93958000.0,496233000.0,-91296000.0,230906000.0,-636215000.0,-374421000.0,572414000.0,-27498000.0,130001000.0,125938000.0,125938000.0,-232686000.0,64320000.0,0.041,2602563000.0,-71433000.0,7373708000.0,0.735,0.826,66.465,68.382,709242000.0,4063000.0,23.25,2.758,2.758,4425178000.0,4645391000.0,3035374000.0,3035374000.0,0.0,0.003,0.012,0.005,0.083,33597000.0,2485452000.0,1.0,360021955.0,360021955.0,,8.431,42557629000.0,1461815000.0,25773000.0,0.0,118.208,
20,JEF,MRT,2016-09-30,2016-09-30,2016-09-30,2021-10-08,360681000.0,46106015000.0,45153372750.0,,,0.217,27.913,-268008000.0,4305840000.0,4305840000.0,7045809000.0,71047000.0,,3.519,16702187000.0,,,16702187000.0,0.0,163517000.0,0.0,0.013,0.25,199858000.0,363375000.0,0.037,363375000.0,199858000.0,109730000.0,0.11,0.11,0.11,10059670000.0,10159676000.0,10059670000.0,19977217908.0,100.0,54.977,481436000.0,1.336,1.0,2767246000.0,0.282,2594329000.0,90128000.0,55908033000.0,55941256500.0,0.0,22648162000.0,,,35397459000.0,,,6861865908.0,-280326000.0,-632065000.0,-62833000.0,-242466000.0,-91528000.0,-287913000.0,-721215000.0,185777000.0,749444000.0,-20642000.0,48425000.0,44362000.0,44362000.0,-3793000.0,22622000.0,0.005,2672784000.0,94462000.0,7765740000.0,2.273,0.682,154.679,173.091,715198000.0,4063000.0,19.04,0.699,0.699,4169139000.0,4531329000.0,9813055000.0,9813055000.0,0.0,0.001,0.004,0.004,0.02,27171000.0,2461727000.0,1.0,360392117.0,360392117.0,,27.229,43511686000.0,1513163000.0,61305000.0,0.0,120.734,
21,JEF,MRT,2016-06-30,2016-06-30,2016-06-30,2021-10-08,413272000.0,45041927000.0,46255303500.0,,,0.205,27.838,-275822000.0,3867807000.0,3867807000.0,7299122000.0,-285342000.0,,3.412,16983159000.0,,,16983159000.0,0.0,167504000.0,0.0,0.014,0.251,-284104000.0,-116600000.0,-0.012,-116600000.0,-284104000.0,-381777000.0,-0.77,-0.77,-0.77,10086518000.0,10236127500.0,10086518000.0,20208575921.0,-71.0,-173.315,630203000.0,1.739,1.0,2203654000.0,0.232,2621633000.0,97673000.0,55535646000.0,57729897250.0,0.0,22449045000.0,,,34418582000.0,,,6279182921.0,-460096000.0,-635933000.0,-128752000.0,-1148666000.0,-91920000.0,-1248261000.0,-108755000.0,810485000.0,906025000.0,-9105000.0,-279106000.0,-283169000.0,-283169000.0,-5522000.0,-6236000.0,-0.03,2611481000.0,-407827000.0,6456251000.0,-0.326,0.623,-22.175,-22.506,702727000.0,4063000.0,17.33,0.661,0.661,4397127000.0,4400261000.0,9502776000.0,9502776000.0,0.0,-0.006,-0.028,-0.005,-0.03,37273000.0,2394649000.0,1.0,362330232.0,362330232.0,,26.227,42420294000.0,1584954000.0,-102671000.0,0.0,117.076,
22,JEF,MRT,2016-03-31,2016-03-31,2016-03-31,2021-10-08,394004000.0,43134365000.0,48133810750.0,,,0.202,27.858,-298780000.0,3283878000.0,3283878000.0,7588241000.0,-340920000.0,,3.226,17213271000.0,,,17213271000.0,0.0,166912000.0,0.0,0.016,0.251,-399381000.0,-232469000.0,-0.024,-232469000.0,-399381000.0,-506081000.0,-0.88,-0.88,-0.88,10091305000.0,10378251000.0,10091305000.0,20063219450.0,-50.0,-86.305,-255941000.0,-0.707,1.0,2128640000.0,0.219,2622351000.0,106700000.0,54441407000.0,60051530000.0,0.0,21460416000.0,,,32551412000.0,,,5857473450.0,-920458000.0,-376761000.0,-107230000.0,-857964000.0,-92192000.0,-949272000.0,788000.0,683854000.0,42839000.0,-14813000.0,-319989000.0,-324052000.0,-324052000.0,-5522000.0,-20931000.0,-0.033,2644356000.0,-515716000.0,5124603000.0,-0.285,0.58,-18.076,-18.375,721060000.0,4063000.0,16.17,0.603,0.603,4178419000.0,4366525000.0,9716881000.0,9716881000.0,0.0,-0.007,-0.031,-0.007,-0.041,48226000.0,2423053000.0,1.0,362243256.0,362243256.0,,26.824,40512014000.0,1646292000.0,-186092000.0,0.0,111.836,
23,JEF,MRT,2015-12-31,2015-12-31,2015-12-31,2021-10-08,438793000.0,46331184000.0,50430892500.0,,,0.216,28.706,-273074000.0,4389732000.0,4389732000.0,7877013000.0,252111000.0,,3.418,18586850000.0,,,18586850000.0,0.0,172073000.0,0.0,0.014,0.251,509401000.0,681474000.0,0.063,681474000.0,509401000.0,393597000.0,0.74,0.74,0.74,10401211000.0,10518384250.0,10401211000.0,21517786324.0,42.0,31.575,-1034829000.0,-2.856,1.0,3009445000.0,0.276,2648362000.0,115804000.0,57879940000.0,62479697250.0,0.0,24716280000.0,,,35548661000.0,,,6301058324.0,-638127000.0,-10670000.0,-124531000.0,-449009000.0,-92550000.0,-651983000.0,781165000.0,1067441000.0,-761755000.0,-5554000.0,283650000.0,279587000.0,279587000.0,-5522000.0,-31539000.0,0.026,2647386000.0,362059000.0,7107081000.0,0.339,0.606,22.537,23.5,721875000.0,4063000.0,17.39,0.579,0.579,3830967000.0,4612982000.0,10886458000.0,10886458000.0,0.0,0.006,0.027,0.008,0.047,74087000.0,2423253000.0,1.0,362338029.0,362338029.0,,30.045,43682822000.0,1575368000.0,109947000.0,0.0,120.558,
24,JEF,MRT,2015-09-30,2015-09-30,2015-09-30,2021-10-08,415855000.0,50513738000.0,52004073500.0,,,0.213,28.274,-329456000.0,4463310000.0,4463310000.0,8160135000.0,189656000.0,,3.838,19680038000.0,,,19680038000.0,0.0,172613000.0,0.0,0.012,0.252,455748000.0,628361000.0,0.057,628361000.0,455748000.0,328211000.0,0.55,0.54,0.55,10365476000.0,10493621000.0,10365476000.0,22378161446.0,49.0,35.614,-1232610000.0,-3.362,1.0,2918462000.0,0.263,2667870000.0,127537000.0,63062596000.0,63534439250.0,0.0,27369156000.0,,,39783625000.0,,,7427369446.0,-688577000.0,1104697000.0,-141231000.0,-432589000.0,-92941000.0,-660508000.0,890475000.0,113299000.0,-903154000.0,-15390000.0,218291000.0,214229000.0,214229000.0,3857000.0,-28635000.0,0.019,2636222000.0,282240000.0,6945182000.0,0.458,0.717,34.67,36.836,716906000.0,4062000.0,20.26,0.67,0.67,4286520000.0,4580831000.0,11078597000.0,11078597000.0,0.0,0.004,0.02,0.007,0.041,94197000.0,2356982000.0,1.0,366602638.0,366602638.0,,30.22,47845868000.0,1622790000.0,109920000.0,0.0,130.512,
25,JEF,MRT,2015-06-30,2015-06-30,2015-06-30,2021-10-08,425064000.0,52555956000.0,52557589250.0,,,0.223,29.06,-521574000.0,5887146000.0,5887146000.0,8235349000.0,430101000.0,,3.898,20837938000.0,,,20837938000.0,0.0,163794000.0,0.0,0.01,0.251,832612000.0,996406000.0,0.085,996406000.0,832612000.0,706242000.0,1.16,1.15,1.16,10655012000.0,10498528750.0,10655012000.0,23436160529.0,28.0,23.521,-2090465000.0,-5.701,1.0,3480795000.0,0.297,2684571000.0,126370000.0,64822177000.0,63368047000.0,0.0,27495635000.0,,,41532817000.0,,,8902478529.0,-695693000.0,1120067000.0,-52946000.0,866002000.0,-93112000.0,757994000.0,132965000.0,-468486000.0,-1568891000.0,-17761000.0,446143000.0,442081000.0,442081000.0,3577000.0,-16042000.0,0.038,2814052000.0,666743000.0,7772082000.0,0.216,0.836,20.138,20.931,723310000.0,4062000.0,24.28,0.76,0.76,4690344000.0,4777697000.0,11716144000.0,11716144000.0,0.0,0.008,0.042,0.013,0.071,99929000.0,2546814000.0,1.0,366658918.0,366658918.0,,31.954,49871385000.0,1529457000.0,260099000.0,0.0,136.016,
26,JEF,MRT,2015-03-31,2015-03-31,2015-03-31,2021-10-08,427118000.0,52322692000.0,52270534000.0,,,0.224,29.052,-536168000.0,6710843000.0,6710843000.0,8221673000.0,481517000.0,,3.878,21244525000.0,,,21244525000.0,0.0,151001000.0,0.0,0.011,0.251,940991000.0,1091992000.0,0.093,1091992000.0,940991000.0,817210000.0,1.29,1.28,1.29,10651838000.0,10422446000.0,10651838000.0,20368270800.0,22.0,18.652,-2216236000.0,-6.045,1.0,3506971000.0,0.299,2702298000.0,123781000.0,64154076000.0,62637717000.0,0.0,28047497000.0,,,41308780000.0,,,8172507800.0,-66003000.0,730315000.0,-53814000.0,1589617000.0,-93244000.0,1480177000.0,149516000.0,-51154000.0,-1680068000.0,-15628000.0,494811000.0,490749000.0,490749000.0,7317000.0,-13294000.0,0.042,2730899000.0,776072000.0,8940421000.0,0.195,0.767,16.653,17.279,722149000.0,4062000.0,22.29,0.697,0.697,4354707000.0,4784966000.0,11728644000.0,11728644000.0,0.0,0.009,0.047,0.015,0.08,104425000.0,2474258000.0,1.0,366644585.0,366644585.0,,31.989,49620394000.0,1506968000.0,322399000.0,0.0,135.336,
27,JEF,MRT,2014-12-31,2014-12-31,2014-12-31,2021-10-08,447082000.0,52623908000.0,51972364500.0,,,0.221,27.962,-548826000.0,7721449000.0,7721449000.0,8239615000.0,199025000.0,,4.071,19917212000.0,,,19917212000.0,0.0,139744000.0,0.0,0.011,0.251,495274000.0,635018000.0,0.055,635018000.0,495274000.0,374339000.0,0.54,0.54,0.54,10302158000.0,10306432250.0,10302158000.0,20683710122.0,42.0,32.572,-1535986000.0,-4.169,1.0,3246870000.0,0.283,2720763000.0,120935000.0,62098908000.0,61689735000.0,0.0,27142155000.0,,,41942200000.0,,,8260179122.0,369180000.0,-65971000.0,-73538000.0,1038773000.0,-93071000.0,917782000.0,449083000.0,1058274000.0,-987160000.0,-10525000.0,208368000.0,204306000.0,204306000.0,16226000.0,-9343000.0,0.018,2883240000.0,363630000.0,10516491000.0,0.465,0.802,40.43,41.519,726376000.0,4062000.0,22.42,0.719,0.719,3934825000.0,4428069000.0,11486485000.0,11486485000.0,0.0,0.004,0.02,0.008,0.043,109838000.0,2637552000.0,1.0,368429042.0,368429042.0,,31.177,49903145000.0,1712535000.0,165971000.0,0.0,135.448,
28,JEF,MRT,2014-09-30,2014-09-30,2014-09-30,2021-10-08,533263000.0,52727801000.0,50783082750.0,,,0.231,28.18,-473495000.0,7549063000.0,7549063000.0,8145171000.0,207634000.0,,4.037,19972594000.0,,,19972594000.0,0.0,130151000.0,0.0,0.01,0.25,532593000.0,662744000.0,0.057,662744000.0,532593000.0,420171000.0,0.55,0.56,0.55,10385107000.0,10256508250.0,10385107000.0,22029006224.0,41.0,33.239,-1974162000.0,-5.357,1.0,3573783000.0,0.305,2754305000.0,112422000.0,62397027000.0,60360352250.0,0.0,27471603000.0,,,41922702000.0,,,8785774224.0,-162215000.0,-46668000.0,-58242000.0,2001510000.0,-92837000.0,1895936000.0,-569533000.0,-50532000.0,-1500667000.0,12049000.0,226686000.0,222623000.0,222623000.0,22830000.0,-19052000.0,0.019,3151191000.0,422592000.0,9750022000.0,0.455,0.846,39.465,43.345,709326000.0,4063000.0,23.84,0.75,0.75,4093964000.0,4461634000.0,11718954000.0,11718954000.0,0.0,0.004,0.022,0.009,0.045,114584000.0,2970206000.0,1.0,368530798.0,368530798.0,,31.799,49973496000.0,1693010000.0,193485000.0,0.0,135.602,
29,JEF,MRT,2014-06-30,2014-06-30,2014-06-30,2021-10-08,561305000.0,51407735000.0,48986400750.0,,,0.23,28.084,-247123000.0,7475242000.0,7475242000.0,8024025000.0,161755000.0,,3.93,20718474000.0,,,20718474000.0,0.0,127604000.0,0.0,0.01,0.25,435483000.0,563087000.0,0.05,563087000.0,435483000.0,335326000.0,0.42,0.43,0.42,10350681000.0,10185569750.0,10350681000.0,21662472474.0,50.0,38.471,-1104485000.0,-2.997,1.0,3223338000.0,0.287,2750110000.0,100157000.0,61900857000.0,58105622500.0,0.0,26043821000.0,,,40679217000.0,,,9663791474.0,633080000.0,-230552000.0,-61522000.0,1307475000.0,-92632000.0,1182251000.0,292779000.0,770233000.0,-857362000.0,15412000.0,174989000.0,170915000.0,170915000.0,40430000.0,-13234000.0,0.015,2869410000.0,353928000.0,8761178000.0,0.595,0.934,56.542,62.429,936923000.0,4074000.0,26.22,0.859,0.859,4407172000.0,4430738000.0,11247363000.0,11247363000.0,0.0,0.003,0.017,0.007,0.039,117644000.0,2687840000.0,1.0,368565655.0,368565655.0,,30.517,48657625000.0,1742268000.0,160337000.0,0.0,132.019,
30,JEF,MRT,2014-03-31,2014-03-31,2014-03-31,2021-10-08,558060000.0,51130014000.0,47679286000.0,,,0.232,27.978,-193328000.0,7392044000.0,7392044000.0,7883263000.0,153841000.0,,3.983,19390725000.0,,,19390725000.0,0.0,131783000.0,0.0,0.009,0.25,390591000.0,522374000.0,0.047,522374000.0,390591000.0,298370000.0,0.39,0.4,0.39,10187783000.0,10103801250.0,10187783000.0,21878932992.0,56.0,41.884,-362470000.0,-0.995,1.0,3187862000.0,0.288,2766547000.0,92221000.0,60362148000.0,56176902750.0,0.0,26558812000.0,,,40576999000.0,,,10195708992.0,450106000.0,-216668000.0,-80585000.0,281930000.0,-91525000.0,-171628000.0,780429000.0,1206847000.0,-169142000.0,10447000.0,162527000.0,158453000.0,158453000.0,38728000.0,-8686000.0,0.014,2875498000.0,312364000.0,8724587000.0,0.641,1.001,64.345,71.795,922637000.0,4074000.0,28.0,0.921,0.921,3884774000.0,4389453000.0,11071125000.0,11071125000.0,0.0,0.003,0.016,0.007,0.035,123687000.0,2692594000.0,1.0,364132464.0,364132464.0,,30.404,48363467000.0,1767181000.0,135843000.0,0.0,132.818,
31,JEF,MRT,2013-12-31,2013-12-31,2013-12-31,2021-10-08,538050000.0,47866781000.0,46734106000.0,,,0.223,27.713,-141729000.0,7524197000.0,7524197000.0,7718481000.0,362193000.0,,3.695,19207421000.0,,,19207421000.0,0.0,138964000.0,0.0,0.009,0.25,594082000.0,733046000.0,0.07,733046000.0,594082000.0,509118000.0,1.07,1.06,1.07,10102462000.0,10067245750.0,10102462000.0,20955114592.0,35.0,28.586,560611000.0,1.538,1.0,2707265000.0,0.26,2768628000.0,84964000.0,56781377000.0,54566744500.0,0.0,24628231000.0,,,37327653000.0,,,10331001592.0,3761635000.0,3038955000.0,-34467000.0,170636000.0,-91335000.0,-270507000.0,3323622000.0,427120000.0,702340000.0,6180000.0,372637000.0,369240000.0,369240000.0,46911000.0,-10444000.0,0.035,2195757000.0,511508000.0,8309945000.0,0.234,1.023,27.979,26.486,885859000.0,3397000.0,28.34,0.991,0.991,3816680000.0,4318840000.0,10425746000.0,10425746000.0,0.0,0.008,0.037,0.011,0.057,87309000.0,2026842000.0,1.0,364537812.0,364537812.0,,28.6,45098153000.0,1809943000.0,136481000.0,0.0,123.713,
32,JEF,MRT,2013-09-30,2013-09-30,2013-09-30,2021-10-08,487152000.0,45541073000.0,37104690250.0,,,0.275,27.718,-109551000.0,7868019000.0,7868019000.0,7612937000.0,824048000.0,,3.473,18492132000.0,,,18492132000.0,0.0,140365000.0,0.0,0.016,0.438,1273329000.0,1413694000.0,0.139,1413694000.0,1273329000.0,1192281000.0,3.1,3.05,3.1,10101353000.0,9233447250.0,10101353000.0,20716133051.0,16.0,14.654,1211508000.0,3.324,1.0,2574899000.0,0.253,2787078000.0,81048000.0,53378108000.0,42576163500.0,0.0,21264833000.0,,,35084837000.0,,,9927023051.0,3637949000.0,3128522000.0,-29120000.0,-651095000.0,-129429000.0,-1129016000.0,3449054000.0,426818000.0,1321059000.0,-3148000.0,817233000.0,814852000.0,814852000.0,57426000.0,6815000.0,0.08,1349736000.0,1225163000.0,7342508000.0,0.141,0.983,12.183,8.787,936174000.0,2381000.0,27.24,0.974,0.974,3840589000.0,4333887000.0,10187836000.0,10187836000.0,0.0,0.022,0.088,0.03,0.125,63945000.0,1211503000.0,1.0,364428159.0,364428159.0,,27.956,42753995000.0,1791643000.0,375048000.0,0.0,117.318,
33,JEF,MRT,2013-06-30,2013-06-30,2013-06-30,2021-10-08,440950000.0,46179276000.0,27904468000.0,,,0.354,27.518,-92836000.0,6609786000.0,6609786000.0,7561107000.0,923999000.0,,3.572,17398896000.0,,,17398896000.0,0.0,145830000.0,0.0,0.014,0.375,1432009000.0,1577839000.0,0.16,1577839000.0,1432009000.0,1347089000.0,3.53,3.47,3.53,10023607000.0,8256094500.0,10023607000.0,18949377821.0,13.0,12.01,936950000.0,2.572,1.0,2311597000.0,0.234,2782408000.0,84920000.0,54185978000.0,31120254250.0,0.0,22449134000.0,,,35807569000.0,,,9550712821.0,3366980000.0,3128175000.0,-22939000.0,-419607000.0,-106337000.0,-891126000.0,3232320000.0,191539000.0,1029786000.0,-4000000.0,919909000.0,918555000.0,918555000.0,44446000.0,4090000.0,0.093,943844000.0,1367753000.0,8921485000.0,0.106,0.953,10.398,7.428,930486000.0,1354000.0,26.22,0.967,0.967,4502543000.0,4354244000.0,9872704000.0,9872704000.0,0.0,0.033,0.111,0.046,0.145,39563000.0,822288000.0,1.0,364252968.0,364252968.0,,27.104,43396868000.0,1839932000.0,427180000.0,0.0,119.139,
34,JEF,MRT,2013-03-31,2013-03-31,2013-03-31,2021-10-08,506870000.0,47349294000.0,18510468500.0,,,0.483,41.056,-73527000.0,6869163000.0,6869163000.0,7487047000.0,677695000.0,,3.646,16267828000.0,,,16267828000.0,0.0,156224000.0,0.0,0.011,0.312,1070523000.0,1226747000.0,0.137,1226747000.0,1070523000.0,985468000.0,2.58,2.52,2.58,10041561000.0,7273263500.0,10041561000.0,8313340389.0,8.0,6.777,451602000.0,1.846,1.0,1455973000.0,0.163,2826444000.0,85055000.0,53921515000.0,19711694500.0,0.0,24087016000.0,,,36606577000.0,,,6708900389.0,2935130000.0,3125783000.0,0.0,-21246000.0,-84142000.0,-144499000.0,2554403000.0,-515513000.0,525129000.0,97000.0,669031000.0,668692000.0,668692000.0,43520000.0,8664000.0,0.075,424731000.0,1031242000.0,8643848000.0,0.121,0.668,10.033,10.632,933073000.0,339000.0,27.43,0.75,0.75,3886446000.0,4324471000.0,8943020000.0,8943020000.0,0.0,0.036,0.092,0.054,0.12,12396000.0,313235000.0,1.0,244582588.0,244582588.0,,36.564,44522850000.0,1822135000.0,316437000.0,0.0,182.036,
35,JEF,MRT,2012-12-31,2012-12-31,2012-12-31,2021-10-08,705129000.0,9349118000.0,8919804250.0,2521266000.0,6827852000.0,1.054,27.669,-71325000.0,145960000.0,145960000.0,7479746000.0,864641000.0,1.969,0.346,1750400000.0,832274000.0,918126000.0,1750400000.0,0.0,170113000.0,0.0,0.011,0.25,1486511000.0,1656624000.0,0.176,1656624000.0,1486511000.0,1393930000.0,3.49,3.44,3.49,6767268000.0,6369793000.0,6767268000.0,6798005769.0,5.0,4.104,574114000.0,2.347,1.0,1924838000.0,0.205,854026000.0,92581000.0,8819053000.0,8476620750.0,0.0,5241638000.0,1672602000.0,3632618000.0,2339834000.0,1280479000.0,1059355000.0,5818619769.0,-22530000.0,105521000.0,0.0,-571902000.0,-61146000.0,-651708000.0,-16619000.0,-60067000.0,645439000.0,358000.0,854466000.0,854466000.0,854466000.0,37924000.0,10175000.0,0.091,478877000.0,1445961000.0,589434000.0,0.072,0.86,6.81,6.817,857360000.0,0.0,23.79,0.619,0.619,6824000.0,4240028000.0,9404584000.0,9404584000.0,0.0,0.096,0.134,0.175,0.158,14459000.0,360586000.0,1.0,244582588.0,244582588.0,,38.452,8495092000.0,1214615000.0,539464000.0,0.0,34.733,1240787000.0
36,JEF,MRT,2012-09-30,2012-09-30,2012-09-30,2021-10-08,518705000.0,8740184000.0,8898322000.0,2139481000.0,6600703000.0,0.654,25.316,-58858000.0,772144000.0,772144000.0,5571430000.0,532865000.0,1.642,0.373,1751530000.0,839698000.0,911832000.0,1751530000.0,0.0,159152000.0,0.0,0.011,0.25,563637000.0,722789000.0,0.124,722789000.0,563637000.0,464873000.0,2.13,2.08,2.13,6191942000.0,6221575000.0,6191942000.0,7159530877.0,13.0,9.905,-375470000.0,-1.535,1.0,246400000.0,0.042,862376000.0,98764000.0,7554471000.0,8687385000.0,354487000.0,3397010000.0,390378000.0,3006632000.0,2310939000.0,1302723000.0,1008216000.0,5564253877.0,465874000.0,-366101000.0,-155000.0,-577525000.0,-61146000.0,-650747000.0,1433344000.0,1845868000.0,-316612000.0,-111000.0,519737000.0,519737000.0,519737000.0,17241000.0,13128000.0,0.089,485412000.0,-239012000.0,412692000.0,0.117,0.899,10.706,10.681,856213000.0,0.0,22.75,0.956,0.956,315030000.0,3847008000.0,5817830000.0,5817830000.0,0.0,0.058,0.084,0.065,0.097,15395000.0,387239000.0,1.0,244582588.0,244582588.0,,23.787,7877808000.0,1570541000.0,-54864000.0,0.0,32.209,836758000.0
37,JEF,MRT,2012-06-30,2012-06-30,2012-06-30,2021-10-08,541721000.0,8603278000.0,8767039500.0,1285641000.0,7317637000.0,0.434,24.909,-50143000.0,186665000.0,186665000.0,3763680000.0,127179000.0,1.618,0.371,1781942000.0,411097000.0,1370845000.0,1781942000.0,0.0,142619000.0,0.0,0.012,0.25,107180000.0,249799000.0,0.066,249799000.0,107180000.0,2010000.0,0.5,0.46,0.5,6092283000.0,6179450000.0,6092283000.0,6864885647.0,64.0,27.482,-545669000.0,-2.231,1.0,36981000.0,0.01,852435000.0,105170000.0,8551739000.0,9089240250.0,340437000.0,3700108000.0,193742000.0,3506366000.0,2261593000.0,794381000.0,1467212000.0,5202271647.0,-352427000.0,-799084000.0,118000.0,-708295000.0,-61146000.0,-778358000.0,921568000.0,1757217000.0,-495526000.0,-111000.0,122041000.0,122041000.0,122041000.0,12167000.0,5138000.0,0.032,424428000.0,-387447000.0,345696000.0,0.5,0.854,42.627,42.54,1013283000.0,0.0,21.27,1.369,1.369,407285000.0,3740334000.0,3800661000.0,3800661000.0,0.0,0.014,0.02,0.012,0.028,16380000.0,343177000.0,1.0,244582588.0,244582588.0,,15.539,7750843000.0,1628488000.0,-120031000.0,0.0,31.69,491260000.0
38,JEF,MRT,2012-03-31,2012-03-31,2012-03-31,2021-10-08,671579000.0,8986637000.0,8914265250.0,1125430000.0,7861207000.0,0.315,26.28,-53109000.0,205291000.0,205291000.0,1986767000.0,501405000.0,1.403,0.362,1867905000.0,442718000.0,1425187000.0,1867905000.0,0.0,122977000.0,0.0,0.01,0.25,774850000.0,897827000.0,0.32,897827000.0,774850000.0,663186000.0,2.07,2.02,2.07,6427679000.0,6356560500.0,6427679000.0,8538298547.0,11.0,9.51,-634792000.0,-2.595,1.0,821294000.0,0.292,865864000.0,111664000.0,8981220000.0,9425273000.0,355736000.0,4261608000.0,125480000.0,4136128000.0,2323732000.0,802167000.0,1521565000.0,6383605547.0,-108641000.0,-1009062000.0,5631000.0,-578859000.0,-61146000.0,-636695000.0,1109848000.0,2147431000.0,-581683000.0,-111000.0,505601000.0,505601000.0,505601000.0,7885000.0,-4196000.0,0.18,395355000.0,425939000.0,315333000.0,0.121,0.993,12.626,12.609,1043313000.0,0.0,26.1,2.273,2.273,332170000.0,3937585000.0,2808061000.0,2808061000.0,0.0,0.057,0.08,0.082,0.276,26147000.0,331442000.0,1.0,244582588.0,244582588.0,,11.481,8120773000.0,1455804000.0,157585000.0,0.0,33.203,323263000.0
39,JEF,MRT,2011-12-31,2011-12-31,2011-12-31,2021-10-08,912421000.0,9263189000.0,8973702250.0,1253479000.0,8009710000.0,0.072,25.245,-38586000.0,168490000.0,168490000.0,215963000.0,24956000.0,1.429,0.461,2321132000.0,446743000.0,1874389000.0,2321132000.0,0.0,96623000.0,0.0,0.011,0.25,199336000.0,295959000.0,0.461,295959000.0,199336000.0,87629000.0,0.1,0.1,0.1,6174396000.0,6475309250.0,6174396000.0,7227982051.0,36.0,24.422,-595357000.0,-2.434,1.0,426668000.0,0.664,876589000.0,111707000.0,9662110000.0,9738571250.0,354578000.0,4368805000.0,150135000.0,4218670000.0,2849019000.0,877132000.0,1971887000.0,5561808051.0,-272850000.0,-1008119000.0,6971000.0,-51442000.0,-61146000.0,-106637000.0,390669000.0,1404955000.0,-556771000.0,-111000.0,25231000.0,25231000.0,25231000.0,7969000.0,-275000.0,0.039,281651000.0,145017000.0,374321000.0,2.5,0.901,220.435,227.4,884109000.0,0.0,22.74,8.655,8.655,339010000.0,3446708000.0,642631000.0,642631000.0,0.0,0.003,0.004,0.02,0.31,23264000.0,244852000.0,1.0,244582588.0,244582588.0,,2.627,8386600000.0,1584886000.0,62398000.0,0.0,34.289,376347000.0
40,JEF,MRT,2011-09-30,2011-09-30,2011-09-30,2021-10-08,824179000.0,8215054000.0,8995479500.0,1419413000.0,6795641000.0,0.19,24.627,-55125000.0,306270000.0,306270000.0,278683000.0,1600931000.0,2.153,0.363,1972444000.0,501150000.0,1471294000.0,1972444000.0,0.0,97845000.0,0.0,0.011,0.25,809563000.0,907408000.0,0.532,907408000.0,809563000.0,695996000.0,6.58,6.45,6.58,6023442000.0,6670899750.0,6023442000.0,7139859096.0,9.0,7.868,353195000.0,1.444,1.0,1427627000.0,0.837,60037000.0,113567000.0,9161892000.0,9875726500.0,0.0,4837152000.0,810972000.0,4026180000.0,2186651000.0,659299000.0,1527352000.0,5547133096.0,-28905000.0,-965483000.0,17784000.0,-109427000.0,-60952000.0,-160659000.0,-276566000.0,564316000.0,408320000.0,0.0,1601016000.0,1601016000.0,1601016000.0,-10853000.0,-85000.0,0.938,385128000.0,1042499000.0,142307000.0,0.038,0.921,3.465,3.447,595112000.0,0.0,22.68,3.251,3.251,171451000.0,3388417000.0,1706310000.0,1706310000.0,0.0,0.178,0.24,0.082,0.474,19279000.0,341254000.0,1.0,244582588.0,244582588.0,,6.976,8155017000.0,1686058000.0,-905020000.0,0.0,33.343,760114000.0
41,JEF,MRT,2011-06-30,2011-06-30,2011-06-30,2021-10-08,1314743000.0,9192181000.0,8768549750.0,1487852000.0,7704329000.0,0.193,27.808,-53025000.0,539092000.0,539092000.0,304176000.0,2182253000.0,1.8,0.351,2131818000.0,660579000.0,1471239000.0,2131818000.0,0.0,101840000.0,0.0,0.007,0.25,1381998000.0,1483838000.0,0.877,1483838000.0,1381998000.0,1264590000.0,8.95,8.81,8.95,6800725000.0,6360887000.0,6800725000.0,10110959451.0,7.0,6.814,437807000.0,1.79,1.0,1388248000.0,0.82,62665000.0,117408000.0,9895870000.0,9653483250.0,0.0,5963092000.0,620868000.0,5342224000.0,2386702000.0,826372000.0,1560330000.0,8339483451.0,290855000.0,-473960000.0,17511000.0,197157000.0,-60952000.0,149299000.0,-349276000.0,3581000.0,490832000.0,0.0,2179793000.0,2179793000.0,2179793000.0,-35873000.0,2460000.0,1.288,417313000.0,970935000.0,144559000.0,0.028,1.226,3.826,3.81,604261000.0,0.0,34.1,4.928,4.928,193429000.0,3679439000.0,1692424000.0,1692424000.0,0.0,0.249,0.343,0.143,0.817,15592000.0,367075000.0,1.0,244559632.0,244559632.0,,6.92,9129516000.0,1261069000.0,-915203000.0,0.0,37.33,661480000.0
42,JEF,MRT,2011-03-31,2011-03-31,2011-03-31,2021-10-08,1622305000.0,9224385000.0,8078179750.0,767672000.0,8456713000.0,0.152,28.312,-41877000.0,313932000.0,313932000.0,306867000.0,1759517000.0,1.066,0.336,2085408000.0,579171000.0,1506237000.0,2085408000.0,0.0,103186000.0,0.0,0.007,0.25,778755000.0,881941000.0,0.718,881941000.0,778755000.0,657694000.0,7.22,7.09,7.22,6902674000.0,5654393750.0,6902674000.0,10803466838.0,14.0,12.25,443661000.0,1.82,1.0,921316000.0,0.75,41098000.0,121061000.0,10234413000.0,9026743500.0,0.0,6420199000.0,231842000.0,6188357000.0,2316274000.0,720350000.0,1595924000.0,9152557838.0,94949000.0,-265926000.0,12356000.0,177792000.0,-60952000.0,124741000.0,-515330000.0,-368155000.0,485538000.0,0.0,1758340000.0,1758340000.0,1758340000.0,-42717000.0,1177000.0,1.432,385625000.0,535691000.0,126286000.0,0.035,1.326,5.205,5.199,570623000.0,0.0,37.54,7.452,7.452,116138000.0,3493130000.0,1228183000.0,1228183000.0,0.0,0.218,0.311,0.086,0.634,3066000.0,334124000.0,1.0,243808147.0,243808147.0,,5.037,9183287000.0,1193623000.0,-1100646000.0,0.0,37.666,47322000.0
43,JEF,MRT,2010-12-31,2010-12-31,2010-12-31,2021-10-08,1687363000.0,9350298000.0,7519099000.0,985590000.0,8364708000.0,0.16,28.591,-44344000.0,441340000.0,441340000.0,307378000.0,1940236000.0,1.318,0.343,2092249000.0,543780000.0,1548469000.0,2092249000.0,0.0,105854000.0,0.0,0.009,0.25,925919000.0,1031773000.0,0.857,1031773000.0,925919000.0,802344000.0,7.97,7.85,7.97,6956758000.0,5070703250.0,6956758000.0,8930355936.0,10.0,8.655,386922000.0,1.59,1.0,896066000.0,0.745,42636000.0,123575000.0,10210731000.0,8478071000.0,58280000.0,6371394000.0,264572000.0,6106822000.0,2386917000.0,747840000.0,1639077000.0,7100001936.0,287212000.0,-274611000.0,11277000.0,116696000.0,-60952000.0,64664000.0,-208718000.0,-38141000.0,431266000.0,0.0,1939312000.0,1939312000.0,1939312000.0,-39562000.0,924000.0,1.611,389551000.0,506515000.0,176592000.0,0.031,1.021,3.661,3.661,587371000.0,0.0,29.18,5.9,5.9,150328000.0,3482623000.0,1203444000.0,1203444000.0,0.0,0.258,0.382,0.109,0.769,4071000.0,336323000.0,1.0,243317407.0,243317407.0,,4.946,9307662000.0,1175558000.0,-1136968000.0,0.0,38.253,237750000.0
44,JEF,MRT,2010-09-30,2010-09-30,2010-09-30,2021-10-08,1158674000.0,7307335000.0,6872115500.0,683777000.0,6623558000.0,0.135,19.659,-23674000.0,323284000.0,323284000.0,384888000.0,153361000.0,0.833,0.526,2153638000.0,545262000.0,1608376000.0,2153638000.0,0.0,102981000.0,0.0,0.0,0.0,291253000.0,394234000.0,0.425,394234000.0,291253000.0,165360000.0,0.62,0.62,0.62,4783391000.0,4421925500.0,4783391000.0,7504731153.0,26.0,19.036,10342000.0,0.043,1.0,542270000.0,0.585,44272000.0,125893000.0,8272919000.0,7906902000.0,0.0,5513550000.0,110166000.0,5403384000.0,2517836000.0,820498000.0,1697338000.0,5747157153.0,102523000.0,-281491000.0,1011000.0,175760000.0,0.0,173943000.0,-105436000.0,178779000.0,34016000.0,0.0,153155000.0,153155000.0,153155000.0,-25714000.0,206000.0,0.165,343542000.0,198728000.0,153291000.0,0.0,1.201,37.525,38.097,601518000.0,0.0,23.62,6.199,6.199,110156000.0,1848353000.0,927158000.0,927158000.0,0.0,0.022,0.035,0.037,0.314,6201000.0,268357000.0,1.0,243317407.0,243317407.0,,3.81,7263063000.0,0.0,12205000.0,0.0,29.85,-136721000.0
45,JEF,MRT,2010-06-30,2010-06-30,2010-06-30,2021-10-08,638481000.0,6430701000.0,6700638000.0,764516000.0,5666185000.0,0.132,16.336,-22798000.0,248237000.0,248237000.0,357307000.0,232971000.0,1.048,0.615,2005811000.0,380725000.0,1625086000.0,2005811000.0,90634000.0,96437000.0,0.0,0.0,0.0,371584000.0,468021000.0,0.529,468021000.0,371584000.0,245605000.0,0.96,0.95,0.96,3974752000.0,4288723500.0,3974752000.0,6509731125.0,18.0,13.909,-151584000.0,-0.623,1.0,527417000.0,0.596,69632000.0,125979000.0,7388911000.0,7766997250.0,0.0,4496619000.0,111075000.0,4385544000.0,2445827000.0,729732000.0,1716095000.0,4747020125.0,92073000.0,-319012000.0,1402000.0,54079000.0,0.0,52305000.0,168554000.0,488858000.0,-128786000.0,0.0,235599000.0,235599000.0,235599000.0,-26637000.0,-2628000.0,0.266,306920000.0,220497000.0,220438000.0,0.0,1.194,20.149,20.323,687216000.0,0.0,19.51,5.366,5.366,284836000.0,1560598000.0,884724000.0,884724000.0,0.0,0.035,0.055,0.048,0.42,8267000.0,237337000.0,1.0,243312154.0,243312154.0,,3.636,6361069000.0,0.0,10006000.0,0.0,26.144,34784000.0
46,JEF,MRT,2010-03-31,2010-03-31,2010-03-31,2021-10-08,997543000.0,6988062000.0,6606365000.0,662024000.0,6326038000.0,0.133,18.776,-23900000.0,218983000.0,218983000.0,413958000.0,880233000.0,1.037,0.527,1981694000.0,324266000.0,1657428000.0,1981694000.0,81123000.0,92590000.0,0.0,0.0,0.0,1043107000.0,1135697000.0,1.291,1135697000.0,1043107000.0,916234000.0,3.63,3.59,3.63,4567912000.0,4216616500.0,4567912000.0,7852222101.0,8.0,6.914,-163500000.0,-0.672,1.0,465889000.0,0.53,72379000.0,126873000.0,8039723000.0,7719712500.0,0.0,5127585000.0,99174000.0,5028411000.0,2408538000.0,638671000.0,1769867000.0,6035979101.0,14298000.0,-298341000.0,1219000.0,-5070000.0,0.0,-8157000.0,162055000.0,453041000.0,-139600000.0,0.0,881766000.0,881766000.0,881766000.0,-16623000.0,-1533000.0,1.002,429066000.0,36823000.0,201011000.0,0.0,1.321,6.845,6.835,701104000.0,0.0,24.81,6.86,6.86,234344000.0,1795742000.0,879847000.0,879847000.0,0.0,0.133,0.209,0.135,1.186,10366000.0,363868000.0,1.0,243288154.0,243288154.0,,3.616,6915683000.0,0.0,34468000.0,0.0,28.426,23353000.0
47,JEF,MRT,2009-12-31,2009-12-31,2009-12-31,2021-10-08,985032000.0,6762364000.0,6137550000.0,551474000.0,6210890000.0,0.094,17.94,-23566000.0,130475000.0,130475000.0,285249000.0,548595000.0,0.882,0.547,1970371000.0,312592000.0,1657779000.0,1970371000.0,0.0,86377000.0,0.0,0.0,0.0,686142000.0,772519000.0,1.343,772519000.0,686142000.0,557388000.0,2.28,2.25,2.28,4361647000.0,3735960750.0,4361647000.0,7527109744.0,11.0,9.744,-156964000.0,-0.646,1.0,289959000.0,0.504,51224000.0,128754000.0,7926055000.0,7298955000.0,0.0,4977830000.0,84707000.0,4893123000.0,2387867000.0,624981000.0,1762886000.0,5784066744.0,-83375000.0,-285405000.0,958000.0,-18834000.0,0.0,-21948000.0,71971000.0,354159000.0,-133398000.0,0.0,550280000.0,550280000.0,550280000.0,-16621000.0,-1685000.0,0.957,402359000.0,-112400000.0,144483000.0,0.0,1.326,10.511,10.434,657898000.0,0.0,23.79,10.056,10.056,163863000.0,1604263000.0,575208000.0,575208000.0,0.0,0.09,0.147,0.094,1.193,11091000.0,345564000.0,1.0,243130170.0,243130170.0,,2.366,6711140000.0,0.0,7108000.0,0.0,27.603,-73507000.0
48,JEF,MRT,2009-09-30,2009-09-30,2009-09-30,2021-10-08,791354000.0,6621425000.0,5746582250.0,817246000.0,5804179000.0,0.044,17.442,-26923000.0,232652000.0,232652000.0,196989000.0,-2076566000.0,1.427,0.554,1975695000.0,310266000.0,1665429000.0,1975695000.0,74340000.0,83484000.0,0.0,0.0,0.0,34882000.0,118366000.0,0.465,118366000.0,34882000.0,-98335000.0,-9.16,-9.18,-9.16,4250583000.0,3314748250.0,4250583000.0,7819121592.0,224.0,66.059,-99929000.0,-0.41,1.0,57629000.0,0.226,78561000.0,133217000.0,7713300000.0,6916111750.0,0.0,4954829000.0,277380000.0,4677449000.0,2354612000.0,572607000.0,1782005000.0,6024156592.0,70579000.0,-24737000.0,566000.0,-35933000.0,0.0,-39940000.0,183372000.0,225193000.0,-73006000.0,153000.0,-2074626000.0,-2074626000.0,-2074626000.0,-74481000.0,-1940000.0,-8.148,408567000.0,-350938000.0,176392000.0,0.0,1.417,-2.904,-2.699,512557000.0,0.0,24.72,23.66,23.66,208363000.0,1695198000.0,254618000.0,254618000.0,0.0,-0.361,-0.626,0.005,0.137,11838000.0,355139000.0,1.0,243695655.0,243695655.0,,1.045,6542864000.0,0.0,1976291000.0,0.0,26.849,244639000.0
49,JEF,MRT,2009-06-30,2009-06-30,2009-06-30,2021-10-08,586319000.0,6053609000.0,6193518250.0,745386000.0,5308223000.0,0.059,15.456,-50863000.0,156164000.0,156164000.0,315547000.0,-2356798000.0,1.313,0.637,1951129000.0,276184000.0,1674945000.0,1951129000.0,96556000.0,81356000.0,0.0,0.0,0.0,-280372000.0,-199016000.0,-0.549,-199016000.0,-280372000.0,-419166000.0,-10.3,-10.31,-10.3,3686324000.0,3709115500.0,3686324000.0,6898669337.0,-25.0,-34.664,-114851000.0,-0.482,1.0,47256000.0,0.13,81042000.0,138794000.0,7199772000.0,7473842750.0,0.0,4467450000.0,379851000.0,4087599000.0,2349477000.0,567760000.0,1781717000.0,5030030337.0,-80486000.0,6634000.0,1469000.0,-52486000.0,0.0,-54203000.0,37721000.0,94696000.0,-63988000.0,-16000.0,-2355363000.0,-2355363000.0,-2355363000.0,-46075000.0,-1435000.0,-6.492,430457000.0,-383201000.0,183561000.0,0.0,1.365,-2.136,-2.048,518847000.0,0.0,21.09,13.864,13.864,163813000.0,1324999000.0,362803000.0,362803000.0,0.0,-0.38,-0.635,-0.038,-0.773,12617000.0,376478000.0,1.0,238503098.0,238503098.0,,1.521,5972567000.0,7583000.0,1936197000.0,0.0,25.042,177626000.0
50,JEF,MRT,2009-03-31,2009-03-31,2009-03-31,2021-10-08,78398000.0,5112802000.0,7097269750.0,777885000.0,4334917000.0,0.059,11.091,-71204000.0,204685000.0,204685000.0,352701000.0,-2580956000.0,1.437,0.925,2073324000.0,273104000.0,1800220000.0,2073324000.0,95649000.0,77019000.0,0.0,0.0,0.0,-777296000.0,-700277000.0,-1.683,-700277000.0,-777296000.0,-920249000.0,-11.19,-11.22,-11.19,2645289000.0,4538838250.0,2645289000.0,5395197124.0,-7.0,-7.704,-82240000.0,-0.345,1.0,63333000.0,0.152,83345000.0,142953000.0,6356693000.0,8432918000.0,0.0,3356686000.0,294330000.0,3062356000.0,2448157000.0,541403000.0,1906754000.0,3551244124.0,-53407000.0,-410513000.0,105586000.0,11534000.0,0.0,118744000.0,-161052000.0,383023000.0,-11036000.0,-63000.0,-2579608000.0,-2579608000.0,-2579608000.0,-46075000.0,-1348000.0,-6.2,343283000.0,-279950000.0,161560000.0,0.0,1.342,-1.377,-1.331,524870000.0,0.0,14.89,8.536,8.536,172172000.0,913976000.0,416034000.0,416034000.0,0.0,-0.363,-0.568,-0.092,-1.868,10795000.0,291270000.0,1.0,238498598.0,238498598.0,,1.744,5029457000.0,39234000.0,1659359000.0,0.0,21.088,236482000.0
51,JEF,MRT,2008-12-31,2008-12-31,2008-12-31,2021-10-08,-29280000.0,5198493000.0,7801555750.0,866638000.0,4331855000.0,0.063,11.494,-76066000.0,237503000.0,237503000.0,389187000.0,-2536812000.0,1.54,0.935,2081456000.0,248713000.0,1832743000.0,2081456000.0,98453000.0,72283000.0,0.0,0.0,0.0,-717764000.0,-645481000.0,-1.316,-645481000.0,-717764000.0,-863112000.0,-11.0,-11.0,-11.0,2676797000.0,5214391000.0,2676797000.0,6670024363.0,-9.0,-10.333,-67320000.0,-0.289,1.0,101353000.0,0.207,84848000.0,145348000.0,6394682000.0,9173233250.0,0.0,3401050000.0,366464000.0,3034586000.0,2503102000.0,562916000.0,1940186000.0,4611156363.0,-219467000.0,-793066000.0,106202000.0,60563000.0,0.0,174818000.0,-403031000.0,545713000.0,8746000.0,0.0,-2535425000.0,-2535425000.0,-2535425000.0,-46075000.0,-1387000.0,-5.169,327511000.0,-226158000.0,205870000.0,0.0,1.723,-1.819,-1.8,534640000.0,0.0,19.8,9.4,9.4,156119000.0,1053983000.0,490540000.0,490540000.0,0.0,-0.325,-0.486,-0.078,-1.463,10355000.0,279329000.0,1.0,232886685.0,232886685.0,,2.106,5113645000.0,40235000.0,1672313000.0,0.0,21.958,303722000.0
52,JEF,MRT,2008-09-30,2008-09-30,2008-09-30,2021-10-08,538741000.0,8409169000.0,8533588000.0,901285000.0,7507884000.0,0.14,25.03,-77490000.0,162073000.0,162073000.0,790854000.0,621896000.0,2.005,0.439,2220941000.0,175562000.0,2045379000.0,2220941000.0,72118000.0,66645000.0,0.0,0.006,0.25,-92354000.0,-25709000.0,-0.021,-25709000.0,-92354000.0,-238377000.0,2.8,2.62,2.8,5828052000.0,5937814750.0,5828052000.0,12555284936.0,-136.0,-488.361,-130521000.0,-0.561,1.0,405722000.0,0.339,74370000.0,146023000.0,9944224000.0,9891249250.0,0.0,5033366000.0,334735000.0,4698631000.0,2559701000.0,449443000.0,2110258000.0,10580194936.0,-533059000.0,-777037000.0,109365000.0,50629000.0,-55644000.0,114736000.0,-594630000.0,384293000.0,-53031000.0,-134000.0,626149000.0,626149000.0,626149000.0,-1321000.0,-4253000.0,0.523,398164000.0,7558000.0,190834000.0,0.089,1.815,16.897,16.229,527233000.0,0.0,45.44,8.842,8.842,202783000.0,3769824000.0,1196576000.0,1196576000.0,0.0,0.073,0.105,-0.009,-0.077,8362000.0,346276000.0,1.0,232838797.0,232838797.0,,5.139,8334799000.0,1571012000.0,-864526000.0,0.0,35.796,451842000.0
53,JEF,MRT,2008-06-30,2008-06-30,2008-06-30,2021-10-08,1809292000.0,9668615000.0,8260685500.0,796305000.0,8872310000.0,0.154,30.103,-61924000.0,236650000.0,236650000.0,797277000.0,536436000.0,1.499,0.377,2211740000.0,164381000.0,2047359000.0,2211740000.0,98904000.0,60172000.0,0.0,0.005,0.25,-152425000.0,-92253000.0,-0.072,-92253000.0,-152425000.0,-289375000.0,2.44,2.27,2.44,7005215000.0,5665652500.0,7005215000.0,12847985196.0,-84.0,-139.269,-128844000.0,-0.554,1.0,478832000.0,0.375,76251000.0,136950000.0,11036073000.0,9466548500.0,0.0,6962569000.0,255433000.0,6707136000.0,2643481000.0,531381000.0,2112100000.0,10923260196.0,-230685000.0,-1111293000.0,353765000.0,493258000.0,-55644000.0,803196000.0,-967000000.0,332395000.0,-66920000.0,39000.0,540575000.0,540575000.0,540575000.0,-3122000.0,-4139000.0,0.424,387558000.0,91274000.0,256800000.0,0.102,1.559,20.207,19.238,514037000.0,0.0,46.94,8.56,8.56,133633000.0,3680362000.0,1276109000.0,1276109000.0,0.0,0.065,0.095,-0.016,-0.119,5127000.0,340262000.0,1.0,232706864.0,232706864.0,,5.484,9592364000.0,945830000.0,-829950000.0,0.0,41.221,264924000.0
54,JEF,MRT,2008-03-31,2008-03-31,2008-03-31,2021-10-08,844918000.0,7929946000.0,7437370000.0,935065000.0,6994881000.0,0.172,24.026,-39417000.0,258092000.0,258092000.0,784121000.0,375909000.0,2.036,0.479,2182817000.0,153689000.0,2029128000.0,2182817000.0,87628000.0,51550000.0,0.0,0.006,0.25,-60050000.0,-8500000.0,-0.007,-8500000.0,-60050000.0,-187293000.0,1.75,1.63,1.75,5347500000.0,4973282250.0,5347500000.0,11744464007.0,-196.0,-1381.702,-130175000.0,-0.585,1.0,498438000.0,0.389,77557000.0,127243000.0,9317954000.0,8456693750.0,0.0,4975041000.0,367819000.0,4607222000.0,2561082000.0,459160000.0,2101922000.0,10064884007.0,-442346000.0,-1207858000.0,250054000.0,494498000.0,-55644000.0,696919000.0,-1048599000.0,295835000.0,-90758000.0,92000.0,380096000.0,380096000.0,380096000.0,-3106000.0,-4187000.0,0.296,363189000.0,135249000.0,206323000.0,0.143,1.882,26.48,25.84,502668000.0,0.0,45.22,7.848,7.848,145330000.0,3493584000.0,1282559000.0,1282559000.0,0.0,0.051,0.076,-0.007,-0.047,6623000.0,322685000.0,1.0,222575940.0,222575940.0,,5.762,7852389000.0,1216660000.0,-567389000.0,0.0,35.28,475905000.0
55,JEF,MRT,2007-12-31,2007-12-31,2007-12-31,2021-10-08,975365000.0,8126622000.0,6960975500.0,1720133000.0,6406489000.0,0.166,25.036,-37700000.0,456970000.0,456970000.0,687520000.0,480272000.0,3.74,0.455,2136550000.0,132405000.0,2004145000.0,2136550000.0,86993000.0,42443000.0,0.0,0.005,0.25,36060000.0,78503000.0,0.068,78503000.0,36060000.0,-75477000.0,2.22,2.1,2.22,5570492000.0,4641265000.0,5570492000.0,11965276651.0,332.0,152.418,-56069000.0,-0.252,1.0,467375000.0,0.405,79506000.0,111537000.0,9266746000.0,7756019250.0,0.0,5122633000.0,983199000.0,4139434000.0,2535156000.0,459950000.0,2075206000.0,10479565651.0,169771000.0,-1070909000.0,253278000.0,942343000.0,-55644000.0,1145460000.0,-957359000.0,233868000.0,-18369000.0,39000.0,484294000.0,484294000.0,484294000.0,-3619000.0,-4022000.0,0.419,351089000.0,116286000.0,229560000.0,0.113,1.881,21.639,21.216,512804000.0,0.0,47.1,9.074,9.074,150153000.0,3589408000.0,1154895000.0,1154895000.0,0.0,0.07,0.104,0.005,0.031,7154000.0,315851000.0,1.0,222496086.0,222496086.0,,5.191,8047116000.0,1113925000.0,-559771000.0,0.0,36.167,1260183000.0
56,JEF,MRT,2007-09-30,2007-09-30,2007-09-30,2021-10-08,541312000.0,7317559000.0,6255276000.0,1874651000.0,5442908000.0,0.168,21.878,-34715000.0,695132000.0,695132000.0,591107000.0,49770000.0,3.91,0.54,2180843000.0,192116000.0,1988727000.0,2180843000.0,76663000.0,33944000.0,0.0,0.005,0.25,142317000.0,176261000.0,0.168,176261000.0,142317000.0,49611000.0,0.24,0.23,0.24,4739403000.0,4221960750.0,4739403000.0,11679340216.0,82.0,66.262,-16934000.0,-0.078,1.0,457626000.0,0.436,78434000.0,92706000.0,8245421000.0,6886831750.0,0.0,4474795000.0,877317000.0,3597478000.0,2557319000.0,479415000.0,2077904000.0,10446051216.0,394113000.0,-1056489000.0,250395000.0,978049000.0,-54085000.0,1186621000.0,-810373000.0,329424000.0,17781000.0,84000.0,49770000.0,49770000.0,49770000.0,-6442000.0,0.0,0.047,320687000.0,136939000.0,201490000.0,1.042,2.204,209.887,200.917,514512000.0,0.0,48.22,9.961,9.961,122906000.0,3199319000.0,1048733000.0,1048733000.0,0.0,0.008,0.012,0.021,0.136,8286000.0,291719000.0,1.0,216633165.0,216633165.0,,4.841,7239125000.0,741519000.0,-159000.0,0.0,33.417,1395236000.0
57,JEF,MRT,2007-06-30,2007-06-30,2007-06-30,2021-10-08,291980000.0,6375353000.0,5731994500.0,1493435000.0,4881918000.0,0.155,19.557,-13597000.0,467335000.0,467335000.0,483040000.0,106359000.0,2.738,0.5,1700624000.0,221087000.0,1479537000.0,1700624000.0,107665000.0,28383000.0,0.0,0.007,0.25,189274000.0,217657000.0,0.245,217657000.0,189274000.0,101668000.0,0.5,0.48,0.5,4235734000.0,3993262750.0,4235734000.0,8600349104.0,45.0,39.513,50777000.0,0.234,1.0,404787000.0,0.456,66584000.0,87606000.0,6996654000.0,6249616000.0,0.0,3919642000.0,716530000.0,3203112000.0,2117782000.0,545404000.0,1572378000.0,7634559104.0,110393000.0,-1127698000.0,6582000.0,454197000.0,-54085000.0,422369000.0,-376421000.0,740419000.0,64374000.0,71000.0,106359000.0,106359000.0,106359000.0,-61378000.0,0.0,0.12,296937000.0,107850000.0,204585000.0,0.5,1.802,71.781,70.5,263191000.0,0.0,35.25,8.599,8.599,138340000.0,3195431000.0,887827000.0,887827000.0,0.0,0.019,0.027,0.03,0.213,10833000.0,272285000.0,1.0,216583237.0,216583237.0,,4.099,6308769000.0,891254000.0,-4691000.0,963000.0,29.129,948031000.0
58,JEF,MRT,2007-03-31,2007-03-31,2007-03-31,2021-10-08,105380000.0,6024368000.0,5524111500.0,1556997000.0,4467371000.0,0.139,18.578,-40701000.0,700438000.0,700438000.0,396307000.0,117080000.0,3.784,0.493,1666228000.0,190385000.0,1475843000.0,1666228000.0,61876000.0,25727000.0,0.0,0.008,0.25,194758000.0,220485000.0,0.287,220485000.0,194758000.0,112440000.0,0.55,0.53,0.55,4019431000.0,3882270000.0,4019431000.0,7237322130.0,37.0,32.825,-11577000.0,-0.054,1.0,371942000.0,0.484,63453000.0,82318000.0,6515256000.0,5949874250.0,0.0,3295311000.0,600990000.0,2694321000.0,1981072000.0,411449000.0,1569623000.0,6365060130.0,280692000.0,-886663000.0,6411000.0,482501000.0,-54085000.0,451525000.0,-200059000.0,745561000.0,29124000.0,102000.0,117080000.0,117080000.0,117080000.0,-62039000.0,0.0,0.152,276139000.0,95803000.0,149303000.0,0.455,1.584,54.365,53.491,234523000.0,0.0,29.42,8.285,8.285,133780000.0,3169132000.0,768249000.0,768249000.0,0.0,0.021,0.03,0.033,0.254,17388000.0,252768000.0,1.0,216351466.0,216351466.0,,3.551,5960915000.0,1024221000.0,-4640000.0,49000.0,27.552,1145548000.0
59,JEF,MRT,2006-12-31,2006-12-31,2006-12-31,2021-10-08,-4726000.0,5303824000.0,5362729750.0,1366209000.0,3937615000.0,0.161,17.997,-39021000.0,287199000.0,287199000.0,386466000.0,189399000.0,4.182,0.357,1159461000.0,184815000.0,974646000.0,1159461000.0,0.0,24000000.0,0.0,0.009,0.25,310562000.0,334562000.0,0.388,334562000.0,310562000.0,231170000.0,0.88,0.85,0.88,3893275000.0,3817643500.0,3893275000.0,6937925264.0,22.0,20.737,52501000.0,0.243,1.0,476206000.0,0.552,59437000.0,79392000.0,5789996000.0,5716234500.0,0.0,3142832000.0,903973000.0,2238859000.0,1391567000.0,326653000.0,1064914000.0,6100490264.0,-99758000.0,-701391000.0,3651000.0,30453000.0,-54085000.0,-5212000.0,-186176000.0,419608000.0,91522000.0,108000.0,189399000.0,189399000.0,189399000.0,-59630000.0,0.0,0.22,262994000.0,213212000.0,127739000.0,0.284,1.567,32.21,32.045,234216000.0,0.0,28.2,7.072,7.072,94821000.0,3160758000.0,862672000.0,862672000.0,0.0,0.035,0.05,0.054,0.36,14708000.0,240889000.0,1.0,216329442.0,216329442.0,,3.988,5244387000.0,978415000.0,41771000.0,8411000.0,24.243,1039556000.0
60,JEF,MRT,2006-09-30,2006-09-30,2006-09-30,2021-10-08,-113132000.0,5224433000.0,5351994750.0,1554333000.0,3670100000.0,0.17,17.683,-60360000.0,319281000.0,319281000.0,383009000.0,436393000.0,5.113,0.362,1156716000.0,184079000.0,972637000.0,1156716000.0,0.0,63225000.0,0.0,0.005,0.125,563859000.0,627084000.0,0.691,627084000.0,563859000.0,486035000.0,2.01,1.93,2.01,3824611000.0,3759803250.0,3824611000.0,6607159357.0,12.0,10.536,111106000.0,0.514,1.0,524529000.0,0.578,61293000.0,77824000.0,5696558000.0,5637943000.0,0.0,2962341000.0,980144000.0,1982197000.0,1386309000.0,304017000.0,1082292000.0,5660242357.0,-266857000.0,-328982000.0,5309000.0,-378697000.0,-27008000.0,-392992000.0,-45221000.0,203552000.0,171466000.0,-110000.0,436393000.0,436393000.0,436393000.0,-335248000.0,0.0,0.481,263159000.0,261370000.0,103327000.0,0.062,1.48,12.971,13.02,236095000.0,0.0,26.17,6.237,6.237,129806000.0,3203634000.0,907538000.0,907538000.0,0.0,0.082,0.116,0.1,0.621,12014000.0,242577000.0,1.0,216287442.0,216287442.0,,4.196,5163140000.0,972876000.0,49642000.0,10978000.0,23.872,1250316000.0
61,JEF,MRT,2006-06-30,2006-06-30,2006-06-30,2021-10-08,-80416000.0,5543821000.0,5561341000.0,2090368000.0,3453453000.0,0.177,17.539,-110418000.0,490330000.0,490330000.0,389119000.0,480030000.0,3.493,0.458,1437247000.0,410668000.0,1026579000.0,1437247000.0,0.0,101955000.0,0.0,0.004,0.125,584680000.0,686635000.0,0.697,686635000.0,584680000.0,513496000.0,2.21,2.13,2.21,3791763000.0,3689327750.0,3791763000.0,7095018916.0,12.0,10.333,114838000.0,0.531,1.0,596451000.0,0.605,94649000.0,71184000.0,5797687000.0,5770492000.0,0.0,2925005000.0,1306672000.0,1618333000.0,1735405000.0,598402000.0,1137003000.0,6310501916.0,-160587000.0,32993000.0,3625000.0,-264241000.0,-27008000.0,-303971000.0,-83898000.0,-84242000.0,225256000.0,2026000.0,480030000.0,480030000.0,480030000.0,-337411000.0,0.0,0.487,248819000.0,347632000.0,156741000.0,0.057,1.664,13.146,13.208,405928000.0,0.0,29.19,6.403,6.403,306188000.0,3143157000.0,985570000.0,985570000.0,0.0,0.086,0.13,0.101,0.593,9166000.0,229796000.0,1.0,216187116.0,216187116.0,,4.559,5449172000.0,1009645000.0,33466000.0,16348000.0,25.206,1491966000.0
62,JEF,MRT,2006-03-31,2006-03-31,2006-03-31,2021-10-08,-64808000.0,5378841000.0,5680006750.0,2538927000.0,2839914000.0,0.169,17.4,-108394000.0,419746000.0,419746000.0,384106000.0,1714121000.0,5.076,0.426,1204263000.0,218259000.0,986004000.0,1204263000.0,0.0,145945000.0,0.0,0.004,0.125,691299000.0,837244000.0,0.873,837244000.0,691299000.0,625234000.0,7.94,7.48,7.94,3760925000.0,3614666000.0,3760925000.0,7223030827.0,10.0,8.627,239888000.0,1.11,1.0,574623000.0,0.599,82508000.0,66065000.0,5580697000.0,5886382750.0,0.0,2940819000.0,1683688000.0,1257131000.0,1602745000.0,500153000.0,1102592000.0,6447605827.0,-273857000.0,229811000.0,4380000.0,-352880000.0,-27008000.0,-397482000.0,-224718000.0,-481739000.0,348282000.0,61000.0,1714121000.0,1714121000.0,1714121000.0,-403468000.0,0.0,1.788,244240000.0,330383000.0,238674000.0,0.016,1.714,3.761,3.757,254520000.0,0.0,29.83,6.725,6.725,314592000.0,3106137000.0,958729000.0,958729000.0,0.0,0.302,0.474,0.117,0.721,150000.0,223476000.0,1.0,216145016.0,216145016.0,,4.436,5296333000.0,1031286000.0,-1088887000.0,20855000.0,24.504,2038774000.0
63,JEF,MRT,2005-12-31,2005-12-31,2005-12-31,2021-10-08,-81502000.0,5260884000.0,5524611750.0,2228615000.0,3032269000.0,0.125,16.94,-136260000.0,386957000.0,386957000.0,281451000.0,1636041000.0,4.698,0.432,1162382000.0,175664000.0,986718000.0,1162382000.0,0.0,189496000.0,0.0,0.005,0.125,570526000.0,760022000.0,1.102,760022000.0,570526000.0,505003000.0,7.59,7.14,7.59,3661914000.0,3234638500.0,3661914000.0,6127433024.0,11.0,8.062,184850000.0,0.855,1.0,408432000.0,0.592,85083000.0,65523000.0,5476830000.0,5733964000.0,0.0,2676362000.0,1323562000.0,1352800000.0,1583007000.0,474396000.0,1108611000.0,5129680024.0,-99991000.0,256756000.0,3522000.0,-394607000.0,-27008000.0,-442658000.0,22591000.0,-105574000.0,321110000.0,-1034000.0,1636041000.0,1636041000.0,1636041000.0,-415701000.0,0.0,2.371,208474000.0,199958000.0,230636000.0,0.016,1.401,3.135,3.126,237021000.0,0.0,23.73,7.436,7.436,399963000.0,3025444000.0,689883000.0,689883000.0,0.0,0.296,0.506,0.099,0.827,0.0,190404000.0,1.0,216168564.0,216168564.0,,3.191,5175801000.0,1094017000.0,-1131038000.0,15171000.0,23.943,1754219000.0
64,JEF,MRT,2005-09-30,2005-09-30,2005-09-30,2021-10-08,27913000.0,6061818000.0,5409491500.0,2197364000.0,3864454000.0,-0.142,16.449,-164273000.0,567876000.0,567876000.0,-731648000.0,1426751000.0,2.933,0.708,1565629000.0,185410000.0,1380219000.0,1565629000.0,248299000.0,196907000.0,0.0,0.006,0.125,311720000.0,508627000.0,-0.664,508627000.0,311720000.0,273522000.0,6.615,6.22,6.615,3542709000.0,2883823250.0,3542709000.0,5647417412.0,18.0,11.103,77464000.0,0.36,1.0,-34501000.0,0.045,83698000.0,38198000.0,6226754000.0,5613326000.0,0.0,2218116000.0,992027000.0,1226089000.0,2506661000.0,749119000.0,1757542000.0,4641248412.0,86599000.0,-49810000.0,7885000.0,-4388000.0,-26901000.0,-60212000.0,-94458000.0,88013000.0,241737000.0,-468000.0,1426751000.0,1426751000.0,1426751000.0,-79773000.0,0.0,-1.862,-202220000.0,167719000.0,413110000.0,0.019,1.31,3.253,3.258,1238674000.0,0.0,21.55,-6.058,-6.058,483056000.0,2794249000.0,-766149000.0,-766149000.0,0.0,0.264,0.495,0.056,-0.407,0.0,-60611000.0,1.0,215371156.0,215371156.0,,-3.557,5978120000.0,1097351000.0,-1153229000.0,16039000.0,27.757,1448245000.0
65,JEF,MRT,2005-06-30,2005-06-30,2005-06-30,2021-10-08,95490000.0,6018484000.0,5077817500.0,2038440000.0,3980044000.0,-0.075,16.228,-137956000.0,517529000.0,517529000.0,-486394000.0,1397201000.0,3.036,0.719,1523698000.0,63253000.0,1460445000.0,1523698000.0,222766000.0,209033000.0,15901000.0,0.006,0.125,319704000.0,528737000.0,-1.388,528737000.0,319704000.0,270835000.0,6.485,6.085,6.485,3493116000.0,2551150000.0,3493116000.0,5015775736.0,16.0,9.486,16689000.0,0.078,1.0,105563000.0,-0.277,92025000.0,48869000.0,6261250000.0,5350099250.0,0.0,2201269000.0,961855000.0,1239414000.0,2510013000.0,671378000.0,1838635000.0,4157585736.0,-45492000.0,-77000000.0,21581000.0,-115679000.0,-26901000.0,-167257000.0,-30296000.0,59278000.0,154645000.0,-2584000.0,1397201000.0,1397201000.0,1397201000.0,-20540000.0,0.0,-3.669,-66761000.0,172324000.0,399570000.0,0.019,1.19,2.976,2.978,1363587000.0,0.0,19.315,-10.917,-10.917,398468000.0,2690135000.0,-380831000.0,-380831000.0,0.0,0.275,0.548,0.06,-0.839,0.0,24030000.0,1.0,215251656.0,215251656.0,,-1.769,5926459000.0,1080114000.0,-1126366000.0,18396000.0,27.533,1367062000.0
66,JEF,MRT,2005-03-31,2005-03-31,2005-03-31,2021-10-08,115465000.0,4757261000.0,4765370000.0,2046945000.0,2710316000.0,-0.002,10.411,-137768000.0,693603000.0,693603000.0,-232031000.0,160065000.0,3.176,1.115,1551793000.0,71284000.0,1480509000.0,1551793000.0,214181000.0,219022000.0,21934000.0,0.007,0.125,196939000.0,415961000.0,-46.901,415961000.0,196939000.0,139887000.0,0.745,0.725,0.745,2240815000.0,2211655000.0,2240815000.0,4761327992.0,24.0,11.447,-63135000.0,-0.293,1.0,223162000.0,-25.162,0.0,57052000.0,4971022000.0,5082568250.0,0.0,2106912000.0,953475000.0,1153437000.0,2498645000.0,644429000.0,1854216000.0,3696534992.0,347807000.0,-19530000.0,21004000.0,348770000.0,-26901000.0,247050000.0,26861000.0,56321000.0,74633000.0,-737000.0,160065000.0,160065000.0,160065000.0,48558000.0,0.0,-18.048,41311000.0,181851000.0,402289000.0,0.168,1.65,23.094,23.054,1321645000.0,0.0,17.175,-416.793,-416.793,359976000.0,1419024000.0,-8869000.0,-8869000.0,0.0,0.034,0.072,0.039,-22.205,0.0,80664000.0,1.0,215227656.0,215227656.0,,-0.041,4757261000.0,0.0,-20178000.0,14204000.0,22.103,1402516000.0
67,JEF,MRT,2004-12-31,2004-12-31,2004-12-31,2021-10-08,136138000.0,4800403000.0,4666569000.0,2059949000.0,2740454000.0,0.081,10.533,-120434000.0,277238000.0,277238000.0,45055000.0,145500000.0,3.124,1.117,1131922000.0,64799000.0,1067123000.0,1131922000.0,0.0,235916000.0,24591000.0,0.005,0.125,185513000.0,421429000.0,1.11,421429000.0,185513000.0,124956000.0,0.68,0.67,0.68,2258653000.0,2187758000.0,2258653000.0,6047343487.0,33.0,14.35,-51997000.0,-0.242,1.0,334511000.0,0.881,1472000.0,60557000.0,4994278000.0,4982518250.0,0.0,2263865000.0,1084745000.0,1179120000.0,2523475000.0,659337000.0,1864138000.0,4966437487.0,272558000.0,-41455000.0,22006000.0,345939000.0,-26901000.0,220528000.0,-16718000.0,21869000.0,68437000.0,311000.0,145500000.0,145500000.0,145500000.0,58347000.0,0.0,0.383,167130000.0,167381000.0,167864000.0,0.184,2.199,34.134,34.059,283330000.0,0.0,23.16,13.085,13.085,177140000.0,1416411000.0,379566000.0,379566000.0,0.0,0.031,0.067,0.037,0.489,0.0,148171000.0,1.0,214440306.0,214440306.0,,1.77,4798931000.0,0.0,-20544000.0,17690000.0,22.379,1400612000.0
68,JEF,MRT,2004-09-30,2004-09-30,2004-09-30,2021-10-08,117814000.0,4735122000.0,4565759250.0,1940510000.0,2794612000.0,0.401,10.4,-159799000.0,480735000.0,480735000.0,1098003000.0,135920000.0,3.022,1.132,1561641000.0,79441000.0,1482200000.0,1561641000.0,205112000.0,228439000.0,36190000.0,0.004,0.083,197970000.0,426409000.0,0.233,426409000.0,197970000.0,113487000.0,0.662,0.645,0.662,2212016000.0,2156635000.0,2212016000.0,5084047438.0,26.0,11.923,-117959000.0,-0.555,1.0,731287000.0,0.4,0.0,84483000.0,5173847000.0,4910018750.0,0.0,2241996000.0,1074253000.0,1167743000.0,2504559000.0,642181000.0,1862378000.0,4016513438.0,290558000.0,38021000.0,16000000.0,418961000.0,-17706000.0,269888000.0,-21486000.0,-72442000.0,41840000.0,316000.0,135920000.0,135920000.0,135920000.0,12843000.0,0.0,0.074,578692000.0,152595000.0,377171000.0,0.125,1.816,29.551,28.525,1346611000.0,0.0,18.883,2.196,2.196,345030000.0,1394399000.0,1829290000.0,1829290000.0,0.0,0.03,0.063,0.04,0.108,0.0,397865000.0,1.0,212701506.0,212701506.0,,8.6,4735122000.0,0.0,-22433000.0,17502000.0,22.262,1298329000.0
69,JEF,MRT,2004-06-30,2004-06-30,2004-06-30,2021-10-08,129391000.0,4768694000.0,4074802000.0,1856948000.0,2911746000.0,0.312,10.042,-198408000.0,563021000.0,563021000.0,779013000.0,117446000.0,2.879,1.226,1630555000.0,50614000.0,1579941000.0,1630555000.0,202225000.0,176815000.0,64198000.0,0.005,0.083,150882000.0,327697000.0,0.258,327697000.0,150882000.0,81493000.0,0.625,0.62,0.625,2135136000.0,2015862250.0,2135136000.0,4358325349.0,29.0,13.3,-113736000.0,-0.535,1.0,491787000.0,0.387,0.0,69389000.0,5191126000.0,4414016500.0,0.0,2132729000.0,910823000.0,1221906000.0,2617003000.0,645102000.0,1971901000.0,3522363349.0,65707000.0,33391000.0,2522000.0,520422000.0,-17706000.0,317088000.0,-336534000.0,-300479000.0,84672000.0,481000.0,117446000.0,117446000.0,117446000.0,11017000.0,0.0,0.092,442115000.0,49672000.0,377851000.0,0.133,1.65,29.991,26.507,1423714000.0,0.0,16.567,2.772,2.772,349983000.0,1319835000.0,1270800000.0,1270800000.0,0.0,0.029,0.058,0.034,0.119,0.0,310951000.0,1.0,212617506.0,212617506.0,,5.977,4768694000.0,0.0,-35953000.0,18821000.0,22.429,1211846000.0
70,JEF,MRT,2004-03-31,2004-03-31,2004-03-31,2021-10-08,174045000.0,4362057000.0,3561982000.0,1524121000.0,2837936000.0,0.216,10.09,-170501000.0,345796000.0,345796000.0,439588000.0,98888000.0,2.43,1.026,1181758000.0,23033000.0,1158725000.0,1181758000.0,197331000.0,120391000.0,119089000.0,0.005,0.083,117797000.0,238188000.0,0.31,238188000.0,117797000.0,65547000.0,0.552,0.547,0.552,2145227000.0,1878523000.0,2145227000.0,4740264507.0,40.0,19.901,-131678000.0,-0.619,1.0,328995000.0,0.428,0.0,52250000.0,4570822000.0,3783355500.0,0.0,1783945000.0,660342000.0,1123603000.0,2200396000.0,627197000.0,1573199000.0,3775820507.0,-46146000.0,45735000.0,2274000.0,291765000.0,-17706000.0,89938000.0,-175737000.0,-172672000.0,38823000.0,830000.0,98888000.0,98888000.0,98888000.0,4687000.0,0.0,0.129,315749000.0,13246000.0,343226000.0,0.15,1.76,38.183,32.174,1388667000.0,0.0,17.76,4.913,4.913,485175000.0,1285860000.0,768583000.0,768583000.0,0.0,0.028,0.053,0.031,0.153,0.0,239261000.0,1.0,212602506.0,212602506.0,,3.615,4362057000.0,0.0,-33341000.0,18528000.0,20.517,896924000.0
71,JEF,MRT,2003-12-31,2003-12-31,2003-12-31,2021-10-08,152251000.0,4397164000.0,3083006000.0,1350363000.0,3046801000.0,0.102,10.215,-153642000.0,214390000.0,214390000.0,100278000.0,97054000.0,2.054,1.052,1178834000.0,23956000.0,1154878000.0,1178834000.0,203893000.0,61099000.0,145532000.0,0.005,0.083,99782000.0,160881000.0,0.513,160881000.0,99782000.0,61880000.0,0.53,0.525,0.53,2134161000.0,1725986750.0,2134161000.0,3629138425.0,36.0,22.558,-176904000.0,-0.847,1.0,213401000.0,0.68,0.0,37902000.0,4704280000.0,3213240250.0,0.0,1819017000.0,714363000.0,1104654000.0,2245435000.0,657328000.0,1588107000.0,3210593425.0,-204210000.0,94882000.0,1232000.0,297507000.0,-17706000.0,35188000.0,-217031000.0,-269405000.0,-23262000.0,895000.0,97054000.0,97054000.0,97054000.0,4088000.0,0.0,0.309,183717000.0,29684000.0,377473000.0,0.157,1.504,33.08,28.994,1524718000.0,0.0,15.367,10.235,10.235,565563000.0,1297812000.0,313679000.0,313679000.0,0.0,0.031,0.056,0.031,0.318,0.0,165585000.0,1.0,208932327.0,208932327.0,,1.501,4397164000.0,0.0,-35174000.0,15867000.0,21.046,693035000.0
72,JEF,MRT,2003-09-30,2003-09-30,2003-09-30,2021-10-08,111767000.0,2771293000.0,2619159500.0,,,0.097,9.217,-68207000.0,195028000.0,195028000.0,50861000.0,182004000.0,,0.673,613573000.0,,,613573000.0,0.0,19975000.0,184200000.0,0.007,0.083,71148000.0,91123000.0,0.358,91123000.0,71148000.0,37930000.0,1.07,1.057,1.07,1648925000.0,1576077750.0,1648925000.0,2208316792.0,31.0,24.234,-55010000.0,-0.307,1.0,203371000.0,0.8,0.0,33218000.0,3189838000.0,2522058750.0,0.0,1747996000.0,,,1110305000.0,,,2257248792.0,-489745000.0,-396852000.0,103455000.0,239938000.0,-13841000.0,119808000.0,-622984000.0,-231483000.0,13197000.0,234000.0,182004000.0,182004000.0,182004000.0,-3836000.0,0.0,0.716,179267000.0,24104000.0,107460000.0,0.078,1.369,12.402,11.791,221053000.0,0.0,12.617,8.879,8.879,317723000.0,1276185000.0,254232000.0,254232000.0,0.0,0.069,0.115,0.028,0.28,0.0,149051000.0,1.0,178910076.0,178910076.0,,1.421,2771293000.0,0.0,-144074000.0,24899000.0,15.49,
73,JEF,MRT,2003-06-30,2003-06-30,2003-06-30,2021-10-08,105187000.0,2717414000.0,2526480250.0,,,0.092,8.865,-21373000.0,497314000.0,497314000.0,35681000.0,123430000.0,,0.645,448382000.0,,,448382000.0,0.0,17296000.0,253098000.0,0.007,0.083,9941000.0,27237000.0,0.118,27237000.0,9941000.0,-19796000.0,0.743,0.733,0.743,1585779000.0,1472349000.0,1585779000.0,2057615767.0,207.0,75.545,-5091000.0,-0.028,1.0,195821000.0,0.846,0.0,29737000.0,2668482000.0,2216231250.0,0.0,1423917000.0,,,1022785000.0,,,2213407767.0,13461000.0,-382711000.0,103040000.0,203399000.0,-13841000.0,126851000.0,-129728000.0,208639000.0,16282000.0,56000.0,123430000.0,123430000.0,123430000.0,-2343000.0,0.0,0.533,194136000.0,1685000.0,91220000.0,0.112,1.396,17.932,16.653,167307000.0,0.0,12.373,9.561,9.561,406241000.0,1220095000.0,231502000.0,231502000.0,0.0,0.049,0.084,0.004,0.043,0.0,169371000.0,1.0,178885326.0,178885326.0,,1.294,2717414000.0,0.0,-143226000.0,62975000.0,15.191,
74,JEF,MRT,2003-03-31,2003-03-31,2003-03-31,2021-10-08,70186000.0,2446153000.0,2466802500.0,,,0.095,8.583,-23500000.0,391942000.0,391942000.0,34620000.0,135094000.0,,0.523,236150000.0,,,236150000.0,0.0,17806000.0,306514000.0,0.007,0.083,24338000.0,42144000.0,0.18,42144000.0,24338000.0,-6848000.0,0.82,0.81,0.82,1535082000.0,1389250750.0,1535082000.0,1945195016.0,80.0,46.156,46901000.0,0.262,1.0,199869000.0,0.852,0.0,31186000.0,2290361000.0,2110517500.0,0.0,1338161000.0,,,803488000.0,,,2130722016.0,-128808000.0,-329873000.0,102653000.0,-153000.0,-13841000.0,9131000.0,-208271000.0,41621000.0,70401000.0,-69000.0,135094000.0,135094000.0,135094000.0,-6061000.0,0.0,0.576,201248000.0,-1379000.0,72313000.0,0.101,1.388,15.772,14.528,163680000.0,0.0,11.913,9.087,9.087,359428000.0,1204678000.0,234489000.0,234489000.0,0.0,0.055,0.097,0.012,0.104,0.0,180404000.0,1.0,178851876.0,178851876.0,,1.311,2446153000.0,0.0,-141942000.0,48345000.0,13.677,
75,JEF,MRT,2002-12-31,2002-12-31,2002-12-31,2021-10-08,56025000.0,2541778000.0,2481000250.0,740851000.0,1800927000.0,0.095,9.24,-37854000.0,418600000.0,418600000.0,33963000.0,161623000.0,1.778,0.586,233073000.0,3647000.0,229426000.0,233073000.0,0.0,16197000.0,392904000.0,0.007,0.083,50523000.0,66720000.0,0.284,66720000.0,50523000.0,17548000.0,0.97,0.96,0.97,1534525000.0,1309090750.0,1534525000.0,1631328125.0,32.0,24.45,61330000.0,0.369,1.0,201194000.0,0.856,0.0,32975000.0,1939554000.0,2091017500.0,0.0,1362503000.0,185196000.0,1177307000.0,898744000.0,416697000.0,482047000.0,2065376125.0,45378000.0,-328045000.0,102420000.0,-7120000.0,-13841000.0,46615000.0,-100327000.0,157426000.0,99184000.0,-94000.0,161623000.0,161623000.0,161623000.0,-7501000.0,0.0,0.687,207363000.0,-6169000.0,75770000.0,0.086,1.346,12.779,12.821,166207000.0,0.0,12.437,8.783,8.783,407422000.0,1218464000.0,235157000.0,235157000.0,0.0,0.065,0.123,0.024,0.215,0.0,191110000.0,1.0,166071519.0,166071519.0,,1.416,2541778000.0,0.0,-144075000.0,38231000.0,15.305,324154000.0
76,JEF,MRT,2002-09-30,2002-09-30,2002-09-30,2021-10-08,15254000.0,2400576000.0,2462827500.0,,,0.125,7.432,-44226000.0,680464000.0,680464000.0,34974000.0,55405000.0,,0.857,246416000.0,,,246416000.0,0.0,15107000.0,443119000.0,0.015,0.167,60654000.0,75761000.0,0.246,75761000.0,60654000.0,23903000.0,0.333,0.333,0.333,1234010000.0,1224322750.0,1234010000.0,1648699662.0,27.0,21.762,153266000.0,0.923,1.0,272386000.0,0.886,0.0,36751000.0,1966528000.0,2193165000.0,0.0,886664000.0,,,1057598000.0,,,1881775662.0,312731000.0,-123743000.0,419000.0,-6159000.0,-13829000.0,-128447000.0,243722000.0,386864000.0,197492000.0,-36000.0,55405000.0,55405000.0,55405000.0,18493000.0,0.0,0.18,222049000.0,50337000.0,73356000.0,0.502,1.525,33.964,34.034,171154000.0,0.0,11.333,6.122,6.122,446598000.0,1108022000.0,307360000.0,307360000.0,0.0,0.022,0.045,0.028,0.197,0.0,204791000.0,1.0,166039029.0,166039029.0,,1.851,2400576000.0,0.0,-31502000.0,81246000.0,14.458,
77,JEF,MRT,2002-06-30,2002-06-30,2002-06-30,2021-10-08,32225000.0,2478703000.0,2671704000.0,,,0.109,7.551,-47513000.0,483853000.0,483853000.0,36201000.0,25929000.0,,0.89,250777000.0,,,250777000.0,0.0,11503000.0,468025000.0,0.016,0.167,31823000.0,43326000.0,0.149,43326000.0,31823000.0,-8803000.0,0.153,0.153,0.153,1253386000.0,1213454000.0,1253386000.0,1461260002.0,46.0,33.727,123468000.0,0.744,1.0,255529000.0,0.876,0.0,40626000.0,2245627000.0,2482647250.0,0.0,1105614000.0,,,1116049000.0,,,1751843002.0,241469000.0,-116333000.0,408000.0,8992000.0,-13829000.0,-87832000.0,158275000.0,185877000.0,170981000.0,45000.0,25929000.0,25929000.0,25929000.0,25466000.0,0.0,0.089,212875000.0,42654000.0,74537000.0,1.092,1.398,67.563,68.976,170605000.0,0.0,10.553,6.005,6.005,505301000.0,1110506000.0,291730000.0,291730000.0,0.0,0.01,0.021,0.013,0.109,0.0,195617000.0,1.0,165999021.0,165999021.0,,1.757,2478703000.0,0.0,-34732000.0,98248000.0,14.932,
78,JEF,MRT,2002-03-31,2002-03-31,2002-03-31,2021-10-08,20811000.0,2502944000.0,2835043750.0,,,0.12,7.318,-59548000.0,624756000.0,624756000.0,35407000.0,24722000.0,,0.972,334173000.0,,,334173000.0,0.0,5557000.0,435011000.0,0.014,0.167,46544000.0,52101000.0,0.154,52101000.0,46544000.0,2404000.0,0.147,0.147,0.147,1214442000.0,1198340000.0,1214442000.0,1944361688.0,42.0,37.319,33591000.0,0.202,1.0,303828000.0,0.896,0.0,44140000.0,2212361000.0,2710076000.0,0.0,884940000.0,,,1180194000.0,,,1977627688.0,125121000.0,-183004000.0,421000.0,59822000.0,-13829000.0,-49410000.0,77443000.0,167363000.0,93139000.0,3949000.0,24722000.0,24722000.0,24722000.0,37722000.0,0.0,0.073,217912000.0,85916000.0,66700000.0,1.136,1.628,79.995,81.066,163086000.0,0.0,11.917,5.83,5.83,571301000.0,1083425000.0,339235000.0,339235000.0,0.0,0.009,0.021,0.017,0.137,0.0,200654000.0,1.0,165954771.0,165954771.0,,2.044,2502944000.0,0.0,-22318000.0,116447000.0,15.082,
79,JEF,MRT,2001-12-31,2001-12-31,2001-12-31,2021-10-08,14662000.0,2469087000.0,2981576750.0,,,0.125,7.204,-51920000.0,373222000.0,373222000.0,36803000.0,-7508000.0,,0.971,252279000.0,,,252279000.0,0.0,3368000.0,476495000.0,0.017,0.167,28914000.0,32282000.0,0.086,32282000.0,28914000.0,-18849000.0,-0.047,-0.047,-0.047,1195453000.0,1188055250.0,1195453000.0,1485326470.0,51.0,46.011,57316000.0,0.345,1.0,337358000.0,0.902,0.0,47763000.0,2348144000.0,2878466000.0,0.0,1065810000.0,,,1161194000.0,,,1596951470.0,-102145000.0,-186782000.0,472000.0,60941000.0,-13829000.0,1656000.0,-212473000.0,-161400000.0,109236000.0,-564000.0,-7508000.0,-7508000.0,-7508000.0,70847000.0,0.0,-0.02,216513000.0,120845000.0,74988000.0,-3.553,1.336,-212.7,-204.752,162158000.0,0.0,9.623,4.268,4.268,596229000.0,1070682000.0,374161000.0,374161000.0,0.0,-0.003,-0.006,0.01,0.077,0.0,199255000.0,1.0,165945771.0,165945771.0,,2.255,2469087000.0,0.0,-11341000.0,124692000.0,14.879,
80,JEF,MRT,2001-09-30,2001-09-30,2001-09-30,2021-10-08,14048000.0,3236082000.0,3020844000.0,,,0.092,7.175,-56252000.0,541064000.0,541064000.0,-53983000.0,26543000.0,,1.623,429439000.0,,,429439000.0,25759000.0,-23526000.0,555172000.0,0.008,0.083,113018000.0,89492000.0,0.321,89492000.0,113018000.0,69384000.0,0.16,0.16,0.16,1190535000.0,1190252250.0,1190535000.0,1749053618.0,15.0,19.544,22407000.0,0.135,1.0,332925000.0,1.194,0.0,43634000.0,3124457000.0,2909146750.0,0.0,1433162000.0,,,1932632000.0,,,1725773618.0,256432000.0,-6977000.0,-45000.0,55445000.0,-13824000.0,116115000.0,51981000.0,-249304000.0,78659000.0,9677000.0,26543000.0,26543000.0,26543000.0,74844000.0,0.0,0.095,158431000.0,174494000.0,155052000.0,0.519,1.45,65.018,65.0,186338000.0,0.0,10.4,6.187,6.187,754709000.0,1066446000.0,278942000.0,278942000.0,0.0,0.009,0.022,0.039,0.405,0.0,158431000.0,1.0,165939771.0,165939771.0,,1.681,3236082000.0,0.0,42841000.0,121022000.0,19.502,
81,JEF,MRT,2001-06-30,2001-06-30,2001-06-30,2021-10-08,-15472000.0,3132062000.0,2989390250.0,,,0.139,7.19,-119704000.0,382501000.0,382501000.0,-14417000.0,87294000.0,,1.532,405781000.0,,,405781000.0,37974000.0,-10629000.0,555637000.0,0.008,0.083,205444000.0,194815000.0,0.469,194815000.0,205444000.0,158616000.0,0.527,0.527,0.527,1192930000.0,1192053250.0,1192930000.0,1591548324.0,8.0,8.17,-35335000.0,-0.213,1.0,430171000.0,1.035,0.0,46828000.0,3155342000.0,2939573750.0,0.0,1474750000.0,,,1827891000.0,,,1794703324.0,240079000.0,-6794000.0,-34000.0,-145449000.0,-13824000.0,-22808000.0,172030000.0,-25482000.0,84369000.0,6488000.0,87294000.0,87294000.0,87294000.0,67871000.0,0.0,0.21,170224000.0,259947000.0,176429000.0,0.157,1.504,20.559,20.525,188743000.0,0.0,10.817,4.317,4.317,779010000.0,1098406000.0,415754000.0,415754000.0,0.0,0.029,0.073,0.07,0.494,0.0,170224000.0,1.0,165920184.0,165920184.0,,2.506,3132062000.0,0.0,71322000.0,109407000.0,18.877,
82,JEF,MRT,2001-03-31,2001-03-31,2001-03-31,2021-10-08,-9092000.0,3089076000.0,3012416750.0,,,0.144,7.073,-95219000.0,565288000.0,565288000.0,13792000.0,70948000.0,,1.539,362133000.0,,,362133000.0,48880000.0,3726000.0,536420000.0,0.008,0.083,181563000.0,185289000.0,0.426,185289000.0,181563000.0,132028000.0,0.427,0.427,0.427,1173303000.0,1180999000.0,1173303000.0,1601260740.0,9.0,8.642,-28326000.0,-0.171,1.0,421075000.0,0.968,0.0,49535000.0,2885921000.0,3069232000.0,0.0,1231696000.0,,,1805618000.0,,,1778895740.0,333155000.0,-56171000.0,0.0,-101000000.0,-13824000.0,63179000.0,202652000.0,69548000.0,66893000.0,431000.0,70948000.0,70948000.0,70948000.0,63267000.0,0.0,0.163,189613000.0,231462000.0,175776000.0,0.194,1.516,25.073,25.113,188929000.0,0.0,10.723,4.091,4.091,787484000.0,1072532000.0,434867000.0,434867000.0,0.0,0.024,0.06,0.059,0.418,0.0,189613000.0,1.0,165890184.0,165890184.0,,2.621,3089076000.0,0.0,61080000.0,117244000.0,18.621,
83,JEF,MRT,2000-12-31,2000-12-31,2000-12-31,2021-10-08,2585000.0,2626156000.0,3020211750.0,,,0.163,7.259,-83119000.0,529812000.0,529812000.0,40650000.0,116008000.0,,1.09,374523000.0,,,374523000.0,0.0,13065000.0,526172000.0,0.007,0.083,232333000.0,245398000.0,0.497,245398000.0,232333000.0,184224000.0,0.697,0.697,0.697,1204241000.0,1166624250.0,1204241000.0,2095614040.0,9.0,8.54,-109603000.0,-0.661,1.0,452758000.0,0.918,0.0,48109000.0,2470867000.0,3200946750.0,0.0,844747000.0,,,1312561000.0,,,1959716040.0,314350000.0,-108600000.0,-32094000.0,-82764000.0,-13824000.0,63830000.0,277055000.0,227081000.0,-26484000.0,-51000.0,116008000.0,116008000.0,116008000.0,30598000.0,0.0,0.235,203346000.0,249412000.0,141833000.0,0.119,1.627,16.893,16.949,171182000.0,0.0,11.813,3.972,3.972,693380000.0,1092019000.0,493408000.0,493408000.0,0.0,0.038,0.099,0.073,0.471,0.0,203346000.0,1.0,165890184.0,165890184.0,,2.974,2626156000.0,0.0,68216000.0,113724000.0,15.831,
84,JEF,MRT,2000-09-30,2000-09-30,2000-09-30,2021-10-08,34375000.0,3110267000.0,3131229500.0,,,0.134,7.22,-184163000.0,246342000.0,246342000.0,26400000.0,72343000.0,,1.502,382240000.0,,,382240000.0,62558000.0,11716000.0,481876000.0,0.059,0.527,167603000.0,179319000.0,0.426,179319000.0,167603000.0,111922000.0,0.443,0.443,0.443,1197739000.0,1146061000.0,1197739000.0,1928994474.0,12.0,10.757,-238921000.0,-1.44,1.0,394635000.0,0.937,0.0,55681000.0,3246165000.0,3397599500.0,0.0,1388767000.0,,,1798750000.0,,,1479187474.0,-113347000.0,-266379000.0,-41610000.0,-67859000.0,-89747000.0,50379000.0,-90425000.0,43846000.0,-54758000.0,-18543000.0,72343000.0,72343000.0,72343000.0,16345000.0,0.0,0.172,205728000.0,188907000.0,222603000.0,1.19,1.235,20.447,20.128,189521000.0,0.0,8.917,3.513,3.513,833436000.0,1053727000.0,421035000.0,421035000.0,0.0,0.023,0.063,0.049,0.398,0.0,205728000.0,1.0,165890184.0,165890184.0,,2.538,3110267000.0,0.0,39579000.0,119298000.0,18.749,
85,JEF,MRT,2000-06-30,2000-06-30,2000-06-30,2021-10-08,14140000.0,3224168000.0,3116860750.0,,,0.122,6.925,-115579000.0,137346000.0,137346000.0,18036000.0,80580000.0,,1.707,587153000.0,,,587153000.0,66427000.0,12257000.0,417495000.0,0.069,0.527,164486000.0,176743000.0,0.467,176743000.0,164486000.0,113430000.0,0.48,0.48,0.48,1148713000.0,1151562000.0,1148713000.0,1553842366.0,9.0,8.792,-164197000.0,-0.99,1.0,360780000.0,0.952,0.0,51056000.0,3673975000.0,3379972000.0,0.0,1447000000.0,,,1960885000.0,,,1261318366.0,-235184000.0,-212192000.0,-93112000.0,22190000.0,-89747000.0,33576000.0,-209115000.0,-101663000.0,-48618000.0,-11027000.0,80580000.0,80580000.0,80580000.0,763000.0,0.0,0.213,190572000.0,170208000.0,264417000.0,1.098,1.098,15.653,15.84,188908000.0,0.0,7.603,3.33,3.33,1031078000.0,1024936000.0,378816000.0,378816000.0,0.0,0.026,0.07,0.049,0.434,0.0,190572000.0,1.0,165890184.0,165890184.0,,2.284,3224168000.0,0.0,32850000.0,117447000.0,19.436,
86,JEF,MRT,2000-03-31,2000-03-31,2000-03-31,2021-10-08,-9241000.0,3120256000.0,3110121250.0,,,0.123,6.726,-91089000.0,197515000.0,197515000.0,27046000.0,84300000.0,,1.694,490039000.0,,,490039000.0,70786000.0,11938000.0,353808000.0,1.077,8.527,171639000.0,183577000.0,0.481,183577000.0,171639000.0,121509000.0,0.497,0.497,0.497,1115804000.0,1173675000.0,1115804000.0,1500548290.0,9.0,8.174,-116727000.0,-0.704,1.0,354232000.0,0.929,0.0,50130000.0,3412780000.0,3311641000.0,0.0,1336808000.0,,,1889842000.0,,,1313297290.0,-732228000.0,-179194000.0,-105456000.0,-174543000.0,-811925000.0,-937343000.0,244159000.0,301774000.0,-25638000.0,-13406000.0,84300000.0,84300000.0,84300000.0,245000.0,0.0,0.221,174801000.0,179431000.0,325166000.0,17.157,1.177,15.579,15.929,189030000.0,0.0,7.917,3.444,3.444,967498000.0,1015408000.0,381278000.0,381278000.0,0.0,0.027,0.072,0.052,0.45,0.0,174801000.0,1.0,165890184.0,165890184.0,,2.298,3120256000.0,0.0,37209000.0,121506000.0,18.809,
87,JEF,MRT,1999-12-31,1999-12-31,1999-12-31,2021-10-08,-9578000.0,3070227000.0,3345388250.0,,,0.156,6.584,-118279000.0,296058000.0,296058000.0,39179000.0,215042000.0,,1.634,483309000.0,,,483309000.0,61916000.0,10607000.0,329301000.0,1.106,8.527,317870000.0,328477000.0,0.628,328477000.0,317870000.0,267205000.0,1.207,1.207,1.207,1121988000.0,1383810750.0,1121988000.0,1436745673.0,5.0,4.374,-31591000.0,-0.185,1.0,483729000.0,0.925,0.0,50665000.0,3257478000.0,3411859500.0,0.0,1244530000.0,,,1833135000.0,,,1313882673.0,-163099000.0,42889000.0,-125481000.0,-210471000.0,-811925000.0,-1009838000.0,771886000.0,635118000.0,86688000.0,-11835000.0,215042000.0,215042000.0,215042000.0,-7856000.0,0.0,0.411,165606000.0,318123000.0,292677000.0,7.065,1.171,6.11,6.388,184850000.0,0.0,7.71,2.513,2.513,914497000.0,989835000.0,522908000.0,522908000.0,0.0,0.064,0.155,0.093,0.608,0.0,165606000.0,1.0,170412798.0,170412798.0,,3.068,3070227000.0,0.0,52163000.0,113391000.0,18.016,
88,JEF,MRT,1999-09-30,1999-09-30,1999-09-30,2021-10-08,314000.0,3052792000.0,3567569250.0,,,0.205,6.846,-69036000.0,360222000.0,360222000.0,203132000.0,235546000.0,,1.416,483085000.0,,,483085000.0,73999000.0,50570000.0,226448000.0,1.143,8.0,334647000.0,385217000.0,0.527,385217000.0,334647000.0,281532000.0,1.287,1.287,1.287,1219743000.0,1566603500.0,1219743000.0,1450647086.0,4.0,3.766,-85128000.0,-0.478,1.0,527283000.0,0.722,0.0,53115000.0,3175655000.0,3652955500.0,0.0,1167059000.0,,,1727603000.0,,,1247206086.0,-551577000.0,71265000.0,-140605000.0,-185966000.0,-723888000.0,-1057766000.0,525679000.0,401673000.0,-16092000.0,-3398000.0,235546000.0,235546000.0,235546000.0,-25969000.0,0.0,0.322,209955000.0,317328000.0,248457000.0,6.216,1.023,5.295,5.439,176929000.0,0.0,7.0,1.708,1.708,921515000.0,1071131000.0,730415000.0,730415000.0,0.0,0.066,0.15,0.092,0.458,0.0,209955000.0,1.0,178172298.0,178172298.0,,4.099,3052792000.0,0.0,45986000.0,127048000.0,17.134,
89,JEF,MRT,1999-06-30,1999-06-30,1999-06-30,2021-10-08,313000.0,3197210000.0,3887325500.0,,,0.174,6.852,-70294000.0,373063000.0,373063000.0,225229000.0,196481000.0,,1.499,576504000.0,,,576504000.0,78521000.0,48261000.0,219356000.0,0.946,8.0,251151000.0,299412000.0,0.442,299412000.0,251151000.0,198428000.0,1.067,1.067,1.067,1237165000.0,1725026500.0,1237165000.0,1279790174.0,5.0,4.274,22115000.0,0.122,1.0,451555000.0,0.667,0.0,52723000.0,3400651000.0,3818724750.0,0.0,1274505000.0,,,1854341000.0,,,1527460174.0,-59762000.0,21216000.0,-123032000.0,-40507000.0,-730558000.0,-909176000.0,764809000.0,694304000.0,92409000.0,-7804000.0,196481000.0,196481000.0,196481000.0,-13798000.0,0.0,0.29,204823000.0,246732000.0,243619000.0,7.498,1.235,7.774,7.929,176174000.0,0.0,8.46,2.257,2.257,919870000.0,1034103000.0,676784000.0,676784000.0,0.0,0.051,0.114,0.066,0.371,0.0,204823000.0,1.0,180550848.0,180550848.0,,3.748,3197210000.0,0.0,1947000.0,132369000.0,17.708,
90,JEF,MRT,1999-03-31,1999-03-31,1999-03-31,2021-10-08,-1150000.0,4061324000.0,4181096500.0,,,0.164,10.824,-101164000.0,930276000.0,930276000.0,249555000.0,198075000.0,,1.02,682606000.0,,,682606000.0,92104000.0,46858000.0,196540000.0,0.0,0.0,244265000.0,291123000.0,0.426,291123000.0,244265000.0,195563000.0,1.07,1.07,1.07,1956347000.0,1887586000.0,1956347000.0,2085356009.0,9.0,7.163,-148163000.0,-0.82,1.0,434549000.0,0.635,0.0,48702000.0,3813654000.0,4043453750.0,0.0,1519122000.0,,,1995679000.0,,,1822445009.0,71254000.0,54564000.0,-110755000.0,78152000.0,-8380000.0,-83840000.0,205508000.0,138307000.0,-46999000.0,-3415000.0,198075000.0,198075000.0,198075000.0,-14783000.0,0.0,0.29,197547000.0,237002000.0,262545000.0,0.0,0.932,9.201,9.424,151994000.0,0.0,10.083,2.664,2.664,926943000.0,1743033000.0,684104000.0,684104000.0,0.0,0.047,0.105,0.06,0.357,0.0,197547000.0,1.0,180738348.0,180738348.0,,3.785,4061324000.0,0.0,-2512000.0,138239000.0,22.471,
91,JEF,MRT,1998-12-31,1998-12-31,1998-12-31,2021-10-08,-771000.0,3958951000.0,4284423000.0,,,0.124,9.931,-79296000.0,459690000.0,459690000.0,268973000.0,54343000.0,,1.077,722601000.0,,,722601000.0,94572000.0,48348000.0,189782000.0,0.0,0.0,74409000.0,122757000.0,0.231,122757000.0,74409000.0,29270000.0,0.287,0.287,0.287,1853159000.0,1867782500.0,1853159000.0,1466251981.0,20.0,11.944,-240691000.0,-1.29,1.0,261533000.0,0.493,0.0,45139000.0,4221862000.0,4077172750.0,0.0,1942595000.0,,,1996320000.0,,,1959336981.0,-121496000.0,-37762000.0,-59348000.0,98951000.0,-8380000.0,-19664000.0,59563000.0,62820000.0,-161395000.0,0.0,54343000.0,54343000.0,54343000.0,-8141000.0,0.0,0.102,187017000.0,74516000.0,233485000.0,0.0,1.057,36.055,36.585,121790000.0,0.0,10.5,3.693,3.693,881371000.0,1586718000.0,530506000.0,530506000.0,0.0,0.013,0.029,0.018,0.14,0.0,187017000.0,1.0,186603522.0,186603522.0,,2.843,3958951000.0,0.0,-25073000.0,96500000.0,21.216,
92,JEF,MRT,1998-09-30,1998-09-30,1998-09-30,2021-10-08,8710000.0,4331817000.0,4231019250.0,,,0.119,9.66,-185336000.0,926696000.0,926696000.0,293511000.0,436727000.0,,1.251,433611000.0,,,433611000.0,111419000.0,52189000.0,191732000.0,0.008,0.083,440372000.0,492561000.0,0.979,492561000.0,440372000.0,399325000.0,2.327,2.33,2.327,1853435000.0,1870375500.0,1853435000.0,1801785843.0,4.0,3.658,-448510000.0,-2.338,1.0,209752000.0,0.417,0.0,41047000.0,3838732000.0,3900962750.0,0.0,1756563000.0,,,2318129000.0,,,1874512843.0,738629000.0,1074166000.0,-35697000.0,42601000.0,-22634000.0,-24559000.0,1026362000.0,-60755000.0,-263174000.0,0.0,436727000.0,436727000.0,436727000.0,-441184000.0,0.0,0.868,202128000.0,7624000.0,97043000.0,0.036,1.011,4.292,4.199,73023000.0,0.0,9.77,3.725,3.725,842463000.0,1559473000.0,503263000.0,503263000.0,0.0,0.103,0.233,0.113,0.875,0.0,202128000.0,1.0,191864160.0,191864160.0,,2.623,4331817000.0,8629000.0,-37402000.0,113617000.0,22.578,
93,JEF,MRT,1998-06-30,1998-06-30,1998-06-30,2021-10-08,904000.0,4372294000.0,4144961750.0,,,0.137,9.839,-161857000.0,445080000.0,445080000.0,321760000.0,642971000.0,,1.232,372353000.0,,,372353000.0,125641000.0,58467000.0,192148000.0,0.008,0.083,674968000.0,733435000.0,1.287,733435000.0,674968000.0,633277000.0,3.413,3.417,3.413,1887403000.0,1774935000.0,1887403000.0,1587794518.0,2.0,2.165,-387244000.0,-2.019,1.0,248108000.0,0.435,0.0,41691000.0,4299567000.0,3986270250.0,0.0,2260246000.0,,,2325142000.0,,,2113894518.0,283626000.0,1130650000.0,-2263000.0,-136226000.0,-15964000.0,-162380000.0,671393000.0,-495687000.0,-225387000.0,0.0,642971000.0,642971000.0,642971000.0,-653428000.0,0.0,1.128,218261000.0,29847000.0,134844000.0,0.024,1.12,3.288,3.229,67690000.0,0.0,11.02,3.709,3.709,825250000.0,1568180000.0,569868000.0,569868000.0,0.0,0.155,0.362,0.169,1.184,0.0,218261000.0,1.0,191823459.0,191823459.0,,2.971,4372294000.0,0.0,-9694000.0,44296000.0,22.793,
94,JEF,MRT,1998-03-31,1998-03-31,1998-03-31,2021-10-08,5586000.0,4474630000.0,4223697500.0,,,0.145,9.787,-67419000.0,879324000.0,879324000.0,344755000.0,661678000.0,,1.299,353224000.0,,,353224000.0,136754000.0,64167000.0,197235000.0,0.006,0.083,703556000.0,767723000.0,1.251,767723000.0,703556000.0,660305000.0,3.52,3.517,3.52,1877133000.0,1600176750.0,1877133000.0,2263283502.0,3.0,2.948,-256149000.0,-1.336,1.0,268924000.0,0.438,0.0,43251000.0,3948530000.0,4163206750.0,0.0,1936566000.0,,,2437715000.0,,,2517592502.0,695767000.0,1115592000.0,-2196000.0,-70991000.0,-15964000.0,-98331000.0,982828000.0,-263632000.0,-188730000.0,0.0,661678000.0,661678000.0,661678000.0,-668836000.0,0.0,1.078,223853000.0,45071000.0,227648000.0,0.024,1.341,3.805,3.729,63092000.0,0.0,13.127,4.102,4.102,824270000.0,1553338000.0,613679000.0,613679000.0,0.0,0.157,0.414,0.169,1.146,0.0,223853000.0,1.0,191792217.0,191792217.0,,3.2,4474630000.0,0.0,-1373000.0,64825000.0,23.331,
95,JEF,MRT,1997-12-31,1997-12-31,1997-12-31,2021-10-08,5630000.0,3745336000.0,4229108500.0,,,0.149,9.728,-57130000.0,581186000.0,581186000.0,369512000.0,661815000.0,,0.924,352872000.0,,,352872000.0,127666000.0,70166000.0,198582000.0,0.007,0.083,697931000.0,768097000.0,1.218,768097000.0,697931000.0,651924000.0,3.547,3.547,3.547,1863531000.0,1407487500.0,1863531000.0,2395351834.0,3.0,3.119,-234550000.0,-1.224,1.0,261225000.0,0.414,0.0,46007000.0,3517022000.0,4348262250.0,0.0,2080271000.0,,,1722063000.0,,,2202976834.0,410844000.0,1042067000.0,-1484000.0,-71378000.0,-15964000.0,47993000.0,540271000.0,-642953000.0,-177420000.0,0.0,661815000.0,661815000.0,661815000.0,-686161000.0,0.0,1.049,239456000.0,21769000.0,208762000.0,0.023,1.182,3.329,3.242,60433000.0,0.0,11.5,3.493,3.493,783309000.0,1540755000.0,630737000.0,630737000.0,0.0,0.156,0.47,0.161,1.107,0.0,239456000.0,1.0,191563203.0,191563203.0,,3.293,3745336000.0,0.0,-9891000.0,172593000.0,19.551,
96,JEF,MRT,1997-09-30,1997-09-30,1997-09-30,2021-10-08,9707000.0,3987587000.0,4133413500.0,,,0.154,7.689,131665000.0,186857000.0,186857000.0,372778000.0,251194000.0,,1.601,379232000.0,,,379232000.0,142937000.0,73157000.0,200668000.0,0.007,0.083,290921000.0,364078000.0,0.572,364078000.0,290921000.0,242019000.0,,1.33,,1471673000.0,1221131500.0,1471673000.0,2513564591.0,9.0,6.904,58580000.0,0.306,1.0,263346000.0,0.414,0.0,48902000.0,4179962000.0,4393704250.0,0.0,1594036000.0,,,2356173000.0,,,2193488591.0,-9000.0,48804000.0,-1332000.0,-27034000.0,-15100000.0,93982000.0,-20906000.0,-201375000.0,-73085000.0,0.0,251194000.0,251194000.0,251194000.0,-276139000.0,0.0,0.395,233836000.0,29510000.0,190038000.0,,1.49,8.732,,68365000.0,0.0,11.46,3.448,3.448,975574000.0,1145380000.0,636124000.0,636124000.0,0.0,0.061,0.206,0.066,0.457,0.0,233836000.0,1.0,191403891.0,191403891.0,,3.323,3987587000.0,9918000.0,-9175000.0,53249000.0,20.833,
97,JEF,MRT,1997-06-30,1997-06-30,1997-06-30,2021-10-08,-5030000.0,4687237000.0,,,,,6.516,130162000.0,259308000.0,259308000.0,383358000.0,66172000.0,,2.81,579384000.0,,,579384000.0,455677000.0,50375000.0,200170000.0,0.008,0.083,116970000.0,167345000.0,0.249,167345000.0,116970000.0,65796000.0,,0.36,,1188370000.0,,1188370000.0,2073500269.0,18.0,12.391,-56737000.0,-0.311,1.0,287731000.0,0.429,0.0,51174000.0,5007313000.0,,0.0,2558793000.0,,,3339350000.0,,,1881022269.0,-45068000.0,-11196000.0,-837000.0,106444000.0,-15100000.0,227149000.0,-85318000.0,-204284000.0,-186899000.0,0.0,66172000.0,66172000.0,66172000.0,-78823000.0,0.0,0.099,236836000.0,50895000.0,165552000.0,,1.583,28.426,,89392000.0,0.0,10.313,2.803,2.803,812200000.0,941173000.0,671089000.0,671089000.0,0.0,,,,0.174,0.0,236836000.0,1.0,182387421.0,182387421.0,,3.679,4687237000.0,72117000.0,-376000.0,50603000.0,25.699,
98,JEF,MRT,1997-03-31,1997-03-31,1997-03-31,2021-10-08,-23110000.0,4496274000.0,,,,,6.1,34424000.0,331225000.0,331225000.0,504376000.0,45796000.0,,2.92,523703000.0,,,523703000.0,446859000.0,62191000.0,206299000.0,0.009,0.083,84427000.0,146618000.0,0.183,146618000.0,84427000.0,31641000.0,,0.257,,1106376000.0,,1106376000.0,1801523995.0,21.0,12.287,15548000.0,0.086,1.0,295857000.0,0.37,0.0,52786000.0,4688752000.0,,0.0,2404826000.0,,,3230606000.0,,,1662611995.0,29751000.0,-11196000.0,-837000.0,29232000.0,-15100000.0,159360000.0,-110733000.0,-133961000.0,-18876000.0,0.0,45796000.0,45796000.0,45796000.0,-71059000.0,0.0,0.057,273894000.0,21963000.0,170782000.0,,1.503,36.305,,88479000.0,0.0,9.167,2.078,2.078,729561000.0,907624000.0,800233000.0,800233000.0,0.0,,,,0.106,0.0,273894000.0,1.0,181375854.0,181375854.0,,4.412,4496274000.0,86939000.0,-14155000.0,43789000.0,24.79,
99,JEF,MRT,1996-12-31,1996-12-31,1996-12-31,2021-10-08,1759000.0,3362556000.0,4235215000.0,,,0.158,6.165,26111000.0,184029000.0,184029000.0,407483000.0,48677000.0,,1.999,520263000.0,,,520263000.0,150419000.0,78307000.0,209261000.0,0.009,0.083,82950000.0,161257000.0,0.241,161257000.0,82950000.0,29351000.0,0.27,0.27,0.27,1118107000.0,1114799000.0,1118107000.0,,,,8711000.0,0.048,1.0,262960000.0,0.392,0.0,53599000.0,3698790000.0,4530684000.0,0.0,1344458000.0,,,2235081000.0,,,1617268032.0,60830000.0,-11196000.0,-837000.0,1927000.0,-15100000.0,-7811000.0,86041000.0,71126000.0,-17400000.0,0.0,48677000.0,48677000.0,48677000.0,-84376000.0,0.0,0.073,257548000.0,5412000.0,120076000.0,0.307,1.446,33.224,33.025,71563000.0,0.0,8.917,2.412,2.412,509050000.0,894904000.0,670443000.0,670443000.0,0.0,0.011,0.044,0.018,0.124,0.0,257548000.0,1.0,181375854.0,181375854.0,,3.696,3362556000.0,43070000.0,-19326000.0,34902000.0,18.539,
100,JEF,MRT,1996-09-30,1996-09-30,1996-09-30,2021-10-08,,,,,,,,,,,,,,,,,,,,,,0.01,0.083,,,,,,,,,,,,,,,,,,1.0,,,,,,,,,,,,,,,,,,,,,,,,,,,,,,,,,,,,,,,,8.0,,,,,,,,,,,,,,1.0,,,,,,,,,,
101,JEF,MRT,1996-06-30,1996-06-30,1996-06-30,2021-10-08,,,,,,,,,,,,,,,,,,,,,,0.01,0.083,,,,,,,,,,,,,,,,,,1.0,,,,,,,,,,,,,,,,,,,,,,,,,,,,,,,,,,,,,,,,8.167,,,,,,,,,,,,,,1.0,,,,,,,,,,
102,JEF,MRT,1996-03-31,1996-03-31,1996-03-31,2021-10-08,,,,,,,,,,,,,,,,,,,,,,0.01,0.083,,,,,,,,,,,,,,,,,,1.0,,,,,,,,,,,,,,,,,,,,,,,,,,,,,,,,,,,,,,,,8.25,,,,,,,,,,,,,,1.0,,,,,,,,,,
103,JEF,MRT,1995-12-31,1995-12-31,1995-12-31,2021-10-08,30086000.0,5107874000.0,,,,,,-22458000.0,266158000.0,266158000.0,431776000.0,107503000.0,,3.586,520862000.0,,,520862000.0,434773000.0,81184000.0,203061000.0,0.01,0.083,150601000.0,231785000.0,0.301,231785000.0,150601000.0,98063000.0,0.623,0.603,0.623,1111491000.0,,1111491000.0,,,,95538000.0,,1.0,337151000.0,0.438,0.0,52538000.0,5362578000.0,,0.0,3064569000.0,,,3986343000.0,,,,14945000.0,-22593000.0,43130000.0,90107000.0,-15025000.0,140997000.0,-244048000.0,-198997000.0,117996000.0,0.0,107503000.0,107503000.0,107503000.0,-74971000.0,0.0,0.14,261521000.0,75630000.0,209362000.0,0.133,,,13.376,111374000.0,0.0,8.333,,,759020000.0,861327000.0,768927000.0,768927000.0,0.0,,,,0.196,0.0,261521000.0,1.0,,,,,5107874000.0,103466000.0,-9440000.0,39596000.0,,
104,JEF,MRT,1994-12-31,1994-12-31,1994-12-31,2021-10-08,,,,,,,,-114381000.0,,,875137000.0,70836000.0,,,,,,,,105560000.0,,0.006,0.042,144321000.0,249881000.0,0.18,249881000.0,144321000.0,100318000.0,,0.407,,,,,,,,5155000.0,,1.0,509248000.0,0.368,,44003000.0,,,,,,,,,,,-38919000.0,-45711000.0,-472000.0,21478000.0,-7021000.0,3029000.0,-161484000.0,-1392000.0,119536000.0,0.0,70836000.0,70836000.0,70836000.0,0.0,0.0,0.051,364927000.0,144321000.0,,,,,,,0.0,7.417,,,,,1384385000.0,1384385000.0,0.0,,,,0.104,0.0,364927000.0,1.0,,,,,,,29482000.0,,,
