None,ticker,dimension,calendardate,datekey,reportperiod,lastupdated,accoci,assets,assetsavg,assetsc,assetsnc,assetturnover,bvps,capex,cashneq,cashnequsd,cor,consolinc,currentratio,de,debt,debtc,debtnc,debtusd,deferredrev,depamor,deposits,divyield,dps,ebit,ebitda,ebitdamargin,ebitdausd,ebitusd,ebt,eps,epsdil,epsusd,equity,equityavg,equityusd,ev,evebit,evebitda,fcf,fcfps,fxusd,gp,grossmargin,intangibles,intexp,invcap,invcapavg,inventory,investments,investmentsc,investmentsnc,liabilities,liabilitiesc,liabilitiesnc,marketcap,ncf,ncfbus,ncfcommon,ncfdebt,ncfdiv,ncff,ncfi,ncfinv,ncfo,ncfx,netinc,netinccmn,netinccmnusd,netincdis,netincnci,netmargin,opex,opinc,payables,payoutratio,pb,pe,pe1,ppnenet,prefdivis,price,ps,ps1,receivables,retearn,revenue,revenueusd,rnd,roa,roe,roic,ros,sbcomp,sgna,sharefactor,sharesbas,shareswa,shareswadil,sps,tangibles,taxassets,taxexp,taxliabilities,tbvps,workingcapital
0,ATVI,MRY,2020-12-31,2020-12-31,2020-12-31,2021-08-03,-622000000.0,23109000000.0,21127500000.0,10565000000.0,12544000000.0,0.383,19.503,-78000000.0,8647000000.0,8647000000.0,2260000000.0,2197000000.0,3.408,0.537,3605000000.0,0.0,3605000000.0,3605000000.0,1689000000.0,262000000.0,0.0,0.004,0.41,2703000000.0,2965000000.0,0.367,2965000000.0,2703000000.0,2616000000.0,2.85,2.82,2.85,15037000000.0,14030500000.0,15037000000.0,67948789627.0,25.0,22.917,2174000000.0,2.82,1.0,5826000000.0,0.721,10728000000.0,87000000.0,4239000000.0,3875000000.0,0.0,0.0,0.0,0.0,8072000000.0,3100000000.0,4972000000.0,71759789627.0,2854000000.0,0.0,170000000.0,924000000.0,-316000000.0,711000000.0,-178000000.0,-100000000.0,2252000000.0,69000000.0,2197000000.0,2197000000.0,2197000000.0,0.0,0.0,0.272,3092000000.0,2734000000.0,295000000.0,0.144,4.772,32.663,32.579,209000000.0,0.0,92.85,8.875,8.853,1052000000.0,9691000000.0,8086000000.0,8086000000.0,1150000000.0,0.104,0.157,0.698,0.334,218000000.0,1848000000.0,1.0,772857185.0,771000000,778000000.0,10.488,12381000000.0,1318000000.0,419000000.0,418000000.0,16.058,7465000000.0
1,ATVI,MRY,2019-12-31,2019-12-31,2019-12-31,2021-08-03,-619000000.0,19845000000.0,18273250000.0,7292000000.0,12553000000.0,0.355,16.695,-116000000.0,5794000000.0,5794000000.0,2094000000.0,1503000000.0,2.502,0.55,2675000000.0,0.0,2675000000.0,2675000000.0,1375000000.0,392000000.0,0.0,0.006,0.37,1607000000.0,1999000000.0,0.308,1999000000.0,1607000000.0,1633000000.0,1.96,1.95,1.96,12805000000.0,12153250000.0,12805000000.0,43385013359.0,27.0,21.703,1715000000.0,2.236,1.0,4395000000.0,0.677,10671000000.0,-26000000.0,3140000000.0,3105500000.0,0.0,0.0,0.0,0.0,7040000000.0,2915000000.0,4125000000.0,45650013359.0,1569000000.0,0.0,105000000.0,0.0,-283000000.0,-237000000.0,-22000000.0,88000000.0,1831000000.0,-3000000.0,1503000000.0,1503000000.0,1503000000.0,0.0,0.0,0.232,2788000000.0,1607000000.0,292000000.0,0.189,3.565,30.373,30.316,253000000.0,0.0,59.42,7.035,7.023,848000000.0,7813000000.0,6489000000.0,6489000000.0,998000000.0,0.082,0.124,0.517,0.248,166000000.0,1658000000.0,1.0,768260070.0,767000000,771000000.0,8.46,9174000000.0,1293000000.0,130000000.0,505000000.0,11.961,4377000000.0
2,ATVI,MRY,2018-12-31,2018-12-31,2018-12-31,2021-08-03,-601000000.0,17890000000.0,17739500000.0,6106000000.0,11784000000.0,0.423,14.95,-131000000.0,4225000000.0,4225000000.0,2517000000.0,1848000000.0,2.311,0.57,2671000000.0,0.0,2671000000.0,2671000000.0,1493000000.0,509000000.0,0.0,0.007,0.34,1948000000.0,2457000000.0,0.328,2457000000.0,1948000000.0,1877000000.0,2.43,2.4,2.43,11392000000.0,10554000000.0,11392000000.0,34897271937.0,18.0,14.203,1659000000.0,2.177,1.0,4983000000.0,0.664,10826000000.0,71000000.0,2868000000.0,3316250000.0,43000000.0,0.0,0.0,0.0,6498000000.0,2642000000.0,3856000000.0,35535271937.0,-491000000.0,0.0,99000000.0,-1740000000.0,-259000000.0,-2020000000.0,-230000000.0,-93000000.0,1790000000.0,-31000000.0,1848000000.0,1848000000.0,1848000000.0,0.0,0.0,0.246,2995000000.0,1988000000.0,253000000.0,0.14,3.119,19.229,19.165,282000000.0,0.0,46.57,4.738,4.732,1035000000.0,6593000000.0,7500000000.0,7500000000.0,1101000000.0,0.104,0.175,0.587,0.26,209000000.0,1884000000.0,1.0,763050718.0,762000000,771000000.0,9.843,7064000000.0,458000000.0,29000000.0,18000000.0,9.27,3464000000.0
3,ATVI,MRY,2017-12-31,2017-12-31,2017-12-31,2021-08-03,-638000000.0,18668000000.0,17528750000.0,6520000000.0,12148000000.0,0.4,12.549,-155000000.0,4713000000.0,4713000000.0,2501000000.0,273000000.0,1.78,0.973,4390000000.0,0.0,4390000000.0,4390000000.0,1929000000.0,888000000.0,0.0,0.005,0.3,1297000000.0,2185000000.0,0.311,2185000000.0,1297000000.0,1151000000.0,0.36,0.36,0.36,9462000000.0,9645000000.0,9462000000.0,48688217491.0,38.0,22.283,2058000000.0,2.729,1.0,4516000000.0,0.644,11322000000.0,146000000.0,3360000000.0,4089500000.0,46000000.0,0.0,0.0,0.0,9206000000.0,3663000000.0,5543000000.0,47876217491.0,1458000000.0,0.0,178000000.0,-510000000.0,-226000000.0,-624000000.0,-207000000.0,-55000000.0,2213000000.0,76000000.0,273000000.0,273000000.0,273000000.0,0.0,0.0,0.039,3207000000.0,1309000000.0,323000000.0,0.833,5.06,175.371,175.889,294000000.0,0.0,63.32,6.823,6.804,918000000.0,4916000000.0,7017000000.0,7017000000.0,1069000000.0,0.016,0.028,0.317,0.185,176000000.0,2123000000.0,1.0,756099455.0,754000000,766000000.0,9.306,7346000000.0,459000000.0,878000000.0,21000000.0,9.743,2857000000.0
4,ATVI,MRY,2016-12-31,2016-12-31,2016-12-31,2021-08-03,-629000000.0,17452000000.0,17435250000.0,4830000000.0,12622000000.0,0.379,12.323,-136000000.0,3245000000.0,3245000000.0,2394000000.0,966000000.0,1.819,0.914,4887000000.0,0.0,4887000000.0,4887000000.0,1628000000.0,829000000.0,0.0,0.007,0.26,1320000000.0,2149000000.0,0.325,2149000000.0,1320000000.0,1106000000.0,1.3,1.28,1.3,9119000000.0,8709750000.0,9119000000.0,29170434827.0,22.0,13.574,2019000000.0,2.728,1.0,4214000000.0,0.638,12092000000.0,214000000.0,4346000000.0,4748750000.0,49000000.0,0.0,0.0,0.0,8333000000.0,2656000000.0,5677000000.0,26837434827.0,-2130000000.0,-4586000000.0,106000000.0,711000000.0,-195000000.0,500000000.0,-4729000000.0,0.0,2155000000.0,-56000000.0,966000000.0,966000000.0,966000000.0,0.0,0.0,0.146,2802000000.0,1412000000.0,222000000.0,0.2,2.943,27.782,27.777,258000000.0,0.0,36.11,4.061,4.044,732000000.0,4869000000.0,6608000000.0,6608000000.0,958000000.0,0.055,0.111,0.278,0.2,147000000.0,1844000000.0,1.0,743213371.0,740000000,754000000.0,8.93,5360000000.0,283000000.0,140000000.0,44000000.0,7.243,2174000000.0
5,ATVI,MRY,2015-12-31,2015-12-31,2015-12-31,2021-08-03,-633000000.0,15246000000.0,14335000000.0,3387000000.0,11859000000.0,0.325,11.082,-111000000.0,1823000000.0,1823000000.0,1585000000.0,892000000.0,1.297,0.89,4074000000.0,0.0,4074000000.0,4074000000.0,1702000000.0,95000000.0,0.0,0.006,0.23,1319000000.0,1414000000.0,0.303,1414000000.0,1319000000.0,1121000000.0,1.21,1.19,1.21,8068000000.0,7774000000.0,8068000000.0,28017127221.0,21.0,19.814,1148000000.0,1.577,1.0,3079000000.0,0.66,7993000000.0,198000000.0,6893000000.0,4744000000.0,128000000.0,3561000000.0,0.0,3561000000.0,7178000000.0,2611000000.0,4567000000.0,28304127221.0,-3025000000.0,-46000000.0,106000000.0,-250000000.0,-170000000.0,-202000000.0,-3716000000.0,0.0,1259000000.0,-366000000.0,892000000.0,892000000.0,892000000.0,0.0,0.0,0.191,1760000000.0,1319000000.0,284000000.0,0.19,3.508,31.731,31.992,189000000.0,0.0,38.71,6.069,6.042,679000000.0,4096000000.0,4664000000.0,4664000000.0,646000000.0,0.062,0.115,0.278,0.283,92000000.0,1114000000.0,1.0,731183860.0,728000000,739000000.0,6.407,7253000000.0,275000000.0,229000000.0,10000000.0,9.963,776000000.0
6,ATVI,MRY,2014-12-31,2014-12-31,2014-12-31,2021-08-03,-303000000.0,14642000000.0,13846250000.0,6541000000.0,8101000000.0,0.318,10.102,-107000000.0,4848000000.0,4848000000.0,1525000000.0,835000000.0,2.41,1.024,4324000000.0,0.0,4324000000.0,4324000000.0,1797000000.0,90000000.0,0.0,0.01,0.2,1183000000.0,1273000000.0,0.289,1273000000.0,1183000000.0,981000000.0,1.14,1.13,1.14,7233000000.0,7080000000.0,7233000000.0,15005454641.0,13.0,11.787,1224000000.0,1.709,1.0,2883000000.0,0.654,8043000000.0,202000000.0,3361000000.0,3812250000.0,123000000.0,19000000.0,10000000.0,9000000.0,7409000000.0,2714000000.0,4695000000.0,14488454641.0,438000000.0,0.0,175000000.0,-375000000.0,-147000000.0,-413000000.0,-84000000.0,21000000.0,1331000000.0,-396000000.0,835000000.0,835000000.0,835000000.0,0.0,0.0,0.189,1700000000.0,1183000000.0,325000000.0,0.175,2.003,17.351,17.675,157000000.0,0.0,20.15,3.287,3.273,659000000.0,3374000000.0,4408000000.0,4408000000.0,571000000.0,0.06,0.118,0.31,0.268,104000000.0,1129000000.0,1.0,719030007.0,716000000,726000000.0,6.156,6599000000.0,264000000.0,146000000.0,10000000.0,9.216,3827000000.0
7,ATVI,MRY,2013-12-31,2013-12-31,2013-12-31,2021-08-03,68000000.0,14012000000.0,14302000000.0,6241000000.0,7771000000.0,0.32,6.467,-74000000.0,4410000000.0,4410000000.0,1531000000.0,1010000000.0,2.595,1.116,4693000000.0,25000000.0,4668000000.0,4693000000.0,1389000000.0,108000000.0,0.0,0.011,0.19,1372000000.0,1480000000.0,0.323,1480000000.0,1372000000.0,1319000000.0,0.96,0.95,0.96,6622000000.0,10557750000.0,6622000000.0,10166562331.0,7.0,6.869,1190000000.0,1.162,1.0,3052000000.0,0.666,7967000000.0,53000000.0,3923000000.0,1962250000.0,171000000.0,42000000.0,33000000.0,9000000.0,7390000000.0,2405000000.0,4985000000.0,12399562331.0,451000000.0,0.0,-5672000000.0,4685000000.0,-216000000.0,-1223000000.0,308000000.0,376000000.0,1264000000.0,102000000.0,1010000000.0,1010000000.0,1010000000.0,0.0,0.0,0.22,1680000000.0,1372000000.0,355000000.0,0.198,1.872,12.277,18.573,138000000.0,0.0,17.83,2.706,3.984,510000000.0,2686000000.0,4583000000.0,4583000000.0,584000000.0,0.071,0.096,0.699,0.299,79000000.0,1096000000.0,1.0,695432548.0,1024000000,1035000000.0,4.476,6045000000.0,321000000.0,309000000.0,66000000.0,5.903,3836000000.0
8,ATVI,MRY,2012-12-31,2012-12-31,2012-12-31,2021-08-03,-26000000.0,14200000000.0,12903000000.0,6274000000.0,7926000000.0,0.376,10.177,-73000000.0,3959000000.0,3959000000.0,1662000000.0,1149000000.0,2.366,0.255,0.0,0.0,0.0,0.0,1657000000.0,120000000.0,0.0,0.017,0.18,1451000000.0,1571000000.0,0.324,1571000000.0,1451000000.0,1458000000.0,1.01,1.01,1.01,11317000000.0,10812500000.0,11317000000.0,8907925539.0,6.0,5.67,1272000000.0,1.144,1.0,3194000000.0,0.658,7941000000.0,-7000000.0,-352000000.0,-65500000.0,209000000.0,424000000.0,416000000.0,8000000.0,2883000000.0,2652000000.0,231000000.0,11816925539.0,794000000.0,0.0,-282000000.0,0.0,-204000000.0,-497000000.0,-124000000.0,-49000000.0,1345000000.0,70000000.0,1149000000.0,1149000000.0,1149000000.0,0.0,0.0,0.237,1743000000.0,1451000000.0,343000000.0,0.178,1.044,10.285,10.515,141000000.0,0.0,10.62,2.433,2.432,707000000.0,1893000000.0,4856000000.0,4856000000.0,604000000.0,0.089,0.106,-22.153,0.299,121000000.0,1139000000.0,1.0,1112704853.0,1112000000,1118000000.0,4.367,6259000000.0,487000000.0,309000000.0,25000000.0,5.629,3622000000.0
9,ATVI,MRY,2011-12-31,2011-12-31,2011-12-31,2021-08-03,-72000000.0,13277000000.0,12434750000.0,5380000000.0,7897000000.0,0.382,9.139,-72000000.0,3165000000.0,3165000000.0,1772000000.0,1085000000.0,2.105,0.265,0.0,0.0,0.0,0.0,1472000000.0,148000000.0,0.0,0.013,0.165,1328000000.0,1476000000.0,0.31,1476000000.0,1328000000.0,1331000000.0,0.93,0.92,0.93,10492000000.0,10441250000.0,10492000000.0,11627786766.0,9.0,7.878,880000000.0,0.767,1.0,2983000000.0,0.627,7865000000.0,-3000000.0,-309000000.0,76000000.0,144000000.0,376000000.0,360000000.0,16000000.0,2785000000.0,2556000000.0,229000000.0,14096786766.0,353000000.0,-3000000.0,-623000000.0,0.0,-194000000.0,-808000000.0,266000000.0,333000000.0,952000000.0,-57000000.0,1085000000.0,1085000000.0,1085000000.0,0.0,0.0,0.228,1655000000.0,1328000000.0,390000000.0,0.177,1.344,12.992,13.247,163000000.0,0.0,12.32,2.965,2.974,649000000.0,948000000.0,4755000000.0,4755000000.0,629000000.0,0.087,0.104,17.474,0.279,79000000.0,1001000000.0,1.0,1144219705.0,1148000000,1156000000.0,4.142,5412000000.0,507000000.0,246000000.0,55000000.0,4.714,2824000000.0
10,ATVI,MRY,2010-12-31,2010-12-31,2010-12-31,2021-08-03,-13000000.0,13447000000.0,12819000000.0,5432000000.0,8015000000.0,0.347,8.349,-97000000.0,2812000000.0,2812000000.0,2135000000.0,418000000.0,1.835,0.318,0.0,0.0,0.0,0.0,1726000000.0,198000000.0,0.0,0.012,0.15,492000000.0,690000000.0,0.155,690000000.0,492000000.0,492000000.0,0.34,0.33,0.34,10203000000.0,10668750000.0,10203000000.0,12880018226.0,26.0,18.667,1279000000.0,1.047,1.0,2312000000.0,0.52,8000000000.0,0.0,-325000000.0,252500000.0,112000000.0,719000000.0,696000000.0,23000000.0,3244000000.0,2960000000.0,284000000.0,15003018226.0,44000000.0,-4000000.0,-878000000.0,0.0,-189000000.0,-1053000000.0,-312000000.0,-220000000.0,1376000000.0,33000000.0,418000000.0,418000000.0,418000000.0,0.0,0.0,0.094,1843000000.0,469000000.0,363000000.0,0.441,1.47,35.892,36.588,169000000.0,0.0,12.44,3.374,3.418,673000000.0,57000000.0,4447000000.0,4447000000.0,626000000.0,0.033,0.039,1.949,0.111,109000000.0,891000000.0,1.0,1206030404.0,1222000000,1236000000.0,3.639,5447000000.0,648000000.0,74000000.0,120000000.0,4.457,2472000000.0
11,ATVI,MRY,2009-12-31,2009-12-31,2009-12-31,2021-08-03,-24000000.0,13742000000.0,13591000000.0,5329000000.0,8413000000.0,0.315,8.383,-69000000.0,2768000000.0,2768000000.0,2307000000.0,113000000.0,2.126,0.278,0.0,0.0,0.0,0.0,1426000000.0,347000000.0,0.0,0.0,0.0,-8000000.0,339000000.0,0.079,339000000.0,-8000000.0,-8000000.0,0.09,0.09,0.09,10756000000.0,11256750000.0,10756000000.0,11730801834.0,-1466.0,34.604,1114000000.0,0.868,1.0,1972000000.0,0.461,8522000000.0,0.0,-55000000.0,350000000.0,241000000.0,500000000.0,477000000.0,23000000.0,2986000000.0,2507000000.0,479000000.0,14090801834.0,-190000000.0,0.0,-1028000000.0,0.0,0.0,-949000000.0,-443000000.0,-379000000.0,1183000000.0,19000000.0,113000000.0,113000000.0,113000000.0,0.0,0.0,0.026,1998000000.0,-26000000.0,302000000.0,0.0,1.31,124.697,123.444,138000000.0,0.0,11.11,3.293,3.331,739000000.0,-361000000.0,4279000000.0,4279000000.0,627000000.0,0.008,0.01,-0.023,-0.002,77000000.0,939000000.0,1.0,1268298995.0,1283000000,1311000000.0,3.335,5220000000.0,498000000.0,-121000000.0,270000000.0,4.069,2822000000.0
12,ATVI,MRY,2008-12-31,2008-12-31,2008-12-31,2021-08-03,-43000000.0,14465000000.0,8371307250.0,5259000000.0,9206000000.0,0.361,12.185,-46000000.0,2958000000.0,2958000000.0,1839000000.0,-107000000.0,2.524,0.255,0.0,0.0,0.0,0.0,923000000.0,385000000.0,0.0,0.0,0.0,-187000000.0,198000000.0,0.065,198000000.0,-187000000.0,-187000000.0,-0.11,-0.11,-0.11,11527000000.0,6838219000.0,11527000000.0,8600736002.0,-46.0,43.438,333000000.0,0.352,1.0,1187000000.0,0.392,9233000000.0,0.0,190000000.0,247757500.0,262000000.0,122000000.0,44000000.0,78000000.0,2938000000.0,2084000000.0,854000000.0,11442736002.0,2896000000.0,1120000000.0,1625000000.0,0.0,0.0,1488000000.0,1101000000.0,0.0,379000000.0,-72000000.0,-107000000.0,-107000000.0,-107000000.0,0.0,0.0,-0.035,1420000000.0,-233000000.0,319000000.0,0.0,0.993,-106.941,-78.545,149000000.0,0.0,8.64,3.781,2.701,974000000.0,-474000000.0,3026000000.0,3026000000.0,592000000.0,-0.013,-0.016,-0.755,-0.062,68000000.0,735000000.0,1.0,1324390741.0,946000000,946000000.0,3.199,5232000000.0,536000000.0,-80000000.0,615000000.0,5.531,3175000000.0
13,ATVI,MRY,2007-12-31,2007-12-31,2007-12-31,2021-08-03,40000000.0,879000000.0,1618303250.0,398000000.0,481000000.0,0.834,0.406,-68000000.0,62000000.0,62000000.0,436000000.0,227000000.0,0.754,2.663,0.0,0.0,0.0,0.0,197000000.0,63000000.0,0.0,0.0,0.0,175000000.0,238000000.0,0.176,238000000.0,175000000.0,175000000.0,0.38,0.38,0.38,240000000.0,1160643750.0,240000000.0,8259384178.0,47.0,34.703,363000000.0,0.614,1.0,913000000.0,0.677,356000000.0,0.0,-67000000.0,485490000.0,21000000.0,3000000.0,3000000.0,0.0,639000000.0,528000000.0,111000000.0,8651913178.0,-6000000.0,0.0,0.0,0.0,0.0,-371000000.0,-68000000.0,0.0,431000000.0,2000000.0,227000000.0,227000000.0,227000000.0,0.0,0.0,0.168,734000000.0,179000000.0,49000000.0,0.0,36.05,38.114,39.079,129000000.0,0.0,14.85,6.414,6.506,112000000.0,-367000000.0,1349000000.0,1349000000.0,397000000.0,0.14,0.196,0.36,0.13,138000000.0,338000000.0,1.0,582620416.0,591000000,591000000.0,2.283,523000000.0,167000000.0,-52000000.0,0.0,0.885,-130000000.0
14,ATVI,MRY,2006-12-31,2006-12-31,2006-12-31,2021-08-03,18659000.0,1891470000.0,1569732500.0,1484378000.0,407092000.0,0.649,2.384,-96000000.0,367910000.0,367910000.0,367000000.0,139000000.0,3.362,0.343,0.0,0.0,0.0,0.0,0.0,39000000.0,0.0,0.0,0.0,106000000.0,145000000.0,0.142,145000000.0,106000000.0,106000000.0,0.24,0.24,0.24,1408886000.0,1276396250.0,1408886000.0,4588580074.0,43.0,31.645,137000000.0,0.232,1.0,651000000.0,0.639,383633000.0,0.0,698471000.0,671107500.0,85680000.0,437290000.0,437290000.0,0.0,482584000.0,441456000.0,41128000.0,4833603074.0,36000000.0,-26000000.0,0.0,0.0,0.0,-77000000.0,-124000000.0,0.0,233000000.0,4000000.0,139000000.0,139000000.0,139000000.0,0.0,0.0,0.137,530000000.0,121000000.0,193875000.0,0.0,3.431,34.774,35.917,46713000.0,0.0,8.62,4.748,5.004,456589000.0,442199000.0,1018000000.0,1018000000.0,246000000.0,0.089,0.109,0.158,0.104,48000000.0,280000000.0,1.0,560742816.0,591000000,591000000.0,1.723,1507837000.0,89818000.0,-33000000.0,0.0,2.551,1042922000.0
15,ATVI,MRY,2005-12-31,2005-03-31,2005-03-31,2021-08-03,11618000.0,1305919000.0,1185139500.0,1122464000.0,183455000.0,1.186,2.194,-14941000.0,313608000.0,313608000.0,844946000.0,135057000.0,5.38,0.19,0.0,0.0,0.0,0.0,0.0,10702000.0,0.0,0.0,0.0,192700000.0,203402000.0,0.145,203402000.0,192700000.0,192700000.0,0.27,0.245,0.27,1097274000.0,964833500.0,1097274000.0,2405982508.0,12.0,11.829,200368000.0,0.401,1.0,560911000.0,0.399,219001000.0,0.0,564665000.0,400613750.0,48018000.0,527256000.0,527256000.0,0.0,208645000.0,208645000.0,0.0,2808512508.0,148488000.0,-21382000.0,72654000.0,0.0,0.0,72654000.0,-143896000.0,-107573000.0,215309000.0,4421000.0,135057000.0,135057000.0,135057000.0,0.0,0.0,0.096,381303000.0,179608000.0,108984000.0,0.0,2.56,20.795,20.556,30490000.0,0.0,5.55,1.998,1.974,109144000.0,301739000.0,1405857000.0,1405857000.0,87776000.0,0.114,0.14,0.481,0.137,56574000.0,293527000.0,1.0,506038290.0,500046000,555424000.0,2.811,1086918000.0,33757000.0,57643000.0,0.0,2.174,913819000.0
16,ATVI,MRY,2004-12-31,2004-03-31,2004-03-31,2021-08-03,9961000.0,968817000.0,890980250.0,811875000.0,156942000.0,1.064,1.758,-11976000.0,165120000.0,165120000.0,567147000.0,74098000.0,5.966,0.163,0.0,0.0,0.0,0.0,0.0,10795000.0,0.0,0.0,0.0,110712000.0,121507000.0,0.128,121507000.0,110712000.0,110712000.0,0.155,0.145,0.155,832738000.0,731118500.0,832738000.0,1710912771.0,15.0,14.081,55427000.0,0.117,1.0,380509000.0,0.402,211694000.0,0.0,455924000.0,236811750.0,26427000.0,422529000.0,422529000.0,0.0,136079000.0,136079000.0,0.0,2136336771.0,26012000.0,-3480000.0,120387000.0,-2818000.0,0.0,117569000.0,-170155000.0,-154699000.0,67403000.0,11195000.0,74098000.0,74098000.0,74098000.0,0.0,0.0,0.078,275972000.0,104537000.0,72874000.0,0.0,2.565,28.831,28.706,25539000.0,0.0,4.449,2.254,2.224,62577000.0,208279000.0,947656000.0,947656000.0,99838000.0,0.083,0.101,0.468,0.117,15183000.0,176134000.0,1.0,480143115.0,473774000,516700000.0,2.0,757123000.0,35191000.0,36614000.0,0.0,1.598,675796000.0
17,ATVI,MRY,2003-12-31,2003-03-31,2003-03-31,2021-08-03,-3434000.0,704816000.0,853450000.0,526905000.0,177911000.0,1.012,1.165,-11877000.0,285554000.0,285554000.0,565173000.0,66180000.0,5.047,0.179,2818000.0,147000.0,2671000.0,2818000.0,0.0,12114000.0,0.0,0.0,0.0,103407000.0,115521000.0,0.134,115521000.0,103407000.0,103407000.0,0.128,0.12,0.128,597740000.0,716647750.0,597740000.0,599949630.0,6.0,5.193,79098000.0,0.154,1.0,298943000.0,0.346,175940000.0,0.0,141735000.0,181385750.0,19577000.0,121400000.0,121400000.0,0.0,107076000.0,104405000.0,2671000.0,956112630.0,-139899000.0,-21199000.0,64810000.0,-720000.0,0.0,64090000.0,-301547000.0,-267476000.0,90975000.0,6583000.0,66180000.0,66180000.0,66180000.0,0.0,0.0,0.077,204096000.0,94847000.0,45602000.0,0.0,1.6,14.447,14.111,22265000.0,0.0,1.806,1.106,1.073,15822000.0,130564000.0,864116000.0,864116000.0,56971000.0,0.078,0.092,0.57,0.12,23884000.0,147125000.0,1.0,529335712.0,513277333,552826667.0,1.684,528876000.0,48612000.0,37227000.0,0.0,1.03,422500000.0
18,ATVI,MRY,2002-12-31,2002-03-31,2002-03-31,2021-08-03,-11498000.0,556887000.0,483080750.0,456873000.0,100014000.0,1.628,1.061,-9150000.0,279007000.0,279007000.0,534731000.0,52238000.0,3.694,0.295,3290000.0,168000.0,3122000.0,3290000.0,0.0,7350000.0,0.0,0.0,0.0,83120000.0,90470000.0,0.115,90470000.0,83120000.0,83120000.0,0.129,0.11,0.129,430091000.0,349593000.0,430091000.0,1428041436.0,17.0,15.785,102642000.0,0.253,1.0,251703000.0,0.32,92734000.0,0.0,64762000.0,147097750.0,20736000.0,0.0,0.0,0.0,126796000.0,123674000.0,3122000.0,1619034436.0,153457000.0,0.0,60806000.0,-10404000.0,0.0,50402000.0,-8701000.0,0.0,111792000.0,-36000.0,52238000.0,52238000.0,52238000.0,0.0,0.0,0.066,171129000.0,80574000.0,64410000.0,0.0,3.764,30.993,28.905,17832000.0,0.0,3.729,2.059,1.921,76733000.0,64384000.0,786434000.0,786434000.0,40960000.0,0.108,0.149,0.565,0.106,48513000.0,130169000.0,1.0,434203000.0,405212444,475644444.0,1.941,464153000.0,51403000.0,30882000.0,0.0,1.145,333199000.0
19,ATVI,MRY,2001-12-31,2001-03-31,2001-03-31,2021-08-03,-11377000.0,359957000.0,332811500.0,298230000.0,61727000.0,1.863,0.608,-9780000.0,125550000.0,125550000.0,414609000.0,20507000.0,2.588,0.985,73632000.0,10231000.0,63401000.0,73632000.0,0.0,7674000.0,0.0,0.0,0.0,32544000.0,40218000.0,0.065,40218000.0,32544000.0,32544000.0,0.069,0.062,0.069,181306000.0,139224750.0,181306000.0,663700424.0,20.0,16.503,71785000.0,0.241,1.0,205574000.0,0.331,52521000.0,0.0,140268000.0,217832250.0,43888000.0,0.0,0.0,0.0,178651000.0,115250000.0,63401000.0,638936424.0,75565000.0,0.0,18617000.0,-16070000.0,0.0,2547000.0,-8631000.0,0.0,81565000.0,84000.0,20507000.0,20507000.0,20507000.0,0.0,0.0,0.033,165767000.0,39807000.0,60980000.0,0.0,3.524,31.157,29.36,15240000.0,0.0,2.026,1.03,0.975,73802000.0,12146000.0,620183000.0,620183000.0,41396000.0,0.062,0.147,0.149,0.052,11832000.0,124371000.0,1.0,315394368.0,298384000,328800000.0,2.078,307436000.0,28051000.0,12037000.0,0.0,1.03,182980000.0
20,ATVI,MRY,2000-12-31,2000-03-31,2000-03-31,2021-08-03,-6066000.0,309737000.0,356087250.0,262175000.0,47562000.0,1.607,0.446,-4518000.0,49985000.0,49985000.0,410660000.0,-34088000.0,2.522,1.346,90038000.0,16260000.0,73778000.0,90038000.0,0.0,45866000.0,0.0,0.0,0.0,-30325000.0,15541000.0,0.027,15541000.0,-30325000.0,-38736000.0,-0.115,-0.115,-0.115,132009000.0,148359250.0,132009000.0,374467205.0,-12.0,24.095,-1635000.0,-0.006,1.0,161545000.0,0.282,12347000.0,8411000.0,233493000.0,248548750.0,40453000.0,0.0,0.0,0.0,177728000.0,103950000.0,73778000.0,308022205.0,16948000.0,-20523000.0,22480000.0,19548000.0,0.0,42028000.0,-25041000.0,0.0,2883000.0,-2922000.0,-34088000.0,-34088000.0,-34088000.0,0.0,0.0,-0.06,191870000.0,-30325000.0,38286000.0,0.0,2.333,-9.036,-8.739,10815000.0,0.0,1.005,0.538,0.52,108108000.0,-8361000.0,572205000.0,572205000.0,26275000.0,-0.096,-0.23,-0.122,-0.053,3017000.0,123977000.0,1.0,306489756.0,296296000,296296000.0,1.931,297390000.0,20214000.0,-4648000.0,0.0,1.004,158225000.0
21,ATVI,MRY,1999-12-31,1999-03-31,1999-03-31,2021-08-03,-2510000.0,283345000.0,263791000.0,231360000.0,51985000.0,1.655,0.464,-3800000.0,33037000.0,33037000.0,297031000.0,14891000.0,2.435,1.228,67135000.0,5992000.0,61143000.0,67135000.0,0.0,6488000.0,0.0,0.0,0.0,26667000.0,33155000.0,0.076,33155000.0,26667000.0,23636000.0,0.054,0.052,0.054,127190000.0,109518250.0,127190000.0,300200237.0,11.0,9.054,-46141000.0,-0.168,1.0,139495000.0,0.32,21647000.0,3031000.0,200791000.0,169957250.0,30931000.0,0.0,0.0,0.0,156155000.0,95005000.0,61150000.0,278515237.0,-41282000.0,0.0,6069000.0,1151000.0,0.0,7220000.0,-3800000.0,0.0,-42341000.0,-2361000.0,14891000.0,14891000.0,14891000.0,0.0,0.0,0.034,112828000.0,26667000.0,43853000.0,0.0,2.19,18.704,19.105,10924000.0,0.0,1.032,0.638,0.648,117541000.0,25727000.0,436526000.0,436526000.0,22875000.0,0.056,0.136,0.157,0.061,1059000.0,88368000.0,1.0,269966304.0,274332000,287184000.0,1.591,261698000.0,9001000.0,8745000.0,0.0,0.954,136355000.0
22,ATVI,MRY,1998-12-31,1998-03-31,1998-03-31,2021-08-03,92000.0,229280000.0,174517000.0,185876000.0,43404000.0,1.793,0.368,-8872000.0,74241000.0,74241000.0,206028000.0,4970000.0,2.651,1.354,65984000.0,4292000.0,61692000.0,65984000.0,0.0,5346000.0,0.0,0.0,0.0,9218000.0,14564000.0,0.047,14564000.0,9218000.0,8106000.0,0.018,0.018,0.018,97397000.0,89688500.0,97397000.0,174467757.0,19.0,11.979,22798000.0,0.086,1.0,106878000.0,0.342,23473000.0,1112000.0,127447000.0,86600000.0,19425000.0,0.0,0.0,0.0,131883000.0,70103000.0,61780000.0,203115757.0,50968000.0,-1058000.0,5338000.0,58786000.0,0.0,62862000.0,-43814000.0,0.0,31670000.0,250000.0,4970000.0,4970000.0,4970000.0,0.0,0.0,0.016,97660000.0,9218000.0,50473000.0,0.0,2.085,40.868,49.769,11944000.0,0.0,0.896,0.649,0.757,73926000.0,10758000.0,312906000.0,312906000.0,28285000.0,0.028,0.055,0.106,0.029,0.0,67813000.0,1.0,226733868.0,264456000,274908000.0,1.183,205807000.0,8517000.0,3136000.0,0.0,0.778,115773000.0
23,ATVI,MRY,1997-12-31,1997-03-31,1997-03-31,2021-08-03,-158000.0,119754000.0,,85548000.0,34206000.0,,0.337,-4580000.0,21358000.0,21358000.0,116232000.0,7631000.0,2.538,0.442,4816000.0,2283000.0,2533000.0,4816000.0,0.0,4167000.0,0.0,0.0,0.0,11531000.0,15698000.0,0.083,15698000.0,11531000.0,11612000.0,0.031,0.03,0.031,81980000.0,,81980000.0,,,,376000.0,0.002,1.0,73007000.0,0.386,23749000.0,-81000.0,45753000.0,,8283000.0,0.0,0.0,0.0,36274000.0,33710000.0,2564000.0,,-2472000.0,-3878000.0,2670000.0,7939000.0,0.0,11981000.0,-19588000.0,0.0,4956000.0,179000.0,7631000.0,7631000.0,7631000.0,0.0,0.0,0.04,61476000.0,11531000.0,19291000.0,0.0,,,30.242,5990000.0,0.0,0.938,,1.205,46633000.0,8664000.0,189239000.0,189239000.0,20470000.0,,,,0.061,0.0,39462000.0,1.0,,243144000,251412000.0,0.778,96005000.0,5705000.0,3981000.0,0.0,0.395,51838000.0
24,ATVI,MRY,1996-12-31,1996-03-31,1996-03-31,2021-08-03,,,,,,,,-3045000.0,,,21749000.0,5530000.0,,,,,,,,2646000.0,,0.0,0.0,4239000.0,6885000.0,0.112,6885000.0,4239000.0,4239000.0,0.03,0.028,0.03,,,,,,,-6831000.0,-0.037,1.0,39644000.0,0.646,,0.0,,,,,,,,,,,-12067000.0,0.0,-5041000.0,0.0,0.0,-5041000.0,-3045000.0,0.0,-3786000.0,-195000.0,5530000.0,5530000.0,5530000.0,0.0,0.0,0.09,37112000.0,2532000.0,,0.0,,,36.444,,0.0,1.093,,3.277,,,61393000.0,61393000.0,17505000.0,,,,0.069,0.0,18324000.0,1.0,,183984000,195252000.0,0.334,,,-1291000.0,,,
0,ATVI,MRQ,2021-06-30,2021-06-30,2021-06-30,2021-08-03,-593000000.0,23572000000.0,,10887000000.0,12685000000.0,,20.96,-14000000.0,9209000000.0,9209000000.0,555000000.0,876000000.0,4.832,0.447,3606000000.0,0.0,3606000000.0,3606000000.0,1058000000.0,44000000.0,0.0,0.005,0.47,959000000.0,1003000000.0,0.437,1003000000.0,959000000.0,1002000000.0,1.13,1.12,1.13,16286000000.0,,16286000000.0,68483479479.0,22.0,20.671,374000000.0,0.481,1.0,1741000000.0,0.758,10730000000.0,-43000000.0,4986000000.0,,0.0,0.0,0.0,0.0,7286000000.0,2253000000.0,5033000000.0,74158479479.0,-64000000.0,0.0,38000000.0,0.0,-365000000.0,-376000000.0,-88000000.0,-95000000.0,388000000.0,12000000.0,876000000.0,876000000.0,876000000.0,0.0,0.0,0.382,782000000.0,959000000.0,217000000.0,0.416,4.554,28.435,28.32,174000000.0,0.0,95.44,8.298,8.298,682000000.0,10821000000.0,2296000000.0,2296000000.0,335000000.0,,,,,43000000.0,434000000.0,1.0,777016759.0,777000000,783000000.0,2.955,12842000000.0,1447000000.0,126000000.0,511000000.0,16.528,8634000000.0
1,ATVI,MRQ,2021-03-31,2021-03-31,2021-03-31,2021-08-03,-600000000.0,23425000000.0,,10922000000.0,12503000000.0,,19.782,-22000000.0,9281000000.0,9281000000.0,578000000.0,619000000.0,3.434,0.528,3606000000.0,0.0,3606000000.0,3606000000.0,1459000000.0,49000000.0,0.0,0.004,0.0,795000000.0,844000000.0,0.371,844000000.0,795000000.0,765000000.0,0.8,0.79,0.8,15331000000.0,,15331000000.0,67010118745.0,23.0,21.484,822000000.0,1.061,1.0,1697000000.0,0.746,10701000000.0,30000000.0,3868000000.0,,0.0,0.0,0.0,0.0,8094000000.0,3181000000.0,4913000000.0,72052118745.0,635000000.0,0.0,29000000.0,0.0,0.0,-95000000.0,-86000000.0,-64000000.0,844000000.0,-28000000.0,619000000.0,619000000.0,619000000.0,0.0,0.0,0.272,902000000.0,795000000.0,225000000.0,0.0,4.7,31.164,31.104,192000000.0,0.0,93.0,8.405,8.407,773000000.0,9945000000.0,2275000000.0,2275000000.0,353000000.0,,,,,151000000.0,519000000.0,1.0,774753965.0,775000000,783000000.0,2.935,12724000000.0,1250000000.0,146000000.0,365000000.0,16.418,7741000000.0
2,ATVI,MRQ,2020-12-31,2020-12-31,2020-12-31,2021-08-03,-622000000.0,23109000000.0,,10565000000.0,12544000000.0,,19.503,-22000000.0,8647000000.0,8647000000.0,817000000.0,509000000.0,3.408,0.537,3605000000.0,0.0,3605000000.0,3605000000.0,1689000000.0,62000000.0,0.0,0.004,0.0,595000000.0,657000000.0,0.272,657000000.0,595000000.0,563000000.0,0.66,0.65,0.66,15037000000.0,,15037000000.0,67948789627.0,25.0,22.917,1118000000.0,1.45,1.0,1595000000.0,0.661,10728000000.0,32000000.0,4239000000.0,,0.0,0.0,0.0,0.0,8072000000.0,3100000000.0,4972000000.0,71759789627.0,1235000000.0,0.0,56000000.0,28000000.0,0.0,58000000.0,0.0,22000000.0,1140000000.0,37000000.0,509000000.0,509000000.0,509000000.0,0.0,0.0,0.211,1000000000.0,595000000.0,295000000.0,0.0,4.772,32.663,32.579,209000000.0,0.0,92.85,8.875,8.853,1052000000.0,9691000000.0,2412000000.0,2412000000.0,348000000.0,,,,,80000000.0,597000000.0,1.0,772857185.0,771000000,781000000.0,3.128,12381000000.0,1318000000.0,54000000.0,418000000.0,16.058,7465000000.0
3,ATVI,MRQ,2020-09-30,2020-09-30,2020-09-30,2021-08-03,-633000000.0,21577000000.0,,9002000000.0,12575000000.0,,18.63,-24000000.0,7415000000.0,7415000000.0,469000000.0,604000000.0,4.116,0.5,3604000000.0,0.0,3604000000.0,3604000000.0,1108000000.0,62000000.0,0.0,0.005,0.0,747000000.0,809000000.0,0.414,809000000.0,747000000.0,722000000.0,0.78,0.78,0.78,14382000000.0,,14382000000.0,58821043095.0,23.0,20.574,172000000.0,0.223,1.0,1485000000.0,0.76,10776000000.0,25000000.0,4803000000.0,,0.0,0.0,0.0,0.0,7195000000.0,2187000000.0,5008000000.0,62483043095.0,1077000000.0,0.0,45000000.0,896000000.0,0.0,934000000.0,-90000000.0,-66000000.0,196000000.0,37000000.0,604000000.0,604000000.0,604000000.0,0.0,0.0,0.309,707000000.0,778000000.0,224000000.0,0.0,4.345,28.222,28.206,211000000.0,0.0,80.95,8.157,8.158,619000000.0,9183000000.0,1954000000.0,1954000000.0,274000000.0,,,,,53000000.0,424000000.0,1.0,771872058.0,772000000,779000000.0,2.531,10801000000.0,1287000000.0,118000000.0,480000000.0,13.991,6815000000.0
4,ATVI,MRQ,2020-06-30,2020-06-30,2020-06-30,2021-08-03,-634000000.0,20220000000.0,,7719000000.0,12501000000.0,,17.746,-13000000.0,6338000000.0,6338000000.0,469000000.0,580000000.0,3.019,0.478,2676000000.0,0.0,2676000000.0,2676000000.0,1222000000.0,60000000.0,0.0,0.005,0.41,749000000.0,809000000.0,0.419,809000000.0,749000000.0,727000000.0,0.75,0.75,0.75,13682000000.0,,13682000000.0,55248846035.0,27.0,23.097,755000000.0,0.979,1.0,1463000000.0,0.757,10712000000.0,22000000.0,3289000000.0,,0.0,0.0,0.0,0.0,6538000000.0,2557000000.0,3981000000.0,58479846035.0,430000000.0,0.0,43000000.0,0.0,-316000000.0,-288000000.0,-60000000.0,-47000000.0,768000000.0,10000000.0,580000000.0,580000000.0,580000000.0,0.0,0.0,0.3,714000000.0,749000000.0,177000000.0,0.547,4.274,32.238,32.161,222000000.0,0.0,75.9,8.369,8.374,614000000.0,8579000000.0,1932000000.0,1932000000.0,291000000.0,,,,,42000000.0,417000000.0,1.0,770485455.0,771000000,776000000.0,2.506,9508000000.0,1221000000.0,147000000.0,436000000.0,12.332,5162000000.0
5,ATVI,MRQ,2020-03-31,2020-03-31,2020-03-31,2021-08-03,-628000000.0,19604000000.0,,7119000000.0,12485000000.0,,16.932,-19000000.0,5906000000.0,5906000000.0,505000000.0,505000000.0,2.781,0.506,2675000000.0,0.0,2675000000.0,2675000000.0,1064000000.0,78000000.0,0.0,0.0,0.0,612000000.0,690000000.0,0.386,690000000.0,612000000.0,604000000.0,0.66,0.65,0.66,13021000000.0,,13021000000.0,42634296248.0,26.0,21.158,129000000.0,0.168,1.0,1283000000.0,0.718,10644000000.0,8000000.0,3169000000.0,,0.0,0.0,0.0,0.0,6583000000.0,2560000000.0,4023000000.0,45753296248.0,112000000.0,0.0,26000000.0,0.0,0.0,7000000.0,-28000000.0,-9000000.0,148000000.0,-15000000.0,505000000.0,505000000.0,505000000.0,0.0,0.0,0.282,671000000.0,612000000.0,158000000.0,0.0,3.514,29.291,29.157,236000000.0,0.0,59.48,7.091,7.089,590000000.0,7999000000.0,1788000000.0,1788000000.0,238000000.0,,,,,43000000.0,410000000.0,1.0,769221524.0,769000000,774000000.0,2.325,8960000000.0,1234000000.0,99000000.0,458000000.0,11.651,4559000000.0
6,ATVI,MRQ,2019-12-31,2019-12-31,2019-12-31,2021-08-03,-619000000.0,19845000000.0,,7292000000.0,12553000000.0,,16.63,-37000000.0,5794000000.0,5794000000.0,657000000.0,525000000.0,2.502,0.55,2675000000.0,0.0,2675000000.0,2675000000.0,1375000000.0,97000000.0,0.0,0.006,0.0,454000000.0,551000000.0,0.277,551000000.0,454000000.0,447000000.0,0.68,0.68,0.68,12805000000.0,,12805000000.0,43385013359.0,27.0,21.703,881000000.0,1.144,1.0,1329000000.0,0.669,10671000000.0,7000000.0,3140000000.0,,0.0,0.0,0.0,0.0,7040000000.0,2915000000.0,4125000000.0,45650013359.0,852000000.0,0.0,18000000.0,0.0,0.0,14000000.0,-101000000.0,-65000000.0,918000000.0,21000000.0,525000000.0,525000000.0,525000000.0,0.0,0.0,0.264,875000000.0,454000000.0,292000000.0,0.0,3.565,30.373,30.316,253000000.0,0.0,59.42,7.035,7.023,848000000.0,7813000000.0,1986000000.0,1986000000.0,296000000.0,,,,,39000000.0,551000000.0,1.0,768260070.0,770000000,774000000.0,2.579,9174000000.0,1293000000.0,-78000000.0,505000000.0,11.914,4377000000.0
7,ATVI,MRQ,2019-09-30,2019-09-30,2019-09-30,2021-08-03,-607000000.0,17805000000.0,,6012000000.0,11793000000.0,,15.952,-34000000.0,4939000000.0,4939000000.0,442000000.0,204000000.0,3.433,0.455,2674000000.0,0.0,2674000000.0,2674000000.0,695000000.0,95000000.0,0.0,0.007,0.0,247000000.0,342000000.0,0.267,342000000.0,247000000.0,249000000.0,0.27,0.26,0.27,12235000000.0,,12235000000.0,38672012745.0,21.0,17.066,275000000.0,0.359,1.0,840000000.0,0.655,10696000000.0,-2000000.0,3093000000.0,,102000000.0,0.0,0.0,0.0,5570000000.0,1751000000.0,3819000000.0,40591012745.0,347000000.0,0.0,30000000.0,0.0,0.0,23000000.0,42000000.0,78000000.0,309000000.0,-27000000.0,204000000.0,204000000.0,204000000.0,0.0,0.0,0.159,593000000.0,247000000.0,274000000.0,0.0,3.318,24.379,24.275,249000000.0,0.0,52.92,5.896,5.896,386000000.0,7289000000.0,1282000000.0,1282000000.0,210000000.0,,,,,27000000.0,359000000.0,1.0,767025940.0,767000000,771000000.0,1.671,7109000000.0,357000000.0,45000000.0,23000000.0,9.269,4261000000.0
8,ATVI,MRQ,2019-06-30,2019-06-30,2019-06-30,2021-08-03,-608000000.0,17495000000.0,,5663000000.0,11832000000.0,,15.636,-27000000.0,4592000000.0,4592000000.0,433000000.0,328000000.0,3.455,0.461,2673000000.0,0.0,2673000000.0,2673000000.0,728000000.0,96000000.0,0.0,0.008,0.0,336000000.0,432000000.0,0.309,432000000.0,336000000.0,370000000.0,0.43,0.43,0.43,11977000000.0,,11977000000.0,34131517137.0,19.0,15.056,127000000.0,0.166,1.0,963000000.0,0.69,10670000000.0,-34000000.0,3267000000.0,,46000000.0,0.0,0.0,0.0,5518000000.0,1639000000.0,3879000000.0,36155517137.0,-101000000.0,0.0,27000000.0,0.0,-283000000.0,-298000000.0,42000000.0,62000000.0,154000000.0,1000000.0,328000000.0,328000000.0,328000000.0,0.0,0.0,0.235,627000000.0,336000000.0,180000000.0,0.0,3.019,21.008,20.978,259000000.0,0.0,47.2,5.082,5.082,455000000.0,7085000000.0,1396000000.0,1396000000.0,244000000.0,,,,,37000000.0,361000000.0,1.0,766006719.0,766000000,770000000.0,1.822,6825000000.0,366000000.0,42000000.0,20000000.0,8.91,4024000000.0
9,ATVI,MRQ,2019-03-31,2019-03-31,2019-03-31,2021-08-03,-602000000.0,17948000000.0,,6037000000.0,11911000000.0,,15.178,-18000000.0,4696000000.0,4696000000.0,563000000.0,447000000.0,2.631,0.548,2672000000.0,0.0,2672000000.0,2672000000.0,931000000.0,104000000.0,0.0,0.008,0.37,570000000.0,674000000.0,0.369,674000000.0,570000000.0,567000000.0,0.58,0.58,0.58,11596000000.0,,11596000000.0,33223356238.0,17.0,13.954,432000000.0,0.565,1.0,1262000000.0,0.692,10707000000.0,3000000.0,2922000000.0,,45000000.0,0.0,0.0,0.0,6352000000.0,2295000000.0,4057000000.0,34777356238.0,471000000.0,0.0,30000000.0,0.0,0.0,24000000.0,-5000000.0,13000000.0,450000000.0,2000000.0,447000000.0,447000000.0,447000000.0,0.0,0.0,0.245,692000000.0,570000000.0,166000000.0,0.638,2.999,19.375,19.374,264000000.0,0.0,45.53,4.726,4.727,594000000.0,6757000000.0,1825000000.0,1825000000.0,249000000.0,,,,,63000000.0,386000000.0,1.0,763833873.0,764000000,770000000.0,2.389,7241000000.0,373000000.0,120000000.0,22000000.0,9.478,3742000000.0
10,ATVI,MRQ,2018-12-31,2018-12-31,2018-12-31,2021-08-03,-601000000.0,17890000000.0,,6106000000.0,11784000000.0,,14.892,-34000000.0,4225000000.0,4225000000.0,832000000.0,686000000.0,2.311,0.57,2671000000.0,0.0,2671000000.0,2671000000.0,1493000000.0,124000000.0,0.0,0.007,0.0,694000000.0,818000000.0,0.344,818000000.0,694000000.0,690000000.0,0.9,0.89,0.9,11392000000.0,,11392000000.0,34897271937.0,18.0,14.203,965000000.0,1.261,1.0,1549000000.0,0.651,10826000000.0,4000000.0,2868000000.0,,43000000.0,0.0,0.0,0.0,6498000000.0,2642000000.0,3856000000.0,35535271937.0,913000000.0,0.0,8000000.0,0.0,0.0,0.0,-70000000.0,-34000000.0,999000000.0,-16000000.0,686000000.0,686000000.0,686000000.0,0.0,0.0,0.288,855000000.0,694000000.0,253000000.0,0.0,3.119,19.229,19.165,282000000.0,0.0,46.57,4.738,4.732,1035000000.0,6593000000.0,2381000000.0,2381000000.0,325000000.0,,,,,45000000.0,520000000.0,1.0,763050718.0,765000000,771000000.0,3.112,7064000000.0,458000000.0,4000000.0,18000000.0,9.234,3464000000.0
11,ATVI,MRQ,2018-09-30,2018-09-30,2018-09-30,2021-08-03,-613000000.0,16713000000.0,,4972000000.0,11741000000.0,,13.97,-36000000.0,3308000000.0,3308000000.0,513000000.0,260000000.0,2.087,0.568,2670000000.0,0.0,2670000000.0,2670000000.0,1017000000.0,118000000.0,0.0,0.004,0.0,225000000.0,343000000.0,0.227,343000000.0,225000000.0,212000000.0,0.34,0.34,0.34,10659000000.0,,10659000000.0,62961770353.0,43.0,30.299,217000000.0,0.284,1.0,999000000.0,0.661,11111000000.0,13000000.0,2582000000.0,,174000000.0,0.0,0.0,0.0,6054000000.0,2382000000.0,3672000000.0,63424770353.0,-1549000000.0,0.0,14000000.0,-1740000000.0,0.0,-1770000000.0,-36000000.0,0.0,253000000.0,4000000.0,260000000.0,260000000.0,260000000.0,0.0,0.0,0.172,734000000.0,265000000.0,312000000.0,0.0,5.95,109.922,110.92,281000000.0,0.0,83.19,8.857,8.864,641000000.0,5907000000.0,1512000000.0,1512000000.0,263000000.0,,,,,54000000.0,471000000.0,1.0,762408587.0,763000000,771000000.0,1.982,5602000000.0,243000000.0,-48000000.0,11000000.0,7.342,2590000000.0
12,ATVI,MRQ,2018-06-30,2018-06-30,2018-06-30,2021-08-03,-605000000.0,17958000000.0,,6134000000.0,11824000000.0,,13.595,-30000000.0,4857000000.0,4857000000.0,510000000.0,402000000.0,2.978,0.736,4394000000.0,0.0,4394000000.0,4394000000.0,832000000.0,112000000.0,0.0,0.004,0.0,434000000.0,546000000.0,0.333,546000000.0,434000000.0,408000000.0,0.53,0.52,0.53,10346000000.0,,10346000000.0,57271822889.0,38.0,25.891,-21000000.0,-0.028,1.0,1131000000.0,0.689,11124000000.0,26000000.0,4311000000.0,,36000000.0,0.0,0.0,0.0,7612000000.0,2060000000.0,5552000000.0,58096822889.0,-359000000.0,0.0,30000000.0,0.0,-259000000.0,-258000000.0,-73000000.0,-39000000.0,9000000.0,-37000000.0,402000000.0,402000000.0,402000000.0,0.0,0.0,0.245,697000000.0,434000000.0,167000000.0,0.0,5.615,115.043,115.636,281000000.0,0.0,76.32,7.995,7.992,418000000.0,5647000000.0,1641000000.0,1641000000.0,255000000.0,,,,,56000000.0,442000000.0,1.0,761226715.0,761000000,770000000.0,2.156,6834000000.0,324000000.0,6000000.0,13000000.0,8.98,4074000000.0
13,ATVI,MRQ,2018-03-31,2018-03-31,2018-03-31,2021-08-03,-649000000.0,18397000000.0,,6410000000.0,11987000000.0,,12.937,-31000000.0,5217000000.0,5217000000.0,662000000.0,500000000.0,2.19,0.874,4392000000.0,0.0,4392000000.0,4392000000.0,1204000000.0,155000000.0,0.0,0.005,0.34,595000000.0,750000000.0,0.382,750000000.0,595000000.0,567000000.0,0.66,0.65,0.66,9819000000.0,,9819000000.0,50854291986.0,36.0,22.794,498000000.0,0.656,1.0,1303000000.0,0.663,11141000000.0,28000000.0,3504000000.0,,42000000.0,0.0,0.0,0.0,8578000000.0,2927000000.0,5651000000.0,51177291986.0,504000000.0,0.0,47000000.0,0.0,0.0,8000000.0,-51000000.0,-20000000.0,529000000.0,18000000.0,500000000.0,500000000.0,500000000.0,0.0,0.0,0.254,708000000.0,595000000.0,172000000.0,0.515,5.212,147.911,149.911,286000000.0,0.0,67.46,7.052,7.056,431000000.0,5245000000.0,1965000000.0,1965000000.0,259000000.0,,,,,54000000.0,449000000.0,1.0,758631663.0,759000000,770000000.0,2.589,7256000000.0,400000000.0,67000000.0,16000000.0,9.56,3483000000.0
14,ATVI,MRQ,2017-12-31,2017-12-31,2017-12-31,2021-08-03,-638000000.0,18668000000.0,,6520000000.0,12148000000.0,,12.499,-69000000.0,4713000000.0,4713000000.0,803000000.0,-585000000.0,1.78,0.973,4390000000.0,0.0,4390000000.0,4390000000.0,1929000000.0,218000000.0,0.0,0.005,0.0,221000000.0,439000000.0,0.215,439000000.0,221000000.0,184000000.0,-0.78,-0.76,-0.78,9462000000.0,,9462000000.0,48688217491.0,38.0,22.283,1089000000.0,1.439,1.0,1240000000.0,0.607,11322000000.0,37000000.0,3360000000.0,,46000000.0,0.0,0.0,0.0,9206000000.0,3663000000.0,5543000000.0,47876217491.0,1134000000.0,0.0,28000000.0,0.0,0.0,16000000.0,-44000000.0,25000000.0,1158000000.0,4000000.0,-585000000.0,-585000000.0,-585000000.0,0.0,0.0,-0.286,1019000000.0,221000000.0,323000000.0,0.0,5.06,175.371,175.889,294000000.0,0.0,63.32,6.823,6.804,918000000.0,4916000000.0,2043000000.0,2043000000.0,319000000.0,,,,,58000000.0,685000000.0,1.0,756099455.0,757000000,772000000.0,2.699,7346000000.0,459000000.0,769000000.0,21000000.0,9.704,2857000000.0
15,ATVI,MRQ,2017-09-30,2017-09-30,2017-09-30,2021-08-03,-642000000.0,17718000000.0,,5386000000.0,12332000000.0,,13.201,-34000000.0,3576000000.0,3576000000.0,552000000.0,188000000.0,2.254,0.778,4388000000.0,0.0,4388000000.0,4388000000.0,1373000000.0,220000000.0,0.0,0.005,0.0,257000000.0,477000000.0,0.295,477000000.0,257000000.0,220000000.0,0.25,0.25,0.25,9967000000.0,,9967000000.0,49808964935.0,35.0,21.313,345000000.0,0.457,1.0,1066000000.0,0.659,11547000000.0,37000000.0,4594000000.0,,94000000.0,0.0,0.0,0.0,7751000000.0,2389000000.0,5362000000.0,48699964935.0,298000000.0,0.0,20000000.0,0.0,0.0,12000000.0,-115000000.0,-80000000.0,379000000.0,22000000.0,188000000.0,188000000.0,188000000.0,0.0,0.0,0.116,809000000.0,257000000.0,313000000.0,0.0,4.886,43.874,43.588,254000000.0,0.0,64.51,6.968,6.969,888000000.0,5501000000.0,1618000000.0,1618000000.0,273000000.0,,,,,47000000.0,536000000.0,1.0,754921174.0,755000000,766000000.0,2.143,6171000000.0,439000000.0,32000000.0,40000000.0,8.174,2997000000.0
16,ATVI,MRQ,2017-06-30,2017-06-30,2017-06-30,2021-08-03,-640000000.0,16808000000.0,,4352000000.0,12456000000.0,,12.885,-31000000.0,3278000000.0,3278000000.0,561000000.0,243000000.0,2.466,0.73,4387000000.0,0.0,4387000000.0,4387000000.0,940000000.0,226000000.0,0.0,0.005,0.0,339000000.0,565000000.0,0.346,565000000.0,339000000.0,293000000.0,0.32,0.32,0.32,9715000000.0,,9715000000.0,44533344771.0,31.0,18.579,234000000.0,0.31,1.0,1070000000.0,0.656,11695000000.0,46000000.0,4457000000.0,,51000000.0,0.0,0.0,0.0,7093000000.0,1765000000.0,5328000000.0,43388344771.0,27000000.0,0.0,21000000.0,-10000000.0,-226000000.0,-248000000.0,-21000000.0,0.0,265000000.0,31000000.0,243000000.0,243000000.0,243000000.0,0.0,0.0,0.149,731000000.0,339000000.0,163000000.0,0.0,4.466,38.705,38.38,246000000.0,0.0,57.57,6.253,6.256,360000000.0,5312000000.0,1631000000.0,1631000000.0,252000000.0,,,,,38000000.0,479000000.0,1.0,753662407.0,754000000,764000000.0,2.163,5113000000.0,398000000.0,50000000.0,38000000.0,6.781,2587000000.0
17,ATVI,MRQ,2017-03-31,2017-03-31,2017-03-31,2021-08-03,-625000000.0,16921000000.0,,4356000000.0,12565000000.0,,12.598,-21000000.0,3248000000.0,3248000000.0,585000000.0,426000000.0,1.946,0.793,4393000000.0,0.0,4393000000.0,4393000000.0,1153000000.0,224000000.0,0.0,0.006,0.3,493000000.0,717000000.0,0.415,717000000.0,493000000.0,453000000.0,0.57,0.56,0.57,9436000000.0,,9436000000.0,39129089326.0,29.0,17.027,390000000.0,0.521,1.0,1141000000.0,0.661,11880000000.0,40000000.0,3947000000.0,,48000000.0,0.0,0.0,0.0,7485000000.0,2239000000.0,5246000000.0,37487089326.0,-1000000.0,0.0,109000000.0,-500000000.0,0.0,-404000000.0,-27000000.0,0.0,411000000.0,19000000.0,426000000.0,426000000.0,426000000.0,0.0,0.0,0.247,648000000.0,493000000.0,150000000.0,0.526,3.973,36.431,36.13,245000000.0,0.0,49.86,5.45,5.43,344000000.0,5069000000.0,1726000000.0,1726000000.0,225000000.0,,,,,33000000.0,423000000.0,1.0,751846958.0,749000000,761000000.0,2.304,5041000000.0,371000000.0,27000000.0,41000000.0,6.73,2117000000.0
18,ATVI,MRQ,2016-12-31,2016-12-31,2016-12-31,2021-08-03,-629000000.0,17452000000.0,,4830000000.0,12622000000.0,,12.273,-37000000.0,3245000000.0,3245000000.0,776000000.0,253000000.0,1.819,0.914,4887000000.0,0.0,4887000000.0,4887000000.0,1628000000.0,245000000.0,0.0,0.007,0.0,333000000.0,578000000.0,0.287,578000000.0,333000000.0,300000000.0,0.34,0.34,0.34,9119000000.0,,9119000000.0,29170434827.0,22.0,13.574,822000000.0,1.106,1.0,1238000000.0,0.615,12092000000.0,33000000.0,4346000000.0,,49000000.0,0.0,0.0,0.0,8333000000.0,2656000000.0,5677000000.0,26837434827.0,-4336000000.0,2000000.0,20000000.0,-1563000000.0,0.0,-1583000000.0,-3579000000.0,0.0,859000000.0,-33000000.0,253000000.0,253000000.0,253000000.0,0.0,0.0,0.126,813000000.0,425000000.0,222000000.0,0.0,2.943,27.782,27.777,258000000.0,0.0,36.11,4.061,4.044,732000000.0,4869000000.0,2014000000.0,2014000000.0,285000000.0,,,,,40000000.0,528000000.0,1.0,743213371.0,743000000,757000000.0,2.711,5360000000.0,283000000.0,47000000.0,44000000.0,7.214,2174000000.0
19,ATVI,MRQ,2016-09-30,2016-09-30,2016-09-30,2021-08-03,-653000000.0,18380000000.0,,5334000000.0,13046000000.0,,11.884,-28000000.0,4029000000.0,4029000000.0,529000000.0,199000000.0,1.441,1.084,6362000000.0,1481000000.0,4881000000.0,6362000000.0,1320000000.0,243000000.0,0.0,0.006,0.0,294000000.0,537000000.0,0.342,537000000.0,294000000.0,231000000.0,0.27,0.26,0.27,8818000000.0,,8818000000.0,35608990847.0,29.0,19.248,428000000.0,0.577,1.0,1039000000.0,0.663,12335000000.0,63000000.0,4677000000.0,,131000000.0,0.0,0.0,0.0,9562000000.0,3701000000.0,5861000000.0,32846990847.0,1758000000.0,0.0,26000000.0,1320000000.0,0.0,1337000000.0,-37000000.0,0.0,456000000.0,2000000.0,199000000.0,199000000.0,199000000.0,0.0,0.0,0.127,745000000.0,294000000.0,211000000.0,0.0,3.725,37.669,37.542,258000000.0,0.0,44.3,5.525,5.529,446000000.0,4616000000.0,1568000000.0,1568000000.0,249000000.0,,,,,32000000.0,496000000.0,1.0,741467062.0,742000000,756000000.0,2.113,6045000000.0,485000000.0,32000000.0,43000000.0,8.147,1633000000.0
20,ATVI,MRQ,2016-06-30,2016-06-30,2016-06-30,2021-08-03,-649000000.0,16607000000.0,,3420000000.0,13187000000.0,,11.575,-44000000.0,2271000000.0,2271000000.0,598000000.0,151000000.0,1.561,0.941,5033000000.0,56000000.0,4977000000.0,5033000000.0,1238000000.0,234000000.0,0.0,0.007,0.0,232000000.0,466000000.0,0.297,466000000.0,232000000.0,167000000.0,0.2,0.2,0.2,8554000000.0,,8554000000.0,32224961413.0,28.0,21.007,459000000.0,0.621,1.0,972000000.0,0.619,12489000000.0,65000000.0,4689000000.0,,94000000.0,0.0,0.0,0.0,8053000000.0,2191000000.0,5862000000.0,29255961413.0,-601000000.0,0.0,36000000.0,-816000000.0,-195000000.0,-1033000000.0,-45000000.0,0.0,503000000.0,-26000000.0,151000000.0,151000000.0,151000000.0,0.0,0.0,0.096,740000000.0,232000000.0,176000000.0,0.0,3.42,36.57,36.694,260000000.0,0.0,39.63,5.451,5.457,462000000.0,4366000000.0,1570000000.0,1570000000.0,249000000.0,,,,,41000000.0,491000000.0,1.0,738227641.0,739000000,753000000.0,2.124,4118000000.0,405000000.0,16000000.0,50000000.0,5.572,1229000000.0
21,ATVI,MRQ,2016-03-31,2016-03-31,2016-03-31,2021-08-03,-643000000.0,17302000000.0,,4008000000.0,13294000000.0,,11.358,-27000000.0,2872000000.0,2872000000.0,491000000.0,363000000.0,1.726,1.073,5841000000.0,64000000.0,5777000000.0,5841000000.0,1207000000.0,107000000.0,0.0,0.008,0.26,461000000.0,568000000.0,0.39,568000000.0,461000000.0,409000000.0,0.49,0.48,0.49,8348000000.0,,8348000000.0,27128336212.0,22.0,19.104,310000000.0,0.422,1.0,964000000.0,0.663,12666000000.0,52000000.0,5283000000.0,,103000000.0,0.0,0.0,0.0,8954000000.0,2322000000.0,6632000000.0,24872336212.0,1049000000.0,-4588000000.0,24000000.0,1770000000.0,0.0,1779000000.0,-1068000000.0,0.0,337000000.0,1000000.0,363000000.0,363000000.0,363000000.0,0.0,0.0,0.249,503000000.0,461000000.0,150000000.0,0.531,2.979,28.888,28.923,246000000.0,0.0,33.84,5.138,5.138,383000000.0,4239000000.0,1455000000.0,1455000000.0,175000000.0,,,,,34000000.0,328000000.0,1.0,734998115.0,735000000,749000000.0,1.98,4636000000.0,362000000.0,46000000.0,57000000.0,6.307,1686000000.0
22,ATVI,MRQ,2015-12-31,2015-12-31,2015-12-31,2021-08-03,-633000000.0,15246000000.0,,3387000000.0,11859000000.0,,11.037,-16000000.0,1823000000.0,1823000000.0,538000000.0,159000000.0,1.297,0.89,4074000000.0,0.0,4074000000.0,4074000000.0,1702000000.0,30000000.0,0.0,0.006,0.0,249000000.0,279000000.0,0.206,279000000.0,249000000.0,202000000.0,0.22,0.21,0.22,8068000000.0,,8068000000.0,28017127221.0,21.0,19.814,1047000000.0,1.432,1.0,814000000.0,0.602,7993000000.0,47000000.0,6893000000.0,,128000000.0,3561000000.0,0.0,3561000000.0,7178000000.0,2611000000.0,4567000000.0,28304127221.0,-2542000000.0,-46000000.0,24000000.0,0.0,0.0,-30000000.0,-3477000000.0,129000000.0,1063000000.0,-98000000.0,159000000.0,159000000.0,159000000.0,0.0,0.0,0.118,565000000.0,249000000.0,284000000.0,0.0,3.508,31.731,31.992,189000000.0,0.0,38.71,6.069,6.042,679000000.0,4096000000.0,1352000000.0,1352000000.0,193000000.0,,,,,21000000.0,372000000.0,1.0,731183860.0,731000000,748000000.0,1.85,7253000000.0,275000000.0,43000000.0,10000000.0,9.922,776000000.0
23,ATVI,MRQ,2015-09-30,2015-09-30,2015-09-30,2021-08-03,-544000000.0,14302000000.0,,6309000000.0,7993000000.0,,10.944,-46000000.0,4365000000.0,4365000000.0,337000000.0,127000000.0,3.919,0.79,4078000000.0,0.0,4078000000.0,4078000000.0,907000000.0,25000000.0,0.0,0.007,0.0,196000000.0,221000000.0,0.223,221000000.0,196000000.0,145000000.0,0.17,0.17,0.17,7989000000.0,,7989000000.0,22180439816.0,15.0,13.845,-194000000.0,-0.266,1.0,653000000.0,0.66,7982000000.0,51000000.0,4423000000.0,,238000000.0,163000000.0,154000000.0,9000000.0,6313000000.0,1610000000.0,4703000000.0,22519439816.0,-51000000.0,0.0,21000000.0,0.0,0.0,188000000.0,-95000000.0,-29000000.0,-148000000.0,4000000.0,127000000.0,127000000.0,127000000.0,0.0,0.0,0.128,457000000.0,196000000.0,309000000.0,0.0,2.819,20.584,20.732,200000000.0,0.0,30.89,4.608,4.614,503000000.0,3937000000.0,990000000.0,990000000.0,159000000.0,,,,,51000000.0,298000000.0,1.0,729020389.0,730000000,739000000.0,1.356,6320000000.0,373000000.0,18000000.0,110000000.0,8.658,4699000000.0
24,ATVI,MRQ,2015-06-30,2015-06-30,2015-06-30,2021-08-03,-545000000.0,14015000000.0,,6051000000.0,7964000000.0,,10.73,-28000000.0,4416000000.0,4416000000.0,297000000.0,212000000.0,3.917,0.797,4077000000.0,0.0,4077000000.0,4077000000.0,837000000.0,20000000.0,0.0,0.01,0.0,332000000.0,352000000.0,0.337,352000000.0,332000000.0,282000000.0,0.29,0.29,0.29,7801000000.0,,7801000000.0,17190971025.0,13.0,12.175,107000000.0,0.147,1.0,747000000.0,0.716,7987000000.0,50000000.0,4144000000.0,,117000000.0,114000000.0,105000000.0,9000000.0,6214000000.0,1545000000.0,4669000000.0,17580971025.0,-49000000.0,0.0,34000000.0,0.0,-170000000.0,-148000000.0,-128000000.0,-100000000.0,135000000.0,92000000.0,212000000.0,212000000.0,212000000.0,0.0,0.0,0.203,415000000.0,332000000.0,198000000.0,0.0,2.254,18.624,18.767,179000000.0,0.0,24.21,3.781,3.785,201000000.0,3810000000.0,1044000000.0,1044000000.0,149000000.0,,,,,11000000.0,266000000.0,1.0,726186329.0,727000000,735000000.0,1.436,6028000000.0,346000000.0,70000000.0,126000000.0,8.292,4506000000.0
25,ATVI,MRQ,2015-03-31,2015-03-31,2015-03-31,2021-08-03,-619000000.0,13777000000.0,,5863000000.0,7914000000.0,,10.011,-21000000.0,4465000000.0,4465000000.0,413000000.0,394000000.0,3.087,0.903,4075000000.0,0.0,4075000000.0,4075000000.0,1161000000.0,20000000.0,0.0,0.01,0.23,542000000.0,562000000.0,0.44,562000000.0,542000000.0,492000000.0,0.54,0.53,0.54,7238000000.0,,7238000000.0,15904319549.0,12.0,11.45,188000000.0,0.26,1.0,865000000.0,0.677,7972000000.0,50000000.0,3516000000.0,,102000000.0,14000000.0,5000000.0,9000000.0,6539000000.0,1899000000.0,4640000000.0,16428319549.0,-383000000.0,0.0,27000000.0,-250000000.0,0.0,-212000000.0,-16000000.0,0.0,209000000.0,-364000000.0,394000000.0,394000000.0,394000000.0,0.0,0.0,0.308,323000000.0,542000000.0,123000000.0,0.426,2.27,17.552,17.754,158000000.0,0.0,22.725,3.59,3.591,208000000.0,3598000000.0,1278000000.0,1278000000.0,145000000.0,,,,,9000000.0,178000000.0,1.0,722918352.0,723000000,731000000.0,1.768,5805000000.0,365000000.0,98000000.0,124000000.0,8.029,3964000000.0
26,ATVI,MRQ,2014-12-31,2014-12-31,2014-12-31,2021-08-03,-303000000.0,14642000000.0,,6541000000.0,8101000000.0,,10.018,-17000000.0,4848000000.0,4848000000.0,631000000.0,361000000.0,2.41,1.024,4324000000.0,0.0,4324000000.0,4324000000.0,1797000000.0,29000000.0,0.0,0.01,0.0,438000000.0,467000000.0,0.297,467000000.0,438000000.0,388000000.0,0.49,0.49,0.49,7233000000.0,,7233000000.0,15005454641.0,13.0,11.787,1217000000.0,1.686,1.0,944000000.0,0.599,8043000000.0,50000000.0,3361000000.0,,123000000.0,19000000.0,10000000.0,9000000.0,7409000000.0,2714000000.0,4695000000.0,14488454641.0,1043000000.0,0.0,15000000.0,0.0,0.0,-39000000.0,-4000000.0,0.0,1234000000.0,-148000000.0,361000000.0,361000000.0,361000000.0,0.0,0.0,0.229,506000000.0,438000000.0,325000000.0,0.0,2.003,17.351,17.675,157000000.0,0.0,20.15,3.287,3.273,659000000.0,3374000000.0,1575000000.0,1575000000.0,184000000.0,,,,,59000000.0,322000000.0,1.0,719030007.0,722000000,729000000.0,2.181,6599000000.0,264000000.0,27000000.0,10000000.0,9.14,3827000000.0
27,ATVI,MRQ,2014-09-30,2014-09-30,2014-09-30,2021-08-03,-157000000.0,13855000000.0,,5957000000.0,7898000000.0,,9.738,-28000000.0,3805000000.0,3805000000.0,253000000.0,-23000000.0,2.821,0.982,4322000000.0,0.0,4322000000.0,4322000000.0,1305000000.0,23000000.0,0.0,0.01,0.0,8000000.0,31000000.0,0.041,31000000.0,8000000.0,-43000000.0,-0.03,-0.03,-0.03,6992000000.0,,6992000000.0,15038452027.0,15.0,13.297,-173000000.0,-0.241,1.0,500000000.0,0.664,8084000000.0,51000000.0,4176000000.0,,222000000.0,32000000.0,23000000.0,9000000.0,6863000000.0,2112000000.0,4751000000.0,14916452027.0,-394000000.0,0.0,23000000.0,0.0,0.0,22000000.0,-46000000.0,0.0,-145000000.0,-225000000.0,-23000000.0,-23000000.0,-23000000.0,0.0,0.0,-0.031,492000000.0,8000000.0,266000000.0,0.0,2.133,23.055,23.625,162000000.0,0.0,20.79,3.427,3.43,689000000.0,3013000000.0,753000000.0,753000000.0,131000000.0,,,,,16000000.0,361000000.0,1.0,717482060.0,718000000,718000000.0,1.049,5771000000.0,394000000.0,-20000000.0,82000000.0,8.038,3845000000.0
28,ATVI,MRQ,2014-06-30,2014-06-30,2014-06-30,2021-08-03,44000000.0,13360000000.0,,5474000000.0,7886000000.0,,10.015,-25000000.0,4199000000.0,4199000000.0,300000000.0,204000000.0,3.793,0.863,4321000000.0,0.0,4321000000.0,4321000000.0,769000000.0,19000000.0,0.0,0.009,0.0,310000000.0,329000000.0,0.339,329000000.0,310000000.0,260000000.0,0.28,0.28,0.28,7171000000.0,,7171000000.0,15985463696.0,15.0,13.422,81000000.0,0.113,1.0,670000000.0,0.691,8023000000.0,50000000.0,4016000000.0,,151000000.0,14000000.0,5000000.0,9000000.0,6189000000.0,1443000000.0,4746000000.0,15944463696.0,-80000000.0,0.0,18000000.0,0.0,-147000000.0,-144000000.0,-22000000.0,0.0,106000000.0,-20000000.0,204000000.0,204000000.0,204000000.0,0.0,0.0,0.21,360000000.0,310000000.0,167000000.0,0.0,2.223,21.962,23.229,162000000.0,0.0,22.3,3.717,3.722,107000000.0,3036000000.0,970000000.0,970000000.0,112000000.0,,,,,17000000.0,248000000.0,1.0,714998372.0,716000000,725000000.0,1.355,5337000000.0,359000000.0,56000000.0,82000000.0,7.454,4031000000.0
29,ATVI,MRQ,2014-03-31,2014-03-31,2014-03-31,2021-08-03,63000000.0,13528000000.0,,5694000000.0,7834000000.0,,9.766,-37000000.0,4279000000.0,4279000000.0,342000000.0,293000000.0,3.008,0.954,4320000000.0,0.0,4320000000.0,4320000000.0,1092000000.0,19000000.0,0.0,0.01,0.2,427000000.0,446000000.0,0.401,446000000.0,427000000.0,376000000.0,0.4,0.4,0.4,6924000000.0,,6924000000.0,14843856127.0,12.0,11.288,99000000.0,0.14,1.0,769000000.0,0.692,7980000000.0,51000000.0,3696000000.0,,158000000.0,17000000.0,8000000.0,9000000.0,6604000000.0,1893000000.0,4711000000.0,14560856127.0,-131000000.0,0.0,119000000.0,-375000000.0,0.0,-252000000.0,-12000000.0,21000000.0,136000000.0,-3000000.0,293000000.0,293000000.0,293000000.0,0.0,0.0,0.264,342000000.0,427000000.0,166000000.0,0.5,2.103,17.211,21.292,152000000.0,0.0,20.44,3.332,3.316,219000000.0,2832000000.0,1111000000.0,1111000000.0,143000000.0,,,,,12000000.0,199000000.0,1.0,712370652.0,709000000,720000000.0,1.567,5548000000.0,336000000.0,83000000.0,86000000.0,7.825,3801000000.0
30,ATVI,MRQ,2013-12-31,2013-12-31,2013-12-31,2021-08-03,68000000.0,14012000000.0,,6241000000.0,7771000000.0,,6.467,-16000000.0,4410000000.0,4410000000.0,654000000.0,173000000.0,2.595,1.116,4693000000.0,25000000.0,4668000000.0,4693000000.0,1389000000.0,40000000.0,0.0,0.011,0.0,285000000.0,325000000.0,0.214,325000000.0,285000000.0,233000000.0,0.23,0.22,0.23,6622000000.0,,6622000000.0,10166562331.0,7.0,6.869,864000000.0,0.844,1.0,864000000.0,0.569,7967000000.0,52000000.0,3923000000.0,,171000000.0,42000000.0,33000000.0,9000000.0,7390000000.0,2405000000.0,4985000000.0,12399562331.0,-34000000.0,0.0,-5764000000.0,4685000000.0,0.0,-1094000000.0,117000000.0,47000000.0,880000000.0,63000000.0,173000000.0,173000000.0,173000000.0,0.0,0.0,0.114,579000000.0,285000000.0,355000000.0,0.0,1.872,12.277,18.573,138000000.0,0.0,17.83,2.706,3.984,510000000.0,2686000000.0,1518000000.0,1518000000.0,197000000.0,,,,,17000000.0,382000000.0,1.0,695432548.0,1024000000,1035000000.0,1.482,6045000000.0,321000000.0,60000000.0,66000000.0,5.903,3836000000.0
31,ATVI,MRQ,2013-09-30,2013-09-30,2013-09-30,2021-08-03,18000000.0,16060000000.0,,8251000000.0,7809000000.0,,10.819,-22000000.0,4444000000.0,4444000000.0,175000000.0,56000000.0,5.758,0.323,2211000000.0,0.0,2211000000.0,2211000000.0,641000000.0,21000000.0,0.0,0.011,0.0,70000000.0,91000000.0,0.132,91000000.0,70000000.0,66000000.0,0.05,0.05,0.05,12139000000.0,,12139000000.0,14331558673.0,9.0,8.48,-72000000.0,-0.064,1.0,516000000.0,0.747,8002000000.0,4000000.0,4392000000.0,,313000000.0,2386000000.0,2377000000.0,9000000.0,3921000000.0,1433000000.0,2488000000.0,18672558673.0,103000000.0,0.0,41000000.0,0.0,0.0,47000000.0,15000000.0,126000000.0,-50000000.0,91000000.0,56000000.0,56000000.0,56000000.0,0.0,0.0,0.081,446000000.0,70000000.0,286000000.0,0.0,1.538,15.691,16.038,139000000.0,0.0,16.68,3.864,3.872,205000000.0,2513000000.0,691000000.0,691000000.0,140000000.0,,,,,17000000.0,306000000.0,1.0,1119457954.0,1122000000,1134000000.0,0.616,8058000000.0,341000000.0,10000000.0,71000000.0,7.182,6818000000.0
32,ATVI,MRQ,2013-06-30,2013-06-30,2013-06-30,2021-08-03,-62000000.0,13411000000.0,,5629000000.0,7782000000.0,,10.675,-19000000.0,4341000000.0,4341000000.0,285000000.0,324000000.0,4.718,0.124,0.0,0.0,0.0,0.0,665000000.0,23000000.0,0.0,0.013,0.0,430000000.0,453000000.0,0.431,453000000.0,430000000.0,430000000.0,0.28,0.28,0.28,11935000000.0,,11935000000.0,11637146767.0,7.0,6.29,90000000.0,0.081,1.0,765000000.0,0.729,7946000000.0,0.0,-69000000.0,,131000000.0,214000000.0,205000000.0,9000000.0,1476000000.0,1193000000.0,283000000.0,15936146767.0,42000000.0,0.0,18000000.0,0.0,-216000000.0,-199000000.0,96000000.0,116000000.0,109000000.0,36000000.0,324000000.0,324000000.0,324000000.0,0.0,0.0,0.309,335000000.0,430000000.0,139000000.0,0.0,1.335,11.718,11.983,132000000.0,0.0,14.26,3.198,3.199,117000000.0,2456000000.0,1050000000.0,1050000000.0,123000000.0,,,,,22000000.0,212000000.0,1.0,1117541849.0,1118000000,1127000000.0,0.939,5465000000.0,335000000.0,106000000.0,77000000.0,4.888,4436000000.0
33,ATVI,MRQ,2013-03-31,2013-03-31,2013-03-31,2021-08-03,-95000000.0,13725000000.0,,5803000000.0,7922000000.0,,10.364,-17000000.0,4299000000.0,4299000000.0,416000000.0,456000000.0,3.056,0.19,0.0,0.0,0.0,0.0,1125000000.0,24000000.0,0.0,0.013,0.19,587000000.0,611000000.0,0.461,611000000.0,587000000.0,589000000.0,0.4,0.4,0.4,11535000000.0,,11535000000.0,12267562201.0,8.0,7.444,308000000.0,0.277,1.0,908000000.0,0.686,7924000000.0,-2000000.0,-397000000.0,,159000000.0,328000000.0,319000000.0,9000000.0,2190000000.0,1899000000.0,291000000.0,16226562201.0,340000000.0,0.0,33000000.0,0.0,0.0,23000000.0,80000000.0,87000000.0,325000000.0,-88000000.0,456000000.0,456000000.0,456000000.0,0.0,0.0,0.344,321000000.0,587000000.0,186000000.0,0.475,1.407,13.29,13.617,133000000.0,0.0,14.57,3.24,3.238,237000000.0,2132000000.0,1324000000.0,1324000000.0,125000000.0,,,,,23000000.0,196000000.0,1.0,1113696788.0,1113000000,1120000000.0,1.19,5801000000.0,409000000.0,133000000.0,83000000.0,5.212,3904000000.0
34,ATVI,MRQ,2012-12-31,2012-12-31,2012-12-31,2021-08-03,-26000000.0,14200000000.0,,6274000000.0,7926000000.0,,10.205,-27000000.0,3959000000.0,3959000000.0,684000000.0,354000000.0,2.366,0.255,0.0,0.0,0.0,0.0,1657000000.0,51000000.0,0.0,0.017,0.0,484000000.0,535000000.0,0.303,535000000.0,484000000.0,487000000.0,0.31,0.31,0.31,11317000000.0,,11317000000.0,8907925539.0,6.0,5.67,949000000.0,0.856,1.0,1084000000.0,0.613,7941000000.0,-3000000.0,-352000000.0,,209000000.0,424000000.0,416000000.0,8000000.0,2883000000.0,2652000000.0,231000000.0,11816925539.0,1050000000.0,0.0,3000000.0,0.0,0.0,-7000000.0,21000000.0,28000000.0,976000000.0,60000000.0,354000000.0,354000000.0,354000000.0,0.0,0.0,0.2,600000000.0,484000000.0,343000000.0,0.0,1.044,10.285,10.515,141000000.0,0.0,10.62,2.433,2.432,707000000.0,1893000000.0,1768000000.0,1768000000.0,220000000.0,,,,,42000000.0,380000000.0,1.0,1112704853.0,1109000000,1118000000.0,1.594,6259000000.0,487000000.0,133000000.0,25000000.0,5.644,3622000000.0
35,ATVI,MRQ,2012-09-30,2012-09-30,2012-09-30,2021-08-03,-74000000.0,12661000000.0,,4702000000.0,7959000000.0,,9.813,-20000000.0,2909000000.0,2909000000.0,237000000.0,226000000.0,3.024,0.163,0.0,0.0,0.0,0.0,847000000.0,24000000.0,0.0,0.016,0.0,227000000.0,251000000.0,0.298,251000000.0,227000000.0,228000000.0,0.2,0.2,0.2,10883000000.0,,10883000000.0,9741497886.0,10.0,8.644,104000000.0,0.094,1.0,604000000.0,0.718,7957000000.0,-1000000.0,240000000.0,,291000000.0,474000000.0,455000000.0,19000000.0,1778000000.0,1555000000.0,223000000.0,12527497886.0,123000000.0,0.0,7000000.0,0.0,0.0,6000000.0,-71000000.0,-28000000.0,124000000.0,64000000.0,226000000.0,226000000.0,226000000.0,0.0,0.0,0.269,377000000.0,227000000.0,253000000.0,0.0,1.151,14.013,14.272,148000000.0,0.0,11.275,2.787,2.782,200000000.0,1539000000.0,841000000.0,841000000.0,125000000.0,,,,,33000000.0,252000000.0,1.0,1111086287.0,1109000000,1114000000.0,0.758,4704000000.0,497000000.0,2000000.0,60000000.0,4.242,3147000000.0
36,ATVI,MRQ,2012-06-30,2012-06-30,2012-06-30,2021-08-03,-124000000.0,12269000000.0,,4332000000.0,7937000000.0,,9.526,-17000000.0,2786000000.0,2786000000.0,377000000.0,185000000.0,2.919,0.161,0.0,0.0,0.0,0.0,905000000.0,22000000.0,0.0,0.015,0.0,229000000.0,251000000.0,0.233,251000000.0,229000000.0,229000000.0,0.16,0.16,0.16,10564000000.0,,10564000000.0,10280403284.0,11.0,9.644,75000000.0,0.068,1.0,698000000.0,0.649,7908000000.0,0.0,91000000.0,,128000000.0,423000000.0,406000000.0,17000000.0,1705000000.0,1484000000.0,221000000.0,13329403284.0,-263000000.0,0.0,-46000000.0,0.0,-204000000.0,-250000000.0,3000000.0,23000000.0,92000000.0,-108000000.0,185000000.0,185000000.0,185000000.0,0.0,0.0,0.172,471000000.0,227000000.0,163000000.0,0.0,1.262,16.335,16.653,149000000.0,0.0,11.99,3.024,3.017,227000000.0,1313000000.0,1075000000.0,1075000000.0,145000000.0,,,,,27000000.0,326000000.0,1.0,1111710032.0,1109000000,1115000000.0,0.969,4361000000.0,484000000.0,44000000.0,61000000.0,3.932,2848000000.0
37,ATVI,MRQ,2012-03-31,2012-03-31,2012-03-31,2021-08-03,-33000000.0,12482000000.0,,4566000000.0,7916000000.0,,9.363,-9000000.0,3049000000.0,3049000000.0,364000000.0,384000000.0,2.574,0.19,0.0,0.0,0.0,0.0,917000000.0,23000000.0,0.0,0.014,0.18,514000000.0,537000000.0,0.458,537000000.0,514000000.0,514000000.0,0.34,0.33,0.34,10486000000.0,,10486000000.0,11230151248.0,10.0,8.573,144000000.0,0.129,1.0,808000000.0,0.689,7900000000.0,0.0,-241000000.0,,146000000.0,444000000.0,427000000.0,17000000.0,1996000000.0,1774000000.0,222000000.0,14395151248.0,-116000000.0,0.0,-246000000.0,0.0,0.0,-246000000.0,-77000000.0,-72000000.0,153000000.0,54000000.0,384000000.0,384000000.0,384000000.0,0.0,0.0,0.328,295000000.0,513000000.0,181000000.0,0.529,1.373,14.902,15.082,154000000.0,0.0,12.82,3.214,3.206,103000000.0,1128000000.0,1172000000.0,1172000000.0,114000000.0,,,,,19000000.0,181000000.0,1.0,1122866712.0,1120000000,1127000000.0,1.046,4582000000.0,445000000.0,130000000.0,57000000.0,4.091,2792000000.0
38,ATVI,MRQ,2011-12-31,2011-12-31,2011-12-31,2021-08-03,-72000000.0,13277000000.0,,5380000000.0,7897000000.0,,9.212,-25000000.0,3165000000.0,3165000000.0,739000000.0,99000000.0,2.105,0.265,0.0,0.0,0.0,0.0,1472000000.0,71000000.0,0.0,0.013,0.0,17000000.0,88000000.0,0.063,88000000.0,17000000.0,20000000.0,0.09,0.08,0.09,10492000000.0,,10492000000.0,11627786766.0,9.0,7.878,825000000.0,0.724,1.0,668000000.0,0.475,7865000000.0,-3000000.0,-309000000.0,,144000000.0,376000000.0,360000000.0,16000000.0,2785000000.0,2556000000.0,229000000.0,14096786766.0,696000000.0,0.0,-138000000.0,0.0,0.0,-150000000.0,56000000.0,55000000.0,850000000.0,-60000000.0,99000000.0,99000000.0,99000000.0,0.0,0.0,0.07,644000000.0,24000000.0,390000000.0,0.0,1.344,12.992,13.247,163000000.0,0.0,12.32,2.965,2.974,649000000.0,948000000.0,1407000000.0,1407000000.0,239000000.0,,,,,39000000.0,404000000.0,1.0,1144219705.0,1139000000,1144000000.0,1.235,5412000000.0,507000000.0,-79000000.0,55000000.0,4.752,2824000000.0
39,ATVI,MRQ,2011-09-30,2011-09-30,2011-09-30,2021-08-03,-29000000.0,12113000000.0,,4082000000.0,8031000000.0,,9.273,-29000000.0,2469000000.0,2469000000.0,237000000.0,148000000.0,3.192,0.146,0.0,0.0,0.0,0.0,487000000.0,25000000.0,0.0,0.014,0.0,165000000.0,190000000.0,0.252,190000000.0,165000000.0,165000000.0,0.13,0.13,0.13,10571000000.0,,10571000000.0,11265500190.0,12.0,10.241,17000000.0,0.015,1.0,517000000.0,0.686,8016000000.0,0.0,349000000.0,,207000000.0,457000000.0,432000000.0,25000000.0,1542000000.0,1279000000.0,263000000.0,13599500190.0,135000000.0,0.0,-10000000.0,0.0,-2000000.0,5000000.0,147000000.0,204000000.0,46000000.0,-63000000.0,148000000.0,148000000.0,148000000.0,0.0,0.0,0.196,355000000.0,162000000.0,250000000.0,0.0,1.286,18.06,18.308,167000000.0,0.0,11.9,2.847,2.84,139000000.0,849000000.0,754000000.0,754000000.0,133000000.0,,,,,1000000.0,219000000.0,1.0,1142815142.0,1140000000,1148000000.0,0.661,4097000000.0,507000000.0,17000000.0,95000000.0,3.594,2803000000.0
40,ATVI,MRQ,2011-06-30,2011-06-30,2011-06-30,2021-08-03,29000000.0,11972000000.0,,3954000000.0,8018000000.0,,9.172,-14000000.0,2334000000.0,2334000000.0,343000000.0,335000000.0,3.173,0.144,0.0,0.0,0.0,0.0,601000000.0,26000000.0,0.0,0.014,0.0,469000000.0,495000000.0,0.432,495000000.0,469000000.0,469000000.0,0.29,0.29,0.29,10465000000.0,,10465000000.0,10705841453.0,13.0,10.527,-92000000.0,-0.081,1.0,803000000.0,0.701,7982000000.0,0.0,410000000.0,,93000000.0,635000000.0,610000000.0,25000000.0,1507000000.0,1246000000.0,261000000.0,13363841453.0,-324000000.0,0.0,-137000000.0,0.0,-192000000.0,-326000000.0,77000000.0,81000000.0,-78000000.0,3000000.0,335000000.0,335000000.0,335000000.0,0.0,0.0,0.292,336000000.0,467000000.0,156000000.0,0.0,1.277,20.372,20.857,163000000.0,0.0,11.68,2.803,2.795,140000000.0,701000000.0,1146000000.0,1146000000.0,116000000.0,,,,,17000000.0,217000000.0,1.0,1144164508.0,1141000000,1150000000.0,1.004,3990000000.0,511000000.0,134000000.0,97000000.0,3.497,2708000000.0
41,ATVI,MRQ,2011-03-31,2011-03-31,2011-03-31,2021-08-03,26000000.0,12377000000.0,,4349000000.0,8028000000.0,,8.727,-4000000.0,2658000000.0,2658000000.0,452000000.0,503000000.0,2.3,0.209,0.0,0.0,0.0,0.0,1043000000.0,26000000.0,0.0,0.015,0.165,676000000.0,702000000.0,0.484,702000000.0,676000000.0,676000000.0,0.42,0.42,0.42,10237000000.0,,10237000000.0,10157278255.0,15.0,11.964,130000000.0,0.111,1.0,997000000.0,0.688,7974000000.0,0.0,-146000000.0,,103000000.0,726000000.0,701000000.0,25000000.0,2140000000.0,1891000000.0,249000000.0,12969278255.0,-154000000.0,-3000000.0,-338000000.0,0.0,0.0,-337000000.0,-14000000.0,-7000000.0,134000000.0,63000000.0,503000000.0,503000000.0,503000000.0,0.0,0.0,0.347,323000000.0,674000000.0,172000000.0,0.393,1.267,24.017,24.378,165000000.0,0.0,10.97,2.826,2.804,95000000.0,366000000.0,1449000000.0,1449000000.0,142000000.0,,,,,22000000.0,162000000.0,1.0,1182249613.0,1173000000,1182000000.0,1.235,4403000000.0,464000000.0,173000000.0,83000000.0,3.754,2458000000.0
42,ATVI,MRQ,2010-12-31,2010-12-31,2010-12-31,2021-08-03,-13000000.0,13447000000.0,,5432000000.0,8015000000.0,,8.517,-21000000.0,2812000000.0,2812000000.0,886000000.0,-233000000.0,1.835,0.318,0.0,0.0,0.0,0.0,1726000000.0,101000000.0,0.0,0.012,0.0,-388000000.0,-287000000.0,-0.201,-287000000.0,-388000000.0,-388000000.0,-0.19,-0.19,-0.19,10203000000.0,,10203000000.0,12880018226.0,26.0,18.667,972000000.0,0.811,1.0,542000000.0,0.38,8000000000.0,0.0,-325000000.0,,112000000.0,719000000.0,696000000.0,23000000.0,3244000000.0,2960000000.0,284000000.0,15003018226.0,689000000.0,0.0,-319000000.0,0.0,-2000000.0,-318000000.0,11000000.0,-12000000.0,993000000.0,3000000.0,-233000000.0,-233000000.0,-233000000.0,0.0,0.0,-0.163,938000000.0,-396000000.0,363000000.0,0.0,1.47,35.892,36.588,169000000.0,0.0,12.44,3.374,3.418,673000000.0,57000000.0,1428000000.0,1428000000.0,265000000.0,,,,,26000000.0,347000000.0,1.0,1206030404.0,1198000000,1209000000.0,1.192,5447000000.0,648000000.0,-155000000.0,120000000.0,4.547,2472000000.0
43,ATVI,MRQ,2010-09-30,2010-09-30,2010-09-30,2021-08-03,-9000000.0,12570000000.0,,4148000000.0,8422000000.0,,8.866,-37000000.0,2123000000.0,2123000000.0,349000000.0,51000000.0,2.978,0.17,0.0,0.0,0.0,0.0,622000000.0,38000000.0,0.0,0.014,0.0,69000000.0,107000000.0,0.144,107000000.0,69000000.0,69000000.0,0.04,0.04,0.04,10746000000.0,,10746000000.0,11033978840.0,25.0,15.696,145000000.0,0.12,1.0,396000000.0,0.532,8490000000.0,0.0,564000000.0,,258000000.0,749000000.0,726000000.0,23000000.0,1824000000.0,1393000000.0,431000000.0,13247978840.0,-91000000.0,0.0,-240000000.0,0.0,0.0,-235000000.0,-96000000.0,-8000000.0,182000000.0,58000000.0,51000000.0,51000000.0,51000000.0,0.0,0.0,0.068,341000000.0,55000000.0,238000000.0,0.0,1.233,36.296,36.067,169000000.0,0.0,10.82,2.894,2.865,246000000.0,290000000.0,745000000.0,745000000.0,118000000.0,,,,,28000000.0,223000000.0,1.0,1224397305.0,1212000000,1227000000.0,0.615,4080000000.0,419000000.0,18000000.0,231000000.0,3.366,2755000000.0
44,ATVI,MRQ,2010-06-30,2010-06-30,2010-06-30,2021-08-03,-57000000.0,12393000000.0,,3968000000.0,8425000000.0,,8.813,-27000000.0,2214000000.0,2214000000.0,368000000.0,219000000.0,3.64,0.141,0.0,0.0,0.0,0.0,482000000.0,26000000.0,0.0,0.014,0.0,301000000.0,327000000.0,0.338,327000000.0,301000000.0,301000000.0,0.18,0.17,0.18,10858000000.0,,10858000000.0,10353571506.0,26.0,15.361,-53000000.0,-0.043,1.0,599000000.0,0.619,8475000000.0,0.0,614000000.0,,157000000.0,655000000.0,632000000.0,23000000.0,1535000000.0,1090000000.0,445000000.0,13048571506.0,-481000000.0,-2000000.0,-228000000.0,0.0,-187000000.0,-413000000.0,-43000000.0,-30000000.0,-26000000.0,1000000.0,219000000.0,219000000.0,219000000.0,0.0,0.0,0.226,299000000.0,300000000.0,149000000.0,0.0,1.202,39.661,38.852,160000000.0,0.0,10.49,2.877,2.85,190000000.0,239000000.0,967000000.0,967000000.0,100000000.0,,,,,15000000.0,199000000.0,1.0,1243905768.0,1232000000,1248000000.0,0.785,3918000000.0,401000000.0,82000000.0,249000000.0,3.18,2878000000.0
45,ATVI,MRQ,2010-03-31,2010-03-31,2010-03-31,2021-08-03,-44000000.0,12866000000.0,,4486000000.0,8380000000.0,,8.708,-12000000.0,2695000000.0,2695000000.0,533000000.0,381000000.0,2.909,0.184,0.0,0.0,0.0,0.0,772000000.0,33000000.0,0.0,0.012,0.15,511000000.0,544000000.0,0.416,544000000.0,511000000.0,511000000.0,0.3,0.3,0.3,10868000000.0,,10868000000.0,12293406462.0,39.0,19.669,215000000.0,0.172,1.0,775000000.0,0.593,8472000000.0,0.0,157000000.0,,194000000.0,670000000.0,647000000.0,23000000.0,1998000000.0,1542000000.0,456000000.0,15061406462.0,-73000000.0,-2000000.0,-91000000.0,0.0,0.0,-87000000.0,-184000000.0,-170000000.0,227000000.0,-29000000.0,381000000.0,381000000.0,381000000.0,0.0,0.0,0.291,264000000.0,511000000.0,147000000.0,0.5,1.386,49.382,50.208,131000000.0,0.0,12.05,3.27,3.265,134000000.0,20000000.0,1308000000.0,1308000000.0,143000000.0,,,,,40000000.0,121000000.0,1.0,1249909250.0,1248000000,1264000000.0,1.048,4394000000.0,395000000.0,130000000.0,254000000.0,3.521,2944000000.0
46,ATVI,MRQ,2009-12-31,2009-12-31,2009-12-31,2021-08-03,-24000000.0,13742000000.0,,5329000000.0,8413000000.0,,8.503,-28000000.0,2768000000.0,2768000000.0,1012000000.0,-286000000.0,2.126,0.278,0.0,0.0,0.0,0.0,1426000000.0,160000000.0,0.0,0.0,0.0,-435000000.0,-275000000.0,-0.177,-275000000.0,-435000000.0,-435000000.0,-0.22,-0.21,-0.22,10756000000.0,,10756000000.0,11730801834.0,-1466.0,34.604,785000000.0,0.621,1.0,545000000.0,0.35,8522000000.0,0.0,-55000000.0,,241000000.0,500000000.0,477000000.0,23000000.0,2986000000.0,2507000000.0,479000000.0,14090801834.0,408000000.0,0.0,-257000000.0,0.0,0.0,-246000000.0,-145000000.0,-162000000.0,813000000.0,-14000000.0,-286000000.0,-286000000.0,-286000000.0,0.0,0.0,-0.184,977000000.0,-432000000.0,302000000.0,0.0,1.31,124.697,123.444,138000000.0,0.0,11.11,3.293,3.331,739000000.0,-361000000.0,1557000000.0,1557000000.0,265000000.0,,,,,37000000.0,309000000.0,1.0,1268298995.0,1265000000,1284000000.0,1.231,5220000000.0,498000000.0,-149000000.0,270000000.0,4.126,2822000000.0
47,ATVI,MRQ,2009-09-30,2009-09-30,2009-09-30,2021-08-03,-5000000.0,13452000000.0,,4508000000.0,8944000000.0,,8.884,-17000000.0,2360000000.0,2360000000.0,339000000.0,15000000.0,3.508,0.191,0.0,0.0,0.0,0.0,471000000.0,58000000.0,0.0,0.0,0.0,20000000.0,78000000.0,0.111,78000000.0,20000000.0,20000000.0,0.01,0.01,0.01,11292000000.0,,11292000000.0,13026348423.0,44.0,17.943,144000000.0,0.113,1.0,364000000.0,0.518,9096000000.0,0.0,711000000.0,,351000000.0,383000000.0,361000000.0,22000000.0,2160000000.0,1285000000.0,875000000.0,15754348423.0,-368000000.0,0.0,-274000000.0,0.0,0.0,-262000000.0,-274000000.0,-222000000.0,161000000.0,7000000.0,15000000.0,15000000.0,15000000.0,0.0,0.0,0.021,355000000.0,9000000.0,282000000.0,0.0,1.395,48.032,53.87,133000000.0,0.0,12.39,3.613,3.611,228000000.0,-75000000.0,703000000.0,703000000.0,122000000.0,,,,,23000000.0,234000000.0,1.0,1271537403.0,1271000000,1297000000.0,0.553,4356000000.0,727000000.0,5000000.0,685000000.0,3.427,3223000000.0
48,ATVI,MRQ,2009-06-30,2009-06-30,2009-06-30,2021-08-03,-14000000.0,13519000000.0,,4510000000.0,9009000000.0,,8.946,-14000000.0,2728000000.0,2728000000.0,472000000.0,195000000.0,4.134,0.172,0.0,0.0,0.0,0.0,423000000.0,60000000.0,0.0,0.0,0.0,218000000.0,278000000.0,0.268,278000000.0,218000000.0,218000000.0,0.15,0.15,0.15,11531000000.0,,11531000000.0,13263819810.0,123.0,22.481,-132000000.0,-0.102,1.0,566000000.0,0.545,9120000000.0,0.0,580000000.0,,198000000.0,125000000.0,102000000.0,23000000.0,1988000000.0,1091000000.0,897000000.0,16251819810.0,-260000000.0,0.0,-191000000.0,0.0,0.0,-152000000.0,-17000000.0,2000000.0,-118000000.0,27000000.0,195000000.0,195000000.0,195000000.0,0.0,0.0,0.188,348000000.0,218000000.0,135000000.0,0.0,1.409,79.277,90.214,134000000.0,0.0,12.63,3.72,3.726,282000000.0,-90000000.0,1038000000.0,1038000000.0,123000000.0,,,,,4000000.0,210000000.0,1.0,1286763247.0,1289000000,1332000000.0,0.805,4399000000.0,792000000.0,23000000.0,699000000.0,3.413,3419000000.0
49,ATVI,MRQ,2009-03-31,2009-03-31,2009-03-31,2021-08-03,-46000000.0,13651000000.0,,4510000000.0,9141000000.0,,8.752,-10000000.0,2988000000.0,2988000000.0,484000000.0,189000000.0,3.432,0.192,0.0,0.0,0.0,0.0,647000000.0,69000000.0,0.0,0.0,0.0,189000000.0,258000000.0,0.263,258000000.0,189000000.0,189000000.0,0.14,0.14,0.14,11448000000.0,,11448000000.0,10715470208.0,-173.0,28.499,317000000.0,0.242,1.0,497000000.0,0.507,9185000000.0,0.0,164000000.0,,230000000.0,121000000.0,42000000.0,79000000.0,2203000000.0,1314000000.0,889000000.0,13673470208.0,30000000.0,0.0,-306000000.0,0.0,0.0,-289000000.0,-7000000.0,3000000.0,327000000.0,-1000000.0,189000000.0,189000000.0,189000000.0,0.0,0.0,0.193,318000000.0,179000000.0,163000000.0,0.0,1.194,359.828,261.5,138000000.0,0.0,10.46,3.713,3.715,185000000.0,-285000000.0,981000000.0,981000000.0,117000000.0,,,,,13000000.0,186000000.0,1.0,1307215125.0,1308000000,1359000000.0,0.75,4466000000.0,571000000.0,0.0,708000000.0,3.414,3196000000.0
50,ATVI,MRQ,2008-12-31,2008-12-31,2008-12-31,2021-08-03,-43000000.0,14465000000.0,,5259000000.0,9206000000.0,,12.185,-22000000.0,2958000000.0,2958000000.0,1233000000.0,-71000000.0,2.524,0.255,0.0,0.0,0.0,0.0,923000000.0,241000000.0,0.0,0.0,0.0,-129000000.0,112000000.0,0.068,112000000.0,-129000000.0,-129000000.0,-0.07,-0.07,-0.07,11527000000.0,,11527000000.0,8600736002.0,-46.0,43.438,232000000.0,0.245,1.0,406000000.0,0.248,9233000000.0,0.0,190000000.0,,262000000.0,122000000.0,44000000.0,78000000.0,2938000000.0,2084000000.0,854000000.0,11442736002.0,116000000.0,-17000000.0,-123000000.0,0.0,0.0,-119000000.0,23000000.0,0.0,254000000.0,-42000000.0,-71000000.0,-71000000.0,-71000000.0,0.0,0.0,-0.043,553000000.0,-147000000.0,319000000.0,0.0,0.993,-106.941,-78.545,149000000.0,0.0,8.64,3.781,2.701,974000000.0,-474000000.0,1639000000.0,1639000000.0,178000000.0,,,,,36000000.0,343000000.0,1.0,1324390741.0,946000000,946000000.0,1.733,5232000000.0,536000000.0,-58000000.0,615000000.0,5.531,3175000000.0
51,ATVI,MRQ,2008-09-30,2008-09-30,2008-09-30,2021-08-03,13000000.0,13741000000.0,,4201000000.0,9540000000.0,,9.264,-8000000.0,2842000000.0,2842000000.0,408000000.0,-108000000.0,3.816,0.167,0.0,0.0,0.0,0.0,206000000.0,112000000.0,0.0,0.0,0.0,-170000000.0,-58000000.0,-0.082,-58000000.0,-170000000.0,-170000000.0,-0.08,-0.08,-0.08,11775000000.0,,11775000000.0,19151151839.0,-1741.0,126.829,-73000000.0,-0.057,1.0,303000000.0,0.426,9472000000.0,0.0,326000000.0,,377000000.0,180000000.0,94000000.0,86000000.0,1966000000.0,1101000000.0,865000000.0,20343505839.0,2783000000.0,1142000000.0,1748000000.0,0.0,0.0,1779000000.0,1097000000.0,0.0,-65000000.0,-28000000.0,-108000000.0,-108000000.0,-108000000.0,0.0,0.0,-0.152,497000000.0,-194000000.0,338000000.0,0.0,1.728,415.174,85.722,168000000.0,0.0,15.43,11.05,10.653,316000000.0,-403000000.0,711000000.0,711000000.0,200000000.0,,,,,12000000.0,236000000.0,1.0,1318438486.0,1271000000,1271000000.0,0.559,4269000000.0,308000000.0,-62000000.0,696000000.0,3.359,3100000000.0
52,ATVI,MRQ,2008-06-30,2008-06-30,2008-06-30,2021-08-03,25327000.0,2748556000.0,,2142793000.0,605763000.0,,3.558,-10000000.0,1192354000.0,1192354000.0,106000000.0,28000000.0,3.447,0.307,0.0,0.0,0.0,0.0,0.0,16000000.0,0.0,0.0,0.0,48000000.0,64000000.0,0.182,64000000.0,48000000.0,48000000.0,0.05,0.05,0.05,2102984000.0,,2102984000.0,8713979367.0,41.0,30.746,84000000.0,0.142,1.0,246000000.0,0.699,565468000.0,0.0,369176000.0,,229409000.0,148661000.0,60360000.0,88301000.0,645572000.0,621558000.0,24014000.0,10110229367.0,12000000.0,-1000000.0,0.0,0.0,0.0,-65000000.0,-11000000.0,0.0,94000000.0,-6000000.0,28000000.0,28000000.0,28000000.0,0.0,0.0,0.08,200000000.0,46000000.0,175587000.0,0.0,4.808,49.318,50.103,62330000.0,0.0,17.035,6.944,6.915,400989000.0,831675000.0,352000000.0,352000000.0,99000000.0,,,,,12000000.0,101000000.0,1.0,593497468.0,591000000,591000000.0,0.596,2183088000.0,95535000.0,20000000.0,0.0,3.694,1521235000.0
53,ATVI,MRQ,2008-03-31,2008-03-31,2008-03-31,2021-08-03,26352000.0,2530673000.0,,1979395000.0,551278000.0,,3.296,-6000000.0,1396250000.0,1396250000.0,107000000.0,43000000.0,3.56,0.299,0.0,0.0,0.0,0.0,0.0,16000000.0,0.0,0.0,0.0,65000000.0,81000000.0,0.249,81000000.0,65000000.0,65000000.0,0.07,0.07,0.07,1947892000.0,,1947892000.0,7378117975.0,36.0,27.346,90000000.0,0.152,1.0,218000000.0,0.671,472498000.0,0.0,105854000.0,,146874000.0,144177000.0,52962000.0,91215000.0,582781000.0,556071000.0,26710000.0,8026776975.0,-15000000.0,-4000000.0,0.0,0.0,0.0,-107000000.0,-8000000.0,0.0,96000000.0,4000000.0,43000000.0,43000000.0,43000000.0,0.0,0.0,0.132,155000000.0,63000000.0,129896000.0,0.0,4.121,39.188,40.162,54528000.0,0.0,13.655,5.018,5.046,203420000.0,772660000.0,325000000.0,325000000.0,104000000.0,,,,,8000000.0,51000000.0,1.0,587826948.0,591000000,591000000.0,0.55,2058175000.0,74067000.0,22000000.0,0.0,3.483,1423324000.0
54,ATVI,MRQ,2007-12-31,2007-12-31,2007-12-31,2021-08-03,40000000.0,879000000.0,,398000000.0,481000000.0,,0.406,-22000000.0,62000000.0,62000000.0,176000000.0,86000000.0,0.754,2.663,0.0,0.0,0.0,0.0,197000000.0,18000000.0,0.0,0.0,0.0,46000000.0,64000000.0,0.141,64000000.0,46000000.0,46000000.0,0.14,0.14,0.14,240000000.0,,240000000.0,8259384178.0,47.0,34.703,101000000.0,0.171,1.0,277000000.0,0.611,356000000.0,0.0,-67000000.0,,21000000.0,3000000.0,3000000.0,0.0,639000000.0,528000000.0,111000000.0,8651913178.0,22000000.0,0.0,0.0,0.0,0.0,-77000000.0,-23000000.0,0.0,123000000.0,-1000000.0,86000000.0,86000000.0,86000000.0,0.0,0.0,0.19,232000000.0,45000000.0,49000000.0,0.0,36.05,38.114,39.079,129000000.0,0.0,14.85,6.414,6.506,112000000.0,-367000000.0,453000000.0,453000000.0,70000000.0,,,,,61000000.0,162000000.0,1.0,582620416.0,591000000,591000000.0,0.766,523000000.0,167000000.0,-40000000.0,0.0,0.885,-130000000.0
55,ATVI,MRQ,2007-09-30,2007-09-30,2007-09-30,2021-08-03,27358000.0,1961200000.0,,1466884000.0,494316000.0,,2.588,-33823000.0,392529000.0,392529000.0,77000000.0,48000000.0,3.549,0.282,0.0,0.0,0.0,0.0,0.0,19418000.0,0.0,0.0,0.0,55000000.0,74418000.0,0.228,74418000.0,55000000.0,55000000.0,0.08,0.08,0.08,1529550000.0,,1529550000.0,5819501218.0,23.0,17.711,115092000.0,0.195,1.0,249000000.0,0.764,506707000.0,0.0,648639000.0,,189033000.0,569231000.0,569231000.0,0.0,431650000.0,413325000.0,18325000.0,6163482218.0,-4071000.0,3659000.0,-11182000.0,0.0,0.0,-305552000.0,153260000.0,174011000.0,148915000.0,-694000.0,48000000.0,48000000.0,48000000.0,0.0,0.0,0.147,192000000.0,57000000.0,158059000.0,0.0,4.03,24.444,24.534,53500000.0,0.0,10.795,3.882,4.019,109725000.0,456301000.0,326000000.0,326000000.0,117000000.0,,,,,61760000.0,75000000.0,1.0,570957130.0,591000000,591000000.0,0.552,1454493000.0,98284000.0,7000000.0,0.0,2.461,1053559000.0
56,ATVI,MRQ,2007-06-30,2007-06-30,2007-06-30,2021-08-03,22517000.0,1839066000.0,,1443080000.0,395986000.0,,2.577,-7348000.0,343981000.0,343981000.0,327960000.0,27826000.0,4.013,0.258,0.0,0.0,0.0,0.0,0.0,8730000.0,0.0,0.0,0.0,41654000.0,50384000.0,0.102,50384000.0,41654000.0,41654000.0,0.05,0.045,0.05,1461493000.0,,1461493000.0,4905002404.0,28.0,21.43,-842000.0,-0.001,1.0,167495000.0,0.338,416961000.0,0.0,718522000.0,,92529000.0,619815000.0,619815000.0,0.0,377573000.0,359602000.0,17971000.0,5289411404.0,-40428000.0,-3659000.0,11182000.0,0.0,0.0,11552000.0,-61051000.0,-41631000.0,6506000.0,2565000.0,27826000.0,27826000.0,27826000.0,0.0,0.0,0.056,137403000.0,30092000.0,109662000.0,0.0,3.619,29.412,29.635,48706000.0,0.0,9.335,3.648,3.652,197964000.0,455603000.0,495455000.0,495455000.0,32897000.0,,,,,8190000.0,104506000.0,1.0,566621468.0,567126000,623986000.0,0.874,1422105000.0,92130000.0,13828000.0,0.0,2.508,1083478000.0
57,ATVI,MRQ,2007-03-31,2007-03-31,2007-03-31,2021-08-03,20202000.0,1793947000.0,,1401233000.0,392714000.0,,2.494,-4829000.0,384409000.0,384409000.0,216007000.0,-14422000.0,4.107,0.271,0.0,0.0,0.0,0.0,0.0,16852000.0,0.0,0.0,0.0,-18467000.0,-1615000.0,-0.005,-1615000.0,-18467000.0,-18467000.0,-0.025,-0.025,-0.025,1411532000.0,,1411532000.0,5065211468.0,48.0,32.109,147750000.0,0.261,1.0,96505000.0,0.309,426570000.0,0.0,641799000.0,,91231000.0,570440000.0,570440000.0,0.0,382415000.0,341169000.0,41246000.0,5310234468.0,16499000.0,0.0,0.0,0.0,0.0,0.0,-137209000.0,-132380000.0,152579000.0,1129000.0,-14422000.0,-14422000.0,-14422000.0,0.0,0.0,-0.046,125619000.0,-29114000.0,136517000.0,0.0,3.762,39.716,41.174,46540000.0,0.0,9.47,4.648,4.691,148694000.0,427777000.0,312512000.0,312512000.0,44678000.0,,,,,7050000.0,80941000.0,1.0,560742816.0,565918000,616810000.0,0.552,1367377000.0,100355000.0,-4045000.0,0.0,2.416,1060064000.0
58,ATVI,MRQ,2006-12-31,2006-12-31,2006-12-31,2021-08-03,18659000.0,1891470000.0,,1484378000.0,407092000.0,,2.384,-78228000.0,367910000.0,367910000.0,-40187000.0,190739000.0,3.362,0.343,0.0,0.0,0.0,0.0,0.0,26075000.0,0.0,0.0,0.0,179322000.0,205397000.0,0.453,205397000.0,179322000.0,179322000.0,0.335,0.335,0.335,1408886000.0,,1408886000.0,4588580074.0,43.0,31.645,154104000.0,0.261,1.0,493821000.0,1.089,383633000.0,0.0,698471000.0,,85680000.0,437290000.0,437290000.0,0.0,482584000.0,441456000.0,41128000.0,4833603074.0,113348000.0,4354000.0,-19160000.0,0.0,0.0,-100565000.0,-16747000.0,46627000.0,232332000.0,-1672000.0,190739000.0,190739000.0,190739000.0,0.0,0.0,0.42,275402000.0,218419000.0,193875000.0,0.0,3.431,34.774,35.917,46713000.0,0.0,8.62,4.748,5.004,456589000.0,442199000.0,453634000.0,453634000.0,161814000.0,,,,,27086000.0,109588000.0,1.0,560742816.0,591000000,591000000.0,0.768,1507837000.0,89818000.0,-11417000.0,0.0,2.551,1042922000.0
59,ATVI,MRQ,2006-09-30,2006-09-30,2006-09-30,2021-08-03,12575000.0,1533029000.0,,1079635000.0,453394000.0,,2.208,-4909000.0,189721000.0,189721000.0,141078000.0,-24302000.0,4.274,0.237,0.0,0.0,0.0,0.0,0.0,4098000.0,0.0,0.0,0.0,-29378000.0,-25280000.0,-0.134,-25280000.0,-29378000.0,-29378000.0,-0.045,-0.045,-0.045,1239346000.0,,1239346000.0,3988585261.0,202.0,109.9,-70507000.0,-0.126,1.0,47094000.0,0.25,401138000.0,0.0,689557000.0,,71063000.0,557674000.0,557674000.0,0.0,293683000.0,252613000.0,41070000.0,4233608261.0,-55302000.0,-45000.0,7085000.0,0.0,0.0,9485000.0,-1251000.0,16203000.0,-65598000.0,2062000.0,-24302000.0,-24302000.0,-24302000.0,0.0,0.0,-0.129,84504000.0,-37410000.0,83418000.0,0.0,3.416,262.68,251.667,45185000.0,0.0,7.55,3.066,3.069,97086000.0,299379000.0,188172000.0,188172000.0,25608000.0,,,,,5616000.0,58896000.0,1.0,560742816.0,561254000,561254000.0,0.335,1131891000.0,127569000.0,-5076000.0,0.0,2.017,827022000.0
60,ATVI,MRQ,2006-06-30,2006-06-30,2006-06-30,2021-08-03,1465000.0,1436176000.0,,1064000000.0,372176000.0,,2.218,-2631000.0,245023000.0,245023000.0,137800000.0,-18309000.0,6.63,0.163,0.0,0.0,0.0,0.0,0.0,4421000.0,0.0,0.0,0.0,-25174000.0,-20753000.0,-0.11,-20753000.0,-25174000.0,-25174000.0,-0.035,-0.035,-0.035,1234730000.0,,1234730000.0,2807932930.0,102.0,64.481,-106304000.0,-0.191,1.0,50269000.0,0.267,356222000.0,0.0,674445000.0,,64095000.0,547553000.0,547553000.0,0.0,201446000.0,160486000.0,40960000.0,3162263930.0,-109308000.0,-30500000.0,4837000.0,0.0,0.0,6842000.0,-15619000.0,17512000.0,-103673000.0,3142000.0,-18309000.0,-18309000.0,-18309000.0,0.0,0.0,-0.097,83718000.0,-33449000.0,73344000.0,0.0,2.561,120.748,113.8,43986000.0,0.0,5.69,2.235,2.239,65361000.0,323681000.0,188069000.0,188069000.0,25625000.0,,,,,6607000.0,58093000.0,1.0,555758160.0,556670000,556670000.0,0.338,1079954000.0,69594000.0,-6865000.0,0.0,1.94,903514000.0
61,ATVI,MRQ,2006-03-31,2006-03-31,2006-03-31,2021-08-03,16369000.0,1418255000.0,,1116055000.0,302200000.0,,2.211,-10232000.0,354331000.0,354331000.0,128309000.0,-9128000.0,5.757,0.16,0.0,0.0,0.0,0.0,0.0,4406000.0,0.0,0.0,0.0,-18770000.0,-14364000.0,-0.076,-14364000.0,-18770000.0,-18770000.0,-0.015,-0.015,-0.015,1222623000.0,,1222623000.0,3546442050.0,77.0,58.629,159707000.0,0.289,1.0,59816000.0,0.318,248111000.0,0.0,621957000.0,,61483000.0,590629000.0,590629000.0,0.0,195632000.0,193856000.0,1776000.0,3813511050.0,87262000.0,191000.0,7238000.0,0.0,0.0,7238000.0,-90383000.0,-80342000.0,169939000.0,468000.0,-9128000.0,-9128000.0,-9128000.0,0.0,0.0,-0.049,86376000.0,-26560000.0,88994000.0,0.0,3.119,94.743,91.933,45368000.0,0.0,6.895,2.598,2.597,28782000.0,341990000.0,188125000.0,188125000.0,32953000.0,,,,,8691000.0,53423000.0,1.0,553083546.0,552882000,591634000.0,0.34,1170144000.0,62209000.0,-9642000.0,0.0,2.116,922199000.0
62,ATVI,MRQ,2005-12-31,2005-12-31,2005-12-31,2021-08-03,2521000.0,1595954000.0,,1326448000.0,269506000.0,,2.199,-7451000.0,267069000.0,267069000.0,498325000.0,67856000.0,3.443,0.32,0.0,0.0,0.0,0.0,0.0,3635000.0,0.0,0.0,0.0,93055000.0,96690000.0,0.118,96690000.0,93055000.0,93055000.0,0.125,0.115,0.125,1209480000.0,,1209480000.0,3557454608.0,57.0,47.376,2885000.0,0.005,1.0,317917000.0,0.389,222244000.0,0.0,721383000.0,,84828000.0,497537000.0,497537000.0,0.0,386474000.0,385258000.0,1216000.0,3760539608.0,63984000.0,-148000.0,10486000.0,0.0,0.0,10486000.0,44049000.0,39148000.0,10336000.0,-887000.0,67856000.0,67856000.0,67856000.0,0.0,0.0,0.083,234024000.0,83893000.0,213874000.0,0.0,3.109,75.704,80.824,39180000.0,0.0,6.87,2.535,2.546,414492000.0,397732000.0,816242000.0,816242000.0,53254000.0,,,,,10002000.0,180770000.0,1.0,547385678.0,549930000,592410000.0,1.484,1373710000.0,45619000.0,25199000.0,0.0,2.498,941190000.0
63,ATVI,MRQ,2005-09-30,2005-09-30,2005-09-30,2021-08-03,4890000.0,1297501000.0,,1082262000.0,215239000.0,,2.058,-7492000.0,203085000.0,203085000.0,141458000.0,-14230000.0,6.128,0.158,0.0,0.0,0.0,0.0,0.0,3432000.0,0.0,0.0,0.0,-21458000.0,-18026000.0,-0.081,-18026000.0,-21458000.0,-21458000.0,-0.025,-0.025,-0.025,1120248000.0,,1120248000.0,3921736344.0,36.0,32.335,-47285000.0,-0.087,1.0,81082000.0,0.364,250912000.0,0.0,666907000.0,,52035000.0,547174000.0,547174000.0,0.0,177253000.0,176597000.0,656000.0,4164077344.0,-39256000.0,-8000.0,14195000.0,0.0,0.0,14195000.0,-12942000.0,7058000.0,-39793000.0,-716000.0,-14230000.0,-14230000.0,-14230000.0,0.0,0.0,-0.064,108870000.0,-27788000.0,90838000.0,0.0,3.717,52.657,49.476,35668000.0,0.0,7.669,3.09,3.097,116879000.0,329787000.0,222540000.0,222540000.0,28366000.0,,,,,7036000.0,80504000.0,1.0,542992971.0,544258000,544258000.0,0.409,1046589000.0,59797000.0,-7228000.0,0.0,1.923,905665000.0
64,ATVI,MRQ,2005-06-30,2005-06-30,2005-06-30,2021-08-03,7743000.0,1267447000.0,,1069805000.0,197642000.0,,2.068,-5231000.0,242341000.0,242341000.0,172270000.0,-4247000.0,6.947,0.138,0.0,0.0,0.0,0.0,0.0,3161000.0,0.0,0.0,0.0,-6971000.0,-3810000.0,-0.016,-3810000.0,-6971000.0,-6971000.0,-0.01,-0.01,-0.01,1113349000.0,,1113349000.0,3019598699.0,18.0,16.853,-59706000.0,-0.111,1.0,68823000.0,0.285,241057000.0,0.0,630044000.0,,45136000.0,543558000.0,543558000.0,0.0,154098000.0,154005000.0,93000.0,3333206699.0,-71267000.0,-6925000.0,13169000.0,0.0,0.0,13169000.0,-26520000.0,-6864000.0,-54475000.0,-3441000.0,-4247000.0,-4247000.0,-4247000.0,0.0,0.0,-0.018,83142000.0,-14319000.0,65447000.0,0.0,2.994,28.045,26.935,31911000.0,0.0,6.195,2.322,2.323,94804000.0,343029000.0,241093000.0,241093000.0,18078000.0,,,,,6737000.0,65064000.0,1.0,538047893.0,538282000,538282000.0,0.448,1026390000.0,44104000.0,-2724000.0,0.0,1.907,915800000.0
65,ATVI,MRQ,2005-03-31,2005-03-31,2005-03-31,2021-08-03,11618000.0,1305919000.0,,1122464000.0,183455000.0,,2.107,-6911000.0,313608000.0,313608000.0,141544000.0,295000.0,5.38,0.19,0.0,0.0,0.0,0.0,0.0,2960000.0,0.0,0.0,0.0,-2724000.0,236000.0,0.001,236000.0,-2724000.0,-2724000.0,-0.005,0.0,-0.005,1097274000.0,,1097274000.0,2405982508.0,12.0,11.829,112020000.0,0.215,1.0,62317000.0,0.306,219001000.0,0.0,564665000.0,,48018000.0,527256000.0,527256000.0,0.0,208645000.0,208645000.0,0.0,2808512508.0,21317000.0,-21382000.0,42520000.0,0.0,0.0,42520000.0,-136798000.0,-108505000.0,118931000.0,-3336000.0,295000.0,295000.0,295000.0,0.0,0.0,0.001,70179000.0,-7862000.0,108984000.0,0.0,2.56,20.795,20.556,30490000.0,0.0,5.55,1.998,1.974,109144000.0,301739000.0,203861000.0,203861000.0,21722000.0,,,,,42772000.0,48457000.0,1.0,506038290.0,520722000,574570000.0,0.391,1086918000.0,33757000.0,-3019000.0,0.0,2.087,913819000.0
66,ATVI,MRQ,2004-12-31,2004-12-31,2004-12-31,2021-08-03,17818000.0,1344629000.0,,1212301000.0,132328000.0,,2.053,-3587000.0,402530000.0,402530000.0,397292000.0,97262000.0,3.893,0.318,0.0,0.0,0.0,0.0,0.0,2610000.0,0.0,0.0,0.0,140276000.0,142886000.0,0.21,142886000.0,140276000.0,140276000.0,0.195,0.175,0.195,1020484000.0,,1020484000.0,2418248170.0,12.0,11.645,82081000.0,0.165,1.0,282802000.0,0.416,184458000.0,0.0,446208000.0,,41656000.0,310650000.0,310650000.0,0.0,324145000.0,311433000.0,12712000.0,2808039170.0,25600000.0,0.0,17532000.0,0.0,0.0,17532000.0,-86589000.0,-83002000.0,85668000.0,8989000.0,97262000.0,97262000.0,97262000.0,0.0,0.0,0.143,145723000.0,137079000.0,156376000.0,0.0,2.752,20.376,20.714,26798000.0,0.0,5.676,2.057,2.067,344894000.0,343041000.0,680094000.0,680094000.0,25068000.0,,,,,8884000.0,120655000.0,1.0,494754176.0,497138000,553216000.0,1.368,1160171000.0,13689000.0,43014000.0,12712000.0,2.334,900868000.0
67,ATVI,MRQ,2004-09-30,2004-09-30,2004-09-30,2021-08-03,8839000.0,1104169000.0,,954873000.0,149296000.0,,1.803,-2562000.0,389791000.0,389791000.0,187091000.0,25543000.0,4.414,0.244,0.0,0.0,0.0,0.0,0.0,2553000.0,0.0,0.0,0.0,37303000.0,39856000.0,0.128,39856000.0,37303000.0,37303000.0,0.05,0.045,0.05,887827000.0,,887827000.0,1579768392.0,9.0,8.493,60284000.0,0.122,1.0,123535000.0,0.398,213887000.0,0.0,284149000.0,,63690000.0,216296000.0,216296000.0,0.0,216342000.0,216342000.0,0.0,1919503392.0,123367000.0,0.0,4568000.0,0.0,0.0,4568000.0,55882000.0,58444000.0,62846000.0,71000.0,25543000.0,25543000.0,25543000.0,0.0,0.0,0.082,88877000.0,34658000.0,103001000.0,0.0,2.162,16.332,16.12,24712000.0,0.0,3.901,1.609,1.61,138586000.0,245779000.0,310626000.0,310626000.0,19881000.0,,,,,1321000.0,68996000.0,1.0,492062073.0,492462000,542878000.0,0.631,890282000.0,26259000.0,11760000.0,0.0,1.808,738531000.0
68,ATVI,MRQ,2004-06-30,2004-06-30,2004-06-30,2021-08-03,7384000.0,985841000.0,,837365000.0,148476000.0,,1.743,-1881000.0,339735000.0,339735000.0,119019000.0,11957000.0,6.339,0.155,0.0,0.0,0.0,0.0,0.0,2579000.0,0.0,0.0,0.0,17845000.0,20424000.0,0.097,20424000.0,17845000.0,17845000.0,0.026,0.022,0.026,853749000.0,,853749000.0,1727346298.0,14.0,12.961,-54017000.0,-0.11,1.0,92257000.0,0.437,206581000.0,0.0,307433000.0,,39635000.0,199411000.0,199411000.0,0.0,132092000.0,132092000.0,0.0,2193898298.0,-21796000.0,0.0,8034000.0,0.0,0.0,8034000.0,23609000.0,25490000.0,-52136000.0,-1303000.0,11957000.0,11957000.0,11957000.0,0.0,0.0,0.057,76524000.0,15733000.0,75558000.0,0.0,2.57,26.79,26.305,24841000.0,0.0,4.472,2.193,2.19,123048000.0,220236000.0,211276000.0,211276000.0,21105000.0,,,,,3597000.0,55419000.0,1.0,490599200.0,489829333,545437333.0,0.431,779260000.0,30163000.0,5888000.0,0.0,1.591,705273000.0
69,ATVI,MRQ,2004-03-31,2004-03-31,2004-03-31,2021-08-03,9961000.0,968817000.0,,811875000.0,156942000.0,,1.728,-2521000.0,165120000.0,165120000.0,105262000.0,3047000.0,5.966,0.163,0.0,0.0,0.0,0.0,0.0,3084000.0,0.0,0.0,0.0,1413000.0,4497000.0,0.028,4497000.0,1413000.0,1413000.0,0.003,0.007,0.003,832738000.0,,832738000.0,1710912771.0,15.0,14.081,18548000.0,0.038,1.0,57635000.0,0.354,211694000.0,0.0,455924000.0,,26427000.0,422529000.0,422529000.0,0.0,136079000.0,136079000.0,0.0,2136336771.0,-113858000.0,0.0,15094000.0,0.0,0.0,15094000.0,-152298000.0,-149777000.0,21069000.0,2277000.0,3047000.0,3047000.0,3047000.0,0.0,0.0,0.019,58272000.0,-637000.0,72874000.0,0.0,2.565,28.831,28.706,25539000.0,0.0,4.449,2.254,2.224,62577000.0,208279000.0,162897000.0,162897000.0,20010000.0,,,,,11616000.0,38262000.0,1.0,480143115.0,481890668,534223999.0,0.338,757123000.0,35191000.0,-1634000.0,0.0,1.571,675796000.0
70,ATVI,MRQ,2003-12-31,2003-12-31,2003-12-31,2021-08-03,7455000.0,1101291000.0,,949582000.0,151709000.0,,1.682,-1240000.0,425424000.0,425424000.0,268445000.0,76981000.0,3.169,0.383,0.0,0.0,0.0,0.0,0.0,2806000.0,0.0,0.0,0.0,118425000.0,121231000.0,0.238,121231000.0,118425000.0,118425000.0,0.163,0.149,0.163,796287000.0,,796287000.0,1301348094.0,13.0,11.87,97183000.0,0.205,1.0,240066000.0,0.472,194573000.0,0.0,181671000.0,,35506000.0,126253000.0,126253000.0,0.0,305004000.0,299623000.0,5381000.0,1614794094.0,111978000.0,-3480000.0,41127000.0,0.0,0.0,41127000.0,-33022000.0,-28302000.0,98423000.0,5450000.0,76981000.0,76981000.0,76981000.0,0.0,0.0,0.151,123105000.0,116961000.0,170936000.0,0.0,2.028,25.593,25.866,26375000.0,0.0,3.414,1.775,1.777,241929000.0,201615000.0,508511000.0,508511000.0,50354000.0,,,,,2609000.0,72751000.0,1.0,472939877.0,473404444,519207111.0,1.074,906718000.0,36170000.0,41444000.0,5381000.0,1.915,649959000.0
71,ATVI,MRQ,2003-09-30,2003-09-30,2003-09-30,2021-08-03,1173000.0,763056000.0,,597923000.0,165133000.0,,1.412,-2544000.0,313446000.0,313446000.0,91189000.0,-10093000.0,6.042,0.149,0.0,0.0,0.0,0.0,0.0,2654000.0,0.0,0.0,0.0,-15529000.0,-12875000.0,-0.11,-12875000.0,-15529000.0,-15529000.0,-0.022,-0.022,-0.022,664094000.0,,664094000.0,763759874.0,16.0,12.686,-30935000.0,-0.066,1.0,26334000.0,0.224,196726000.0,0.0,153922000.0,,21163000.0,97990000.0,97990000.0,0.0,98962000.0,98962000.0,0.0,1054592874.0,22613000.0,0.0,52074000.0,0.0,0.0,52074000.0,-1594000.0,950000.0,-28391000.0,524000.0,-10093000.0,-10093000.0,-10093000.0,0.0,0.0,-0.086,43267000.0,-16933000.0,49015000.0,0.0,1.588,34.622,43.161,26562000.0,0.0,2.244,1.352,1.353,29502000.0,124634000.0,117523000.0,117523000.0,15894000.0,,,,,446000.0,27373000.0,1.0,469882651.0,470197333,470197333.0,0.25,566330000.0,52675000.0,-5436000.0,0.0,1.204,498961000.0
72,ATVI,MRQ,2003-06-30,2003-06-30,2003-06-30,2021-08-03,267000.0,730757000.0,,549006000.0,181751000.0,,1.345,-5671000.0,290833000.0,290833000.0,102251000.0,4163000.0,5.523,0.157,0.0,0.0,0.0,0.0,0.0,2251000.0,0.0,0.0,0.0,6403000.0,8654000.0,0.055,8654000.0,6403000.0,6403000.0,0.008,0.008,0.008,631355000.0,,631355000.0,848149973.0,11.0,9.46,-29369000.0,-0.063,1.0,56474000.0,0.356,184792000.0,0.0,155730000.0,,25107000.0,98942000.0,98942000.0,0.0,99402000.0,99402000.0,0.0,1130885973.0,5279000.0,0.0,12092000.0,-2818000.0,0.0,9274000.0,16759000.0,22430000.0,-23698000.0,2944000.0,4163000.0,4163000.0,4163000.0,0.0,0.0,0.026,51328000.0,5146000.0,51340000.0,0.0,1.791,22.782,26.518,26358000.0,0.0,2.413,1.36,1.363,33328000.0,134727000.0,158725000.0,158725000.0,13580000.0,,,,,512000.0,37748000.0,1.0,468639616.0,469578667,500106667.0,0.338,545965000.0,47171000.0,2240000.0,0.0,1.163,449604000.0
73,ATVI,MRQ,2003-03-31,2003-03-31,2003-03-31,2021-08-03,-3434000.0,704816000.0,,526905000.0,177911000.0,,1.187,-5441000.0,285554000.0,285554000.0,96069000.0,-7957000.0,5.047,0.179,2818000.0,147000.0,2671000.0,2818000.0,0.0,5064000.0,0.0,0.0,0.0,-12438000.0,-7374000.0,-0.059,-7374000.0,-12438000.0,-12438000.0,-0.017,-0.013,-0.017,597740000.0,,597740000.0,599949630.0,6.0,5.193,36484000.0,0.072,1.0,28932000.0,0.231,175940000.0,0.0,141735000.0,,19577000.0,121400000.0,121400000.0,0.0,107076000.0,104405000.0,2671000.0,956112630.0,-219876000.0,1500000.0,-158195000.0,-3000.0,0.0,-158198000.0,-103112000.0,-98176000.0,41925000.0,-491000.0,-7957000.0,-7957000.0,-7957000.0,0.0,0.0,-0.064,43376000.0,-14444000.0,45602000.0,0.0,1.6,14.447,14.111,22265000.0,0.0,1.806,1.106,1.073,15822000.0,130564000.0,125001000.0,125001000.0,18203000.0,,,,,-169000.0,25173000.0,1.0,529335712.0,503685331,534154667.0,0.248,528876000.0,48612000.0,-4481000.0,0.0,1.05,422500000.0
74,ATVI,MRQ,2002-12-31,2002-12-31,2002-12-31,2021-08-03,-2295000.0,971117000.0,,817702000.0,153415000.0,,1.437,-2166000.0,358984000.0,358984000.0,253302000.0,44347000.0,4.076,0.265,2821000.0,145000.0,2676000.0,2821000.0,0.0,2505000.0,0.0,0.0,0.0,69294000.0,71799000.0,0.19,71799000.0,69294000.0,69294000.0,0.083,0.079,0.083,767823000.0,,767823000.0,642735114.0,5.0,4.506,24804000.0,0.046,1.0,125383000.0,0.331,172408000.0,0.0,241928000.0,,37284000.0,169874000.0,169874000.0,0.0,203294000.0,200618000.0,2676000.0,978695114.0,19613000.0,-9108000.0,-42664000.0,-838000.0,0.0,-43502000.0,33938000.0,45212000.0,26970000.0,2207000.0,44347000.0,44347000.0,44347000.0,0.0,0.0,0.117,58622000.0,66761000.0,106658000.0,0.0,1.275,11.511,10.921,19741000.0,0.0,1.824,1.083,1.078,158393000.0,138521000.0,378685000.0,378685000.0,13758000.0,,,,,8574000.0,44864000.0,1.0,536638856.0,534448000,566522667.0,0.709,798709000.0,39151000.0,24947000.0,0.0,1.494,617084000.0
75,ATVI,MRQ,2002-09-30,2002-09-30,2002-09-30,2021-08-03,-5448000.0,883114000.0,,730875000.0,152239000.0,,1.421,-2818000.0,339371000.0,339371000.0,103977000.0,9086000.0,6.063,0.163,3411000.0,189000.0,3222000.0,3411000.0,0.0,2377000.0,0.0,0.0,0.0,14199000.0,16576000.0,0.098,16576000.0,14199000.0,14199000.0,0.017,0.015,0.017,759343000.0,,759343000.0,1050997734.0,8.0,7.799,1214000.0,0.002,1.0,65195000.0,0.385,158586000.0,0.0,268019000.0,,25118000.0,214328000.0,214328000.0,0.0,123771000.0,120549000.0,3222000.0,1596853734.0,-210959000.0,0.0,2508000.0,-1063000.0,0.0,1445000.0,-217330000.0,-214512000.0,4032000.0,894000.0,9086000.0,9086000.0,9086000.0,0.0,0.0,0.054,53861000.0,11334000.0,57280000.0,0.0,2.103,20.015,16.805,19354000.0,0.0,2.991,1.781,1.782,61395000.0,94174000.0,169172000.0,169172000.0,13259000.0,,,,,2726000.0,40602000.0,1.0,533841616.0,534250667,579898667.0,0.317,724528000.0,45658000.0,5113000.0,0.0,1.356,610326000.0
76,ATVI,MRQ,2002-06-30,2002-06-30,2002-06-30,2021-08-03,-6118000.0,854753000.0,,712380000.0,142373000.0,,1.544,-1452000.0,550330000.0,550330000.0,111825000.0,20704000.0,6.492,0.152,4474000.0,1130000.0,3344000.0,4474000.0,0.0,2168000.0,0.0,0.0,0.0,32352000.0,34520000.0,0.18,34520000.0,32352000.0,32352000.0,0.043,0.039,0.043,741685000.0,,741685000.0,1659986019.0,14.0,13.456,16596000.0,0.035,1.0,79433000.0,0.415,125312000.0,0.0,73861000.0,,25439000.0,0.0,0.0,0.0,113068000.0,109724000.0,3344000.0,1935703019.0,271323000.0,-13591000.0,263161000.0,1184000.0,0.0,264345000.0,-15043000.0,0.0,18048000.0,3973000.0,20704000.0,20704000.0,20704000.0,0.0,0.0,0.108,48237000.0,31196000.0,45887000.0,0.0,2.61,26.548,21.883,18642000.0,0.0,3.632,2.232,2.012,64799000.0,85088000.0,191258000.0,191258000.0,11751000.0,,,,,12753000.0,36486000.0,1.0,532884520.0,480314667,534000000.0,0.398,729441000.0,52969000.0,11648000.0,0.0,1.519,602656000.0
77,ATVI,MRQ,2002-03-31,2002-03-31,2002-03-31,2021-08-03,-11498000.0,556887000.0,,456873000.0,100014000.0,,0.98,-3191000.0,279007000.0,279007000.0,105646000.0,10884000.0,3.694,0.295,3290000.0,168000.0,3122000.0,3290000.0,0.0,2265000.0,0.0,0.0,0.0,17485000.0,19750000.0,0.12,19750000.0,17485000.0,17485000.0,0.024,0.018,0.024,430091000.0,,430091000.0,1428041436.0,17.0,15.785,64178000.0,0.146,1.0,59265000.0,0.359,92734000.0,0.0,64762000.0,,20736000.0,0.0,0.0,0.0,126796000.0,123674000.0,3122000.0,1619034436.0,84316000.0,0.0,20893000.0,-408000.0,0.0,20485000.0,-2613000.0,0.0,67369000.0,-925000.0,10884000.0,10884000.0,10884000.0,0.0,0.0,0.066,42403000.0,16862000.0,64410000.0,0.0,3.764,30.993,28.905,17832000.0,0.0,3.729,2.059,1.921,76733000.0,64384000.0,164911000.0,164911000.0,11901000.0,,,,,3978000.0,30502000.0,1.0,434203000.0,438753776,543337776.0,0.376,464153000.0,51403000.0,6601000.0,0.0,1.058,333199000.0
78,ATVI,MRQ,2001-12-31,2001-12-31,2001-12-31,2021-08-03,-10300000.0,594202000.0,,495209000.0,98993000.0,,0.921,-1698000.0,194691000.0,194691000.0,253644000.0,39110000.0,2.411,0.541,3698000.0,489000.0,3209000.0,3698000.0,0.0,1840000.0,0.0,0.0,0.0,62072000.0,63912000.0,0.172,63912000.0,62072000.0,62072000.0,0.094,0.083,0.094,385609000.0,,385609000.0,1237161609.0,20.0,18.023,58629000.0,0.14,1.0,117697000.0,0.317,25497000.0,0.0,172328000.0,,30630000.0,0.0,0.0,0.0,208593000.0,205384000.0,3209000.0,1353551609.0,72539000.0,0.0,16197000.0,-2064000.0,0.0,14133000.0,-1827000.0,0.0,60327000.0,-94000.0,39110000.0,39110000.0,39110000.0,0.0,0.0,0.105,55896000.0,61801000.0,121190000.0,0.0,3.51,32.053,32.191,17598000.0,0.0,3.251,1.809,1.82,203379000.0,53500000.0,371341000.0,371341000.0,10848000.0,,,,,20164000.0,45048000.0,1.0,416317296.0,418872000,474344000.0,0.887,568705000.0,55060000.0,22962000.0,0.0,1.358,289825000.0
79,ATVI,MRQ,2001-09-30,2001-09-30,2001-09-30,2021-08-03,-9865000.0,404811000.0,,308123000.0,96688000.0,,0.74,-1840000.0,122152000.0,122152000.0,101322000.0,2215000.0,2.897,0.372,5762000.0,2337000.0,3425000.0,5762000.0,0.0,1665000.0,0.0,0.0,0.0,3516000.0,5181000.0,0.037,5181000.0,3516000.0,3516000.0,0.005,0.005,0.005,295020000.0,,295020000.0,803672831.0,24.0,19.591,11922000.0,0.03,1.0,38282000.0,0.274,10458000.0,0.0,171597000.0,,33892000.0,0.0,0.0,0.0,109791000.0,106366000.0,3425000.0,904640831.0,16166000.0,0.0,2199000.0,697000.0,0.0,2896000.0,-1840000.0,0.0,13762000.0,1348000.0,2215000.0,2215000.0,2215000.0,0.0,0.0,0.016,35138000.0,3144000.0,60417000.0,0.0,3.066,38.293,29.459,17209000.0,0.0,2.268,1.41,1.411,86391000.0,14390000.0,139604000.0,139604000.0,9020000.0,,,,,1218000.0,26118000.0,1.0,398813004.0,398896000,457200000.0,0.35,394353000.0,52250000.0,1301000.0,0.0,0.989,201757000.0
80,ATVI,MRQ,2001-06-30,2001-06-30,2001-06-30,2021-08-03,-11601000.0,376423000.0,,287985000.0,88438000.0,,0.796,-2421000.0,105986000.0,105986000.0,74120000.0,29000.0,3.37,0.309,5018000.0,1715000.0,3303000.0,5018000.0,0.0,1580000.0,0.0,0.0,0.0,46000.0,1626000.0,0.015,1626000.0,46000.0,46000.0,0.0,0.0,0.0,287652000.0,,287652000.0,1212103562.0,31.0,25.865,-32087000.0,-0.089,1.0,36457000.0,0.33,10283000.0,0.0,179704000.0,,44198000.0,0.0,0.0,0.0,88771000.0,85468000.0,3303000.0,1264021562.0,-19564000.0,0.0,21517000.0,-8629000.0,0.0,12888000.0,-2421000.0,0.0,-29666000.0,-365000.0,29000.0,29000.0,29000.0,0.0,0.0,0.0,37692000.0,-1235000.0,42691000.0,,4.394,49.155,37.596,16513000.0,0.0,3.271,1.956,1.829,72066000.0,12175000.0,110577000.0,110577000.0,9191000.0,,,,,23153000.0,28501000.0,1.0,386452452.0,361288000,427720000.0,0.306,366140000.0,51651000.0,17000.0,0.0,1.013,202517000.0
81,ATVI,MRQ,2001-03-31,2001-03-31,2001-03-31,2021-08-03,-11377000.0,359957000.0,,298230000.0,61727000.0,,0.576,-2339000.0,125550000.0,125550000.0,89366000.0,875000.0,2.588,0.985,73632000.0,10231000.0,63401000.0,73632000.0,0.0,3172000.0,0.0,0.0,0.0,-5248000.0,-2076000.0,-0.016,-2076000.0,-5248000.0,1383000.0,0.002,0.006,0.002,181306000.0,,181306000.0,663700424.0,20.0,16.503,48041000.0,0.153,1.0,37424000.0,0.295,52521000.0,-6631000.0,140268000.0,,43888000.0,0.0,0.0,0.0,178651000.0,115250000.0,63401000.0,638936424.0,73202000.0,0.0,25113000.0,-3344000.0,0.0,21769000.0,-1190000.0,0.0,50380000.0,2243000.0,875000.0,875000.0,875000.0,0.0,0.0,0.007,35409000.0,2015000.0,60980000.0,0.0,3.524,31.157,29.36,15240000.0,0.0,2.026,1.03,0.975,73802000.0,12146000.0,126790000.0,126790000.0,11085000.0,,,,,9537000.0,24324000.0,1.0,315394368.0,314872000,275400000.0,0.403,307436000.0,28051000.0,508000.0,0.0,0.976,182980000.0
82,ATVI,MRQ,2000-12-31,2000-12-31,2000-12-31,2021-08-03,-8227000.0,377415000.0,,328394000.0,49021000.0,,0.497,-5304000.0,52348000.0,52348000.0,178794000.0,20505000.0,1.98,1.588,77112000.0,11390000.0,65722000.0,77112000.0,0.0,1538000.0,0.0,0.0,0.0,34754000.0,36292000.0,0.137,36292000.0,34754000.0,32529000.0,0.07,0.056,0.07,145812000.0,,145812000.0,451894836.0,-16.0,28.657,52531000.0,0.179,1.0,85679000.0,0.324,10892000.0,2225000.0,225408000.0,,49772000.0,0.0,0.0,0.0,231603000.0,165879000.0,65724000.0,369649836.0,27144000.0,0.0,3024000.0,-30509000.0,0.0,-27485000.0,-5304000.0,0.0,57835000.0,2098000.0,20505000.0,20505000.0,20505000.0,0.0,0.0,0.078,50925000.0,34754000.0,80560000.0,0.0,2.535,-11.119,-11.257,15053000.0,0.0,1.261,0.619,0.619,146622000.0,11271000.0,264473000.0,264473000.0,11779000.0,,,,,850000.0,39146000.0,1.0,293178984.0,293320000,364464000.0,0.902,366523000.0,25618000.0,12024000.0,0.0,1.25,162515000.0
83,ATVI,MRQ,2000-09-30,2000-09-30,2000-09-30,2021-08-03,-9739000.0,329527000.0,,277165000.0,52362000.0,,0.419,-510000.0,25204000.0,25204000.0,89170000.0,4306000.0,1.953,1.748,107449000.0,39792000.0,67657000.0,107449000.0,0.0,1484000.0,0.0,0.0,0.0,9536000.0,11020000.0,0.076,11020000.0,9536000.0,6853000.0,0.015,0.014,0.015,119921000.0,,119921000.0,433047160.0,-18.0,20.937,-7473000.0,-0.026,1.0,55193000.0,0.382,11174000.0,2683000.0,258676000.0,,47242000.0,0.0,0.0,0.0,209606000.0,141922000.0,67684000.0,354518160.0,13615000.0,0.0,5422000.0,17645000.0,0.0,23067000.0,-510000.0,0.0,-6963000.0,-1979000.0,4306000.0,4306000.0,4306000.0,0.0,0.0,0.03,45657000.0,9536000.0,44484000.0,0.0,2.956,-11.272,-11.574,11419000.0,0.0,1.25,0.589,0.594,116619000.0,-9234000.0,144363000.0,144363000.0,11107000.0,,,,,1442000.0,34550000.0,1.0,283614528.0,286020000,309588000.0,0.505,318353000.0,25750000.0,2547000.0,0.0,1.113,135243000.0
84,ATVI,MRQ,2000-06-30,2000-06-30,2000-06-30,2021-08-03,-8630000.0,264347000.0,,211841000.0,52506000.0,,0.371,-1627000.0,11589000.0,11589000.0,57280000.0,-5179000.0,2.516,1.406,90118000.0,19860000.0,70258000.0,90118000.0,0.0,1480000.0,0.0,0.0,0.0,-6498000.0,-5018000.0,-0.059,-5018000.0,-6498000.0,-8221000.0,-0.018,-0.018,-0.018,109860000.0,,109860000.0,193986065.0,-6.0,13.186,-21314000.0,-0.072,1.0,27278000.0,0.323,11705000.0,1723000.0,246977000.0,,42888000.0,0.0,0.0,0.0,154487000.0,84194000.0,70293000.0,153933065.0,-38396000.0,0.0,-14942000.0,138000.0,0.0,-14804000.0,-1627000.0,0.0,-19687000.0,-2278000.0,-5179000.0,-5179000.0,-5179000.0,0.0,0.0,-0.061,33776000.0,-6498000.0,22116000.0,0.0,1.401,-4.437,-4.552,11304000.0,0.0,0.542,0.269,0.28,66646000.0,-13540000.0,84558000.0,84558000.0,7424000.0,,,,,3000.0,26352000.0,1.0,284184120.0,296256000,296256000.0,0.285,252642000.0,25890000.0,-3042000.0,0.0,0.853,127647000.0
85,ATVI,MRQ,2000-03-31,2000-03-31,2000-03-31,2021-08-03,-6066000.0,309737000.0,,262175000.0,47562000.0,,0.429,-1998000.0,49985000.0,49985000.0,90267000.0,-52878000.0,2.522,1.346,90038000.0,16260000.0,73778000.0,90038000.0,0.0,39466000.0,0.0,0.0,0.0,-65991000.0,-26525000.0,-0.255,-26525000.0,-65991000.0,-68569000.0,-0.179,-0.174,-0.179,132009000.0,,132009000.0,374467205.0,-12.0,24.095,-17905000.0,-0.058,1.0,13571000.0,0.131,12347000.0,2578000.0,233493000.0,,40453000.0,0.0,0.0,0.0,177728000.0,103950000.0,73778000.0,308022205.0,-1749000.0,0.0,7145000.0,-28141000.0,0.0,-20996000.0,52933000.0,0.0,-15907000.0,-1752000.0,-52878000.0,-52878000.0,-52878000.0,0.0,0.0,-0.509,79562000.0,-65991000.0,38286000.0,0.0,2.333,-9.036,-8.739,10815000.0,0.0,1.005,0.538,0.52,108108000.0,-8361000.0,103838000.0,103838000.0,9699000.0,,,,,331000.0,28245000.0,1.0,306489756.0,307972000,296296000.0,0.337,297390000.0,20214000.0,-15691000.0,0.0,0.966,158225000.0
86,ATVI,MRQ,1999-12-31,1999-12-31,1999-12-31,2021-08-03,-3390000.0,454968000.0,,373045000.0,81923000.0,,0.583,-190000.0,51734000.0,51734000.0,179090000.0,22301000.0,1.837,1.591,118179000.0,41871000.0,76308000.0,118179000.0,0.0,2965000.0,0.0,0.0,0.0,38241000.0,41206000.0,0.153,41206000.0,38241000.0,35406000.0,0.074,0.062,0.074,175575000.0,,175575000.0,462077758.0,10.0,8.758,19974000.0,0.066,1.0,89772000.0,0.334,52252000.0,2835000.0,266078000.0,,42973000.0,0.0,0.0,0.0,279393000.0,203083000.0,76310000.0,383244758.0,25937000.0,0.0,1628000.0,13549000.0,0.0,15177000.0,-23496000.0,0.0,20164000.0,-1935000.0,22301000.0,22301000.0,22301000.0,0.0,0.0,0.083,51531000.0,38241000.0,86112000.0,0.0,2.183,16.089,15.948,10428000.0,0.0,1.276,0.657,0.658,215559000.0,44518000.0,268862000.0,268862000.0,6235000.0,,,,,316000.0,45296000.0,1.0,300387792.0,300900000,365796000.0,0.894,402716000.0,3139000.0,13105000.0,0.0,1.338,169962000.0
87,ATVI,MRQ,1999-09-30,1999-09-30,1999-09-30,2021-08-03,-1745000.0,355163000.0,,268208000.0,86955000.0,,0.509,-1747000.0,25797000.0,25797000.0,77894000.0,1063000.0,2.124,1.374,104630000.0,25339000.0,79291000.0,104630000.0,0.0,1523000.0,0.0,0.0,0.0,3525000.0,5048000.0,0.044,5048000.0,3525000.0,1687000.0,0.003,0.003,0.003,149606000.0,,149606000.0,493541673.0,15.0,12.512,7952000.0,0.027,1.0,37469000.0,0.325,53727000.0,1838000.0,254005000.0,,40805000.0,0.0,0.0,0.0,205557000.0,126264000.0,79293000.0,415447673.0,7841000.0,0.0,9117000.0,8768000.0,0.0,17885000.0,-21455000.0,0.0,9699000.0,1712000.0,1063000.0,1063000.0,1063000.0,0.0,0.0,0.009,33944000.0,3525000.0,39731000.0,0.0,2.777,24.077,23.307,11438000.0,0.0,1.468,0.817,0.849,127637000.0,22217000.0,115363000.0,115363000.0,5819000.0,,,,,2370000.0,28125000.0,1.0,282938256.0,294024000,321036000.0,0.392,301436000.0,13763000.0,624000.0,0.0,1.025,141944000.0
88,ATVI,MRQ,1999-06-30,1999-06-30,1999-06-30,2021-08-03,-3567000.0,304481000.0,,220405000.0,84076000.0,,0.482,-583000.0,17768000.0,17768000.0,63409000.0,-4575000.0,2.523,1.235,95862000.0,15006000.0,80856000.0,95862000.0,0.0,1912000.0,0.0,0.0,0.0,-6101000.0,-4189000.0,-0.05,-4189000.0,-6101000.0,-7261000.0,-0.016,-0.016,-0.016,136247000.0,,136247000.0,368909531.0,14.0,11.133,-11656000.0,-0.041,1.0,20733000.0,0.246,54585000.0,1160000.0,240619000.0,,40028000.0,0.0,0.0,0.0,168234000.0,87371000.0,80863000.0,334621531.0,-15081000.0,-20523000.0,4590000.0,25372000.0,0.0,29962000.0,-33023000.0,0.0,-11073000.0,-947000.0,-4575000.0,-4575000.0,-4575000.0,0.0,0.0,-0.054,26834000.0,-6101000.0,31527000.0,0.0,2.456,23.924,23.333,10556000.0,0.0,1.213,0.729,0.747,98157000.0,21654000.0,84142000.0,84142000.0,4523000.0,,,,,0.0,21842000.0,1.0,275786976.0,282684000,282684000.0,0.298,249896000.0,12079000.0,-2686000.0,0.0,0.884,133034000.0
89,ATVI,MRQ,1999-03-31,1999-03-31,1999-03-31,2021-08-03,-2510000.0,283345000.0,,231360000.0,51985000.0,,0.457,-892000.0,33037000.0,33037000.0,74897000.0,5031000.0,2.435,1.228,67135000.0,5992000.0,61143000.0,67135000.0,0.0,1646000.0,0.0,0.0,0.0,9051000.0,10697000.0,0.093,10697000.0,9051000.0,8099000.0,0.018,0.017,0.018,127190000.0,,127190000.0,300200237.0,11.0,9.054,-62957000.0,-0.226,1.0,40369000.0,0.35,21647000.0,952000.0,200791000.0,,30931000.0,0.0,0.0,0.0,156155000.0,95005000.0,61150000.0,278515237.0,-18706000.0,-78000.0,5680000.0,-6039000.0,0.0,-3837000.0,49609000.0,0.0,-62065000.0,-2413000.0,5031000.0,5031000.0,5031000.0,0.0,0.0,0.044,31318000.0,9051000.0,43853000.0,0.0,2.19,18.704,19.105,10924000.0,0.0,1.032,0.638,0.648,117541000.0,25727000.0,115266000.0,115266000.0,8128000.0,,,,,1059000.0,23396000.0,1.0,269966304.0,278364000,299820000.0,0.414,261698000.0,9001000.0,3068000.0,0.0,0.94,136355000.0
90,ATVI,MRQ,1998-12-31,1998-12-31,1998-12-31,2021-08-03,144000.0,341970000.0,,292312000.0,49658000.0,,0.437,-50000.0,51490000.0,51490000.0,131521000.0,15736000.0,1.814,1.853,73175000.0,12303000.0,60872000.0,73175000.0,0.0,2017000.0,0.0,0.0,0.0,25873000.0,27890000.0,0.144,27890000.0,25873000.0,25019000.0,0.058,0.051,0.058,119881000.0,,119881000.0,275468766.0,16.0,11.759,26721000.0,0.097,1.0,62016000.0,0.32,22279000.0,854000.0,180202000.0,,37250000.0,0.0,0.0,0.0,222089000.0,161174000.0,60915000.0,245875766.0,9132000.0,-654000.0,0.0,3277000.0,0.0,6321000.0,-24022000.0,0.0,26771000.0,62000.0,15736000.0,15736000.0,15736000.0,0.0,0.0,0.081,36143000.0,25873000.0,109411000.0,0.0,2.051,27.151,28.958,11206000.0,0.0,0.927,0.569,0.588,154099000.0,20802000.0,193537000.0,193537000.0,4440000.0,,,,,0.0,31305000.0,1.0,265333560.0,274632000,321204000.0,0.705,319691000.0,7609000.0,9283000.0,0.0,1.164,131138000.0
91,ATVI,MRQ,1998-09-30,1998-09-30,1998-09-30,2021-08-03,83000.0,228133000.0,,176676000.0,51457000.0,,0.356,-2154000.0,41568000.0,41568000.0,48472000.0,-2205000.0,2.532,1.357,71161000.0,9665000.0,61496000.0,71161000.0,0.0,1475000.0,0.0,0.0,0.0,-2735000.0,-1260000.0,-0.019,-1260000.0,-2735000.0,-3559000.0,-0.008,-0.008,-0.008,96779000.0,,96779000.0,227989186.0,36.0,18.54,-7757000.0,-0.029,1.0,17710000.0,0.268,22760000.0,824000.0,165197000.0,,27243000.0,0.0,0.0,0.0,131354000.0,69769000.0,61585000.0,226769186.0,-19697000.0,732000.0,389000.0,4265000.0,0.0,4999000.0,-19805000.0,0.0,-5603000.0,712000.0,-2205000.0,-2205000.0,-2205000.0,0.0,0.0,-0.033,20445000.0,-2735000.0,40657000.0,0.0,2.343,87.286,93.75,11466000.0,0.0,0.938,0.628,0.706,66028000.0,4780000.0,66182000.0,66182000.0,4246000.0,,,,,0.0,15378000.0,1.0,241887132.0,272028000,272028000.0,0.243,205373000.0,12978000.0,-1354000.0,0.0,0.755,106907000.0
92,ATVI,MRQ,1998-06-30,1998-06-30,1998-06-30,2021-08-03,-709000.0,201716000.0,,161206000.0,40510000.0,,0.358,-704000.0,60444000.0,60444000.0,42617000.0,-3744000.0,3.482,1.141,61664000.0,557000.0,61107000.0,61664000.0,0.0,1350000.0,0.0,0.0,0.0,-5637000.0,-4287000.0,-0.07,-4287000.0,-5637000.0,-6038000.0,-0.014,-0.014,-0.014,94223000.0,,94223000.0,184700950.0,9.0,6.998,-2148000.0,-0.008,1.0,18914000.0,0.307,22998000.0,401000.0,133639000.0,,17057000.0,0.0,0.0,0.0,107493000.0,46299000.0,61194000.0,196062950.0,-12011000.0,0.0,0.0,-352000.0,0.0,-263000.0,-9582000.0,0.0,-1444000.0,-722000.0,-3744000.0,-3744000.0,-3744000.0,0.0,0.0,-0.061,24551000.0,-5637000.0,29283000.0,0.0,2.081,16.265,17.183,10301000.0,0.0,0.859,0.61,0.703,54879000.0,8296000.0,61531000.0,61531000.0,5693000.0,,,,,0.0,18287000.0,1.0,228201300.0,262980000,262980000.0,0.234,178718000.0,11102000.0,-2294000.0,0.0,0.68,114907000.0
93,ATVI,MRQ,1998-03-31,1998-03-31,1998-03-31,2021-08-03,92000.0,229280000.0,,185876000.0,43404000.0,,0.33,-2675000.0,74241000.0,74241000.0,78939000.0,-731000.0,2.651,1.354,65984000.0,4292000.0,61692000.0,65984000.0,0.0,1475000.0,0.0,0.0,0.0,-391000.0,1084000.0,0.01,1084000.0,-391000.0,-1126000.0,-0.003,-0.003,-0.003,97397000.0,,97397000.0,174467757.0,19.0,11.979,14101000.0,0.048,1.0,32297000.0,0.29,23473000.0,735000.0,127447000.0,,19425000.0,0.0,0.0,0.0,131883000.0,70103000.0,61780000.0,203115757.0,-19291000.0,231000.0,5108000.0,-2585000.0,1258000.0,-1493000.0,-34687000.0,0.0,16776000.0,113000.0,-731000.0,-731000.0,-731000.0,0.0,0.0,-0.007,32688000.0,-391000.0,50473000.0,0.0,2.085,40.868,49.769,11944000.0,0.0,0.896,0.649,0.757,73926000.0,10758000.0,111236000.0,111236000.0,6322000.0,,,,,0.0,27437000.0,1.0,226733868.0,294768000,293448000.0,0.377,205807000.0,8517000.0,-395000.0,0.0,0.698,115773000.0
94,ATVI,MRQ,1997-12-31,1997-12-31,1997-12-31,2021-08-03,-21000.0,262353000.0,,220508000.0,41845000.0,,0.378,-288000.0,91617000.0,91617000.0,77078000.0,9278000.0,2.127,1.694,62969000.0,1812000.0,61157000.0,62969000.0,0.0,1606000.0,0.0,0.0,0.0,15154000.0,16760000.0,0.137,16760000.0,15154000.0,14922000.0,0.036,0.034,0.036,97388000.0,,97388000.0,,,,21053000.0,0.082,1.0,45063000.0,0.369,23838000.0,232000.0,106194000.0,,17588000.0,0.0,0.0,0.0,164965000.0,103673000.0,61292000.0,337644518.0,81331000.0,-1043000.0,0.0,61383000.0,-35000.0,62588000.0,-2972000.0,0.0,21341000.0,374000.0,9278000.0,9278000.0,9278000.0,0.0,0.0,0.076,29909000.0,15154000.0,76583000.0,0.0,3.467,23.069,27.577,10916000.0,0.0,1.489,1.263,1.436,99431000.0,13544000.0,122141000.0,122141000.0,8045000.0,,,,,0.0,19986000.0,1.0,226733868.0,257772000,275136000.0,0.474,238515000.0,5816000.0,5644000.0,0.0,0.925,116835000.0
95,ATVI,MRQ,1997-09-30,1997-09-30,1997-09-30,2021-08-03,,,,,,,,-2854000.0,,,9459000.0,7251000.0,,,,,,,,1076000.0,,0.0,0.0,11759000.0,12835000.0,0.484,12835000.0,11759000.0,11679000.0,0.032,0.031,0.032,,,,,,,-7312000.0,-0.026,1.0,17042000.0,0.643,,80000.0,,,,,,,,,,,-5608000.0,0.0,230000.0,1588000.0,-1187000.0,1989000.0,-2693000.0,0.0,-4458000.0,-446000.0,7251000.0,7251000.0,7251000.0,0.0,0.0,0.274,5283000.0,11759000.0,,0.0,,,29.07,,0.0,1.25,,1.693,,,26501000.0,26501000.0,939000.0,,,,,0.0,4339000.0,1.0,,278604000,295476000.0,0.095,,,4428000.0,,,
96,ATVI,MRQ,1997-06-30,1997-06-30,1997-06-30,2021-08-03,,,,,,,,-3055000.0,,,20276000.0,-5414000.0,,,,,,,,1189000.0,,0.0,0.0,-8652000.0,-7463000.0,-0.281,-7463000.0,-8652000.0,-8684000.0,-0.024,-0.024,-0.024,,,,,,,-5044000.0,-0.022,1.0,6238000.0,0.235,,32000.0,,,,,,,,,,,-5464000.0,-246000.0,0.0,-1600000.0,-36000.0,-222000.0,-3462000.0,0.0,-1989000.0,209000.0,-5414000.0,-5414000.0,-5414000.0,0.0,0.0,-0.204,14890000.0,-8652000.0,,0.0,,,,,0.0,1.198,,,,,26514000.0,26514000.0,6368000.0,,,,,0.0,8147000.0,1.0,,228132000,228132000.0,0.116,,,-3270000.0,,,
97,ATVI,MRQ,1997-03-31,1997-03-31,1997-03-31,2021-08-03,-158000.0,119754000.0,,85548000.0,34206000.0,,0.337,-2187000.0,21358000.0,21358000.0,64670000.0,3521000.0,2.538,0.442,4816000.0,2283000.0,2533000.0,4816000.0,0.0,1421000.0,0.0,0.0,0.0,5332000.0,6753000.0,0.073,6753000.0,5332000.0,5129000.0,0.011,0.011,0.011,81980000.0,,81980000.0,,,,4007000.0,0.016,1.0,27511000.0,0.298,23749000.0,203000.0,45753000.0,,8283000.0,0.0,0.0,0.0,36274000.0,33710000.0,2564000.0,,-1120000.0,0.0,-3434000.0,7997000.0,66000.0,6031000.0,-13067000.0,0.0,6194000.0,-278000.0,3521000.0,3521000.0,3521000.0,0.0,0.0,0.038,22179000.0,5332000.0,19291000.0,0.0,,,30.242,5990000.0,0.0,0.938,,1.205,46633000.0,8664000.0,92181000.0,92181000.0,6609000.0,,,,,0.0,15130000.0,1.0,,243144000,251412000.0,0.379,96005000.0,5705000.0,1608000.0,0.0,0.395,51838000.0
98,ATVI,MRQ,1996-12-31,1996-12-31,1996-12-31,2021-08-03,,,,,,,,,,,36185000.0,5320000.0,,,,,,,,,,0.0,0.0,8288000.0,,,,8288000.0,8257000.0,0.025,0.024,0.025,,,,,,,,,1.0,24295000.0,0.402,,31000.0,,,,,,,,,,,,,,,,,,,,,5320000.0,5320000.0,5320000.0,0.0,0.0,0.088,16007000.0,8288000.0,,0.0,,,,,0.0,1.073,,,,,60480000.0,60480000.0,4707000.0,,,,,,10907000.0,1.0,,213372000,221808000.0,0.283,,,2937000.0,,,
0,ATVI,MRT,2021-06-30,2021-06-30,2021-06-30,2021-08-03,-593000000.0,23572000000.0,22920750000.0,10887000000.0,12685000000.0,0.39,20.96,-82000000.0,9209000000.0,9209000000.0,2419000000.0,2608000000.0,4.832,0.447,3606000000.0,0.0,3606000000.0,3606000000.0,1058000000.0,217000000.0,0.0,0.005,0.47,3096000000.0,3313000000.0,0.371,3313000000.0,3096000000.0,3052000000.0,3.37,3.34,3.37,16286000000.0,15259000000.0,16286000000.0,68483479479.0,22.0,20.671,2486000000.0,3.199,1.0,6518000000.0,0.729,10730000000.0,44000000.0,4986000000.0,4474000000.0,0.0,0.0,0.0,0.0,7286000000.0,2253000000.0,5033000000.0,74158479479.0,2883000000.0,0.0,168000000.0,924000000.0,-365000000.0,521000000.0,-264000000.0,-203000000.0,2568000000.0,58000000.0,2608000000.0,2608000000.0,2608000000.0,0.0,0.0,0.292,3391000000.0,3127000000.0,217000000.0,0.139,4.554,28.435,28.32,174000000.0,0.0,95.44,8.298,8.298,682000000.0,10821000000.0,8937000000.0,8937000000.0,1310000000.0,0.114,0.171,0.692,0.346,327000000.0,1974000000.0,1.0,777016759.0,777000000,783000000.0,11.502,12842000000.0,1447000000.0,444000000.0,511000000.0,16.528,8634000000.0
1,ATVI,MRT,2021-03-31,2021-03-31,2021-03-31,2021-08-03,-600000000.0,23425000000.0,22082750000.0,10922000000.0,12503000000.0,0.388,19.782,-81000000.0,9281000000.0,9281000000.0,2333000000.0,2312000000.0,3.434,0.528,3606000000.0,0.0,3606000000.0,3606000000.0,1459000000.0,233000000.0,0.0,0.004,0.41,2886000000.0,3119000000.0,0.364,3119000000.0,2886000000.0,2777000000.0,2.99,2.97,2.99,15331000000.0,14608000000.0,15331000000.0,67010118745.0,23.0,21.484,2867000000.0,3.699,1.0,6240000000.0,0.728,10701000000.0,109000000.0,3868000000.0,4049750000.0,0.0,0.0,0.0,0.0,8094000000.0,3181000000.0,4913000000.0,72052118745.0,3377000000.0,0.0,173000000.0,924000000.0,-316000000.0,609000000.0,-236000000.0,-155000000.0,2948000000.0,56000000.0,2312000000.0,2312000000.0,2312000000.0,0.0,0.0,0.27,3323000000.0,2917000000.0,225000000.0,0.137,4.7,31.164,31.104,192000000.0,0.0,93.0,8.405,8.407,773000000.0,9945000000.0,8573000000.0,8573000000.0,1266000000.0,0.105,0.158,0.713,0.337,326000000.0,1957000000.0,1.0,774753965.0,775000000,783000000.0,11.062,12724000000.0,1250000000.0,465000000.0,365000000.0,16.418,7741000000.0
2,ATVI,MRT,2020-12-31,2020-12-31,2020-12-31,2021-08-03,-622000000.0,23109000000.0,21127500000.0,10565000000.0,12544000000.0,0.383,19.503,-78000000.0,8647000000.0,8647000000.0,2260000000.0,2197000000.0,3.408,0.537,3605000000.0,0.0,3605000000.0,3605000000.0,1689000000.0,262000000.0,0.0,0.004,0.41,2703000000.0,2965000000.0,0.367,2965000000.0,2703000000.0,2616000000.0,2.85,2.82,2.85,15037000000.0,14030500000.0,15037000000.0,67948789627.0,25.0,22.917,2174000000.0,2.82,1.0,5826000000.0,0.721,10728000000.0,87000000.0,4239000000.0,3875000000.0,0.0,0.0,0.0,0.0,8072000000.0,3100000000.0,4972000000.0,71759789627.0,2854000000.0,0.0,170000000.0,924000000.0,-316000000.0,711000000.0,-178000000.0,-100000000.0,2252000000.0,69000000.0,2197000000.0,2197000000.0,2197000000.0,0.0,0.0,0.272,3092000000.0,2734000000.0,295000000.0,0.144,4.772,32.663,32.579,209000000.0,0.0,92.85,8.875,8.853,1052000000.0,9691000000.0,8086000000.0,8086000000.0,1150000000.0,0.104,0.157,0.698,0.334,218000000.0,1848000000.0,1.0,772857185.0,771000000,778000000.0,10.488,12381000000.0,1318000000.0,419000000.0,418000000.0,16.058,7465000000.0
3,ATVI,MRT,2020-09-30,2020-09-30,2020-09-30,2021-08-03,-633000000.0,21577000000.0,20311500000.0,9002000000.0,12575000000.0,0.377,18.63,-93000000.0,7415000000.0,7415000000.0,2100000000.0,2214000000.0,4.116,0.5,3604000000.0,0.0,3604000000.0,3604000000.0,1108000000.0,297000000.0,0.0,0.005,0.41,2562000000.0,2859000000.0,0.373,2859000000.0,2562000000.0,2500000000.0,2.87,2.86,2.87,14382000000.0,13472500000.0,14382000000.0,58821043095.0,23.0,20.574,1937000000.0,2.509,1.0,5560000000.0,0.726,10776000000.0,62000000.0,4803000000.0,3600250000.0,0.0,0.0,0.0,0.0,7195000000.0,2187000000.0,5008000000.0,62483043095.0,2471000000.0,0.0,132000000.0,896000000.0,-316000000.0,667000000.0,-279000000.0,-187000000.0,2030000000.0,53000000.0,2214000000.0,2214000000.0,2214000000.0,0.0,0.0,0.289,2967000000.0,2593000000.0,224000000.0,0.143,4.345,28.222,28.206,211000000.0,0.0,80.95,8.157,8.158,619000000.0,9183000000.0,7660000000.0,7660000000.0,1099000000.0,0.109,0.164,0.712,0.334,177000000.0,1802000000.0,1.0,771872058.0,772000000,779000000.0,9.922,10801000000.0,1287000000.0,286000000.0,480000000.0,13.991,6815000000.0
4,ATVI,MRT,2020-06-30,2020-06-30,2020-06-30,2021-08-03,-634000000.0,20220000000.0,19368500000.0,7719000000.0,12501000000.0,0.361,17.746,-103000000.0,6338000000.0,6338000000.0,2073000000.0,1814000000.0,3.019,0.478,2676000000.0,0.0,2676000000.0,2676000000.0,1222000000.0,330000000.0,0.0,0.005,0.41,2062000000.0,2392000000.0,0.342,2392000000.0,2062000000.0,2027000000.0,2.36,2.34,2.36,13682000000.0,12935750000.0,13682000000.0,55248846035.0,27.0,23.097,2040000000.0,2.646,1.0,4915000000.0,0.703,10712000000.0,35000000.0,3289000000.0,3172750000.0,0.0,0.0,0.0,0.0,6538000000.0,2557000000.0,3981000000.0,58479846035.0,1741000000.0,0.0,117000000.0,0.0,-316000000.0,-244000000.0,-147000000.0,-43000000.0,2143000000.0,-11000000.0,1814000000.0,1814000000.0,1814000000.0,0.0,0.0,0.26,2853000000.0,2062000000.0,177000000.0,0.174,4.274,32.238,32.161,222000000.0,0.0,75.9,8.369,8.374,614000000.0,8579000000.0,6988000000.0,6988000000.0,1035000000.0,0.094,0.14,0.65,0.295,151000000.0,1737000000.0,1.0,770485455.0,771000000,776000000.0,9.064,9508000000.0,1221000000.0,213000000.0,436000000.0,12.332,5162000000.0
5,ATVI,MRT,2020-03-31,2020-03-31,2020-03-31,2021-08-03,-628000000.0,19604000000.0,18687250000.0,7119000000.0,12485000000.0,0.345,16.932,-117000000.0,5906000000.0,5906000000.0,2037000000.0,1562000000.0,2.781,0.506,2675000000.0,0.0,2675000000.0,2675000000.0,1064000000.0,366000000.0,0.0,0.0,0.0,1649000000.0,2015000000.0,0.312,2015000000.0,1649000000.0,1670000000.0,2.04,2.02,2.04,13021000000.0,12509500000.0,13021000000.0,42634296248.0,26.0,21.158,1412000000.0,1.836,1.0,4415000000.0,0.684,10644000000.0,-21000000.0,3169000000.0,3167250000.0,0.0,0.0,0.0,0.0,6583000000.0,2560000000.0,4023000000.0,45753296248.0,1210000000.0,0.0,101000000.0,0.0,-283000000.0,-254000000.0,-45000000.0,66000000.0,1529000000.0,-20000000.0,1562000000.0,1562000000.0,1562000000.0,0.0,0.0,0.242,2766000000.0,1649000000.0,158000000.0,0.0,3.514,29.291,29.157,236000000.0,0.0,59.48,7.091,7.089,590000000.0,7999000000.0,6452000000.0,6452000000.0,988000000.0,0.084,0.125,0.521,0.256,146000000.0,1681000000.0,1.0,769221524.0,769000000,774000000.0,8.39,8960000000.0,1234000000.0,108000000.0,458000000.0,11.651,4559000000.0
6,ATVI,MRT,2019-12-31,2019-12-31,2019-12-31,2021-08-03,-619000000.0,19845000000.0,18273250000.0,7292000000.0,12553000000.0,0.355,16.695,-116000000.0,5794000000.0,5794000000.0,2094000000.0,1503000000.0,2.502,0.55,2675000000.0,0.0,2675000000.0,2675000000.0,1375000000.0,392000000.0,0.0,0.006,0.37,1607000000.0,1999000000.0,0.308,1999000000.0,1607000000.0,1633000000.0,1.96,1.95,1.96,12805000000.0,12153250000.0,12805000000.0,43385013359.0,27.0,21.703,1715000000.0,2.236,1.0,4395000000.0,0.677,10671000000.0,-26000000.0,3140000000.0,3105500000.0,0.0,0.0,0.0,0.0,7040000000.0,2915000000.0,4125000000.0,45650013359.0,1569000000.0,0.0,105000000.0,0.0,-283000000.0,-237000000.0,-22000000.0,88000000.0,1831000000.0,-3000000.0,1503000000.0,1503000000.0,1503000000.0,0.0,0.0,0.232,2788000000.0,1607000000.0,292000000.0,0.189,3.565,30.373,30.316,253000000.0,0.0,59.42,7.035,7.023,848000000.0,7813000000.0,6489000000.0,6489000000.0,998000000.0,0.082,0.124,0.517,0.248,166000000.0,1658000000.0,1.0,768260070.0,767000000,771000000.0,8.46,9174000000.0,1293000000.0,130000000.0,505000000.0,11.961,4377000000.0
7,ATVI,MRT,2019-09-30,2019-09-30,2019-09-30,2021-08-03,-607000000.0,17805000000.0,17784500000.0,6012000000.0,11793000000.0,0.387,15.952,-113000000.0,4939000000.0,4939000000.0,2270000000.0,1665000000.0,3.433,0.455,2674000000.0,0.0,2674000000.0,2674000000.0,695000000.0,419000000.0,0.0,0.007,0.37,1847000000.0,2266000000.0,0.329,2266000000.0,1847000000.0,1876000000.0,2.18,2.16,2.18,12235000000.0,11800000000.0,12235000000.0,38672012745.0,21.0,17.066,1799000000.0,2.346,1.0,4614000000.0,0.67,10696000000.0,-29000000.0,3093000000.0,3037500000.0,102000000.0,0.0,0.0,0.0,5570000000.0,1751000000.0,3819000000.0,40591012745.0,1630000000.0,0.0,95000000.0,0.0,-283000000.0,-251000000.0,9000000.0,119000000.0,1912000000.0,-40000000.0,1665000000.0,1665000000.0,1665000000.0,0.0,0.0,0.242,2767000000.0,1847000000.0,274000000.0,0.17,3.318,24.379,24.275,249000000.0,0.0,52.92,5.896,5.896,386000000.0,7289000000.0,6884000000.0,6884000000.0,1028000000.0,0.094,0.141,0.608,0.268,172000000.0,1626000000.0,1.0,767025940.0,767000000,771000000.0,8.975,7109000000.0,357000000.0,211000000.0,23000000.0,9.269,4261000000.0
8,ATVI,MRT,2019-06-30,2019-06-30,2019-06-30,2021-08-03,-608000000.0,17495000000.0,17511500000.0,5663000000.0,11832000000.0,0.406,15.636,-115000000.0,4592000000.0,4592000000.0,2341000000.0,1721000000.0,3.455,0.461,2673000000.0,0.0,2673000000.0,2673000000.0,728000000.0,442000000.0,0.0,0.008,0.37,1825000000.0,2267000000.0,0.319,2267000000.0,1825000000.0,1839000000.0,2.25,2.24,2.25,11977000000.0,11406000000.0,11977000000.0,34131517137.0,19.0,15.056,1741000000.0,2.273,1.0,4773000000.0,0.671,10670000000.0,-14000000.0,3267000000.0,2909750000.0,46000000.0,0.0,0.0,0.0,5518000000.0,1639000000.0,3879000000.0,36155517137.0,-266000000.0,0.0,79000000.0,-1740000000.0,-283000000.0,-2044000000.0,-69000000.0,41000000.0,1856000000.0,-9000000.0,1721000000.0,1721000000.0,1721000000.0,0.0,0.0,0.242,2908000000.0,1865000000.0,180000000.0,0.164,3.019,21.008,20.978,259000000.0,0.0,47.2,5.082,5.082,455000000.0,7085000000.0,7114000000.0,7114000000.0,1081000000.0,0.098,0.151,0.627,0.257,199000000.0,1738000000.0,1.0,766006719.0,766000000,770000000.0,9.287,6825000000.0,366000000.0,118000000.0,20000000.0,8.91,4024000000.0
9,ATVI,MRT,2019-03-31,2019-03-31,2019-03-31,2021-08-03,-602000000.0,17948000000.0,17627250000.0,6037000000.0,11911000000.0,0.417,15.178,-118000000.0,4696000000.0,4696000000.0,2418000000.0,1795000000.0,2.631,0.548,2672000000.0,0.0,2672000000.0,2672000000.0,931000000.0,458000000.0,0.0,0.008,0.37,1923000000.0,2381000000.0,0.324,2381000000.0,1923000000.0,1877000000.0,2.35,2.33,2.35,11596000000.0,10998250000.0,11596000000.0,33223356238.0,17.0,13.954,1593000000.0,2.085,1.0,4941000000.0,0.671,10707000000.0,46000000.0,2922000000.0,3170750000.0,45000000.0,0.0,0.0,0.0,6352000000.0,2295000000.0,4057000000.0,34777356238.0,-524000000.0,0.0,82000000.0,-1740000000.0,-259000000.0,-2004000000.0,-184000000.0,-60000000.0,1711000000.0,-47000000.0,1795000000.0,1795000000.0,1795000000.0,0.0,0.0,0.244,2978000000.0,1963000000.0,166000000.0,0.157,2.999,19.375,19.374,264000000.0,0.0,45.53,4.726,4.727,594000000.0,6757000000.0,7359000000.0,7359000000.0,1092000000.0,0.102,0.163,0.606,0.261,218000000.0,1819000000.0,1.0,763833873.0,764000000,770000000.0,9.632,7241000000.0,373000000.0,82000000.0,22000000.0,9.478,3742000000.0
10,ATVI,MRT,2018-12-31,2018-12-31,2018-12-31,2021-08-03,-601000000.0,17890000000.0,17739500000.0,6106000000.0,11784000000.0,0.423,14.95,-131000000.0,4225000000.0,4225000000.0,2517000000.0,1848000000.0,2.311,0.57,2671000000.0,0.0,2671000000.0,2671000000.0,1493000000.0,509000000.0,0.0,0.007,0.34,1948000000.0,2457000000.0,0.328,2457000000.0,1948000000.0,1877000000.0,2.43,2.4,2.43,11392000000.0,10554000000.0,11392000000.0,34897271937.0,18.0,14.203,1659000000.0,2.177,1.0,4983000000.0,0.664,10826000000.0,71000000.0,2868000000.0,3316250000.0,43000000.0,0.0,0.0,0.0,6498000000.0,2642000000.0,3856000000.0,35535271937.0,-491000000.0,0.0,99000000.0,-1740000000.0,-259000000.0,-2020000000.0,-230000000.0,-93000000.0,1790000000.0,-31000000.0,1848000000.0,1848000000.0,1848000000.0,0.0,0.0,0.246,2995000000.0,1988000000.0,253000000.0,0.14,3.119,19.229,19.165,282000000.0,0.0,46.57,4.738,4.732,1035000000.0,6593000000.0,7500000000.0,7500000000.0,1101000000.0,0.104,0.175,0.587,0.26,209000000.0,1884000000.0,1.0,763050718.0,762000000,771000000.0,9.843,7064000000.0,458000000.0,29000000.0,18000000.0,9.27,3464000000.0
11,ATVI,MRT,2018-09-30,2018-09-30,2018-09-30,2021-08-03,-613000000.0,16713000000.0,17934000000.0,4972000000.0,11741000000.0,0.399,13.97,-166000000.0,3308000000.0,3308000000.0,2488000000.0,577000000.0,2.087,0.568,2670000000.0,0.0,2670000000.0,2670000000.0,1017000000.0,603000000.0,0.0,0.004,0.34,1475000000.0,2078000000.0,0.29,2078000000.0,1475000000.0,1371000000.0,0.75,0.75,0.75,10659000000.0,10071500000.0,10659000000.0,62961770353.0,43.0,30.299,1783000000.0,2.337,1.0,4673000000.0,0.653,11111000000.0,104000000.0,2582000000.0,3439250000.0,174000000.0,0.0,0.0,0.0,6054000000.0,2382000000.0,3672000000.0,63424770353.0,-270000000.0,0.0,119000000.0,-1740000000.0,-259000000.0,-2004000000.0,-204000000.0,-34000000.0,1949000000.0,-11000000.0,577000000.0,577000000.0,577000000.0,0.0,0.0,0.081,3158000000.0,1515000000.0,312000000.0,0.453,5.95,109.922,110.92,281000000.0,0.0,83.19,8.857,8.864,641000000.0,5907000000.0,7161000000.0,7161000000.0,1096000000.0,0.032,0.057,0.429,0.206,222000000.0,2047000000.0,1.0,762408587.0,763000000,771000000.0,9.385,5602000000.0,243000000.0,794000000.0,11000000.0,7.342,2590000000.0
12,ATVI,MRT,2018-06-30,2018-06-30,2018-06-30,2021-08-03,-605000000.0,17958000000.0,18185250000.0,6134000000.0,11824000000.0,0.4,13.595,-164000000.0,4857000000.0,4857000000.0,2527000000.0,505000000.0,2.978,0.736,4394000000.0,0.0,4394000000.0,4394000000.0,832000000.0,705000000.0,0.0,0.004,0.34,1507000000.0,2212000000.0,0.304,2212000000.0,1507000000.0,1379000000.0,0.66,0.66,0.66,10346000000.0,9898500000.0,10346000000.0,57271822889.0,38.0,25.891,1911000000.0,2.511,1.0,4740000000.0,0.652,11124000000.0,128000000.0,4311000000.0,3942250000.0,36000000.0,0.0,0.0,0.0,7612000000.0,2060000000.0,5552000000.0,58096822889.0,1577000000.0,0.0,125000000.0,0.0,-259000000.0,-222000000.0,-283000000.0,-114000000.0,2075000000.0,7000000.0,505000000.0,505000000.0,505000000.0,0.0,0.0,0.069,3233000000.0,1507000000.0,167000000.0,0.515,5.615,115.043,115.636,281000000.0,0.0,76.32,7.995,7.992,418000000.0,5647000000.0,7267000000.0,7267000000.0,1106000000.0,0.028,0.051,0.382,0.207,215000000.0,2112000000.0,1.0,761226715.0,761000000,770000000.0,9.549,6834000000.0,324000000.0,874000000.0,13000000.0,8.98,4074000000.0
13,ATVI,MRT,2018-03-31,2018-03-31,2018-03-31,2021-08-03,-649000000.0,18397000000.0,17897750000.0,6410000000.0,11987000000.0,0.405,12.937,-165000000.0,5217000000.0,5217000000.0,2578000000.0,346000000.0,2.19,0.874,4392000000.0,0.0,4392000000.0,4392000000.0,1204000000.0,819000000.0,0.0,0.005,0.34,1412000000.0,2231000000.0,0.307,2231000000.0,1412000000.0,1264000000.0,0.45,0.46,0.45,9819000000.0,9740750000.0,9819000000.0,50854291986.0,36.0,22.794,2166000000.0,2.854,1.0,4679000000.0,0.645,11141000000.0,148000000.0,3504000000.0,3978750000.0,42000000.0,0.0,0.0,0.0,8578000000.0,2927000000.0,5651000000.0,51177291986.0,1963000000.0,0.0,116000000.0,-10000000.0,-226000000.0,-212000000.0,-231000000.0,-75000000.0,2331000000.0,75000000.0,346000000.0,346000000.0,346000000.0,0.0,0.0,0.048,3267000000.0,1412000000.0,172000000.0,0.756,5.212,147.911,149.911,286000000.0,0.0,67.46,7.052,7.056,431000000.0,5245000000.0,7257000000.0,7257000000.0,1103000000.0,0.019,0.036,0.355,0.195,197000000.0,2149000000.0,1.0,758631663.0,759000000,770000000.0,9.561,7256000000.0,400000000.0,918000000.0,16000000.0,9.56,3483000000.0
14,ATVI,MRT,2017-12-31,2017-12-31,2017-12-31,2021-08-03,-638000000.0,18668000000.0,17528750000.0,6520000000.0,12148000000.0,0.4,12.549,-155000000.0,4713000000.0,4713000000.0,2501000000.0,273000000.0,1.78,0.973,4390000000.0,0.0,4390000000.0,4390000000.0,1929000000.0,888000000.0,0.0,0.005,0.3,1297000000.0,2185000000.0,0.311,2185000000.0,1297000000.0,1151000000.0,0.36,0.36,0.36,9462000000.0,9645000000.0,9462000000.0,48688217491.0,38.0,22.283,2058000000.0,2.729,1.0,4516000000.0,0.644,11322000000.0,146000000.0,3360000000.0,4089500000.0,46000000.0,0.0,0.0,0.0,9206000000.0,3663000000.0,5543000000.0,47876217491.0,1458000000.0,0.0,178000000.0,-510000000.0,-226000000.0,-624000000.0,-207000000.0,-55000000.0,2213000000.0,76000000.0,273000000.0,273000000.0,273000000.0,0.0,0.0,0.039,3207000000.0,1309000000.0,323000000.0,0.833,5.06,175.371,175.889,294000000.0,0.0,63.32,6.823,6.804,918000000.0,4916000000.0,7017000000.0,7017000000.0,1069000000.0,0.016,0.028,0.317,0.185,176000000.0,2123000000.0,1.0,756099455.0,754000000,766000000.0,9.306,7346000000.0,459000000.0,878000000.0,21000000.0,9.743,2857000000.0
15,ATVI,MRT,2017-09-30,2017-09-30,2017-09-30,2021-08-03,-642000000.0,17718000000.0,17224750000.0,5386000000.0,12332000000.0,0.406,13.201,-123000000.0,3576000000.0,3576000000.0,2474000000.0,1110000000.0,2.254,0.778,4388000000.0,0.0,4388000000.0,4388000000.0,1373000000.0,915000000.0,0.0,0.005,0.3,1422000000.0,2337000000.0,0.334,2337000000.0,1422000000.0,1266000000.0,1.48,1.47,1.48,9967000000.0,9559250000.0,9967000000.0,49808964935.0,35.0,21.313,1791000000.0,2.372,1.0,4515000000.0,0.646,11547000000.0,156000000.0,4594000000.0,4336000000.0,94000000.0,0.0,0.0,0.0,7751000000.0,2389000000.0,5362000000.0,48699964935.0,-4012000000.0,2000000.0,170000000.0,-2073000000.0,-226000000.0,-2223000000.0,-3742000000.0,-80000000.0,1914000000.0,39000000.0,1110000000.0,1110000000.0,1110000000.0,0.0,0.0,0.159,3001000000.0,1514000000.0,313000000.0,0.203,4.886,43.874,43.588,254000000.0,0.0,64.51,6.968,6.969,888000000.0,5501000000.0,6989000000.0,6989000000.0,1035000000.0,0.064,0.116,0.328,0.203,158000000.0,1966000000.0,1.0,754921174.0,755000000,766000000.0,9.257,6171000000.0,439000000.0,156000000.0,40000000.0,8.174,2997000000.0
16,ATVI,MRT,2017-06-30,2017-06-30,2017-06-30,2021-08-03,-640000000.0,16808000000.0,17390250000.0,4352000000.0,12456000000.0,0.399,12.885,-117000000.0,3278000000.0,3278000000.0,2451000000.0,1121000000.0,2.466,0.73,4387000000.0,0.0,4387000000.0,4387000000.0,940000000.0,938000000.0,0.0,0.005,0.3,1459000000.0,2397000000.0,0.345,2397000000.0,1459000000.0,1277000000.0,1.5,1.48,1.5,9715000000.0,9272000000.0,9715000000.0,44533344771.0,31.0,18.579,1874000000.0,2.485,1.0,4488000000.0,0.647,11695000000.0,182000000.0,4457000000.0,4356750000.0,51000000.0,0.0,0.0,0.0,7093000000.0,1765000000.0,5328000000.0,43388344771.0,-2552000000.0,2000000.0,176000000.0,-753000000.0,-226000000.0,-898000000.0,-3664000000.0,0.0,1991000000.0,19000000.0,1121000000.0,1121000000.0,1121000000.0,0.0,0.0,0.162,2937000000.0,1551000000.0,163000000.0,0.2,4.466,38.705,38.38,246000000.0,0.0,57.57,6.253,6.256,360000000.0,5312000000.0,6939000000.0,6939000000.0,1011000000.0,0.064,0.121,0.335,0.21,143000000.0,1926000000.0,1.0,753662407.0,754000000,764000000.0,9.203,5113000000.0,398000000.0,156000000.0,38000000.0,6.781,2587000000.0
17,ATVI,MRT,2017-03-31,2017-03-31,2017-03-31,2021-08-03,-625000000.0,16921000000.0,17340000000.0,4356000000.0,12565000000.0,0.397,12.598,-130000000.0,3248000000.0,3248000000.0,2488000000.0,1029000000.0,1.946,0.793,4393000000.0,0.0,4393000000.0,4393000000.0,1153000000.0,946000000.0,0.0,0.006,0.3,1352000000.0,2298000000.0,0.334,2298000000.0,1352000000.0,1151000000.0,1.38,1.36,1.38,9436000000.0,8981750000.0,9436000000.0,39129089326.0,29.0,17.027,2099000000.0,2.802,1.0,4390000000.0,0.638,11880000000.0,201000000.0,3947000000.0,4414750000.0,48000000.0,0.0,0.0,0.0,7485000000.0,2239000000.0,5246000000.0,37487089326.0,-3180000000.0,2000000.0,191000000.0,-1559000000.0,-195000000.0,-1683000000.0,-3688000000.0,0.0,2229000000.0,-38000000.0,1029000000.0,1029000000.0,1029000000.0,0.0,0.0,0.15,2946000000.0,1444000000.0,150000000.0,0.217,3.973,36.431,36.13,245000000.0,0.0,49.86,5.45,5.43,344000000.0,5069000000.0,6878000000.0,6878000000.0,1008000000.0,0.059,0.115,0.306,0.197,146000000.0,1938000000.0,1.0,751846958.0,749000000,761000000.0,9.183,5041000000.0,371000000.0,122000000.0,41000000.0,6.73,2117000000.0
18,ATVI,MRT,2016-12-31,2016-12-31,2016-12-31,2021-08-03,-629000000.0,17452000000.0,17435250000.0,4830000000.0,12622000000.0,0.379,12.323,-136000000.0,3245000000.0,3245000000.0,2394000000.0,966000000.0,1.819,0.914,4887000000.0,0.0,4887000000.0,4887000000.0,1628000000.0,829000000.0,0.0,0.007,0.26,1320000000.0,2149000000.0,0.325,2149000000.0,1320000000.0,1106000000.0,1.3,1.28,1.3,9119000000.0,8709750000.0,9119000000.0,29170434827.0,22.0,13.574,2019000000.0,2.728,1.0,4214000000.0,0.638,12092000000.0,214000000.0,4346000000.0,4748750000.0,49000000.0,0.0,0.0,0.0,8333000000.0,2656000000.0,5677000000.0,26837434827.0,-2130000000.0,-4586000000.0,106000000.0,711000000.0,-195000000.0,500000000.0,-4729000000.0,0.0,2155000000.0,-56000000.0,966000000.0,966000000.0,966000000.0,0.0,0.0,0.146,2802000000.0,1412000000.0,222000000.0,0.2,2.943,27.782,27.777,258000000.0,0.0,36.11,4.061,4.044,732000000.0,4869000000.0,6608000000.0,6608000000.0,958000000.0,0.055,0.111,0.278,0.2,147000000.0,1844000000.0,1.0,743213371.0,740000000,754000000.0,8.93,5360000000.0,283000000.0,140000000.0,44000000.0,7.243,2174000000.0
19,ATVI,MRT,2016-09-30,2016-09-30,2016-09-30,2021-08-03,-653000000.0,18380000000.0,16883750000.0,5334000000.0,13046000000.0,0.352,11.884,-115000000.0,4029000000.0,4029000000.0,2156000000.0,872000000.0,1.441,1.084,6362000000.0,1481000000.0,4881000000.0,6362000000.0,1320000000.0,614000000.0,0.0,0.006,0.26,1236000000.0,1850000000.0,0.311,1850000000.0,1236000000.0,1009000000.0,1.18,1.15,1.18,8818000000.0,8447000000.0,8818000000.0,35608990847.0,29.0,19.248,2244000000.0,3.024,1.0,3789000000.0,0.637,12335000000.0,227000000.0,4677000000.0,5385500000.0,131000000.0,0.0,0.0,0.0,9562000000.0,3701000000.0,5861000000.0,32846990847.0,-336000000.0,-4634000000.0,110000000.0,2274000000.0,-195000000.0,2053000000.0,-4627000000.0,129000000.0,2359000000.0,-121000000.0,872000000.0,872000000.0,872000000.0,0.0,0.0,0.147,2553000000.0,1236000000.0,211000000.0,0.22,3.725,37.669,37.542,258000000.0,0.0,44.3,5.525,5.529,446000000.0,4616000000.0,5945000000.0,5945000000.0,866000000.0,0.052,0.103,0.23,0.208,128000000.0,1687000000.0,1.0,741467062.0,742000000,756000000.0,8.012,6045000000.0,485000000.0,137000000.0,43000000.0,8.147,1633000000.0
20,ATVI,MRT,2016-06-30,2016-06-30,2016-06-30,2021-08-03,-649000000.0,16607000000.0,15864250000.0,3420000000.0,13187000000.0,0.338,11.575,-133000000.0,2271000000.0,2271000000.0,1964000000.0,800000000.0,1.561,0.941,5033000000.0,56000000.0,4977000000.0,5033000000.0,1238000000.0,396000000.0,0.0,0.007,0.26,1138000000.0,1534000000.0,0.286,1534000000.0,1138000000.0,923000000.0,1.08,1.06,1.08,8554000000.0,8239750000.0,8554000000.0,32224961413.0,28.0,21.007,1622000000.0,2.195,1.0,3403000000.0,0.634,12489000000.0,215000000.0,4689000000.0,5322000000.0,94000000.0,0.0,0.0,0.0,8053000000.0,2191000000.0,5862000000.0,29255961413.0,-2145000000.0,-4634000000.0,105000000.0,954000000.0,-195000000.0,904000000.0,-4685000000.0,100000000.0,1755000000.0,-119000000.0,800000000.0,800000000.0,800000000.0,0.0,0.0,0.149,2265000000.0,1138000000.0,176000000.0,0.241,3.42,36.57,36.694,260000000.0,0.0,39.63,5.451,5.457,462000000.0,4366000000.0,5367000000.0,5367000000.0,776000000.0,0.05,0.097,0.214,0.212,147000000.0,1489000000.0,1.0,738227641.0,739000000,753000000.0,7.263,4118000000.0,405000000.0,123000000.0,50000000.0,5.572,1229000000.0
21,ATVI,MRT,2016-03-31,2016-03-31,2016-03-31,2021-08-03,-643000000.0,17302000000.0,15216250000.0,4008000000.0,13294000000.0,0.318,11.358,-117000000.0,2872000000.0,2872000000.0,1663000000.0,861000000.0,1.726,1.073,5841000000.0,64000000.0,5777000000.0,5841000000.0,1207000000.0,182000000.0,0.0,0.008,0.26,1238000000.0,1420000000.0,0.293,1420000000.0,1238000000.0,1038000000.0,1.17,1.15,1.17,8348000000.0,8051500000.0,8348000000.0,27128336212.0,22.0,19.104,1270000000.0,1.728,1.0,3178000000.0,0.656,12666000000.0,200000000.0,5283000000.0,5185750000.0,103000000.0,0.0,0.0,0.0,8954000000.0,2322000000.0,6632000000.0,24872336212.0,-1593000000.0,-4634000000.0,103000000.0,1770000000.0,-170000000.0,1789000000.0,-4768000000.0,0.0,1387000000.0,-1000000.0,861000000.0,861000000.0,861000000.0,0.0,0.0,0.178,1940000000.0,1238000000.0,150000000.0,0.222,2.979,28.888,28.923,246000000.0,0.0,33.84,5.138,5.138,383000000.0,4239000000.0,4841000000.0,4841000000.0,676000000.0,0.057,0.107,0.239,0.256,117000000.0,1264000000.0,1.0,734998115.0,735000000,749000000.0,6.586,4636000000.0,362000000.0,177000000.0,57000000.0,6.307,1686000000.0
22,ATVI,MRT,2015-12-31,2015-12-31,2015-12-31,2021-08-03,-633000000.0,15246000000.0,14335000000.0,3387000000.0,11859000000.0,0.325,11.082,-111000000.0,1823000000.0,1823000000.0,1585000000.0,892000000.0,1.297,0.89,4074000000.0,0.0,4074000000.0,4074000000.0,1702000000.0,95000000.0,0.0,0.006,0.23,1319000000.0,1414000000.0,0.303,1414000000.0,1319000000.0,1121000000.0,1.21,1.19,1.21,8068000000.0,7774000000.0,8068000000.0,28017127221.0,21.0,19.814,1148000000.0,1.577,1.0,3079000000.0,0.66,7993000000.0,198000000.0,6893000000.0,4744000000.0,128000000.0,3561000000.0,0.0,3561000000.0,7178000000.0,2611000000.0,4567000000.0,28304127221.0,-3025000000.0,-46000000.0,106000000.0,-250000000.0,-170000000.0,-202000000.0,-3716000000.0,0.0,1259000000.0,-366000000.0,892000000.0,892000000.0,892000000.0,0.0,0.0,0.191,1760000000.0,1319000000.0,284000000.0,0.19,3.508,31.731,31.992,189000000.0,0.0,38.71,6.069,6.042,679000000.0,4096000000.0,4664000000.0,4664000000.0,646000000.0,0.062,0.115,0.278,0.283,92000000.0,1114000000.0,1.0,731183860.0,728000000,739000000.0,6.407,7253000000.0,275000000.0,229000000.0,10000000.0,9.963,776000000.0
23,ATVI,MRT,2015-09-30,2015-09-30,2015-09-30,2021-08-03,-544000000.0,14302000000.0,14184000000.0,6309000000.0,7993000000.0,0.345,10.944,-112000000.0,4365000000.0,4365000000.0,1678000000.0,1094000000.0,3.919,0.79,4078000000.0,0.0,4078000000.0,4078000000.0,907000000.0,94000000.0,0.0,0.007,0.23,1508000000.0,1602000000.0,0.328,1602000000.0,1508000000.0,1307000000.0,1.49,1.48,1.49,7989000000.0,7565250000.0,7989000000.0,22180439816.0,15.0,13.845,1318000000.0,1.805,1.0,3209000000.0,0.657,7982000000.0,201000000.0,4423000000.0,3861000000.0,238000000.0,163000000.0,154000000.0,9000000.0,6313000000.0,1610000000.0,4703000000.0,22519439816.0,560000000.0,0.0,97000000.0,-250000000.0,-170000000.0,-211000000.0,-243000000.0,-129000000.0,1430000000.0,-416000000.0,1094000000.0,1094000000.0,1094000000.0,0.0,0.0,0.224,1701000000.0,1508000000.0,309000000.0,0.154,2.819,20.584,20.732,200000000.0,0.0,30.89,4.608,4.614,503000000.0,3937000000.0,4887000000.0,4887000000.0,637000000.0,0.077,0.145,0.391,0.309,130000000.0,1064000000.0,1.0,729020389.0,730000000,739000000.0,6.695,6320000000.0,373000000.0,213000000.0,110000000.0,8.658,4699000000.0
24,ATVI,MRT,2015-06-30,2015-06-30,2015-06-30,2021-08-03,-545000000.0,14015000000.0,14072250000.0,6051000000.0,7964000000.0,0.33,10.73,-94000000.0,4416000000.0,4416000000.0,1594000000.0,944000000.0,3.917,0.797,4077000000.0,0.0,4077000000.0,4077000000.0,837000000.0,92000000.0,0.0,0.01,0.23,1320000000.0,1412000000.0,0.304,1412000000.0,1320000000.0,1119000000.0,1.29,1.28,1.29,7801000000.0,7316000000.0,7801000000.0,17190971025.0,13.0,12.175,1339000000.0,1.842,1.0,3056000000.0,0.657,7987000000.0,201000000.0,4144000000.0,3799250000.0,117000000.0,114000000.0,105000000.0,9000000.0,6214000000.0,1545000000.0,4669000000.0,17580971025.0,217000000.0,0.0,99000000.0,-250000000.0,-170000000.0,-377000000.0,-194000000.0,-100000000.0,1433000000.0,-645000000.0,944000000.0,944000000.0,944000000.0,0.0,0.0,0.203,1736000000.0,1320000000.0,198000000.0,0.178,2.254,18.624,18.767,179000000.0,0.0,24.21,3.781,3.785,201000000.0,3810000000.0,4650000000.0,4650000000.0,609000000.0,0.067,0.129,0.347,0.284,95000000.0,1127000000.0,1.0,726186329.0,727000000,735000000.0,6.396,6028000000.0,346000000.0,175000000.0,126000000.0,8.292,4506000000.0
25,ATVI,MRT,2015-03-31,2015-03-31,2015-03-31,2021-08-03,-619000000.0,13777000000.0,13908500000.0,5863000000.0,7914000000.0,0.329,10.011,-91000000.0,4465000000.0,4465000000.0,1597000000.0,936000000.0,3.087,0.903,4075000000.0,0.0,4075000000.0,4075000000.0,1161000000.0,91000000.0,0.0,0.01,0.23,1298000000.0,1389000000.0,0.304,1389000000.0,1298000000.0,1097000000.0,1.28,1.27,1.28,7238000000.0,7158500000.0,7238000000.0,15904319549.0,12.0,11.45,1313000000.0,1.816,1.0,2979000000.0,0.651,7972000000.0,201000000.0,3516000000.0,3767250000.0,102000000.0,14000000.0,5000000.0,9000000.0,6539000000.0,1899000000.0,4640000000.0,16428319549.0,186000000.0,0.0,83000000.0,-250000000.0,-147000000.0,-373000000.0,-88000000.0,0.0,1404000000.0,-757000000.0,936000000.0,936000000.0,936000000.0,0.0,0.0,0.205,1681000000.0,1298000000.0,123000000.0,0.18,2.27,17.552,17.754,158000000.0,0.0,22.725,3.59,3.591,208000000.0,3598000000.0,4576000000.0,4576000000.0,572000000.0,0.067,0.131,0.345,0.284,101000000.0,1109000000.0,1.0,722918352.0,723000000,731000000.0,6.329,5805000000.0,365000000.0,161000000.0,124000000.0,8.029,3964000000.0
26,ATVI,MRT,2014-12-31,2014-12-31,2014-12-31,2021-08-03,-303000000.0,14642000000.0,13846250000.0,6541000000.0,8101000000.0,0.318,10.102,-107000000.0,4848000000.0,4848000000.0,1525000000.0,835000000.0,2.41,1.024,4324000000.0,0.0,4324000000.0,4324000000.0,1797000000.0,90000000.0,0.0,0.01,0.2,1183000000.0,1273000000.0,0.289,1273000000.0,1183000000.0,981000000.0,1.14,1.13,1.14,7233000000.0,7080000000.0,7233000000.0,15005454641.0,13.0,11.787,1224000000.0,1.709,1.0,2883000000.0,0.654,8043000000.0,202000000.0,3361000000.0,3812250000.0,123000000.0,19000000.0,10000000.0,9000000.0,7409000000.0,2714000000.0,4695000000.0,14488454641.0,438000000.0,0.0,175000000.0,-375000000.0,-147000000.0,-413000000.0,-84000000.0,21000000.0,1331000000.0,-396000000.0,835000000.0,835000000.0,835000000.0,0.0,0.0,0.189,1700000000.0,1183000000.0,325000000.0,0.175,2.003,17.351,17.675,157000000.0,0.0,20.15,3.287,3.273,659000000.0,3374000000.0,4408000000.0,4408000000.0,571000000.0,0.06,0.118,0.31,0.268,104000000.0,1129000000.0,1.0,719030007.0,716000000,726000000.0,6.156,6599000000.0,264000000.0,146000000.0,10000000.0,9.216,3827000000.0
27,ATVI,MRT,2014-09-30,2014-09-30,2014-09-30,2021-08-03,-157000000.0,13855000000.0,13688750000.0,5957000000.0,7898000000.0,0.318,9.738,-106000000.0,3805000000.0,3805000000.0,1549000000.0,647000000.0,2.821,0.982,4322000000.0,0.0,4322000000.0,4322000000.0,1305000000.0,101000000.0,0.0,0.01,0.2,1030000000.0,1131000000.0,0.26,1131000000.0,1030000000.0,826000000.0,0.88,0.87,0.88,6992000000.0,6927250000.0,6992000000.0,15038452027.0,15.0,13.297,871000000.0,1.213,1.0,2803000000.0,0.644,8084000000.0,204000000.0,4176000000.0,3952750000.0,222000000.0,32000000.0,23000000.0,9000000.0,6863000000.0,2112000000.0,4751000000.0,14916452027.0,-639000000.0,0.0,-5604000000.0,4310000000.0,-147000000.0,-1468000000.0,37000000.0,68000000.0,977000000.0,-185000000.0,647000000.0,647000000.0,647000000.0,0.0,0.0,0.149,1773000000.0,1030000000.0,266000000.0,0.227,2.133,23.055,23.625,162000000.0,0.0,20.79,3.427,3.43,689000000.0,3013000000.0,4352000000.0,4352000000.0,583000000.0,0.047,0.093,0.261,0.237,62000000.0,1190000000.0,1.0,717482060.0,718000000,718000000.0,6.061,5771000000.0,394000000.0,179000000.0,82000000.0,8.038,3845000000.0
28,ATVI,MRT,2014-06-30,2014-06-30,2014-06-30,2021-08-03,44000000.0,13360000000.0,14240000000.0,5474000000.0,7886000000.0,0.301,10.015,-100000000.0,4199000000.0,4199000000.0,1471000000.0,726000000.0,3.793,0.863,4321000000.0,0.0,4321000000.0,4321000000.0,769000000.0,99000000.0,0.0,0.009,0.2,1092000000.0,1191000000.0,0.278,1191000000.0,1092000000.0,935000000.0,0.96,0.95,0.96,7171000000.0,8214000000.0,7171000000.0,15985463696.0,15.0,13.422,972000000.0,1.358,1.0,2819000000.0,0.657,8023000000.0,157000000.0,4016000000.0,4006750000.0,151000000.0,14000000.0,5000000.0,9000000.0,6189000000.0,1443000000.0,4746000000.0,15944463696.0,-142000000.0,0.0,-5586000000.0,4310000000.0,-147000000.0,-1443000000.0,98000000.0,194000000.0,1072000000.0,131000000.0,726000000.0,726000000.0,726000000.0,0.0,0.0,0.169,1727000000.0,1092000000.0,167000000.0,0.208,2.223,21.962,23.229,162000000.0,0.0,22.3,3.717,3.722,107000000.0,3036000000.0,4290000000.0,4290000000.0,592000000.0,0.051,0.088,0.273,0.255,63000000.0,1135000000.0,1.0,714998372.0,716000000,725000000.0,5.992,5337000000.0,359000000.0,209000000.0,82000000.0,7.454,4031000000.0
29,ATVI,MRT,2014-03-31,2014-03-31,2014-03-31,2021-08-03,63000000.0,13528000000.0,14252750000.0,5694000000.0,7834000000.0,0.307,9.766,-94000000.0,4279000000.0,4279000000.0,1456000000.0,846000000.0,3.008,0.954,4320000000.0,0.0,4320000000.0,4320000000.0,1092000000.0,103000000.0,0.0,0.01,0.2,1212000000.0,1315000000.0,0.301,1315000000.0,1212000000.0,1105000000.0,0.96,0.95,0.96,6924000000.0,9405000000.0,6924000000.0,14843856127.0,12.0,11.288,981000000.0,1.384,1.0,2914000000.0,0.667,7980000000.0,107000000.0,3696000000.0,2985500000.0,158000000.0,17000000.0,8000000.0,9000000.0,6604000000.0,1893000000.0,4711000000.0,14560856127.0,-20000000.0,0.0,-5586000000.0,4310000000.0,-216000000.0,-1498000000.0,216000000.0,310000000.0,1075000000.0,187000000.0,846000000.0,846000000.0,846000000.0,0.0,0.0,0.194,1702000000.0,1212000000.0,166000000.0,0.208,2.103,17.211,21.292,152000000.0,0.0,20.44,3.332,3.316,219000000.0,2832000000.0,4370000000.0,4370000000.0,603000000.0,0.059,0.09,0.406,0.277,68000000.0,1099000000.0,1.0,712370652.0,709000000,720000000.0,6.164,5548000000.0,336000000.0,259000000.0,86000000.0,7.825,3801000000.0
30,ATVI,MRT,2013-12-31,2013-12-31,2013-12-31,2021-08-03,68000000.0,14012000000.0,14302000000.0,6241000000.0,7771000000.0,0.32,6.467,-74000000.0,4410000000.0,4410000000.0,1531000000.0,1010000000.0,2.595,1.116,4693000000.0,25000000.0,4668000000.0,4693000000.0,1389000000.0,108000000.0,0.0,0.011,0.19,1372000000.0,1480000000.0,0.323,1480000000.0,1372000000.0,1319000000.0,0.96,0.95,0.96,6622000000.0,10557750000.0,6622000000.0,10166562331.0,7.0,6.869,1190000000.0,1.162,1.0,3052000000.0,0.666,7967000000.0,53000000.0,3923000000.0,1962250000.0,171000000.0,42000000.0,33000000.0,9000000.0,7390000000.0,2405000000.0,4985000000.0,12399562331.0,451000000.0,0.0,-5672000000.0,4685000000.0,-216000000.0,-1223000000.0,308000000.0,376000000.0,1264000000.0,102000000.0,1010000000.0,1010000000.0,1010000000.0,0.0,0.0,0.22,1680000000.0,1372000000.0,355000000.0,0.198,1.872,12.277,18.573,138000000.0,0.0,17.83,2.706,3.984,510000000.0,2686000000.0,4583000000.0,4583000000.0,584000000.0,0.071,0.096,0.699,0.299,79000000.0,1096000000.0,1.0,695432548.0,1024000000,1035000000.0,4.476,6045000000.0,321000000.0,309000000.0,66000000.0,5.903,3836000000.0
31,ATVI,MRT,2013-09-30,2013-09-30,2013-09-30,2021-08-03,18000000.0,16060000000.0,14349000000.0,8251000000.0,7809000000.0,0.337,10.819,-85000000.0,4444000000.0,4444000000.0,1560000000.0,1190000000.0,5.758,0.323,2211000000.0,0.0,2211000000.0,2211000000.0,641000000.0,119000000.0,0.0,0.011,0.19,1571000000.0,1690000000.0,0.35,1690000000.0,1571000000.0,1572000000.0,1.04,1.04,1.04,12139000000.0,11731500000.0,12139000000.0,14331558673.0,9.0,8.48,1275000000.0,1.136,1.0,3273000000.0,0.677,8002000000.0,-1000000.0,4392000000.0,893500000.0,313000000.0,2386000000.0,2377000000.0,9000000.0,3921000000.0,1433000000.0,2488000000.0,18672558673.0,1535000000.0,0.0,95000000.0,0.0,-216000000.0,-136000000.0,212000000.0,357000000.0,1360000000.0,99000000.0,1190000000.0,1190000000.0,1190000000.0,0.0,0.0,0.246,1702000000.0,1571000000.0,286000000.0,0.183,1.538,15.691,16.038,139000000.0,0.0,16.68,3.864,3.872,205000000.0,2513000000.0,4833000000.0,4833000000.0,608000000.0,0.083,0.101,1.758,0.325,104000000.0,1094000000.0,1.0,1119457954.0,1122000000,1134000000.0,4.307,8058000000.0,341000000.0,382000000.0,71000000.0,7.182,6818000000.0
32,ATVI,MRT,2013-06-30,2013-06-30,2013-06-30,2021-08-03,-62000000.0,13411000000.0,13499250000.0,5629000000.0,7782000000.0,0.369,10.675,-83000000.0,4341000000.0,4341000000.0,1622000000.0,1360000000.0,4.718,0.124,0.0,0.0,0.0,0.0,665000000.0,122000000.0,0.0,0.013,0.19,1728000000.0,1850000000.0,0.371,1850000000.0,1728000000.0,1734000000.0,1.19,1.19,1.19,11935000000.0,11417500000.0,11935000000.0,11637146767.0,7.0,6.29,1451000000.0,1.298,1.0,3361000000.0,0.674,7946000000.0,-6000000.0,-69000000.0,-144500000.0,131000000.0,214000000.0,205000000.0,9000000.0,1476000000.0,1193000000.0,283000000.0,15936146767.0,1555000000.0,0.0,61000000.0,0.0,-216000000.0,-177000000.0,126000000.0,203000000.0,1534000000.0,72000000.0,1360000000.0,1360000000.0,1360000000.0,0.0,0.0,0.273,1633000000.0,1728000000.0,139000000.0,0.16,1.335,11.718,11.983,132000000.0,0.0,14.26,3.198,3.199,117000000.0,2456000000.0,4983000000.0,4983000000.0,593000000.0,0.101,0.119,-11.958,0.347,120000000.0,1040000000.0,1.0,1117541849.0,1118000000,1127000000.0,4.457,5465000000.0,335000000.0,374000000.0,77000000.0,4.888,4436000000.0
33,ATVI,MRT,2013-03-31,2013-03-31,2013-03-31,2021-08-03,-95000000.0,13725000000.0,13213750000.0,5803000000.0,7922000000.0,0.379,10.364,-81000000.0,4299000000.0,4299000000.0,1714000000.0,1221000000.0,3.056,0.19,0.0,0.0,0.0,0.0,1125000000.0,121000000.0,0.0,0.013,0.19,1527000000.0,1648000000.0,0.329,1648000000.0,1527000000.0,1533000000.0,1.07,1.07,1.07,11535000000.0,11074750000.0,11535000000.0,12267562201.0,8.0,7.444,1436000000.0,1.29,1.0,3294000000.0,0.658,7924000000.0,-6000000.0,-397000000.0,-104500000.0,159000000.0,328000000.0,319000000.0,9000000.0,2190000000.0,1899000000.0,291000000.0,16226562201.0,1250000000.0,0.0,-3000000.0,0.0,-204000000.0,-228000000.0,33000000.0,110000000.0,1517000000.0,-72000000.0,1221000000.0,1221000000.0,1221000000.0,0.0,0.0,0.244,1769000000.0,1525000000.0,186000000.0,0.178,1.407,13.29,13.617,133000000.0,0.0,14.57,3.24,3.238,237000000.0,2132000000.0,5008000000.0,5008000000.0,615000000.0,0.092,0.11,-14.612,0.305,125000000.0,1154000000.0,1.0,1113696788.0,1113000000,1120000000.0,4.5,5801000000.0,409000000.0,312000000.0,83000000.0,5.212,3904000000.0
34,ATVI,MRT,2012-12-31,2012-12-31,2012-12-31,2021-08-03,-26000000.0,14200000000.0,12903000000.0,6274000000.0,7926000000.0,0.376,10.177,-73000000.0,3959000000.0,3959000000.0,1662000000.0,1149000000.0,2.366,0.255,0.0,0.0,0.0,0.0,1657000000.0,120000000.0,0.0,0.017,0.18,1451000000.0,1571000000.0,0.324,1571000000.0,1451000000.0,1458000000.0,1.01,1.01,1.01,11317000000.0,10812500000.0,11317000000.0,8907925539.0,6.0,5.67,1272000000.0,1.144,1.0,3194000000.0,0.658,7941000000.0,-7000000.0,-352000000.0,-65500000.0,209000000.0,424000000.0,416000000.0,8000000.0,2883000000.0,2652000000.0,231000000.0,11816925539.0,794000000.0,0.0,-282000000.0,0.0,-204000000.0,-497000000.0,-124000000.0,-49000000.0,1345000000.0,70000000.0,1149000000.0,1149000000.0,1149000000.0,0.0,0.0,0.237,1743000000.0,1451000000.0,343000000.0,0.178,1.044,10.285,10.515,141000000.0,0.0,10.62,2.433,2.432,707000000.0,1893000000.0,4856000000.0,4856000000.0,604000000.0,0.089,0.106,-22.153,0.299,121000000.0,1139000000.0,1.0,1112704853.0,1112000000,1118000000.0,4.367,6259000000.0,487000000.0,309000000.0,25000000.0,5.629,3622000000.0
35,ATVI,MRT,2012-09-30,2012-09-30,2012-09-30,2021-08-03,-74000000.0,12661000000.0,12672250000.0,4702000000.0,7959000000.0,0.355,9.813,-71000000.0,2909000000.0,2909000000.0,1717000000.0,894000000.0,3.024,0.163,0.0,0.0,0.0,0.0,847000000.0,140000000.0,0.0,0.016,0.18,987000000.0,1127000000.0,0.251,1127000000.0,987000000.0,991000000.0,0.79,0.77,0.79,10883000000.0,10606250000.0,10883000000.0,9741497886.0,10.0,8.644,1148000000.0,1.035,1.0,2778000000.0,0.618,7957000000.0,-4000000.0,240000000.0,-54750000.0,291000000.0,474000000.0,455000000.0,19000000.0,1778000000.0,1555000000.0,223000000.0,12527497886.0,440000000.0,0.0,-423000000.0,0.0,-204000000.0,-640000000.0,-89000000.0,-22000000.0,1219000000.0,-50000000.0,894000000.0,894000000.0,894000000.0,0.0,0.0,0.199,1787000000.0,991000000.0,253000000.0,0.228,1.151,14.013,14.272,148000000.0,0.0,11.275,2.787,2.782,200000000.0,1539000000.0,4495000000.0,4495000000.0,623000000.0,0.071,0.084,-18.027,0.22,118000000.0,1163000000.0,1.0,1111086287.0,1109000000,1114000000.0,4.053,4704000000.0,497000000.0,97000000.0,60000000.0,4.242,3147000000.0
36,ATVI,MRT,2012-06-30,2012-06-30,2012-06-30,2021-08-03,-124000000.0,12269000000.0,12535250000.0,4332000000.0,7937000000.0,0.352,9.526,-80000000.0,2786000000.0,2786000000.0,1717000000.0,816000000.0,2.919,0.161,0.0,0.0,0.0,0.0,905000000.0,141000000.0,0.0,0.015,0.18,925000000.0,1066000000.0,0.242,1066000000.0,925000000.0,928000000.0,0.72,0.7,0.72,10564000000.0,10528250000.0,10564000000.0,10280403284.0,11.0,9.644,1061000000.0,0.957,1.0,2691000000.0,0.61,7908000000.0,-3000000.0,91000000.0,-27500000.0,128000000.0,423000000.0,406000000.0,17000000.0,1705000000.0,1484000000.0,221000000.0,13329403284.0,452000000.0,0.0,-440000000.0,0.0,-206000000.0,-641000000.0,129000000.0,210000000.0,1141000000.0,-177000000.0,816000000.0,816000000.0,816000000.0,0.0,0.0,0.185,1765000000.0,926000000.0,163000000.0,0.25,1.262,16.335,16.653,149000000.0,0.0,11.99,3.024,3.017,227000000.0,1313000000.0,4408000000.0,4408000000.0,631000000.0,0.065,0.078,-33.636,0.21,86000000.0,1130000000.0,1.0,1111710032.0,1109000000,1115000000.0,3.975,4361000000.0,484000000.0,112000000.0,61000000.0,3.932,2848000000.0
37,ATVI,MRT,2012-03-31,2012-03-31,2012-03-31,2021-08-03,-33000000.0,12482000000.0,12461000000.0,4566000000.0,7916000000.0,0.359,9.363,-77000000.0,3049000000.0,3049000000.0,1683000000.0,966000000.0,2.574,0.19,0.0,0.0,0.0,0.0,917000000.0,145000000.0,0.0,0.014,0.18,1165000000.0,1310000000.0,0.292,1310000000.0,1165000000.0,1168000000.0,0.85,0.83,0.85,10486000000.0,10503500000.0,10486000000.0,11230151248.0,10.0,8.573,894000000.0,0.798,1.0,2796000000.0,0.624,7900000000.0,-3000000.0,-241000000.0,52250000.0,146000000.0,444000000.0,427000000.0,17000000.0,1996000000.0,1774000000.0,222000000.0,14395151248.0,391000000.0,0.0,-531000000.0,0.0,-194000000.0,-717000000.0,203000000.0,268000000.0,971000000.0,-66000000.0,966000000.0,966000000.0,966000000.0,0.0,0.0,0.216,1630000000.0,1166000000.0,181000000.0,0.212,1.373,14.902,15.082,154000000.0,0.0,12.82,3.214,3.206,103000000.0,1128000000.0,4479000000.0,4479000000.0,602000000.0,0.078,0.092,22.297,0.26,76000000.0,1021000000.0,1.0,1122866712.0,1120000000,1127000000.0,3.999,4582000000.0,445000000.0,202000000.0,57000000.0,4.091,2792000000.0
38,ATVI,MRT,2011-12-31,2011-12-31,2011-12-31,2021-08-03,-72000000.0,13277000000.0,12434750000.0,5380000000.0,7897000000.0,0.382,9.139,-72000000.0,3165000000.0,3165000000.0,1772000000.0,1085000000.0,2.105,0.265,0.0,0.0,0.0,0.0,1472000000.0,148000000.0,0.0,0.013,0.165,1328000000.0,1476000000.0,0.31,1476000000.0,1328000000.0,1331000000.0,0.93,0.92,0.93,10492000000.0,10441250000.0,10492000000.0,11627786766.0,9.0,7.878,880000000.0,0.767,1.0,2983000000.0,0.627,7865000000.0,-3000000.0,-309000000.0,76000000.0,144000000.0,376000000.0,360000000.0,16000000.0,2785000000.0,2556000000.0,229000000.0,14096786766.0,353000000.0,-3000000.0,-623000000.0,0.0,-194000000.0,-808000000.0,266000000.0,333000000.0,952000000.0,-57000000.0,1085000000.0,1085000000.0,1085000000.0,0.0,0.0,0.228,1655000000.0,1328000000.0,390000000.0,0.177,1.344,12.992,13.247,163000000.0,0.0,12.32,2.965,2.974,649000000.0,948000000.0,4755000000.0,4755000000.0,629000000.0,0.087,0.104,17.474,0.279,79000000.0,1001000000.0,1.0,1144219705.0,1148000000,1156000000.0,4.142,5412000000.0,507000000.0,246000000.0,55000000.0,4.714,2824000000.0
39,ATVI,MRT,2011-09-30,2011-09-30,2011-09-30,2021-08-03,-29000000.0,12113000000.0,12477250000.0,4082000000.0,8031000000.0,0.383,9.273,-68000000.0,2469000000.0,2469000000.0,1918000000.0,753000000.0,3.192,0.146,0.0,0.0,0.0,0.0,487000000.0,178000000.0,0.0,0.014,0.165,922000000.0,1100000000.0,0.23,1100000000.0,922000000.0,922000000.0,0.65,0.65,0.65,10571000000.0,10369000000.0,10571000000.0,11265500190.0,12.0,10.241,1027000000.0,0.901,1.0,2859000000.0,0.598,8016000000.0,0.0,349000000.0,72000000.0,207000000.0,457000000.0,432000000.0,25000000.0,1542000000.0,1279000000.0,263000000.0,13599500190.0,346000000.0,-3000000.0,-804000000.0,0.0,-196000000.0,-976000000.0,221000000.0,266000000.0,1095000000.0,6000000.0,753000000.0,753000000.0,753000000.0,0.0,0.0,0.158,1952000000.0,907000000.0,250000000.0,0.254,1.286,18.06,18.308,167000000.0,0.0,11.9,2.847,2.84,139000000.0,849000000.0,4777000000.0,4777000000.0,656000000.0,0.06,0.073,12.806,0.193,66000000.0,945000000.0,1.0,1142815142.0,1140000000,1148000000.0,4.19,4097000000.0,507000000.0,169000000.0,95000000.0,3.594,2803000000.0
40,ATVI,MRT,2011-06-30,2011-06-30,2011-06-30,2021-08-03,29000000.0,11972000000.0,12591500000.0,3954000000.0,8018000000.0,0.379,9.172,-76000000.0,2334000000.0,2334000000.0,2030000000.0,656000000.0,3.173,0.144,0.0,0.0,0.0,0.0,601000000.0,191000000.0,0.0,0.014,0.165,826000000.0,1017000000.0,0.213,1017000000.0,826000000.0,826000000.0,0.56,0.56,0.56,10465000000.0,10412750000.0,10465000000.0,10705841453.0,13.0,10.527,1155000000.0,1.012,1.0,2738000000.0,0.574,7982000000.0,0.0,410000000.0,125750000.0,93000000.0,635000000.0,610000000.0,25000000.0,1507000000.0,1246000000.0,261000000.0,13363841453.0,120000000.0,-3000000.0,-1034000000.0,0.0,-194000000.0,-1216000000.0,-22000000.0,54000000.0,1231000000.0,127000000.0,656000000.0,656000000.0,656000000.0,0.0,0.0,0.138,1938000000.0,800000000.0,156000000.0,0.295,1.277,20.372,20.857,163000000.0,0.0,11.68,2.803,2.795,140000000.0,701000000.0,4768000000.0,4768000000.0,641000000.0,0.052,0.063,6.569,0.173,93000000.0,949000000.0,1.0,1144164508.0,1141000000,1150000000.0,4.179,3990000000.0,511000000.0,170000000.0,97000000.0,3.497,2708000000.0
41,ATVI,MRT,2011-03-31,2011-03-31,2011-03-31,2021-08-03,26000000.0,12377000000.0,12696750000.0,4349000000.0,8028000000.0,0.361,8.727,-89000000.0,2658000000.0,2658000000.0,2055000000.0,540000000.0,2.3,0.209,0.0,0.0,0.0,0.0,1043000000.0,191000000.0,0.0,0.015,0.165,658000000.0,849000000.0,0.185,849000000.0,658000000.0,658000000.0,0.45,0.44,0.45,10237000000.0,10511000000.0,10237000000.0,10157278255.0,15.0,11.964,1194000000.0,1.018,1.0,2534000000.0,0.552,7974000000.0,0.0,-146000000.0,176750000.0,103000000.0,726000000.0,701000000.0,25000000.0,2140000000.0,1891000000.0,249000000.0,12969278255.0,-37000000.0,-5000000.0,-1125000000.0,0.0,-189000000.0,-1303000000.0,-142000000.0,-57000000.0,1283000000.0,125000000.0,540000000.0,540000000.0,540000000.0,0.0,0.0,0.118,1901000000.0,633000000.0,172000000.0,0.367,1.267,24.017,24.378,165000000.0,0.0,10.97,2.826,2.804,95000000.0,366000000.0,4589000000.0,4589000000.0,625000000.0,0.043,0.051,3.723,0.143,91000000.0,931000000.0,1.0,1182249613.0,1173000000,1182000000.0,3.912,4403000000.0,464000000.0,118000000.0,83000000.0,3.754,2458000000.0
42,ATVI,MRT,2010-12-31,2010-12-31,2010-12-31,2021-08-03,-13000000.0,13447000000.0,12819000000.0,5432000000.0,8015000000.0,0.347,8.349,-97000000.0,2812000000.0,2812000000.0,2135000000.0,418000000.0,1.835,0.318,0.0,0.0,0.0,0.0,1726000000.0,198000000.0,0.0,0.012,0.15,492000000.0,690000000.0,0.155,690000000.0,492000000.0,492000000.0,0.34,0.33,0.34,10203000000.0,10668750000.0,10203000000.0,12880018226.0,26.0,18.667,1279000000.0,1.047,1.0,2312000000.0,0.52,8000000000.0,0.0,-325000000.0,252500000.0,112000000.0,719000000.0,696000000.0,23000000.0,3244000000.0,2960000000.0,284000000.0,15003018226.0,44000000.0,-4000000.0,-878000000.0,0.0,-189000000.0,-1053000000.0,-312000000.0,-220000000.0,1376000000.0,33000000.0,418000000.0,418000000.0,418000000.0,0.0,0.0,0.094,1843000000.0,469000000.0,363000000.0,0.441,1.47,35.892,36.588,169000000.0,0.0,12.44,3.374,3.418,673000000.0,57000000.0,4447000000.0,4447000000.0,626000000.0,0.033,0.039,1.949,0.111,109000000.0,891000000.0,1.0,1206030404.0,1222000000,1236000000.0,3.639,5447000000.0,648000000.0,74000000.0,120000000.0,4.457,2472000000.0
43,ATVI,MRT,2010-09-30,2010-09-30,2010-09-30,2021-08-03,-9000000.0,12570000000.0,12892750000.0,4148000000.0,8422000000.0,0.355,8.866,-104000000.0,2123000000.0,2123000000.0,2262000000.0,365000000.0,2.978,0.17,0.0,0.0,0.0,0.0,622000000.0,257000000.0,0.0,0.014,0.15,446000000.0,703000000.0,0.154,703000000.0,446000000.0,446000000.0,0.3,0.3,0.3,10746000000.0,10807000000.0,10746000000.0,11033978840.0,25.0,15.696,1092000000.0,0.901,1.0,2315000000.0,0.506,8490000000.0,0.0,564000000.0,320000000.0,258000000.0,749000000.0,726000000.0,23000000.0,1824000000.0,1393000000.0,431000000.0,13247978840.0,-237000000.0,-4000000.0,-816000000.0,0.0,-187000000.0,-981000000.0,-468000000.0,-370000000.0,1196000000.0,16000000.0,365000000.0,365000000.0,365000000.0,0.0,0.0,0.08,1881000000.0,434000000.0,238000000.0,0.5,1.233,36.296,36.067,169000000.0,0.0,10.82,2.894,2.865,246000000.0,290000000.0,4577000000.0,4577000000.0,626000000.0,0.028,0.034,1.394,0.097,120000000.0,852000000.0,1.0,1224397305.0,1212000000,1227000000.0,3.776,4080000000.0,419000000.0,81000000.0,231000000.0,3.366,2755000000.0
44,ATVI,MRT,2010-06-30,2010-06-30,2010-06-30,2021-08-03,-57000000.0,12393000000.0,13113250000.0,3968000000.0,8425000000.0,0.346,8.813,-84000000.0,2214000000.0,2214000000.0,2252000000.0,329000000.0,3.64,0.141,0.0,0.0,0.0,0.0,482000000.0,277000000.0,0.0,0.014,0.15,397000000.0,674000000.0,0.149,674000000.0,397000000.0,397000000.0,0.27,0.27,0.27,10858000000.0,10943500000.0,10858000000.0,10353571506.0,26.0,15.361,1091000000.0,0.886,1.0,2283000000.0,0.503,8475000000.0,0.0,614000000.0,356750000.0,157000000.0,655000000.0,632000000.0,23000000.0,1535000000.0,1090000000.0,445000000.0,13048571506.0,-514000000.0,-4000000.0,-850000000.0,0.0,-187000000.0,-1008000000.0,-646000000.0,-584000000.0,1175000000.0,-35000000.0,329000000.0,329000000.0,329000000.0,0.0,0.0,0.073,1895000000.0,388000000.0,149000000.0,0.556,1.202,39.661,38.852,160000000.0,0.0,10.49,2.877,2.85,190000000.0,239000000.0,4535000000.0,4535000000.0,630000000.0,0.025,0.03,1.113,0.088,115000000.0,863000000.0,1.0,1243905768.0,1232000000,1248000000.0,3.681,3918000000.0,401000000.0,68000000.0,249000000.0,3.18,2878000000.0
45,ATVI,MRT,2010-03-31,2010-03-31,2010-03-31,2021-08-03,-44000000.0,12866000000.0,13394750000.0,4486000000.0,8380000000.0,0.344,8.708,-71000000.0,2695000000.0,2695000000.0,2356000000.0,305000000.0,2.909,0.184,0.0,0.0,0.0,0.0,772000000.0,311000000.0,0.0,0.012,0.15,314000000.0,625000000.0,0.136,625000000.0,314000000.0,314000000.0,0.24,0.25,0.24,10868000000.0,11111750000.0,10868000000.0,12293406462.0,39.0,19.669,1012000000.0,0.811,1.0,2250000000.0,0.488,8472000000.0,0.0,157000000.0,348250000.0,194000000.0,670000000.0,647000000.0,23000000.0,1998000000.0,1542000000.0,456000000.0,15061406462.0,-293000000.0,-2000000.0,-813000000.0,0.0,0.0,-747000000.0,-620000000.0,-552000000.0,1083000000.0,-9000000.0,305000000.0,305000000.0,305000000.0,0.0,0.0,0.066,1944000000.0,306000000.0,147000000.0,0.625,1.386,49.382,50.208,131000000.0,0.0,12.05,3.27,3.265,134000000.0,20000000.0,4606000000.0,4606000000.0,653000000.0,0.023,0.027,0.902,0.068,104000000.0,874000000.0,1.0,1249909250.0,1248000000,1264000000.0,3.691,4394000000.0,395000000.0,9000000.0,254000000.0,3.521,2944000000.0
46,ATVI,MRT,2009-12-31,2009-12-31,2009-12-31,2021-08-03,-24000000.0,13742000000.0,13591000000.0,5329000000.0,8413000000.0,0.315,8.383,-69000000.0,2768000000.0,2768000000.0,2307000000.0,113000000.0,2.126,0.278,0.0,0.0,0.0,0.0,1426000000.0,347000000.0,0.0,0.0,0.0,-8000000.0,339000000.0,0.079,339000000.0,-8000000.0,-8000000.0,0.09,0.09,0.09,10756000000.0,11256750000.0,10756000000.0,11730801834.0,-1466.0,34.604,1114000000.0,0.868,1.0,1972000000.0,0.461,8522000000.0,0.0,-55000000.0,350000000.0,241000000.0,500000000.0,477000000.0,23000000.0,2986000000.0,2507000000.0,479000000.0,14090801834.0,-190000000.0,0.0,-1028000000.0,0.0,0.0,-949000000.0,-443000000.0,-379000000.0,1183000000.0,19000000.0,113000000.0,113000000.0,113000000.0,0.0,0.0,0.026,1998000000.0,-26000000.0,302000000.0,0.0,1.31,124.697,123.444,138000000.0,0.0,11.11,3.293,3.331,739000000.0,-361000000.0,4279000000.0,4279000000.0,627000000.0,0.008,0.01,-0.023,-0.002,77000000.0,939000000.0,1.0,1268298995.0,1283000000,1311000000.0,3.335,5220000000.0,498000000.0,-121000000.0,270000000.0,4.069,2822000000.0
47,ATVI,MRT,2009-09-30,2009-09-30,2009-09-30,2021-08-03,-5000000.0,13452000000.0,13771750000.0,4508000000.0,8944000000.0,0.317,8.884,-63000000.0,2360000000.0,2360000000.0,2528000000.0,328000000.0,3.508,0.191,0.0,0.0,0.0,0.0,471000000.0,428000000.0,0.0,0.0,0.0,298000000.0,726000000.0,0.166,726000000.0,298000000.0,298000000.0,0.23,0.23,0.23,11292000000.0,11449500000.0,11292000000.0,13026348423.0,44.0,17.943,561000000.0,0.441,1.0,1833000000.0,0.42,9096000000.0,0.0,711000000.0,411250000.0,351000000.0,383000000.0,361000000.0,22000000.0,2160000000.0,1285000000.0,875000000.0,15754348423.0,-482000000.0,-17000000.0,-894000000.0,0.0,0.0,-822000000.0,-275000000.0,-217000000.0,624000000.0,-9000000.0,328000000.0,328000000.0,328000000.0,0.0,0.0,0.075,1574000000.0,259000000.0,282000000.0,0.0,1.395,48.032,53.87,133000000.0,0.0,12.39,3.613,3.611,228000000.0,-75000000.0,4361000000.0,4361000000.0,540000000.0,0.024,0.029,0.725,0.068,76000000.0,973000000.0,1.0,1271537403.0,1271000000,1297000000.0,3.431,4356000000.0,727000000.0,-30000000.0,685000000.0,3.427,3223000000.0
48,ATVI,MRT,2009-06-30,2009-06-30,2009-06-30,2021-08-03,-14000000.0,13519000000.0,13844000000.0,4510000000.0,9009000000.0,0.316,8.946,-54000000.0,2728000000.0,2728000000.0,2597000000.0,205000000.0,4.134,0.172,0.0,0.0,0.0,0.0,423000000.0,482000000.0,0.0,0.0,0.0,108000000.0,590000000.0,0.135,590000000.0,108000000.0,108000000.0,0.14,0.14,0.14,11531000000.0,11570250000.0,11531000000.0,13263819810.0,123.0,22.481,344000000.0,0.267,1.0,1772000000.0,0.406,9120000000.0,0.0,580000000.0,315000000.0,198000000.0,125000000.0,102000000.0,23000000.0,1988000000.0,1091000000.0,897000000.0,16251819810.0,2669000000.0,1125000000.0,1128000000.0,0.0,0.0,1219000000.0,1096000000.0,5000000.0,398000000.0,-44000000.0,205000000.0,205000000.0,205000000.0,0.0,0.0,0.047,1716000000.0,56000000.0,135000000.0,0.0,1.409,79.277,90.214,134000000.0,0.0,12.63,3.72,3.726,282000000.0,-90000000.0,4369000000.0,4369000000.0,618000000.0,0.015,0.018,0.343,0.025,65000000.0,975000000.0,1.0,1286763247.0,1289000000,1332000000.0,3.389,4399000000.0,792000000.0,-97000000.0,699000000.0,3.413,3419000000.0
49,ATVI,MRT,2009-03-31,2009-03-31,2009-03-31,2021-08-03,-46000000.0,13651000000.0,11151389000.0,4510000000.0,9141000000.0,0.33,8.752,-50000000.0,2988000000.0,2988000000.0,2231000000.0,38000000.0,3.432,0.192,0.0,0.0,0.0,0.0,647000000.0,438000000.0,0.0,0.0,0.0,-62000000.0,376000000.0,0.102,376000000.0,-62000000.0,-62000000.0,0.04,0.04,0.04,11448000000.0,9213246000.0,11448000000.0,10715470208.0,-173.0,28.499,560000000.0,0.428,1.0,1452000000.0,0.394,9185000000.0,0.0,164000000.0,262294000.0,230000000.0,121000000.0,42000000.0,79000000.0,2203000000.0,1314000000.0,889000000.0,13673470208.0,2941000000.0,1124000000.0,1319000000.0,0.0,0.0,1306000000.0,1102000000.0,3000000.0,610000000.0,-77000000.0,38000000.0,38000000.0,38000000.0,0.0,0.0,0.01,1568000000.0,-116000000.0,163000000.0,0.0,1.194,359.828,261.5,138000000.0,0.0,10.46,3.713,3.715,185000000.0,-285000000.0,3683000000.0,3683000000.0,594000000.0,0.003,0.004,-0.236,-0.017,73000000.0,866000000.0,1.0,1307215125.0,1308000000,1359000000.0,2.816,4466000000.0,571000000.0,-100000000.0,708000000.0,3.414,3196000000.0
50,ATVI,MRT,2008-12-31,2008-12-31,2008-12-31,2021-08-03,-43000000.0,14465000000.0,8371307250.0,5259000000.0,9206000000.0,0.361,12.185,-46000000.0,2958000000.0,2958000000.0,1839000000.0,-107000000.0,2.524,0.255,0.0,0.0,0.0,0.0,923000000.0,385000000.0,0.0,0.0,0.0,-187000000.0,198000000.0,0.065,198000000.0,-187000000.0,-187000000.0,-0.11,-0.11,-0.11,11527000000.0,6838219000.0,11527000000.0,8600736002.0,-46.0,43.438,333000000.0,0.352,1.0,1187000000.0,0.392,9233000000.0,0.0,190000000.0,247757500.0,262000000.0,122000000.0,44000000.0,78000000.0,2938000000.0,2084000000.0,854000000.0,11442736002.0,2896000000.0,1120000000.0,1625000000.0,0.0,0.0,1488000000.0,1101000000.0,0.0,379000000.0,-72000000.0,-107000000.0,-107000000.0,-107000000.0,0.0,0.0,-0.035,1420000000.0,-233000000.0,319000000.0,0.0,0.993,-106.941,-78.545,149000000.0,0.0,8.64,3.781,2.701,974000000.0,-474000000.0,3026000000.0,3026000000.0,592000000.0,-0.013,-0.016,-0.755,-0.062,68000000.0,735000000.0,1.0,1324390741.0,946000000,946000000.0,3.199,5232000000.0,536000000.0,-80000000.0,615000000.0,5.531,3175000000.0
51,ATVI,MRT,2008-09-30,2008-09-30,2008-09-30,2021-08-03,13000000.0,13741000000.0,4974807250.0,4201000000.0,9540000000.0,0.37,9.264,-46000000.0,2842000000.0,2842000000.0,797000000.0,49000000.0,3.816,0.167,0.0,0.0,0.0,0.0,206000000.0,162000000.0,0.0,0.0,0.0,-11000000.0,151000000.0,0.082,151000000.0,-11000000.0,-11000000.0,0.18,0.18,0.18,11775000000.0,4016469000.0,11775000000.0,19151151839.0,-1741.0,126.829,202000000.0,0.159,1.0,1044000000.0,0.567,9472000000.0,0.0,326000000.0,183507500.0,377000000.0,180000000.0,94000000.0,86000000.0,1966000000.0,1101000000.0,865000000.0,20343505839.0,2802000000.0,1137000000.0,1748000000.0,0.0,0.0,1530000000.0,1055000000.0,0.0,248000000.0,-31000000.0,49000000.0,49000000.0,49000000.0,0.0,0.0,0.027,1084000000.0,-40000000.0,338000000.0,0.0,1.728,415.174,85.722,168000000.0,0.0,15.43,11.05,10.653,316000000.0,-403000000.0,1841000000.0,1841000000.0,473000000.0,0.01,0.012,-0.06,-0.006,93000000.0,550000000.0,1.0,1318438486.0,1271000000,1271000000.0,1.448,4269000000.0,308000000.0,-60000000.0,696000000.0,3.359,3100000000.0
52,ATVI,MRT,2008-06-30,2008-06-30,2008-06-30,2021-08-03,25327000.0,2748556000.0,2029857250.0,2142793000.0,605763000.0,0.717,3.558,-71823000.0,1192354000.0,1192354000.0,466000000.0,205000000.0,3.447,0.307,0.0,0.0,0.0,0.0,0.0,69418000.0,0.0,0.0,0.0,214000000.0,283418000.0,0.195,283418000.0,214000000.0,214000000.0,0.34,0.34,0.34,2102984000.0,1455106500.0,2102984000.0,8713979367.0,41.0,30.746,390092000.0,0.66,1.0,990000000.0,0.68,565468000.0,0.0,369176000.0,264167250.0,229409000.0,148661000.0,60360000.0,88301000.0,645572000.0,621558000.0,24014000.0,10110229367.0,14929000.0,-1341000.0,-11182000.0,0.0,0.0,-554552000.0,111260000.0,174011000.0,461915000.0,-3694000.0,205000000.0,205000000.0,205000000.0,0.0,0.0,0.141,779000000.0,211000000.0,175587000.0,0.0,4.808,49.318,50.103,62330000.0,0.0,17.035,6.944,6.915,400989000.0,831675000.0,1456000000.0,1456000000.0,390000000.0,0.101,0.141,0.81,0.147,142760000.0,389000000.0,1.0,593497468.0,591000000,591000000.0,2.464,2183088000.0,95535000.0,9000000.0,0.0,3.694,1521235000.0
53,ATVI,MRT,2008-03-31,2008-03-31,2008-03-31,2021-08-03,26352000.0,2530673000.0,1802484750.0,1979395000.0,551278000.0,0.887,3.296,-69171000.0,1396250000.0,1396250000.0,687960000.0,204826000.0,3.56,0.299,0.0,0.0,0.0,0.0,0.0,62148000.0,0.0,0.0,0.0,207654000.0,269802000.0,0.169,269802000.0,207654000.0,207654000.0,0.34,0.335,0.34,1947892000.0,1294733750.0,1947892000.0,7378117975.0,36.0,27.346,305250000.0,0.516,1.0,911495000.0,0.57,472498000.0,0.0,105854000.0,351503750.0,146874000.0,144177000.0,52962000.0,91215000.0,582781000.0,556071000.0,26710000.0,8026776975.0,-37499000.0,-4000000.0,0.0,0.0,0.0,-478000000.0,61209000.0,132380000.0,374421000.0,4871000.0,204826000.0,204826000.0,204826000.0,0.0,0.0,0.128,716403000.0,195092000.0,129896000.0,0.0,4.121,39.188,40.162,54528000.0,0.0,13.655,5.018,5.046,203420000.0,772660000.0,1599455000.0,1599455000.0,323897000.0,0.114,0.158,0.591,0.13,138950000.0,392506000.0,1.0,587826948.0,591000000,591000000.0,2.706,2058175000.0,74067000.0,2828000.0,0.0,3.483,1423324000.0
54,ATVI,MRT,2007-12-31,2007-12-31,2007-12-31,2021-08-03,40000000.0,879000000.0,1618303250.0,398000000.0,481000000.0,0.834,0.406,-68000000.0,62000000.0,62000000.0,436000000.0,227000000.0,0.754,2.663,0.0,0.0,0.0,0.0,197000000.0,63000000.0,0.0,0.0,0.0,175000000.0,238000000.0,0.176,238000000.0,175000000.0,175000000.0,0.38,0.38,0.38,240000000.0,1160643750.0,240000000.0,8259384178.0,47.0,34.703,363000000.0,0.614,1.0,913000000.0,0.677,356000000.0,0.0,-67000000.0,485490000.0,21000000.0,3000000.0,3000000.0,0.0,639000000.0,528000000.0,111000000.0,8651913178.0,-6000000.0,0.0,0.0,0.0,0.0,-371000000.0,-68000000.0,0.0,431000000.0,2000000.0,227000000.0,227000000.0,227000000.0,0.0,0.0,0.168,734000000.0,179000000.0,49000000.0,0.0,36.05,38.114,39.079,129000000.0,0.0,14.85,6.414,6.506,112000000.0,-367000000.0,1349000000.0,1349000000.0,397000000.0,0.14,0.196,0.36,0.13,138000000.0,338000000.0,1.0,582620416.0,591000000,591000000.0,2.283,523000000.0,167000000.0,-52000000.0,0.0,0.885,-130000000.0
55,ATVI,MRT,2007-09-30,2007-09-30,2007-09-30,2021-08-03,27358000.0,1961200000.0,1871420750.0,1466884000.0,494316000.0,0.848,2.588,-124228000.0,392529000.0,392529000.0,580780000.0,252143000.0,3.549,0.282,0.0,0.0,0.0,0.0,0.0,71075000.0,0.0,0.0,0.0,257509000.0,328584000.0,0.207,328584000.0,257509000.0,257509000.0,0.44,0.435,0.44,1529550000.0,1452865250.0,1529550000.0,5819501218.0,23.0,17.711,416104000.0,0.704,1.0,1006821000.0,0.634,506707000.0,0.0,648639000.0,676857750.0,189033000.0,569231000.0,569231000.0,0.0,431650000.0,413325000.0,18325000.0,6163482218.0,85348000.0,4354000.0,-19160000.0,0.0,0.0,-394565000.0,-61747000.0,46627000.0,540332000.0,1328000.0,252143000.0,252143000.0,252143000.0,0.0,0.0,0.159,730424000.0,276397000.0,158059000.0,0.0,4.03,24.444,24.534,53500000.0,0.0,10.795,3.882,4.019,109725000.0,456301000.0,1587601000.0,1587601000.0,356389000.0,0.135,0.174,0.38,0.162,104086000.0,370035000.0,1.0,570957130.0,591000000,591000000.0,2.686,1454493000.0,98284000.0,5366000.0,0.0,2.461,1053559000.0
56,ATVI,MRT,2007-06-30,2007-06-30,2007-06-30,2021-08-03,22517000.0,1839066000.0,1764378000.0,1443080000.0,395986000.0,0.822,2.577,-95314000.0,343981000.0,343981000.0,644858000.0,179841000.0,4.013,0.258,0.0,0.0,0.0,0.0,0.0,55755000.0,0.0,0.0,0.0,173131000.0,228886000.0,0.158,228886000.0,173131000.0,173131000.0,0.315,0.31,0.315,1461493000.0,1380314250.0,1461493000.0,4905002404.0,28.0,21.43,230505000.0,0.406,1.0,804915000.0,0.555,416961000.0,0.0,718522000.0,687087250.0,92529000.0,619815000.0,619815000.0,0.0,377573000.0,359602000.0,17971000.0,5289411404.0,34117000.0,650000.0,-893000.0,0.0,0.0,-79528000.0,-216258000.0,-111181000.0,325819000.0,4084000.0,179841000.0,179841000.0,179841000.0,0.0,0.0,0.124,622928000.0,181987000.0,109662000.0,0.0,3.619,29.412,29.635,48706000.0,0.0,9.335,3.648,3.652,197964000.0,455603000.0,1449773000.0,1449773000.0,264997000.0,0.102,0.13,0.252,0.119,47942000.0,353931000.0,1.0,566621468.0,567126000,623986000.0,2.556,1422105000.0,92130000.0,-6710000.0,0.0,2.508,1083478000.0
57,ATVI,MRT,2007-03-31,2007-03-31,2007-03-31,2021-08-03,20202000.0,1793947000.0,1663655500.0,1401233000.0,392714000.0,0.687,2.494,-90597000.0,384409000.0,384409000.0,454698000.0,133706000.0,4.107,0.271,0.0,0.0,0.0,0.0,0.0,51446000.0,0.0,0.0,0.0,106303000.0,157749000.0,0.138,157749000.0,106303000.0,106303000.0,0.23,0.23,0.23,1411532000.0,1323623500.0,1411532000.0,5065211468.0,48.0,32.109,125043000.0,0.221,1.0,687689000.0,0.602,426570000.0,0.0,641799000.0,676068000.0,91231000.0,570440000.0,570440000.0,0.0,382415000.0,341169000.0,41246000.0,5310234468.0,-34763000.0,-26191000.0,-7238000.0,0.0,0.0,-84238000.0,-170826000.0,-52038000.0,215640000.0,4661000.0,133706000.0,133706000.0,133706000.0,0.0,0.0,0.117,569243000.0,118446000.0,136517000.0,0.0,3.762,39.716,41.174,46540000.0,0.0,9.47,4.648,4.691,148694000.0,427777000.0,1142387000.0,1142387000.0,257725000.0,0.08,0.101,0.157,0.093,46359000.0,307518000.0,1.0,560742816.0,565918000,616810000.0,2.019,1367377000.0,100355000.0,-27403000.0,0.0,2.416,1060064000.0
58,ATVI,MRT,2006-12-31,2006-12-31,2006-12-31,2021-08-03,18659000.0,1891470000.0,1569732500.0,1484378000.0,407092000.0,0.649,2.384,-96000000.0,367910000.0,367910000.0,367000000.0,139000000.0,3.362,0.343,0.0,0.0,0.0,0.0,0.0,39000000.0,0.0,0.0,0.0,106000000.0,145000000.0,0.142,145000000.0,106000000.0,106000000.0,0.24,0.24,0.24,1408886000.0,1276396250.0,1408886000.0,4588580074.0,43.0,31.645,137000000.0,0.232,1.0,651000000.0,0.639,383633000.0,0.0,698471000.0,671107500.0,85680000.0,437290000.0,437290000.0,0.0,482584000.0,441456000.0,41128000.0,4833603074.0,36000000.0,-26000000.0,0.0,0.0,0.0,-77000000.0,-124000000.0,0.0,233000000.0,4000000.0,139000000.0,139000000.0,139000000.0,0.0,0.0,0.137,530000000.0,121000000.0,193875000.0,0.0,3.431,34.774,35.917,46713000.0,0.0,8.62,4.748,5.004,456589000.0,442199000.0,1018000000.0,1018000000.0,246000000.0,0.089,0.109,0.158,0.104,48000000.0,280000000.0,1.0,560742816.0,591000000,591000000.0,1.723,1507837000.0,89818000.0,-33000000.0,0.0,2.551,1042922000.0
59,ATVI,MRT,2006-09-30,2006-09-30,2006-09-30,2021-08-03,12575000.0,1533029000.0,1495853500.0,1079635000.0,453394000.0,0.923,2.208,-25223000.0,189721000.0,189721000.0,905512000.0,16117000.0,4.274,0.237,0.0,0.0,0.0,0.0,0.0,16560000.0,0.0,0.0,0.0,19733000.0,36293000.0,0.026,36293000.0,19733000.0,19733000.0,0.03,0.02,0.03,1239346000.0,1226544750.0,1239346000.0,3988585261.0,202.0,109.9,-14219000.0,-0.025,1.0,475096000.0,0.344,401138000.0,0.0,689557000.0,676835500.0,71063000.0,557674000.0,557674000.0,0.0,293683000.0,252613000.0,41070000.0,4233608261.0,-13364000.0,-30502000.0,29646000.0,0.0,0.0,34051000.0,-63204000.0,-7479000.0,11004000.0,4785000.0,16117000.0,16117000.0,16117000.0,0.0,0.0,0.012,488622000.0,-13526000.0,83418000.0,0.0,3.416,262.68,251.667,45185000.0,0.0,7.55,3.066,3.069,97086000.0,299379000.0,1380608000.0,1380608000.0,137440000.0,0.011,0.013,0.029,0.014,30916000.0,351182000.0,1.0,560742816.0,561254000,561254000.0,2.46,1131891000.0,127569000.0,3616000.0,0.0,2.017,827022000.0
60,ATVI,MRT,2006-06-30,2006-06-30,2006-06-30,2021-08-03,1465000.0,1436176000.0,1436971500.0,1064000000.0,372176000.0,0.985,2.218,-27806000.0,245023000.0,245023000.0,905892000.0,26189000.0,6.63,0.163,0.0,0.0,0.0,0.0,0.0,15894000.0,0.0,0.0,0.0,27653000.0,43547000.0,0.031,43547000.0,27653000.0,27653000.0,0.05,0.04,0.05,1234730000.0,1196770250.0,1234730000.0,2807932930.0,102.0,64.481,9003000.0,0.016,1.0,509084000.0,0.36,356222000.0,0.0,674445000.0,671173000.0,64095000.0,547553000.0,547553000.0,0.0,201446000.0,160486000.0,40960000.0,3162263930.0,2682000.0,-30465000.0,36756000.0,0.0,0.0,38761000.0,-74895000.0,-16624000.0,36809000.0,2007000.0,26189000.0,26189000.0,26189000.0,0.0,0.0,0.019,512988000.0,-3904000.0,73344000.0,0.0,2.561,120.748,113.8,43986000.0,0.0,5.69,2.235,2.239,65361000.0,323681000.0,1414976000.0,1414976000.0,140198000.0,0.018,0.022,0.041,0.02,32336000.0,372790000.0,1.0,555758160.0,556670000,556670000.0,2.542,1079954000.0,69594000.0,1464000.0,0.0,1.94,903514000.0
61,ATVI,MRT,2006-03-31,2006-03-31,2006-03-31,2021-08-03,16369000.0,1418255000.0,1394789250.0,1116055000.0,302200000.0,1.052,2.211,-30406000.0,354331000.0,354331000.0,940362000.0,40251000.0,5.757,0.16,0.0,0.0,0.0,0.0,0.0,14634000.0,0.0,0.0,0.0,45856000.0,60490000.0,0.041,60490000.0,45856000.0,45856000.0,0.075,0.065,0.075,1222623000.0,1166425000.0,1222623000.0,3546442050.0,77.0,58.629,55601000.0,0.101,1.0,527638000.0,0.359,248111000.0,0.0,621957000.0,660072750.0,61483000.0,590629000.0,590629000.0,0.0,195632000.0,193856000.0,1776000.0,3813511050.0,40723000.0,-6890000.0,45088000.0,0.0,0.0,45088000.0,-85796000.0,-41000000.0,86007000.0,-4576000.0,40251000.0,40251000.0,40251000.0,0.0,0.0,0.027,512412000.0,15226000.0,88994000.0,0.0,3.119,94.743,91.933,45368000.0,0.0,6.895,2.598,2.597,28782000.0,341990000.0,1468000000.0,1468000000.0,132651000.0,0.029,0.035,0.069,0.031,32466000.0,379761000.0,1.0,553083546.0,552882000,591634000.0,2.655,1170144000.0,62209000.0,5605000.0,0.0,2.116,922199000.0
62,ATVI,MRT,2005-12-31,2005-12-31,2005-12-31,2021-08-03,2521000.0,1595954000.0,1366705250.0,1326448000.0,269506000.0,1.086,2.199,-27085000.0,267069000.0,267069000.0,953597000.0,49674000.0,3.443,0.32,0.0,0.0,0.0,0.0,0.0,13188000.0,0.0,0.0,0.0,61902000.0,75090000.0,0.051,75090000.0,61902000.0,61902000.0,0.085,0.08,0.085,1209480000.0,1135087750.0,1209480000.0,3557454608.0,57.0,47.376,7914000.0,0.014,1.0,530139000.0,0.357,222244000.0,0.0,721383000.0,645749750.0,84828000.0,497537000.0,497537000.0,0.0,386474000.0,385258000.0,1216000.0,3760539608.0,-25222000.0,-28463000.0,80370000.0,0.0,0.0,80370000.0,-132211000.0,-69163000.0,34999000.0,-8380000.0,49674000.0,49674000.0,49674000.0,0.0,0.0,0.033,496215000.0,33924000.0,213874000.0,0.0,3.109,75.704,80.824,39180000.0,0.0,6.87,2.535,2.546,414492000.0,397732000.0,1483736000.0,1483736000.0,121420000.0,0.036,0.044,0.096,0.042,66547000.0,374795000.0,1.0,547385678.0,549930000,592410000.0,2.698,1373710000.0,45619000.0,12228000.0,0.0,2.498,941190000.0
63,ATVI,MRT,2005-09-30,2005-09-30,2005-09-30,2021-08-03,4890000.0,1297501000.0,1303874000.0,1082262000.0,215239000.0,1.034,2.058,-23221000.0,203085000.0,203085000.0,852564000.0,79080000.0,6.128,0.158,0.0,0.0,0.0,0.0,0.0,12163000.0,0.0,0.0,0.0,109123000.0,121286000.0,0.09,121286000.0,109123000.0,109123000.0,0.155,0.14,0.155,1120248000.0,1087838750.0,1120248000.0,3921736344.0,36.0,32.335,87110000.0,0.16,1.0,495024000.0,0.367,250912000.0,0.0,666907000.0,576956000.0,52035000.0,547174000.0,547174000.0,0.0,177253000.0,176597000.0,656000.0,4164077344.0,-63606000.0,-28315000.0,87416000.0,0.0,0.0,87416000.0,-262849000.0,-191313000.0,110331000.0,1496000.0,79080000.0,79080000.0,79080000.0,0.0,0.0,0.059,407914000.0,87110000.0,90838000.0,0.0,3.717,52.657,49.476,35668000.0,0.0,7.669,3.09,3.097,116879000.0,329787000.0,1347588000.0,1347588000.0,93234000.0,0.061,0.073,0.189,0.081,65429000.0,314680000.0,1.0,542992971.0,544258000,544258000.0,2.476,1046589000.0,59797000.0,30043000.0,0.0,1.923,905665000.0
64,ATVI,MRT,2005-06-30,2005-06-30,2005-06-30,2021-08-03,7743000.0,1267447000.0,1255541000.0,1069805000.0,197642000.0,1.143,2.068,-18291000.0,242341000.0,242341000.0,898197000.0,118853000.0,6.947,0.138,0.0,0.0,0.0,0.0,0.0,11284000.0,0.0,0.0,0.0,167884000.0,179168000.0,0.125,179168000.0,167884000.0,167884000.0,0.23,0.21,0.23,1113349000.0,1029733500.0,1113349000.0,3019598699.0,18.0,16.853,194679000.0,0.362,1.0,537477000.0,0.374,241057000.0,0.0,630044000.0,481266500.0,45136000.0,543558000.0,543558000.0,0.0,154098000.0,154005000.0,93000.0,3333206699.0,99017000.0,-28307000.0,77789000.0,0.0,0.0,77789000.0,-194025000.0,-139927000.0,212970000.0,2283000.0,118853000.0,118853000.0,118853000.0,0.0,0.0,0.083,387921000.0,149556000.0,65447000.0,0.0,2.994,28.045,26.935,31911000.0,0.0,6.195,2.322,2.323,94804000.0,343029000.0,1435674000.0,1435674000.0,84749000.0,0.095,0.115,0.349,0.117,59714000.0,303172000.0,1.0,538047893.0,538282000,538282000.0,2.667,1026390000.0,44104000.0,49031000.0,0.0,1.907,915800000.0
65,ATVI,MRT,2005-03-31,2005-03-31,2005-03-31,2021-08-03,11618000.0,1305919000.0,1185139500.0,1122464000.0,183455000.0,1.186,2.194,-14941000.0,313608000.0,313608000.0,844946000.0,135057000.0,5.38,0.19,0.0,0.0,0.0,0.0,0.0,10702000.0,0.0,0.0,0.0,192700000.0,203402000.0,0.145,203402000.0,192700000.0,192700000.0,0.27,0.245,0.27,1097274000.0,964833500.0,1097274000.0,2405982508.0,12.0,11.829,200368000.0,0.401,1.0,560911000.0,0.399,219001000.0,0.0,564665000.0,400613750.0,48018000.0,527256000.0,527256000.0,0.0,208645000.0,208645000.0,0.0,2808512508.0,148488000.0,-21382000.0,72654000.0,0.0,0.0,72654000.0,-143896000.0,-107573000.0,215309000.0,4421000.0,135057000.0,135057000.0,135057000.0,0.0,0.0,0.096,381303000.0,179608000.0,108984000.0,0.0,2.56,20.795,20.556,30490000.0,0.0,5.55,1.998,1.974,109144000.0,301739000.0,1405857000.0,1405857000.0,87776000.0,0.114,0.14,0.481,0.137,56574000.0,293527000.0,1.0,506038290.0,500046000,555424000.0,2.811,1086918000.0,33757000.0,57643000.0,0.0,2.174,913819000.0
66,ATVI,MRT,2004-12-31,2004-12-31,2004-12-31,2021-08-03,17818000.0,1344629000.0,1100864000.0,1212301000.0,132328000.0,1.24,2.053,-10551000.0,402530000.0,402530000.0,808664000.0,137809000.0,3.893,0.318,0.0,0.0,0.0,0.0,0.0,10826000.0,0.0,0.0,0.0,196837000.0,207663000.0,0.152,207663000.0,196837000.0,196837000.0,0.274,0.25,0.274,1020484000.0,898699500.0,1020484000.0,2418248170.0,12.0,11.645,106896000.0,0.215,1.0,556229000.0,0.408,184458000.0,0.0,446208000.0,373428500.0,41656000.0,310650000.0,310650000.0,0.0,324145000.0,311433000.0,12712000.0,2808039170.0,13313000.0,0.0,45228000.0,0.0,0.0,45228000.0,-159396000.0,-148845000.0,117447000.0,10034000.0,137809000.0,137809000.0,137809000.0,0.0,0.0,0.101,369396000.0,186833000.0,156376000.0,0.0,2.752,20.376,20.714,26798000.0,0.0,5.676,2.057,2.067,344894000.0,343041000.0,1364893000.0,1364893000.0,86064000.0,0.125,0.153,0.527,0.144,25418000.0,283332000.0,1.0,494754176.0,497138000,553216000.0,2.746,1160171000.0,13689000.0,59028000.0,12712000.0,2.334,900868000.0
67,ATVI,MRT,2004-09-30,2004-09-30,2004-09-30,2021-08-03,8839000.0,1104169000.0,1040029500.0,954873000.0,149296000.0,1.147,1.803,-8204000.0,389791000.0,389791000.0,679817000.0,117528000.0,4.414,0.244,0.0,0.0,0.0,0.0,0.0,11022000.0,0.0,0.0,0.0,174986000.0,186008000.0,0.156,186008000.0,174986000.0,174986000.0,0.242,0.224,0.242,887827000.0,842650250.0,887827000.0,1579768392.0,9.0,8.493,121998000.0,0.248,1.0,513493000.0,0.43,213887000.0,0.0,284149000.0,307294250.0,63690000.0,216296000.0,216296000.0,0.0,216342000.0,216342000.0,0.0,1919503392.0,99691000.0,-3480000.0,68823000.0,0.0,0.0,68823000.0,-105829000.0,-94145000.0,130202000.0,6495000.0,117528000.0,117528000.0,117528000.0,0.0,0.0,0.098,346778000.0,166715000.0,103001000.0,0.0,2.162,16.332,16.12,24712000.0,0.0,3.901,1.609,1.61,138586000.0,245779000.0,1193310000.0,1193310000.0,111350000.0,0.113,0.139,0.569,0.147,19143000.0,235428000.0,1.0,492062073.0,492462000,542878000.0,2.423,890282000.0,26259000.0,57458000.0,0.0,1.808,738531000.0
68,ATVI,MRT,2004-06-30,2004-06-30,2004-06-30,2021-08-03,7384000.0,985841000.0,954751250.0,837365000.0,148476000.0,1.048,1.743,-8186000.0,339735000.0,339735000.0,583915000.0,81892000.0,6.339,0.155,0.0,0.0,0.0,0.0,0.0,11123000.0,0.0,0.0,0.0,122154000.0,133277000.0,0.133,133277000.0,122154000.0,122154000.0,0.17,0.156,0.17,853749000.0,786717000.0,853749000.0,1727346298.0,14.0,12.961,30779000.0,0.063,1.0,416292000.0,0.416,206581000.0,0.0,307433000.0,274737500.0,39635000.0,199411000.0,199411000.0,0.0,132092000.0,132092000.0,0.0,2193898298.0,-1063000.0,-3480000.0,116329000.0,0.0,0.0,116329000.0,-163305000.0,-151639000.0,38965000.0,6948000.0,81892000.0,81892000.0,81892000.0,0.0,0.0,0.082,301168000.0,115124000.0,75558000.0,0.0,2.57,26.79,26.305,24841000.0,0.0,4.472,2.193,2.19,123048000.0,220236000.0,1000207000.0,1000207000.0,107363000.0,0.086,0.104,0.445,0.122,18268000.0,193805000.0,1.0,490599200.0,489829333,545437333.0,2.042,779260000.0,30163000.0,40262000.0,0.0,1.591,705273000.0
69,ATVI,MRT,2004-03-31,2004-03-31,2004-03-31,2021-08-03,9961000.0,968817000.0,890980250.0,811875000.0,156942000.0,1.064,1.758,-11976000.0,165120000.0,165120000.0,567147000.0,74098000.0,5.966,0.163,0.0,0.0,0.0,0.0,0.0,10795000.0,0.0,0.0,0.0,110712000.0,121507000.0,0.128,121507000.0,110712000.0,110712000.0,0.155,0.145,0.155,832738000.0,731118500.0,832738000.0,1710912771.0,15.0,14.081,55427000.0,0.117,1.0,380509000.0,0.402,211694000.0,0.0,455924000.0,236811750.0,26427000.0,422529000.0,422529000.0,0.0,136079000.0,136079000.0,0.0,2136336771.0,26012000.0,-3480000.0,120387000.0,-2818000.0,0.0,117569000.0,-170155000.0,-154699000.0,67403000.0,11195000.0,74098000.0,74098000.0,74098000.0,0.0,0.0,0.078,275972000.0,104537000.0,72874000.0,0.0,2.565,28.831,28.706,25539000.0,0.0,4.449,2.254,2.224,62577000.0,208279000.0,947656000.0,947656000.0,99838000.0,0.083,0.101,0.468,0.117,15183000.0,176134000.0,1.0,480143115.0,473774000,516700000.0,2.0,757123000.0,35191000.0,36614000.0,0.0,1.598,675796000.0
70,ATVI,MRT,2003-12-31,2003-12-31,2003-12-31,2021-08-03,7455000.0,1101291000.0,824980000.0,949582000.0,151709000.0,1.103,1.682,-14896000.0,425424000.0,425424000.0,557954000.0,63094000.0,3.169,0.383,0.0,0.0,0.0,0.0,0.0,12775000.0,0.0,0.0,0.0,96861000.0,109636000.0,0.121,109636000.0,96861000.0,96861000.0,0.132,0.122,0.132,796287000.0,672369000.0,796287000.0,1301348094.0,13.0,11.87,73363000.0,0.155,1.0,351806000.0,0.387,194573000.0,0.0,181671000.0,158264500.0,35506000.0,126253000.0,126253000.0,0.0,305004000.0,299623000.0,5381000.0,1614794094.0,-80006000.0,-1980000.0,-52902000.0,-2821000.0,0.0,-55723000.0,-120969000.0,-103098000.0,88259000.0,8427000.0,63094000.0,63094000.0,63094000.0,0.0,0.0,0.069,261076000.0,90730000.0,170936000.0,0.0,2.028,25.593,25.866,26375000.0,0.0,3.414,1.775,1.777,241929000.0,201615000.0,909760000.0,909760000.0,98031000.0,0.076,0.094,0.612,0.106,3398000.0,163045000.0,1.0,472939877.0,473404444,519207111.0,1.922,906718000.0,36170000.0,33767000.0,5381000.0,1.915,649959000.0
71,ATVI,MRT,2003-09-30,2003-09-30,2003-09-30,2021-08-03,1173000.0,763056000.0,792436500.0,597923000.0,165133000.0,0.984,1.412,-15822000.0,313446000.0,313446000.0,542811000.0,30460000.0,6.042,0.149,0.0,0.0,0.0,0.0,0.0,12474000.0,0.0,0.0,0.0,47730000.0,60204000.0,0.077,60204000.0,47730000.0,47730000.0,0.052,0.052,0.052,664094000.0,665253000.0,664094000.0,763759874.0,16.0,12.686,984000.0,0.002,1.0,237123000.0,0.304,196726000.0,0.0,153922000.0,173328750.0,21163000.0,97990000.0,97990000.0,0.0,98962000.0,98962000.0,0.0,1054592874.0,-172371000.0,-7608000.0,-136693000.0,-3659000.0,0.0,-140352000.0,-54009000.0,-29584000.0,16806000.0,5184000.0,30460000.0,30460000.0,30460000.0,0.0,0.0,0.039,196593000.0,40530000.0,49015000.0,0.0,1.588,34.622,43.161,26562000.0,0.0,2.244,1.352,1.353,29502000.0,124634000.0,779934000.0,779934000.0,61435000.0,0.038,0.046,0.275,0.061,9363000.0,135158000.0,1.0,469882651.0,470197333,470197333.0,1.659,566330000.0,52675000.0,17270000.0,0.0,1.204,498961000.0
72,ATVI,MRT,2003-06-30,2003-06-30,2003-06-30,2021-08-03,267000.0,730757000.0,822451000.0,549006000.0,181751000.0,1.011,1.345,-16096000.0,290833000.0,290833000.0,555599000.0,49639000.0,5.523,0.157,0.0,0.0,0.0,0.0,0.0,12197000.0,0.0,0.0,0.0,77458000.0,89655000.0,0.108,89655000.0,77458000.0,77458000.0,0.091,0.089,0.091,631355000.0,689065250.0,631355000.0,848149973.0,11.0,9.46,33133000.0,0.071,1.0,275984000.0,0.332,184792000.0,0.0,155730000.0,201853000.0,25107000.0,98942000.0,98942000.0,0.0,99402000.0,99402000.0,0.0,1130885973.0,-405943000.0,-7608000.0,-186259000.0,-4722000.0,0.0,-190981000.0,-269745000.0,-245046000.0,49229000.0,5554000.0,49639000.0,49639000.0,49639000.0,0.0,0.0,0.06,207187000.0,68797000.0,51340000.0,0.0,1.791,22.782,26.518,26358000.0,0.0,2.413,1.36,1.363,33328000.0,134727000.0,831583000.0,831583000.0,58800000.0,0.06,0.072,0.384,0.093,11643000.0,148387000.0,1.0,468639616.0,469578667,500106667.0,1.771,545965000.0,47171000.0,27819000.0,0.0,1.163,449604000.0
73,ATVI,MRT,2003-03-31,2003-03-31,2003-03-31,2021-08-03,-3434000.0,704816000.0,853450000.0,526905000.0,177911000.0,1.012,1.165,-11877000.0,285554000.0,285554000.0,565173000.0,66180000.0,5.047,0.179,2818000.0,147000.0,2671000.0,2818000.0,0.0,12114000.0,0.0,0.0,0.0,103407000.0,115521000.0,0.134,115521000.0,103407000.0,103407000.0,0.128,0.12,0.128,597740000.0,716647750.0,597740000.0,599949630.0,6.0,5.193,79098000.0,0.154,1.0,298943000.0,0.346,175940000.0,0.0,141735000.0,181385750.0,19577000.0,121400000.0,121400000.0,0.0,107076000.0,104405000.0,2671000.0,956112630.0,-139899000.0,-21199000.0,64810000.0,-720000.0,0.0,64090000.0,-301547000.0,-267476000.0,90975000.0,6583000.0,66180000.0,66180000.0,66180000.0,0.0,0.0,0.077,204096000.0,94847000.0,45602000.0,0.0,1.6,14.447,14.111,22265000.0,0.0,1.806,1.106,1.073,15822000.0,130564000.0,864116000.0,864116000.0,56971000.0,0.078,0.092,0.57,0.12,23884000.0,147125000.0,1.0,529335712.0,513277333,552826667.0,1.684,528876000.0,48612000.0,37227000.0,0.0,1.03,422500000.0
74,ATVI,MRT,2002-12-31,2002-12-31,2002-12-31,2021-08-03,-2295000.0,971117000.0,816467750.0,817702000.0,153415000.0,1.107,1.437,-9627000.0,358984000.0,358984000.0,574750000.0,85021000.0,4.076,0.265,2821000.0,145000.0,2676000.0,2821000.0,0.0,9315000.0,0.0,0.0,0.0,133330000.0,142645000.0,0.158,142645000.0,133330000.0,133330000.0,0.167,0.152,0.167,767823000.0,674735500.0,767823000.0,642735114.0,5.0,4.506,106792000.0,0.2,1.0,329276000.0,0.364,172408000.0,0.0,241928000.0,162142500.0,37284000.0,169874000.0,169874000.0,0.0,203294000.0,200618000.0,2676000.0,978695114.0,164293000.0,-22699000.0,243898000.0,-1125000.0,0.0,242773000.0,-201048000.0,-169300000.0,116419000.0,6149000.0,85021000.0,85021000.0,85021000.0,0.0,0.0,0.094,203123000.0,126153000.0,106658000.0,0.0,1.275,11.511,10.921,19741000.0,0.0,1.824,1.083,1.078,158393000.0,138521000.0,904026000.0,904026000.0,50669000.0,0.104,0.126,0.822,0.147,28031000.0,152454000.0,1.0,536638856.0,534448000,566522667.0,1.692,798709000.0,39151000.0,48309000.0,0.0,1.494,617084000.0
75,ATVI,MRT,2002-09-30,2002-09-30,2002-09-30,2021-08-03,-5448000.0,883114000.0,722239000.0,730875000.0,152239000.0,1.242,1.421,-9159000.0,339371000.0,339371000.0,575092000.0,79784000.0,6.063,0.163,3411000.0,189000.0,3222000.0,3411000.0,0.0,8650000.0,0.0,0.0,0.0,126108000.0,134758000.0,0.15,134758000.0,126108000.0,126108000.0,0.178,0.155,0.178,759343000.0,579182000.0,759343000.0,1050997734.0,8.0,7.799,140617000.0,0.263,1.0,321590000.0,0.359,158586000.0,0.0,268019000.0,144742500.0,25118000.0,214328000.0,214328000.0,0.0,123771000.0,120549000.0,3222000.0,1596853734.0,217219000.0,-13591000.0,302759000.0,-2351000.0,0.0,300408000.0,-236813000.0,-214512000.0,149776000.0,3848000.0,79784000.0,79784000.0,79784000.0,0.0,0.0,0.089,200397000.0,121193000.0,57280000.0,0.0,2.103,20.015,16.805,19354000.0,0.0,2.991,1.781,1.782,61395000.0,94174000.0,896682000.0,896682000.0,47759000.0,0.11,0.138,0.871,0.141,39621000.0,152638000.0,1.0,533841616.0,534250667,579898667.0,1.678,724528000.0,45658000.0,46324000.0,0.0,1.356,610326000.0
76,ATVI,MRT,2002-06-30,2002-06-30,2002-06-30,2021-08-03,-6118000.0,854753000.0,602663250.0,712380000.0,142373000.0,1.439,1.544,-8181000.0,550330000.0,550330000.0,572437000.0,72913000.0,6.492,0.152,4474000.0,1130000.0,3344000.0,4474000.0,0.0,7938000.0,0.0,0.0,0.0,115425000.0,123363000.0,0.142,123363000.0,115425000.0,115425000.0,0.166,0.145,0.166,741685000.0,463101250.0,741685000.0,1659986019.0,14.0,13.456,151325000.0,0.315,1.0,294677000.0,0.34,125312000.0,0.0,73861000.0,120637000.0,25439000.0,0.0,0.0,0.0,113068000.0,109724000.0,3344000.0,1935703019.0,444344000.0,-13591000.0,302450000.0,-591000.0,0.0,301859000.0,-21323000.0,0.0,159506000.0,4302000.0,72913000.0,72913000.0,72913000.0,0.0,0.0,0.084,181674000.0,113003000.0,45887000.0,0.0,2.61,26.548,21.883,18642000.0,0.0,3.632,2.232,2.012,64799000.0,85088000.0,867114000.0,867114000.0,43520000.0,0.121,0.157,0.957,0.133,38113000.0,138154000.0,1.0,532884520.0,480314667,534000000.0,1.805,729441000.0,52969000.0,42512000.0,0.0,1.519,602656000.0
77,ATVI,MRT,2002-03-31,2002-03-31,2002-03-31,2021-08-03,-11498000.0,556887000.0,483080750.0,456873000.0,100014000.0,1.628,1.061,-9150000.0,279007000.0,279007000.0,534731000.0,52238000.0,3.694,0.295,3290000.0,168000.0,3122000.0,3290000.0,0.0,7350000.0,0.0,0.0,0.0,83120000.0,90470000.0,0.115,90470000.0,83120000.0,83120000.0,0.129,0.11,0.129,430091000.0,349593000.0,430091000.0,1428041436.0,17.0,15.785,102642000.0,0.253,1.0,251703000.0,0.32,92734000.0,0.0,64762000.0,147097750.0,20736000.0,0.0,0.0,0.0,126796000.0,123674000.0,3122000.0,1619034436.0,153457000.0,0.0,60806000.0,-10404000.0,0.0,50402000.0,-8701000.0,0.0,111792000.0,-36000.0,52238000.0,52238000.0,52238000.0,0.0,0.0,0.066,171129000.0,80574000.0,64410000.0,0.0,3.764,30.993,28.905,17832000.0,0.0,3.729,2.059,1.921,76733000.0,64384000.0,786434000.0,786434000.0,40960000.0,0.108,0.149,0.565,0.106,48513000.0,130169000.0,1.0,434203000.0,405212444,475644444.0,1.941,464153000.0,51403000.0,30882000.0,0.0,1.145,333199000.0
78,ATVI,MRT,2001-12-31,2001-12-31,2001-12-31,2021-08-03,-10300000.0,594202000.0,433848250.0,495209000.0,98993000.0,1.725,0.921,-8298000.0,194691000.0,194691000.0,518452000.0,42229000.0,2.411,0.541,3698000.0,489000.0,3209000.0,3698000.0,0.0,8257000.0,0.0,0.0,0.0,60386000.0,68643000.0,0.092,68643000.0,60386000.0,67017000.0,0.101,0.093,0.101,385609000.0,287396750.0,385609000.0,1237161609.0,20.0,18.023,86505000.0,0.207,1.0,229860000.0,0.307,25497000.0,-6631000.0,172328000.0,165974250.0,30630000.0,0.0,0.0,0.0,208593000.0,205384000.0,3209000.0,1353551609.0,142343000.0,0.0,65026000.0,-13340000.0,0.0,51686000.0,-7278000.0,0.0,94803000.0,3132000.0,42229000.0,42229000.0,42229000.0,0.0,0.0,0.056,164135000.0,65725000.0,121190000.0,0.0,3.51,32.053,32.191,17598000.0,0.0,3.251,1.809,1.82,203379000.0,53500000.0,748312000.0,748312000.0,40144000.0,0.097,0.147,0.364,0.081,54072000.0,123991000.0,1.0,416317296.0,418872000,474344000.0,1.786,568705000.0,55060000.0,24788000.0,0.0,1.358,289825000.0
79,ATVI,MRT,2001-09-30,2001-09-30,2001-09-30,2021-08-03,-9865000.0,404811000.0,379651500.0,308123000.0,96688000.0,1.69,0.74,-11904000.0,122152000.0,122152000.0,443602000.0,23624000.0,2.897,0.372,5762000.0,2337000.0,3425000.0,5762000.0,0.0,7955000.0,0.0,0.0,0.0,33068000.0,41023000.0,0.064,41023000.0,33068000.0,37474000.0,0.077,0.067,0.077,295020000.0,227447500.0,295020000.0,803672831.0,24.0,19.591,80407000.0,0.202,1.0,197842000.0,0.308,10458000.0,-4406000.0,171597000.0,179244250.0,33892000.0,0.0,0.0,0.0,109791000.0,106366000.0,3425000.0,904640831.0,96948000.0,0.0,51853000.0,-41785000.0,0.0,10068000.0,-10755000.0,0.0,92311000.0,5324000.0,23624000.0,23624000.0,23624000.0,0.0,0.0,0.037,159164000.0,38678000.0,60417000.0,0.0,3.066,38.293,29.459,17209000.0,0.0,2.268,1.41,1.411,86391000.0,14390000.0,641444000.0,641444000.0,41075000.0,0.062,0.104,0.184,0.052,34758000.0,118089000.0,1.0,398813004.0,398896000,457200000.0,1.608,394353000.0,52250000.0,13850000.0,0.0,0.989,201757000.0
80,ATVI,MRT,2001-06-30,2001-06-30,2001-06-30,2021-08-03,-11601000.0,376423000.0,360830500.0,287985000.0,88438000.0,1.791,0.796,-10574000.0,105986000.0,105986000.0,431450000.0,25715000.0,3.37,0.309,5018000.0,1715000.0,3303000.0,5018000.0,0.0,7774000.0,0.0,0.0,0.0,39088000.0,46862000.0,0.073,46862000.0,39088000.0,40811000.0,0.087,0.076,0.087,287652000.0,183672750.0,287652000.0,1212103562.0,31.0,25.865,61012000.0,0.169,1.0,214753000.0,0.332,10283000.0,-1723000.0,179704000.0,201014000.0,44198000.0,0.0,0.0,0.0,88771000.0,85468000.0,3303000.0,1264021562.0,94397000.0,0.0,55076000.0,-24837000.0,0.0,30239000.0,-9425000.0,0.0,71586000.0,1997000.0,25715000.0,25715000.0,25715000.0,0.0,0.0,0.04,169683000.0,45070000.0,42691000.0,0.0,4.394,49.155,37.596,16513000.0,0.0,3.271,1.956,1.829,72066000.0,12175000.0,646203000.0,646203000.0,43162000.0,0.071,0.14,0.194,0.06,34982000.0,126521000.0,1.0,386452452.0,361288000,427720000.0,1.789,366140000.0,51651000.0,15096000.0,0.0,1.013,202517000.0
81,ATVI,MRT,2001-03-31,2001-03-31,2001-03-31,2021-08-03,-11377000.0,359957000.0,332811500.0,298230000.0,61727000.0,1.863,0.608,-9780000.0,125550000.0,125550000.0,414609000.0,20507000.0,2.588,0.985,73632000.0,10231000.0,63401000.0,73632000.0,0.0,7674000.0,0.0,0.0,0.0,32544000.0,40218000.0,0.065,40218000.0,32544000.0,32544000.0,0.069,0.062,0.069,181306000.0,139224750.0,181306000.0,663700424.0,20.0,16.503,71785000.0,0.241,1.0,205574000.0,0.331,52521000.0,0.0,140268000.0,217832250.0,43888000.0,0.0,0.0,0.0,178651000.0,115250000.0,63401000.0,638936424.0,75565000.0,0.0,18617000.0,-16070000.0,0.0,2547000.0,-8631000.0,0.0,81565000.0,84000.0,20507000.0,20507000.0,20507000.0,0.0,0.0,0.033,165767000.0,39807000.0,60980000.0,0.0,3.524,31.157,29.36,15240000.0,0.0,2.026,1.03,0.975,73802000.0,12146000.0,620183000.0,620183000.0,41396000.0,0.062,0.147,0.149,0.052,11832000.0,124371000.0,1.0,315394368.0,298384000,328800000.0,2.078,307436000.0,28051000.0,12037000.0,0.0,1.03,182980000.0
82,ATVI,MRT,2000-12-31,2000-12-31,2000-12-31,2021-08-03,-8227000.0,377415000.0,320256500.0,328394000.0,49021000.0,1.865,0.497,-9439000.0,52348000.0,52348000.0,415511000.0,-33246000.0,1.98,1.588,77112000.0,11390000.0,65722000.0,77112000.0,0.0,43968000.0,0.0,0.0,0.0,-28199000.0,15769000.0,0.026,15769000.0,-28199000.0,-37408000.0,-0.112,-0.121,-0.112,145812000.0,126900500.0,145812000.0,451894836.0,-16.0,28.657,5839000.0,0.02,1.0,181721000.0,0.304,10892000.0,9209000.0,225408000.0,241138500.0,49772000.0,0.0,0.0,0.0,231603000.0,165879000.0,65724000.0,369649836.0,614000.0,0.0,649000.0,-40867000.0,0.0,-40218000.0,45492000.0,0.0,15278000.0,-3911000.0,-33246000.0,-33246000.0,-33246000.0,0.0,0.0,-0.056,209920000.0,-28199000.0,80560000.0,0.0,2.535,-11.119,-11.257,15053000.0,0.0,1.261,0.619,0.619,146622000.0,11271000.0,597232000.0,597232000.0,40009000.0,-0.104,-0.262,-0.117,-0.047,2626000.0,128293000.0,1.0,293178984.0,293320000,364464000.0,2.036,366523000.0,25618000.0,-4162000.0,0.0,1.25,162515000.0
83,ATVI,MRT,2000-09-30,2000-09-30,2000-09-30,2021-08-03,-9739000.0,329527000.0,339644750.0,277165000.0,52362000.0,1.771,0.419,-4325000.0,25204000.0,25204000.0,415807000.0,-31450000.0,1.953,1.748,107449000.0,39792000.0,67657000.0,107449000.0,0.0,45395000.0,0.0,0.0,0.0,-24712000.0,20683000.0,0.034,20683000.0,-24712000.0,-34531000.0,-0.108,-0.115,-0.108,119921000.0,134341250.0,119921000.0,433047160.0,-18.0,20.937,-26718000.0,-0.093,1.0,185814000.0,0.309,11174000.0,9819000.0,258676000.0,251306000.0,47242000.0,0.0,0.0,0.0,209606000.0,141922000.0,67684000.0,354518160.0,-593000.0,0.0,-747000.0,3191000.0,0.0,2444000.0,27300000.0,0.0,-22393000.0,-7944000.0,-31450000.0,-31450000.0,-31450000.0,0.0,0.0,-0.052,210526000.0,-24712000.0,44484000.0,0.0,2.956,-11.272,-11.574,11419000.0,0.0,1.25,0.589,0.594,116619000.0,-9234000.0,601621000.0,601621000.0,34465000.0,-0.093,-0.234,-0.098,-0.041,2092000.0,134443000.0,1.0,283614528.0,286020000,309588000.0,2.103,318353000.0,25750000.0,-3081000.0,0.0,1.113,135243000.0
84,ATVI,MRT,2000-06-30,2000-06-30,2000-06-30,2021-08-03,-8630000.0,264347000.0,346053750.0,211841000.0,52506000.0,1.655,0.371,-5562000.0,11589000.0,11589000.0,404531000.0,-34693000.0,2.516,1.406,90118000.0,19860000.0,70258000.0,90118000.0,0.0,45434000.0,0.0,0.0,0.0,-30723000.0,14711000.0,0.026,14711000.0,-30723000.0,-39697000.0,-0.119,-0.126,-0.119,109860000.0,141762500.0,109860000.0,193986065.0,-6.0,13.186,-11293000.0,-0.038,1.0,168090000.0,0.294,11705000.0,8974000.0,246977000.0,250138250.0,42888000.0,0.0,0.0,0.0,154487000.0,84194000.0,70293000.0,153933065.0,-6367000.0,0.0,2948000.0,-5686000.0,0.0,-2738000.0,6355000.0,0.0,-5731000.0,-4253000.0,-34693000.0,-34693000.0,-34693000.0,0.0,0.0,-0.061,198813000.0,-30723000.0,22116000.0,0.0,1.401,-4.437,-4.552,11304000.0,0.0,0.542,0.269,0.28,66646000.0,-13540000.0,572621000.0,572621000.0,29177000.0,-0.1,-0.245,-0.123,-0.054,3020000.0,128018000.0,1.0,284184120.0,296256000,296256000.0,1.933,252642000.0,25890000.0,-5004000.0,0.0,0.853,127647000.0
85,ATVI,MRT,2000-03-31,2000-03-31,2000-03-31,2021-08-03,-6066000.0,309737000.0,356087250.0,262175000.0,47562000.0,1.607,0.446,-4518000.0,49985000.0,49985000.0,410660000.0,-34088000.0,2.522,1.346,90038000.0,16260000.0,73778000.0,90038000.0,0.0,45866000.0,0.0,0.0,0.0,-30325000.0,15541000.0,0.027,15541000.0,-30325000.0,-38736000.0,-0.115,-0.115,-0.115,132009000.0,148359250.0,132009000.0,374467205.0,-12.0,24.095,-1635000.0,-0.006,1.0,161545000.0,0.282,12347000.0,8411000.0,233493000.0,248548750.0,40453000.0,0.0,0.0,0.0,177728000.0,103950000.0,73778000.0,308022205.0,16948000.0,-20523000.0,22480000.0,19548000.0,0.0,42028000.0,-25041000.0,0.0,2883000.0,-2922000.0,-34088000.0,-34088000.0,-34088000.0,0.0,0.0,-0.06,191870000.0,-30325000.0,38286000.0,0.0,2.333,-9.036,-8.739,10815000.0,0.0,1.005,0.538,0.52,108108000.0,-8361000.0,572205000.0,572205000.0,26275000.0,-0.096,-0.23,-0.122,-0.053,3017000.0,123977000.0,1.0,306489756.0,296296000,296296000.0,1.931,297390000.0,20214000.0,-4648000.0,0.0,1.004,158225000.0
86,ATVI,MRT,1999-12-31,1999-12-31,1999-12-31,2021-08-03,-3390000.0,454968000.0,349489250.0,373045000.0,81923000.0,1.67,0.583,-3412000.0,51734000.0,51734000.0,395290000.0,23820000.0,1.837,1.591,118179000.0,41871000.0,76308000.0,118179000.0,0.0,8046000.0,0.0,0.0,0.0,44716000.0,52762000.0,0.09,52762000.0,44716000.0,37931000.0,0.08,0.067,0.08,175575000.0,147154500.0,175575000.0,462077758.0,10.0,8.758,-46687000.0,-0.155,1.0,188343000.0,0.323,52252000.0,6785000.0,266078000.0,240373250.0,42973000.0,0.0,0.0,0.0,279393000.0,203083000.0,76310000.0,383244758.0,-9000.0,-20601000.0,21015000.0,41650000.0,0.0,59187000.0,-28365000.0,0.0,-43275000.0,-3583000.0,23820000.0,23820000.0,23820000.0,0.0,0.0,0.041,143627000.0,44716000.0,86112000.0,0.0,2.183,16.089,15.948,10428000.0,0.0,1.276,0.657,0.658,215559000.0,44518000.0,583633000.0,583633000.0,24705000.0,0.068,0.162,0.186,0.077,3745000.0,118659000.0,1.0,300387792.0,300900000,365796000.0,1.94,402716000.0,3139000.0,14111000.0,0.0,1.338,169962000.0
87,ATVI,MRT,1999-09-30,1999-09-30,1999-09-30,2021-08-03,-1745000.0,355163000.0,321239750.0,268208000.0,86955000.0,1.582,0.509,-3272000.0,25797000.0,25797000.0,347721000.0,17255000.0,2.124,1.374,104630000.0,25339000.0,79291000.0,104630000.0,0.0,7098000.0,0.0,0.0,0.0,32348000.0,39446000.0,0.078,39446000.0,32348000.0,27544000.0,0.063,0.055,0.063,149606000.0,133231000.0,149606000.0,493541673.0,15.0,12.512,-39940000.0,-0.136,1.0,160587000.0,0.316,53727000.0,4804000.0,254005000.0,218904250.0,40805000.0,0.0,0.0,0.0,205557000.0,126264000.0,79293000.0,415447673.0,-16814000.0,-21255000.0,19387000.0,31378000.0,0.0,50331000.0,-28891000.0,0.0,-36668000.0,-1586000.0,17255000.0,17255000.0,17255000.0,0.0,0.0,0.034,128239000.0,32348000.0,39731000.0,0.0,2.777,24.077,23.307,11438000.0,0.0,1.468,0.817,0.849,127637000.0,22217000.0,508308000.0,508308000.0,22910000.0,0.054,0.13,0.148,0.064,3429000.0,104668000.0,1.0,282938256.0,294024000,321036000.0,1.729,301436000.0,13763000.0,10289000.0,0.0,1.025,141944000.0
88,ATVI,MRT,1999-06-30,1999-06-30,1999-06-30,2021-08-03,-3567000.0,304481000.0,289482250.0,220405000.0,84076000.0,1.586,0.482,-3679000.0,17768000.0,17768000.0,318299000.0,13987000.0,2.523,1.235,95862000.0,15006000.0,80856000.0,95862000.0,0.0,7050000.0,0.0,0.0,0.0,26088000.0,33138000.0,0.072,33138000.0,26088000.0,22298000.0,0.052,0.043,0.052,136247000.0,120024250.0,136247000.0,368909531.0,14.0,11.133,-55649000.0,-0.197,1.0,140828000.0,0.307,54585000.0,3790000.0,240619000.0,196702250.0,40028000.0,0.0,0.0,0.0,168234000.0,87371000.0,80863000.0,334621531.0,-44352000.0,-20523000.0,10659000.0,26875000.0,0.0,37445000.0,-27241000.0,0.0,-51970000.0,-2586000.0,13987000.0,13987000.0,13987000.0,0.0,0.0,0.03,114740000.0,26088000.0,31527000.0,0.0,2.456,23.924,23.333,10556000.0,0.0,1.213,0.729,0.747,98157000.0,21654000.0,459127000.0,459127000.0,21337000.0,0.048,0.117,0.133,0.057,1059000.0,91921000.0,1.0,275786976.0,282684000,282684000.0,1.624,249896000.0,12079000.0,8311000.0,0.0,0.884,133034000.0
89,ATVI,MRT,1999-03-31,1999-03-31,1999-03-31,2021-08-03,-2510000.0,283345000.0,263791000.0,231360000.0,51985000.0,1.655,0.464,-3800000.0,33037000.0,33037000.0,297031000.0,14891000.0,2.435,1.228,67135000.0,5992000.0,61143000.0,67135000.0,0.0,6488000.0,0.0,0.0,0.0,26667000.0,33155000.0,0.076,33155000.0,26667000.0,23636000.0,0.054,0.052,0.054,127190000.0,109518250.0,127190000.0,300200237.0,11.0,9.054,-46141000.0,-0.168,1.0,139495000.0,0.32,21647000.0,3031000.0,200791000.0,169957250.0,30931000.0,0.0,0.0,0.0,156155000.0,95005000.0,61150000.0,278515237.0,-41282000.0,0.0,6069000.0,1151000.0,0.0,7220000.0,-3800000.0,0.0,-42341000.0,-2361000.0,14891000.0,14891000.0,14891000.0,0.0,0.0,0.034,112828000.0,26667000.0,43853000.0,0.0,2.19,18.704,19.105,10924000.0,0.0,1.032,0.638,0.648,117541000.0,25727000.0,436526000.0,436526000.0,22875000.0,0.056,0.136,0.157,0.061,1059000.0,88368000.0,1.0,269966304.0,274332000,287184000.0,1.591,261698000.0,9001000.0,8745000.0,0.0,0.954,136355000.0
90,ATVI,MRT,1998-12-31,1998-12-31,1998-12-31,2021-08-03,144000.0,341970000.0,250274750.0,292312000.0,49658000.0,1.728,0.437,-5583000.0,51490000.0,51490000.0,301549000.0,9056000.0,1.814,1.853,73175000.0,12303000.0,60872000.0,73175000.0,0.0,6317000.0,0.0,0.0,0.0,17110000.0,23427000.0,0.054,23427000.0,17110000.0,14296000.0,0.032,0.025,0.032,119881000.0,102070000.0,119881000.0,275468766.0,16.0,11.759,30917000.0,0.113,1.0,130937000.0,0.303,22279000.0,2814000.0,180202000.0,151621250.0,37250000.0,0.0,0.0,0.0,222089000.0,161174000.0,60915000.0,245875766.0,-41867000.0,309000.0,5497000.0,4605000.0,1258000.0,9564000.0,-88096000.0,0.0,36500000.0,165000.0,9056000.0,9056000.0,9056000.0,0.0,0.0,0.021,113827000.0,17110000.0,109411000.0,0.0,2.051,27.151,28.958,11206000.0,0.0,0.927,0.569,0.588,154099000.0,20802000.0,432486000.0,432486000.0,20701000.0,0.036,0.089,0.113,0.04,0.0,92407000.0,1.0,265333560.0,274632000,321204000.0,1.575,319691000.0,7609000.0,5240000.0,0.0,1.164,131138000.0
91,ATVI,MRT,1998-09-30,1998-09-30,1998-09-30,2021-08-03,83000.0,228133000.0,230370500.0,176676000.0,51457000.0,1.567,0.356,-5821000.0,41568000.0,41568000.0,247106000.0,2598000.0,2.532,1.357,71161000.0,9665000.0,61496000.0,71161000.0,0.0,5906000.0,0.0,0.0,0.0,6391000.0,12297000.0,0.034,12297000.0,6391000.0,4199000.0,0.01,0.008,0.01,96779000.0,96446750.0,96779000.0,227989186.0,36.0,18.54,25249000.0,0.093,1.0,113984000.0,0.316,22760000.0,2192000.0,165197000.0,133119250.0,27243000.0,0.0,0.0,0.0,131354000.0,69769000.0,61585000.0,226769186.0,30332000.0,-80000.0,5497000.0,62711000.0,1223000.0,65831000.0,-67046000.0,0.0,31070000.0,477000.0,2598000.0,2598000.0,2598000.0,0.0,0.0,0.007,107593000.0,6391000.0,40657000.0,0.0,2.343,87.286,93.75,11466000.0,0.0,0.938,0.628,0.706,66028000.0,4780000.0,361090000.0,361090000.0,24306000.0,0.011,0.027,0.048,0.018,0.0,81088000.0,1.0,241887132.0,272028000,272028000.0,1.327,205373000.0,12978000.0,1601000.0,0.0,0.755,106907000.0
92,ATVI,MRT,1998-06-30,1998-06-30,1998-06-30,2021-08-03,-709000.0,201716000.0,,161206000.0,40510000.0,,0.358,-6521000.0,60444000.0,60444000.0,208093000.0,12054000.0,3.482,1.141,61664000.0,557000.0,61107000.0,61664000.0,0.0,5507000.0,0.0,0.0,0.0,20885000.0,26392000.0,0.082,26392000.0,20885000.0,19437000.0,0.05,0.048,0.05,94223000.0,,94223000.0,184700950.0,9.0,6.998,25694000.0,0.098,1.0,113316000.0,0.353,22998000.0,1448000.0,133639000.0,,17057000.0,0.0,0.0,0.0,107493000.0,46299000.0,61194000.0,196062950.0,44421000.0,-812000.0,5338000.0,60034000.0,36000.0,62821000.0,-49934000.0,0.0,32215000.0,-681000.0,12054000.0,12054000.0,12054000.0,0.0,0.0,0.038,92431000.0,20885000.0,29283000.0,0.0,2.081,16.265,17.183,10301000.0,0.0,0.859,0.61,0.703,54879000.0,8296000.0,321409000.0,321409000.0,20999000.0,,,,0.065,0.0,70049000.0,1.0,228201300.0,262980000,262980000.0,1.222,178718000.0,11102000.0,7383000.0,0.0,0.68,114907000.0
93,ATVI,MRT,1998-03-31,1998-03-31,1998-03-31,2021-08-03,92000.0,229280000.0,174517000.0,185876000.0,43404000.0,1.793,0.368,-8872000.0,74241000.0,74241000.0,206028000.0,4970000.0,2.651,1.354,65984000.0,4292000.0,61692000.0,65984000.0,0.0,5346000.0,0.0,0.0,0.0,9218000.0,14564000.0,0.047,14564000.0,9218000.0,8106000.0,0.018,0.018,0.018,97397000.0,89688500.0,97397000.0,174467757.0,19.0,11.979,22798000.0,0.086,1.0,106878000.0,0.342,23473000.0,1112000.0,127447000.0,86600000.0,19425000.0,0.0,0.0,0.0,131883000.0,70103000.0,61780000.0,203115757.0,50968000.0,-1058000.0,5338000.0,58786000.0,0.0,62862000.0,-43814000.0,0.0,31670000.0,250000.0,4970000.0,4970000.0,4970000.0,0.0,0.0,0.016,97660000.0,9218000.0,50473000.0,0.0,2.085,40.868,49.769,11944000.0,0.0,0.896,0.649,0.757,73926000.0,10758000.0,312906000.0,312906000.0,28285000.0,0.028,0.055,0.106,0.029,0.0,67813000.0,1.0,226733868.0,264456000,274908000.0,1.183,205807000.0,8517000.0,3136000.0,0.0,0.778,115773000.0
94,ATVI,MRT,1997-12-31,1997-12-31,1997-12-31,2021-08-03,-21000.0,262353000.0,,220508000.0,41845000.0,,0.378,-8384000.0,91617000.0,91617000.0,171483000.0,14636000.0,2.127,1.694,62969000.0,1812000.0,61157000.0,62969000.0,0.0,5292000.0,0.0,0.0,0.0,23593000.0,28885000.0,0.108,28885000.0,23593000.0,23046000.0,0.054,0.052,0.054,97388000.0,,97388000.0,,,,12704000.0,0.049,1.0,95854000.0,0.359,23838000.0,547000.0,106194000.0,,17588000.0,0.0,0.0,0.0,164965000.0,103673000.0,61292000.0,337644518.0,69139000.0,-1289000.0,-3204000.0,69368000.0,-1192000.0,70386000.0,-22194000.0,0.0,21088000.0,-141000.0,14636000.0,14636000.0,14636000.0,0.0,0.0,0.055,72261000.0,23593000.0,76583000.0,0.0,3.467,23.069,27.577,10916000.0,0.0,1.489,1.263,1.436,99431000.0,13544000.0,267337000.0,267337000.0,21961000.0,,,,0.088,0.0,47602000.0,1.0,226733868.0,257772000,275136000.0,1.037,238515000.0,5816000.0,8410000.0,0.0,0.925,116835000.0
95,ATVI,MRT,1997-09-30,1997-09-30,1997-09-30,2021-08-03,,,,,,,,,,,130590000.0,10678000.0,,,,,,,,,,0.0,0.0,16727000.0,,,,16727000.0,16381000.0,0.043,0.042,0.043,,,,,,,,,1.0,75086000.0,0.365,,346000.0,,,,,,,,,,,,,,,,,,,,,10678000.0,10678000.0,10678000.0,0.0,0.0,0.052,58359000.0,16727000.0,,0.0,,,29.07,,0.0,1.25,,1.693,,,205676000.0,205676000.0,18623000.0,,,,0.081,,38523000.0,1.0,,278604000,295476000.0,0.738,,,5703000.0,,,
96,ATVI,MRT,1997-06-30,1997-06-30,1997-06-30,2021-08-03,,,,,,,,,,,,,,,,,,,,,,0.0,0.0,,,,,,,,,,,,,,,,,,1.0,,,,,,,,,,,,,,,,,,,,,,,,,,,,,,,,,,,,,,,,1.198,,,,,,,,,,,,,,1.0,,228132000,,,,,,,,
97,ATVI,MRT,1997-03-31,1997-03-31,1997-03-31,2021-08-03,-158000.0,119754000.0,,85548000.0,34206000.0,,0.337,-4580000.0,21358000.0,21358000.0,116232000.0,7631000.0,2.538,0.442,4816000.0,2283000.0,2533000.0,4816000.0,0.0,4167000.0,0.0,0.0,0.0,11531000.0,15698000.0,0.083,15698000.0,11531000.0,11612000.0,0.031,0.03,0.031,81980000.0,,81980000.0,,,,376000.0,0.002,1.0,73007000.0,0.386,23749000.0,-81000.0,45753000.0,,8283000.0,0.0,0.0,0.0,36274000.0,33710000.0,2564000.0,,-2472000.0,-3878000.0,2670000.0,7939000.0,0.0,11981000.0,-19588000.0,0.0,4956000.0,179000.0,7631000.0,7631000.0,7631000.0,0.0,0.0,0.04,61476000.0,11531000.0,19291000.0,0.0,,,30.242,5990000.0,0.0,0.938,,1.205,46633000.0,8664000.0,189239000.0,189239000.0,20470000.0,,,,0.061,0.0,39462000.0,1.0,,243144000,251412000.0,0.778,96005000.0,5705000.0,3981000.0,0.0,0.395,51838000.0
98,ATVI,MRT,1996-12-31,1996-12-31,1996-12-31,2021-08-03,,,,,,,,,,,,,,,,,,,,,,0.0,0.0,,,,,,,,,,,,,,,,,,1.0,,,,,,,,,,,,,,,,,,,,,,,,,,,,,,,,,,,,,,,,1.073,,,,,,,,,,,,,,1.0,,213372000,,,,,,,,
99,ATVI,MRT,1996-03-31,1996-03-31,1996-03-31,2021-08-03,,,,,,,,-3045000.0,,,21749000.0,5530000.0,,,,,,,,2646000.0,,0.0,0.0,4239000.0,6885000.0,0.112,6885000.0,4239000.0,4239000.0,0.03,0.028,0.03,,,,,,,-6831000.0,-0.037,1.0,39644000.0,0.646,,0.0,,,,,,,,,,,-12067000.0,0.0,-5041000.0,0.0,0.0,-5041000.0,-3045000.0,0.0,-3786000.0,-195000.0,5530000.0,5530000.0,5530000.0,0.0,0.0,0.09,37112000.0,2532000.0,,0.0,,,36.444,,0.0,1.093,,3.277,,,61393000.0,61393000.0,17505000.0,,,,0.069,0.0,18324000.0,1.0,,183984000,195252000.0,0.334,,,-1291000.0,,,
