None,ticker,dimension,calendardate,datekey,reportperiod,lastupdated,accoci,assets,assetsavg,assetsc,assetsnc,assetturnover,bvps,capex,cashneq,cashnequsd,cor,consolinc,currentratio,de,debt,debtc,debtnc,debtusd,deferredrev,depamor,deposits,divyield,dps,ebit,ebitda,ebitdamargin,ebitdausd,ebitusd,ebt,eps,epsdil,epsusd,equity,equityavg,equityusd,ev,evebit,evebitda,fcf,fcfps,fxusd,gp,grossmargin,intangibles,intexp,invcap,invcapavg,inventory,investments,investmentsc,investmentsnc,liabilities,liabilitiesc,liabilitiesnc,marketcap,ncf,ncfbus,ncfcommon,ncfdebt,ncfdiv,ncff,ncfi,ncfinv,ncfo,ncfx,netinc,netinccmn,netinccmnusd,netincdis,netincnci,netmargin,opex,opinc,payables,payoutratio,pb,pe,pe1,ppnenet,prefdivis,price,ps,ps1,receivables,retearn,revenue,revenueusd,rnd,roa,roe,roic,ros,sbcomp,sgna,sharefactor,sharesbas,shareswa,shareswadil,sps,tangibles,taxassets,taxexp,taxliabilities,tbvps,workingcapital
0,MCK,MRY,2021-12-31,2021-03-31,2021-03-31,2021-08-05,-1480000000.0,65015000000.0,61521000000.0,45382000000.0,19633000000.0,3.872,-0.131,-641000000.0,6278000000.0,6278000000.0,226080000000.0,-4340000000.0,1.029,-3087.619,9405000000.0,1132000000.0,8273000000.0,9405000000.0,0.0,1221000000.0,0.0,0.009,1.67,-5017000000.0,-3796000000.0,-0.016,-3796000000.0,-5017000000.0,-5234000000.0,-28.26,-28.26,-28.26,-21000000.0,2709500000.0,-21000000.0,36994016327.0,-7.0,-9.746,3901000000.0,24.29,1.0,12148000000.0,0.051,12371000000.0,217000000.0,11668000000.0,12840500000.0,19246000000.0,0.0,0.0,0.0,64840000000.0,44103000000.0,20737000000.0,31044016327.0,2373000000.0,365000000.0,-678000000.0,-540000000.0,-276000000.0,-1693000000.0,-415000000.0,0.0,4542000000.0,-61000000.0,-4539000000.0,-4539000000.0,-4539000000.0,1000000.0,199000000.0,-0.019,17188000000.0,-5040000000.0,38975000000.0,-0.059,-1478.286,-6.839,-6.902,4681000000.0,0.0,195.04,0.13,0.131,19181000000.0,8202000000.0,238228000000.0,238228000000.0,0.0,-0.074,-1.675,-0.391,-0.021,0.0,8849000000.0,1.0,159167434.0,160600000,160600000.0,1483.362,52644000000.0,0.0,-695000000.0,1411000000.0,327.796,1279000000.0
1,MCK,MRY,2020-12-31,2020-03-31,2020-03-31,2021-08-05,-1703000000.0,61247000000.0,60698500000.0,42222000000.0,19025000000.0,3.807,28.195,-506000000.0,4015000000.0,4015000000.0,219028000000.0,1120000000.0,0.991,10.985,9401000000.0,1406000000.0,7995000000.0,9401000000.0,0.0,1288000000.0,0.0,0.012,1.62,1167000000.0,2455000000.0,0.011,2455000000.0,1167000000.0,918000000.0,4.98,4.95,4.98,5092000000.0,6405500000.0,5092000000.0,33861609962.0,29.0,13.793,3868000000.0,21.417,1.0,12023000000.0,0.052,12516000000.0,249000000.0,11493000000.0,16486250000.0,16734000000.0,0.0,0.0,0.0,55938000000.0,42624000000.0,13314000000.0,23931609962.0,1042000000.0,-96000000.0,-1841000000.0,-298000000.0,-294000000.0,-2734000000.0,-579000000.0,0.0,4374000000.0,-19000000.0,900000000.0,900000000.0,900000000.0,6000000.0,220000000.0,0.004,9534000000.0,2489000000.0,37195000000.0,0.325,4.7,26.591,27.161,4251000000.0,0.0,135.26,0.104,0.106,19950000000.0,13022000000.0,231051000000.0,231051000000.0,0.0,0.015,0.141,0.071,0.005,0.0,9182000000.0,1.0,176930430.0,180600000,181600000.0,1279.352,48731000000.0,0.0,18000000.0,2255000000.0,269.828,-402000000.0
2,MCK,MRY,2019-12-31,2019-03-31,2019-03-31,2021-08-05,-1849000000.0,59672000000.0,60846500000.0,38465000000.0,21207000000.0,3.522,41.233,-557000000.0,2981000000.0,2981000000.0,202565000000.0,255000000.0,1.022,6.349,7595000000.0,330000000.0,7265000000.0,7595000000.0,0.0,949000000.0,0.0,0.013,1.51,654000000.0,1603000000.0,0.007,1603000000.0,654000000.0,390000000.0,0.17,0.17,0.17,8094000000.0,9003000000.0,8094000000.0,30390066340.0,46.0,18.958,3479000000.0,17.723,1.0,11754000000.0,0.055,13047000000.0,264000000.0,13613000000.0,15278250000.0,16709000000.0,3513000000.0,0.0,3513000000.0,51385000000.0,37626000000.0,13759000000.0,22455066340.0,309000000.0,-804000000.0,-1564000000.0,-16000000.0,-292000000.0,-2227000000.0,-1381000000.0,0.0,4036000000.0,-119000000.0,34000000.0,34000000.0,34000000.0,-1000000.0,221000000.0,0.0,10868000000.0,886000000.0,33853000000.0,8.882,2.774,660.443,688.588,2548000000.0,0.0,117.06,0.105,0.107,18246000000.0,12409000000.0,214319000000.0,214319000000.0,0.0,0.001,0.004,0.043,0.003,0.0,8437000000.0,1.0,191825272.0,196300000,197300000.0,1091.793,46625000000.0,0.0,356000000.0,2998000000.0,237.519,839000000.0
3,MCK,MRY,2018-12-31,2018-03-31,2018-03-31,2021-08-05,-1717000000.0,60381000000.0,62564000000.0,37136000000.0,23245000000.0,3.33,47.135,-580000000.0,2672000000.0,2672000000.0,197173000000.0,297000000.0,1.012,5.133,7880000000.0,1129000000.0,6751000000.0,7880000000.0,0.0,951000000.0,0.0,0.009,1.3,297000000.0,1248000000.0,0.006,1248000000.0,297000000.0,14000000.0,0.32,0.32,0.32,9804000000.0,10996000000.0,9804000000.0,35242021840.0,119.0,28.239,3765000000.0,18.101,1.0,11184000000.0,0.054,15026000000.0,283000000.0,13878000000.0,15558750000.0,16310000000.0,3728000000.0,0.0,3728000000.0,50324000000.0,36685000000.0,13639000000.0,29067021840.0,-1582000000.0,-2393000000.0,-1577000000.0,-1060000000.0,-262000000.0,-3084000000.0,-2993000000.0,0.0,4345000000.0,150000000.0,67000000.0,67000000.0,67000000.0,-5000000.0,230000000.0,0.0,10568000000.0,616000000.0,32177000000.0,4.062,2.965,433.836,440.219,2464000000.0,0.0,140.87,0.14,0.141,17711000000.0,12986000000.0,208357000000.0,208357000000.0,125000000.0,0.001,0.006,0.019,0.001,0.0,8138000000.0,1.0,206339333.0,208000000,209000000.0,1001.716,45355000000.0,0.0,-53000000.0,2804000000.0,218.053,451000000.0
4,MCK,MRY,2017-12-31,2017-03-31,2017-03-31,2021-08-05,-2141000000.0,60969000000.0,58765500000.0,36948000000.0,24021000000.0,3.378,50.204,-562000000.0,2783000000.0,2783000000.0,187262000000.0,5153000000.0,1.038,4.479,8545000000.0,1240000000.0,7305000000.0,8545000000.0,346000000.0,910000000.0,0.0,0.008,1.12,6992000000.0,7902000000.0,0.04,7902000000.0,6992000000.0,6684000000.0,22.95,22.73,22.95,11095000000.0,9371250000.0,11095000000.0,38127904243.0,5.0,4.825,4182000000.0,18.923,1.0,11271000000.0,0.057,14251000000.0,308000000.0,16868000000.0,12681500000.0,15278000000.0,4063000000.0,0.0,4063000000.0,49696000000.0,35612000000.0,14084000000.0,31438904243.0,-738000000.0,-2780000000.0,-2191000000.0,393000000.0,-253000000.0,-2069000000.0,-3269000000.0,0.0,4744000000.0,-144000000.0,5070000000.0,5070000000.0,5070000000.0,124000000.0,83000000.0,0.026,8096000000.0,3175000000.0,31022000000.0,0.049,2.834,6.201,6.46,2292000000.0,0.0,148.26,0.158,0.165,18215000000.0,13189000000.0,198533000000.0,198533000000.0,341000000.0,0.086,0.541,0.551,0.035,0.0,7447000000.0,1.0,212052504.0,221000000,223000000.0,898.339,46718000000.0,0.0,1614000000.0,3678000000.0,211.394,1336000000.0
5,MCK,MRY,2016-12-31,2016-03-31,2016-03-31,2021-08-05,-1561000000.0,56523000000.0,55838500000.0,38435000000.0,18088000000.0,3.419,38.8,-677000000.0,4048000000.0,4048000000.0,179468000000.0,2310000000.0,1.096,5.324,8114000000.0,1617000000.0,6497000000.0,8114000000.0,919000000.0,885000000.0,0.0,0.007,1.08,3519000000.0,4404000000.0,0.023,4404000000.0,3519000000.0,3166000000.0,9.82,9.7,9.82,8924000000.0,8860250000.0,8924000000.0,41257301662.0,12.0,9.368,2995000000.0,13.022,1.0,11416000000.0,0.06,12807000000.0,353000000.0,12713000000.0,12468750000.0,15335000000.0,0.0,0.0,0.0,47515000000.0,35069000000.0,12446000000.0,35945301662.0,-1293000000.0,-769000000.0,-1489000000.0,-1725000000.0,-244000000.0,-3453000000.0,-1557000000.0,0.0,3672000000.0,45000000.0,2258000000.0,2258000000.0,2258000000.0,32000000.0,52000000.0,0.012,7974000000.0,3442000000.0,28585000000.0,0.11,4.028,15.919,16.013,2278000000.0,0.0,157.25,0.188,0.189,17980000000.0,8360000000.0,190884000000.0,190884000000.0,392000000.0,0.04,0.255,0.282,0.018,123000000.0,7379000000.0,1.0,228586974.0,230000000,233000000.0,829.93,43716000000.0,0.0,908000000.0,2734000000.0,190.07,3366000000.0
6,MCK,MRY,2015-12-31,2015-03-31,2015-03-31,2021-08-05,-1713000000.0,53870000000.0,53554500000.0,36670000000.0,17200000000.0,3.343,34.487,-545000000.0,5341000000.0,5341000000.0,167634000000.0,1543000000.0,1.095,5.722,9844000000.0,1664000000.0,8180000000.0,9844000000.0,1078000000.0,1017000000.0,0.0,0.004,0.96,2665000000.0,3682000000.0,0.021,3682000000.0,2665000000.0,2291000000.0,6.37,6.27,6.37,8001000000.0,8748750000.0,8001000000.0,58476430650.0,22.0,15.882,2567000000.0,11.065,1.0,11411000000.0,0.064,13258000000.0,374000000.0,11618000000.0,14228500000.0,14296000000.0,0.0,0.0,0.0,45785000000.0,33497000000.0,12288000000.0,52669430650.0,1148000000.0,-155000000.0,-298000000.0,-402000000.0,-227000000.0,-968000000.0,-677000000.0,0.0,3112000000.0,-319000000.0,1476000000.0,1476000000.0,1476000000.0,299000000.0,67000000.0,0.008,8443000000.0,2968000000.0,25166000000.0,0.151,6.583,35.684,35.51,2045000000.0,0.0,226.2,0.294,0.293,15914000000.0,12705000000.0,179045000000.0,179045000000.0,392000000.0,0.028,0.169,0.187,0.015,174000000.0,7901000000.0,1.0,232844521.0,232000000,235000000.0,771.746,40612000000.0,0.0,815000000.0,2679000000.0,175.052,3173000000.0
7,MCK,MRY,2014-12-31,2014-03-31,2014-03-31,2021-08-05,-3000000.0,51759000000.0,39919000000.0,32836000000.0,18923000000.0,3.442,37.214,-419000000.0,4193000000.0,4193000000.0,129040000000.0,1258000000.0,1.109,4.863,10594000000.0,1665000000.0,8929000000.0,10594000000.0,1236000000.0,735000000.0,0.0,0.005,0.92,2320000000.0,3055000000.0,0.022,3055000000.0,2320000000.0,2020000000.0,5.51,5.41,5.51,8522000000.0,7986500000.0,8522000000.0,43076487487.0,19.0,14.1,2717000000.0,11.865,1.0,8352000000.0,0.061,14798000000.0,300000000.0,13747000000.0,9482250000.0,12986000000.0,0.0,0.0,0.0,41441000000.0,29615000000.0,11826000000.0,40633487487.0,1737000000.0,-4491000000.0,47000000.0,3724000000.0,-214000000.0,3619000000.0,-5046000000.0,0.0,3136000000.0,28000000.0,1263000000.0,1263000000.0,1263000000.0,156000000.0,-5000000.0,0.009,5913000000.0,2439000000.0,21128000000.0,0.167,4.768,32.172,32.045,2196000000.0,0.0,176.57,0.296,0.294,13780000000.0,11453000000.0,137392000000.0,137392000000.0,457000000.0,0.032,0.158,0.245,0.017,160000000.0,5388000000.0,1.0,230126791.0,229000000,233000000.0,599.965,36961000000.0,0.0,757000000.0,1588000000.0,161.402,3221000000.0
8,MCK,MRY,2013-12-31,2013-03-31,2013-03-31,2021-08-05,-65000000.0,34786000000.0,33233750000.0,23170000000.0,11616000000.0,3.677,30.085,-400000000.0,2456000000.0,2456000000.0,115315000000.0,1338000000.0,1.085,3.92,4873000000.0,352000000.0,4521000000.0,4873000000.0,1359000000.0,581000000.0,0.0,0.007,0.8,2165000000.0,2746000000.0,0.022,2746000000.0,2165000000.0,1925000000.0,5.71,5.59,5.71,7070000000.0,7409250000.0,7070000000.0,26895736601.0,12.0,9.795,2083000000.0,8.864,1.0,6881000000.0,0.056,8675000000.0,240000000.0,7171000000.0,6924000000.0,10335000000.0,0.0,0.0,0.0,27716000000.0,21357000000.0,6359000000.0,25142736601.0,-693000000.0,-1873000000.0,-1048000000.0,255000000.0,-194000000.0,-956000000.0,-2209000000.0,0.0,2483000000.0,-11000000.0,1338000000.0,1338000000.0,1338000000.0,25000000.0,0.0,0.011,4615000000.0,2266000000.0,16108000000.0,0.14,3.556,18.791,18.907,1321000000.0,0.0,107.96,0.206,0.208,9975000000.0,10402000000.0,122196000000.0,122196000000.0,433000000.0,0.04,0.181,0.313,0.018,167000000.0,4110000000.0,1.0,232889372.0,235000000,239000000.0,519.983,26111000000.0,0.0,587000000.0,1626000000.0,111.111,1813000000.0
9,MCK,MRY,2012-12-31,2012-03-31,2012-03-31,2021-08-05,5000000.0,33093000000.0,32293500000.0,23603000000.0,9490000000.0,3.788,27.768,-398000000.0,3149000000.0,3149000000.0,115919000000.0,1403000000.0,1.088,3.845,3980000000.0,908000000.0,3072000000.0,3980000000.0,1423000000.0,493000000.0,0.0,0.009,0.8,2168000000.0,2661000000.0,0.022,2661000000.0,2168000000.0,1917000000.0,5.7,5.59,5.7,6831000000.0,7080000000.0,6831000000.0,21396612854.0,10.0,8.041,2552000000.0,10.374,1.0,6402000000.0,0.052,6782000000.0,251000000.0,5456000000.0,6209750000.0,10073000000.0,0.0,0.0,0.0,26262000000.0,21686000000.0,4576000000.0,21600612854.0,-463000000.0,-1051000000.0,-1707000000.0,-30000000.0,-195000000.0,-1905000000.0,-1502000000.0,0.0,2950000000.0,-6000000.0,1403000000.0,1403000000.0,1403000000.0,-24000000.0,0.0,0.011,4278000000.0,2124000000.0,16114000000.0,0.14,3.162,15.396,15.398,1043000000.0,0.0,87.77,0.177,0.177,9977000000.0,9451000000.0,122321000000.0,122321000000.0,402000000.0,0.043,0.198,0.349,0.018,154000000.0,3727000000.0,1.0,246104738.0,246000000,251000000.0,497.24,26311000000.0,0.0,514000000.0,1092000000.0,106.955,1917000000.0
10,MCK,MRY,2011-12-31,2011-03-31,2011-03-31,2021-08-05,87000000.0,30886000000.0,28868250000.0,22357000000.0,8529000000.0,3.883,27.984,-388000000.0,3612000000.0,3612000000.0,106114000000.0,1202000000.0,1.194,3.278,4004000000.0,417000000.0,3587000000.0,4004000000.0,1321000000.0,496000000.0,0.0,0.009,0.72,1929000000.0,2425000000.0,0.022,2425000000.0,1929000000.0,1707000000.0,4.65,4.57,4.65,7220000000.0,6998500000.0,7220000000.0,20948255925.0,11.0,8.638,1950000000.0,7.558,1.0,5970000000.0,0.053,5820000000.0,222000000.0,6732000000.0,5726000000.0,9225000000.0,0.0,0.0,0.0,23666000000.0,18726000000.0,4940000000.0,20099255925.0,-119000000.0,-183000000.0,-1683000000.0,-41000000.0,-171000000.0,-1841000000.0,-624000000.0,0.0,2338000000.0,8000000.0,1202000000.0,1202000000.0,1202000000.0,-72000000.0,0.0,0.011,4149000000.0,1821000000.0,14090000000.0,0.155,2.784,16.722,17.0,991000000.0,0.0,79.05,0.179,0.182,9187000000.0,8250000000.0,112084000000.0,112084000000.0,407000000.0,0.042,0.172,0.337,0.017,137000000.0,3529000000.0,1.0,254260037.0,258000000,263000000.0,434.434,25066000000.0,0.0,505000000.0,1037000000.0,97.155,3631000000.0
11,MCK,MRY,2010-12-31,2010-03-31,2010-03-31,2021-08-05,6000000.0,28189000000.0,27017250000.0,21504000000.0,6685000000.0,4.023,28.0,-378000000.0,3731000000.0,3731000000.0,103026000000.0,1263000000.0,1.264,2.743,2296000000.0,3000000.0,2293000000.0,2296000000.0,1218000000.0,474000000.0,0.0,0.007,0.48,2051000000.0,2525000000.0,0.023,2525000000.0,2051000000.0,1864000000.0,4.7,4.62,4.7,7532000000.0,6911250000.0,7532000000.0,16787473588.0,8.0,6.649,1938000000.0,7.204,1.0,5676000000.0,0.052,4353000000.0,187000000.0,5389000000.0,5261000000.0,9441000000.0,0.0,0.0,0.0,20657000000.0,17012000000.0,3645000000.0,17704473588.0,1622000000.0,-17000000.0,-111000000.0,-219000000.0,-131000000.0,-421000000.0,-309000000.0,0.0,2316000000.0,36000000.0,1263000000.0,1263000000.0,1263000000.0,0.0,0.0,0.012,3668000000.0,2008000000.0,13255000000.0,0.102,2.351,14.018,13.983,851000000.0,0.0,65.72,0.163,0.163,8075000000.0,7236000000.0,108702000000.0,108702000000.0,376000000.0,0.047,0.183,0.39,0.019,114000000.0,3312000000.0,1.0,269392477.0,269000000,273000000.0,404.097,23836000000.0,0.0,601000000.0,977000000.0,88.61,4492000000.0
12,MCK,MRY,2009-12-31,2009-03-31,2009-03-31,2021-08-05,-179000000.0,25267000000.0,25033250000.0,18671000000.0,6596000000.0,4.26,22.52,-392000000.0,2109000000.0,2109000000.0,101254000000.0,823000000.0,1.196,3.08,2509000000.0,219000000.0,2290000000.0,2509000000.0,1145000000.0,441000000.0,0.0,0.014,0.48,1208000000.0,1649000000.0,0.015,1649000000.0,1208000000.0,1064000000.0,2.99,2.95,2.99,6193000000.0,6236750000.0,6193000000.0,10215079272.0,8.0,6.195,959000000.0,3.487,1.0,5378000000.0,0.05,4410000000.0,144000000.0,5651000000.0,5585750000.0,8527000000.0,0.0,0.0,0.0,19074000000.0,15606000000.0,3468000000.0,9595079272.0,747000000.0,-295000000.0,-405000000.0,695000000.0,-116000000.0,178000000.0,-727000000.0,0.0,1351000000.0,-55000000.0,823000000.0,823000000.0,823000000.0,0.0,0.0,0.008,4182000000.0,1196000000.0,11739000000.0,0.161,1.549,11.659,11.719,796000000.0,0.0,35.04,0.09,0.09,7774000000.0,6103000000.0,106632000000.0,106632000000.0,364000000.0,0.033,0.132,0.216,0.011,99000000.0,3325000000.0,1.0,273832171.0,275000000,279000000.0,387.753,20857000000.0,0.0,241000000.0,0.0,75.844,3065000000.0
13,MCK,MRY,2008-12-31,2008-03-31,2008-03-31,2021-08-05,152000000.0,24603000000.0,24828500000.0,17786000000.0,6817000000.0,4.096,21.034,-356000000.0,1362000000.0,1362000000.0,96694000000.0,990000000.0,1.159,3.019,1797000000.0,2000000.0,1795000000.0,1797000000.0,1210000000.0,371000000.0,0.0,0.005,0.24,1600000000.0,1971000000.0,0.019,1971000000.0,1600000000.0,1458000000.0,3.4,3.32,3.4,6121000000.0,6362250000.0,6121000000.0,15635614985.0,10.0,7.933,513000000.0,1.763,1.0,5009000000.0,0.049,4205000000.0,142000000.0,5485000000.0,4951500000.0,9000000000.0,0.0,0.0,0.0,18482000000.0,15348000000.0,3134000000.0,15122614985.0,-592000000.0,-610000000.0,-1344000000.0,-162000000.0,-70000000.0,-1470000000.0,-5000000.0,0.0,869000000.0,14000000.0,990000000.0,990000000.0,990000000.0,-1000000.0,0.0,0.01,3531000000.0,1478000000.0,12032000000.0,0.071,2.471,15.275,15.403,775000000.0,0.0,52.37,0.149,0.15,7213000000.0,5586000000.0,101703000000.0,101703000000.0,347000000.0,0.04,0.156,0.323,0.016,91000000.0,3189000000.0,1.0,288764846.0,291000000,298000000.0,349.495,20398000000.0,0.0,468000000.0,0.0,70.096,2438000000.0
14,MCK,MRY,2007-12-31,2007-03-31,2007-03-31,2021-08-05,31000000.0,23943000000.0,22312750000.0,17856000000.0,6087000000.0,4.167,21.05,-306000000.0,2916000000.0,2916000000.0,88645000000.0,913000000.0,1.18,2.817,1958000000.0,155000000.0,1803000000.0,1958000000.0,1027000000.0,295000000.0,0.0,0.004,0.24,1341000000.0,1636000000.0,0.018,1636000000.0,1341000000.0,1242000000.0,3.06,2.99,3.06,6273000000.0,6050250000.0,6273000000.0,15299543014.0,11.0,9.352,1233000000.0,4.138,1.0,4332000000.0,0.047,3754000000.0,99000000.0,4105000000.0,3668250000.0,8153000000.0,0.0,0.0,0.0,17670000000.0,15126000000.0,2544000000.0,17292543014.0,-185000000.0,-1759000000.0,-604000000.0,966000000.0,-72000000.0,379000000.0,-2108000000.0,0.0,1539000000.0,5000000.0,913000000.0,913000000.0,913000000.0,55000000.0,0.0,0.01,3068000000.0,1264000000.0,10873000000.0,0.078,2.757,18.94,19.131,684000000.0,0.0,58.54,0.186,0.188,6566000000.0,4712000000.0,92977000000.0,92977000000.0,284000000.0,0.041,0.151,0.366,0.014,-10000000.0,2790000000.0,1.0,295397045.0,298000000,305000000.0,312.003,20189000000.0,0.0,329000000.0,0.0,67.748,2730000000.0
15,MCK,MRY,2006-12-31,2006-03-31,2006-03-31,2021-08-05,55000000.0,20961000000.0,20326500000.0,16997000000.0,3964000000.0,4.279,19.304,-326000000.0,3101000000.0,3101000000.0,83206000000.0,751000000.0,1.262,2.549,991000000.0,26000000.0,965000000.0,991000000.0,827000000.0,262000000.0,0.0,0.005,0.24,1271000000.0,1533000000.0,0.018,1533000000.0,1271000000.0,1177000000.0,2.46,2.38,2.46,5907000000.0,5850750000.0,5907000000.0,14766401188.0,12.0,9.632,2412000000.0,7.882,1.0,3777000000.0,0.043,1892000000.0,94000000.0,3489000000.0,3889000000.0,7127000000.0,0.0,0.0,0.0,15054000000.0,13470000000.0,1584000000.0,15958401188.0,339000000.0,-526000000.0,-390000000.0,-24000000.0,-73000000.0,-583000000.0,-1813000000.0,0.0,2738000000.0,-3000000.0,751000000.0,751000000.0,751000000.0,-6000000.0,0.0,0.009,2651000000.0,1126000000.0,9944000000.0,0.098,2.702,21.25,21.191,663000000.0,0.0,52.13,0.183,0.183,6247000000.0,3871000000.0,86983000000.0,86983000000.0,223000000.0,0.037,0.128,0.327,0.015,16000000.0,2383000000.0,1.0,306127013.0,306000000,316000000.0,284.258,19069000000.0,0.0,426000000.0,0.0,62.317,3527000000.0
16,MCK,MRY,2005-12-31,2005-03-31,2005-03-31,2021-08-05,32000000.0,18775000000.0,18142075000.0,15362000000.0,3413000000.0,4.36,17.942,-271000000.0,1800000000.0,1800000000.0,75754000000.0,-157000000.0,1.303,2.559,1211000000.0,9000000.0,1202000000.0,1211000000.0,593000000.0,245000000.0,0.0,0.006,0.24,-132000000.0,113000000.0,0.001,113000000.0,-132000000.0,-250000000.0,-0.53,-0.53,-0.53,5275000000.0,5288700000.0,5275000000.0,11572552435.0,-88.0,102.412,1272000000.0,4.327,1.0,3342000000.0,0.042,1659000000.0,118000000.0,4735000000.0,5593000000.0,7495000000.0,163000000.0,0.0,163000000.0,13500000000.0,11792000000.0,1708000000.0,11143752435.0,1092000000.0,-64000000.0,223000000.0,-268000000.0,-70000000.0,-91000000.0,-360000000.0,0.0,1543000000.0,0.0,-157000000.0,-157000000.0,-157000000.0,-16000000.0,0.0,-0.002,3558000000.0,-216000000.0,8733000000.0,-0.453,2.113,-70.979,-71.226,616000000.0,0.0,37.75,0.141,0.14,5721000000.0,3194000000.0,79096000000.0,79096000000.0,182000000.0,-0.009,-0.03,-0.024,-0.002,0.0,2176000000.0,1.0,295198740.0,294000000,294000000.0,269.034,17116000000.0,0.0,-93000000.0,0.0,58.218,3570000000.0
17,MCK,MRY,2004-12-31,2004-03-31,2004-03-31,2021-08-05,-15600000.0,16240200000.0,15583850000.0,13004200000.0,3236000000.0,4.441,17.811,-283000000.0,708000000.0,708000000.0,65975000000.0,647000000.0,1.381,2.144,1484600000.0,274800000.0,1209800000.0,1484600000.0,503200000.0,230000000.0,0.0,0.008,0.24,1030000000.0,1260000000.0,0.018,1260000000.0,1030000000.0,910000000.0,2.23,2.19,2.23,5165300000.0,4914125000.0,5165300000.0,10260850478.0,10.0,8.144,312000000.0,1.076,1.0,3235000000.0,0.047,1619600000.0,120000000.0,5980900000.0,6227750000.0,6735100000.0,182000000.0,9800000.0,172200000.0,11074900000.0,9416300000.0,1658600000.0,8757650478.0,186000000.0,-49000000.0,-64000000.0,-17000000.0,-70000000.0,-109000000.0,-300000000.0,0.0,595000000.0,0.0,647000000.0,647000000.0,647000000.0,-4000000.0,0.0,0.009,2257000000.0,978000000.0,7362100000.0,0.108,1.695,13.536,13.493,599900000.0,0.0,30.09,0.127,0.126,5418800000.0,3420600000.0,69210000000.0,69210000000.0,173000000.0,0.042,0.132,0.165,0.015,0.0,2084000000.0,1.0,291048537.0,290000000,299000000.0,238.655,14620600000.0,0.0,263000000.0,378900000.0,50.416,3587900000.0
18,MCK,MRY,2003-12-31,2003-03-31,2003-03-31,2021-08-05,-59100000.0,14361100000.0,13875050000.0,11253600000.0,3107500000.0,4.117,15.643,-304000000.0,522000000.0,522000000.0,54018300000.0,555400000.0,1.411,2.173,1507100000.0,10200000.0,1496900000.0,1507100000.0,459700000.0,203700000.0,0.0,0.01,0.24,972800000.0,1176500000.0,0.021,1176500000.0,972800000.0,844700000.0,1.92,1.88,1.92,4525500000.0,4288525000.0,4525500000.0,8268862373.0,9.0,7.028,469400000.0,1.623,1.0,3102500000.0,0.054,1580600000.0,128100000.0,5790400000.0,5778175000.0,6022500000.0,257100000.0,11500000.0,245600000.0,9835600000.0,7975200000.0,1860400000.0,7253562373.0,-35800000.0,-385800000.0,53800000.0,-142500000.0,-69700000.0,-145200000.0,-664000000.0,0.0,773400000.0,0.0,555400000.0,555400000.0,555400000.0,6700000.0,0.0,0.01,2169500000.0,933000000.0,6482800000.0,0.125,1.603,13.06,12.984,593700000.0,0.0,24.93,0.127,0.126,4594700000.0,2843300000.0,57120800000.0,57120800000.0,149400000.0,0.04,0.13,0.168,0.017,0.0,2020100000.0,1.0,290957175.0,289300000,298800000.0,197.445,12780500000.0,0.0,289300000.0,221300000.0,44.177,3278400000.0
19,MCK,MRY,2002-12-31,2002-03-31,2002-03-31,2021-08-05,-81600000.0,13325900000.0,12596575000.0,10701100000.0,2624800000.0,3.968,13.815,-256500000.0,557800000.0,557800000.0,47199600000.0,418600000.0,1.41,2.382,1430000000.0,141300000.0,1288700000.0,1430000000.0,404100000.0,206500000.0,0.0,0.006,0.24,724800000.0,931300000.0,0.019,931300000.0,724800000.0,598900000.0,1.47,1.43,1.47,3940100000.0,3757700000.0,3940100000.0,11701294649.0,16.0,12.564,80400000.0,0.282,1.0,2788500000.0,0.056,1234100000.0,125900000.0,5375700000.0,5114550000.0,6011500000.0,242800000.0,5100000.0,237700000.0,9385800000.0,7588300000.0,1797500000.0,10759394649.0,124300000.0,-73100000.0,43900000.0,196600000.0,-68500000.0,191700000.0,-404300000.0,-58600000.0,336900000.0,0.0,418600000.0,418600000.0,418600000.0,3200000.0,0.0,0.008,2065200000.0,723300000.0,6318300000.0,0.163,2.731,25.703,25.463,593500000.0,0.0,37.43,0.215,0.214,3998100000.0,2357200000.0,49988100000.0,49988100000.0,135100000.0,0.033,0.111,0.142,0.014,0.0,1930100000.0,1.0,287453771.0,285200000,298100000.0,175.274,12091800000.0,0.0,180300000.0,121700000.0,42.398,3112800000.0
20,MCK,MRY,2001-12-31,2001-03-31,2001-03-31,2021-08-05,-75000000.0,11532000000.0,11001300000.0,9158500000.0,2373500000.0,3.818,12.338,-255500000.0,433500000.0,433500000.0,39583100000.0,-48300000.0,1.399,2.302,1230000000.0,194100000.0,1035900000.0,1230000000.0,399800000.0,245400000.0,0.0,0.009,0.24,114800000.0,360200000.0,0.009,360200000.0,114800000.0,3600000.0,-0.17,-0.17,-0.17,3492900000.0,3623325000.0,3492900000.0,8709529476.0,76.0,24.18,69700000.0,0.246,1.0,2417000000.0,0.058,1168100000.0,111200000.0,4613400000.0,5023100000.0,5116400000.0,143200000.0,11900000.0,131300000.0,8039100000.0,6547000000.0,1492100000.0,7620029476.0,-115400000.0,-51900000.0,-27000000.0,-32800000.0,-68300000.0,-125500000.0,-315100000.0,-30900000.0,325200000.0,0.0,-48300000.0,-48300000.0,-48300000.0,5000000.0,0.0,-0.001,2212100000.0,204900000.0,5338300000.0,-1.412,2.182,-157.765,-157.353,594200000.0,0.0,26.75,0.181,0.18,3439400000.0,2006600000.0,42000100000.0,42000100000.0,147600000.0,-0.004,-0.013,0.023,0.003,0.0,2064500000.0,1.0,284860915.0,283100000,283100000.0,148.358,10363900000.0,0.0,51900000.0,79600000.0,36.609,2611500000.0
21,MCK,MRY,2000-12-31,2000-03-31,2000-03-31,2021-08-05,-97100000.0,10372900000.0,9850275000.0,7965500000.0,2407400000.0,3.727,12.676,-290700000.0,548900000.0,548900000.0,34484600000.0,723700000.0,1.555,1.909,1260000000.0,16200000.0,1243800000.0,1260000000.0,368700000.0,222600000.0,0.0,0.011,0.24,960200000.0,1182800000.0,0.032,1182800000.0,960200000.0,846000000.0,2.57,2.55,2.57,3565800000.0,3176925000.0,3565800000.0,7263358230.0,8.0,6.141,-605500000.0,-2.153,1.0,2223400000.0,0.061,1277800000.0,114200000.0,4684400000.0,4699725000.0,4149300000.0,157900000.0,57000000.0,100900000.0,6807100000.0,5121800000.0,1685300000.0,5916658230.0,315200000.0,949000000.0,26200000.0,112100000.0,-67500000.0,76400000.0,553600000.0,-36900000.0,-314800000.0,0.0,723700000.0,723700000.0,723700000.0,-539100000.0,0.0,0.02,2104500000.0,118900000.0,3883900000.0,0.093,1.659,8.176,8.171,555400000.0,0.0,21.0,0.161,0.161,3034500000.0,2122300000.0,36708000000.0,36708000000.0,112600000.0,0.073,0.228,0.204,0.026,0.0,1991900000.0,1.0,281745630.0,281300000,284200000.0,130.494,9095100000.0,0.0,122300000.0,354800000.0,32.332,2843700000.0
22,MCK,MRY,1999-12-31,1999-03-31,1999-03-31,2021-08-05,-57700000.0,9020000000.0,7444425000.0,6452800000.0,2567200000.0,4.026,10.472,-176900000.0,233700000.0,233700000.0,27650400000.0,84900000.0,1.36,2.13,1346800000.0,212000000.0,1134800000.0,1346800000.0,408600000.0,180600000.0,0.0,0.007,0.435,304300000.0,484900000.0,0.016,484900000.0,304300000.0,186300000.0,0.31,0.31,0.31,2881800000.0,1938525000.0,2881800000.0,8659026200.0,28.0,17.857,57200000.0,0.208,1.0,2320500000.0,0.077,1307500000.0,118000000.0,4080800000.0,4035800000.0,3522500000.0,101200000.0,28200000.0,73000000.0,6138200000.0,4744800000.0,1393400000.0,6582226200.0,-330700000.0,-277800000.0,224900000.0,-106800000.0,-84900000.0,22400000.0,-587200000.0,57100000.0,234100000.0,0.0,84900000.0,84900000.0,84900000.0,-24300000.0,0.0,0.003,2092100000.0,228400000.0,3549400000.0,1.403,2.284,77.529,212.903,529600000.0,0.0,66.0,0.22,0.606,2552000000.0,1465000000.0,29970900000.0,29970900000.0,114700000.0,0.011,0.044,0.075,0.01,0.0,1977400000.0,1.0,99730700.0,275200000,275200000.0,108.906,7712500000.0,0.0,101400000.0,90800000.0,28.025,1708000000.0
23,MCK,MRY,1998-12-31,1998-03-31,1998-03-31,2021-08-05,-54900000.0,7291800000.0,6882550000.0,5318100000.0,1973700000.0,3.212,9.623,-147000000.0,564400000.0,564400000.0,19947100000.0,304600000.0,1.725,1.846,1513800000.0,108800000.0,1405000000.0,1513800000.0,282100000.0,89800000.0,0.0,0.009,0.5,585700000.0,675500000.0,0.031,675500000.0,585700000.0,482500000.0,1.14,1.1,1.14,2561700000.0,2321750000.0,2561700000.0,6798036950.0,12.0,10.064,76300000.0,0.287,1.0,2158600000.0,0.098,1046600000.0,103200000.0,4110800000.0,3654400000.0,2603100000.0,151100000.0,117100000.0,34000000.0,4730100000.0,3083800000.0,1646300000.0,5346136950.0,132800000.0,-175700000.0,147800000.0,231000000.0,-58800000.0,304200000.0,-394700000.0,61100000.0,223300000.0,0.0,304600000.0,304600000.0,304600000.0,-29400000.0,0.0,0.014,1596100000.0,562500000.0,2186100000.0,0.439,2.087,17.551,50.658,448600000.0,0.0,57.75,0.242,0.695,1931800000.0,1462500000.0,22105700000.0,22105700000.0,112500000.0,0.044,0.131,0.16,0.026,0.0,1483600000.0,1.0,92573800.0,266200000,282100000.0,83.042,6245200000.0,0.0,177900000.0,39500000.0,23.461,2234300000.0
24,MCK,MRY,1997-12-31,1997-03-31,1997-03-31,2021-08-05,-50900000.0,6473300000.0,4916750000.0,4612600000.0,1860700000.0,3.44,8.199,-120800000.0,434500000.0,434500000.0,15203300000.0,212100000.0,1.498,2.109,1241900000.0,193000000.0,1048900000.0,1241900000.0,201200000.0,141300000.0,0.0,0.016,0.5,360300000.0,501600000.0,0.03,501600000.0,360300000.0,299300000.0,0.83,0.8,0.83,2081800000.0,1573200000.0,2081800000.0,,,,309300000.0,1.218,1.0,1711000000.0,0.101,1004400000.0,61000000.0,3198000000.0,2434750000.0,2277500000.0,194700000.0,165600000.0,29100000.0,4391500000.0,3078300000.0,1313200000.0,,-29100000.0,-926100000.0,-78200000.0,572000000.0,-51900000.0,635000000.0,-1094200000.0,70200000.0,430100000.0,0.0,212100000.0,212100000.0,212100000.0,-128800000.0,0.0,0.013,1478800000.0,232200000.0,2125300000.0,0.602,,,38.554,489300000.0,0.0,32.0,,0.48,1612200000.0,1219200000.0,16914300000.0,16914300000.0,103000000.0,0.043,0.135,0.148,0.021,0.0,1375800000.0,1.0,,253900000,265200000.0,66.618,5468900000.0,0.0,87200000.0,55500000.0,21.54,1534300000.0
25,MCK,MRY,1996-12-31,1996-03-31,1996-03-31,2021-08-05,-49700000.0,3360200000.0,,2463000000.0,897200000.0,,11.989,-66900000.0,260800000.0,260800000.0,12049300000.0,135400000.0,1.5,2.156,398300000.0,27700000.0,370600000.0,398300000.0,0.0,64200000.0,0.0,0.019,0.5,256000000.0,320200000.0,0.025,320200000.0,256000000.0,211600000.0,1.53,1.45,1.53,1064600000.0,,1064600000.0,,,,-63100000.0,-0.711,1.0,915500000.0,0.071,183700000.0,44400000.0,1671500000.0,,1317000000.0,195400000.0,195400000.0,0.0,2295600000.0,1642500000.0,653100000.0,,-102300000.0,2600000.0,-43500000.0,-18500000.0,-44200000.0,-102100000.0,-4000000.0,114200000.0,3800000.0,0.0,135400000.0,135400000.0,135400000.0,-14700000.0,0.0,0.01,674200000.0,241300000.0,1343200000.0,0.327,,,16.993,356000000.0,0.0,26.0,,0.178,672800000.0,968500000.0,12964800000.0,12964800000.0,0.0,,,,0.02,0.0,674200000.0,1.0,,88800000,93200000.0,146.0,3176500000.0,0.0,76200000.0,92200000.0,35.771,820500000.0
0,MCK,MRQ,2021-06-30,2021-06-30,2021-06-30,2021-08-05,-1627000000.0,62894000000.0,,43350000000.0,19544000000.0,,-3.387,-159000000.0,2423000000.0,2423000000.0,59642000000.0,533000000.0,0.989,-118.977,9456000000.0,1144000000.0,8312000000.0,9456000000.0,0.0,308000000.0,0.0,0.011,0.84,561000000.0,869000000.0,0.014,869000000.0,561000000.0,512000000.0,3.11,3.07,3.11,-529000000.0,,-529000000.0,33378543613.0,-7.0,-8.601,-1781000000.0,-11.402,1.0,3032000000.0,0.048,12317000000.0,49000000.0,13775000000.0,,20016000000.0,0.0,0.0,0.0,62939000000.0,43835000000.0,19104000000.0,30251543613.0,-3861000000.0,82000000.0,-937000000.0,-2000000.0,-69000000.0,-2151000000.0,-99000000.0,0.0,-1622000000.0,11000000.0,486000000.0,486000000.0,486000000.0,3000000.0,47000000.0,0.008,2464000000.0,568000000.0,38389000000.0,0.27,-57.186,-6.727,-6.75,4620000000.0,0.0,191.24,0.123,0.122,20198000000.0,8618000000.0,62674000000.0,62674000000.0,0.0,,,,,0.0,2232000000.0,1.0,158186277.0,156200000,158100000.0,401.242,50577000000.0,0.0,26000000.0,1441000000.0,323.796,-485000000.0
1,MCK,MRQ,2021-03-31,2021-03-31,2021-03-31,2021-08-05,-1480000000.0,65015000000.0,,45382000000.0,19633000000.0,,-0.132,-214000000.0,6278000000.0,6278000000.0,55845000000.0,713000000.0,1.029,-3087.619,9405000000.0,1132000000.0,8273000000.0,9405000000.0,0.0,291000000.0,0.0,0.009,0.42,1034000000.0,1325000000.0,0.022,1325000000.0,1034000000.0,982000000.0,4.03,4.03,4.03,-21000000.0,,-21000000.0,36994016327.0,-7.0,-9.746,3156000000.0,19.874,1.0,3297000000.0,0.056,12371000000.0,52000000.0,11668000000.0,,19246000000.0,0.0,0.0,0.0,64840000000.0,44103000000.0,20737000000.0,31044016327.0,2664000000.0,73000000.0,-207000000.0,-162000000.0,-67000000.0,-517000000.0,-205000000.0,0.0,3370000000.0,16000000.0,666000000.0,666000000.0,666000000.0,0.0,47000000.0,0.011,2287000000.0,1010000000.0,38975000000.0,0.104,-1478.286,-6.839,-6.902,4681000000.0,0.0,195.04,0.13,0.131,19181000000.0,8202000000.0,59142000000.0,59142000000.0,0.0,,,,,0.0,2224000000.0,1.0,159167434.0,158800000,158800000.0,372.431,52644000000.0,0.0,316000000.0,1411000000.0,331.511,1279000000.0
2,MCK,MRQ,2020-12-31,2020-12-31,2020-12-31,2021-08-05,-1503000000.0,61845000000.0,,42368000000.0,19477000000.0,,-2.991,-162000000.0,3577000000.0,3577000000.0,59448000000.0,-6174000000.0,1.01,-130.235,9527000000.0,1313000000.0,8214000000.0,9527000000.0,0.0,319000000.0,0.0,0.01,0.42,-7360000000.0,-7041000000.0,-0.112,-7041000000.0,-7360000000.0,-7415000000.0,-39.03,-39.03,-39.03,-477000000.0,,-477000000.0,34478364796.0,-7.0,-9.617,1051000000.0,6.589,1.0,3151000000.0,0.05,12491000000.0,55000000.0,13374000000.0,,19211000000.0,0.0,0.0,0.0,62122000000.0,41930000000.0,20192000000.0,27925364796.0,492000000.0,291000000.0,-238000000.0,-373000000.0,-69000000.0,-775000000.0,68000000.0,0.0,1213000000.0,-14000000.0,-6226000000.0,-6226000000.0,-6226000000.0,0.0,52000000.0,-0.099,10513000000.0,-7362000000.0,36509000000.0,-0.011,-58.544,-6.674,-6.42,4473000000.0,0.0,173.92,0.118,0.117,18877000000.0,7595000000.0,62599000000.0,62599000000.0,0.0,,,,,0.0,2291000000.0,1.0,160564425.0,159500000,159500000.0,392.47,49354000000.0,0.0,-1189000000.0,773000000.0,309.429,438000000.0
3,MCK,MRQ,2020-09-30,2020-09-30,2020-09-30,2021-08-05,-1597000000.0,61558000000.0,,42345000000.0,19213000000.0,,36.358,-148000000.0,3091000000.0,3091000000.0,57808000000.0,627000000.0,0.991,9.417,9644000000.0,2127000000.0,7517000000.0,9644000000.0,0.0,311000000.0,0.0,0.011,0.42,655000000.0,966000000.0,0.016,966000000.0,655000000.0,605000000.0,3.56,3.54,3.56,5890000000.0,,5890000000.0,30974921106.0,11.0,7.597,873000000.0,5.389,1.0,3000000000.0,0.049,12444000000.0,50000000.0,12943000000.0,,18435000000.0,0.0,0.0,0.0,55468000000.0,42724000000.0,12744000000.0,24154921106.0,376000000.0,-2000000.0,-230000000.0,-3000000.0,-66000000.0,-462000000.0,-148000000.0,0.0,1021000000.0,-35000000.0,577000000.0,577000000.0,577000000.0,0.0,50000000.0,0.009,2366000000.0,634000000.0,36255000000.0,0.118,4.101,10.842,11.474,4366000000.0,0.0,148.93,0.103,0.103,19285000000.0,13890000000.0,60808000000.0,60808000000.0,0.0,,,,,0.0,2237000000.0,1.0,162189761.0,162000000,163000000.0,375.358,49114000000.0,0.0,28000000.0,2293000000.0,303.173,-379000000.0
4,MCK,MRQ,2020-06-30,2020-06-30,2020-06-30,2021-08-05,-1735000000.0,57666000000.0,,38682000000.0,18984000000.0,,33.617,-117000000.0,2613000000.0,2613000000.0,52979000000.0,494000000.0,1.002,9.551,9433000000.0,1411000000.0,8022000000.0,9433000000.0,0.0,300000000.0,0.0,0.011,0.41,654000000.0,954000000.0,0.017,954000000.0,654000000.0,594000000.0,2.74,2.72,2.74,5446000000.0,,5446000000.0,30217520706.0,25.0,12.249,-1179000000.0,-7.278,1.0,2700000000.0,0.048,12509000000.0,60000000.0,13377000000.0,,16607000000.0,0.0,0.0,0.0,52013000000.0,38600000000.0,13413000000.0,24831520706.0,-1159000000.0,3000000.0,21000000.0,-2000000.0,-74000000.0,61000000.0,-130000000.0,0.0,-1062000000.0,-28000000.0,444000000.0,444000000.0,444000000.0,1000000.0,50000000.0,0.008,2022000000.0,678000000.0,33209000000.0,0.15,4.56,26.961,28.254,4249000000.0,0.0,153.42,0.107,0.108,17768000000.0,13384000000.0,55679000000.0,55679000000.0,0.0,,,,,0.0,2097000000.0,1.0,161853218.0,162000000,163200000.0,343.698,45157000000.0,0.0,150000000.0,2274000000.0,278.747,82000000.0
5,MCK,MRQ,2020-03-31,2020-03-31,2020-03-31,2021-08-05,-1703000000.0,61247000000.0,,42222000000.0,19025000000.0,,29.417,-168000000.0,4015000000.0,4015000000.0,55199000000.0,1078000000.0,0.991,10.985,9401000000.0,1406000000.0,7995000000.0,9401000000.0,0.0,321000000.0,0.0,0.012,0.41,1215000000.0,1536000000.0,0.026,1536000000.0,1215000000.0,1150000000.0,5.64,5.61,5.64,5092000000.0,,5092000000.0,33861609962.0,29.0,13.793,4486000000.0,25.916,1.0,3336000000.0,0.057,12516000000.0,65000000.0,11493000000.0,,16734000000.0,0.0,0.0,0.0,55938000000.0,42624000000.0,13314000000.0,23931609962.0,1958000000.0,-5000000.0,21000000.0,-2399000000.0,-72000000.0,-2480000000.0,-170000000.0,0.0,4654000000.0,-46000000.0,1021000000.0,1021000000.0,1021000000.0,-6000000.0,57000000.0,0.017,2467000000.0,869000000.0,37195000000.0,0.073,4.7,26.591,27.161,4251000000.0,0.0,135.26,0.104,0.106,19950000000.0,13022000000.0,58535000000.0,58535000000.0,0.0,,,,,0.0,2403000000.0,1.0,176930430.0,173100000,177100000.0,338.157,48731000000.0,0.0,129000000.0,2255000000.0,281.519,-402000000.0
6,MCK,MRQ,2019-12-31,2019-12-31,2019-12-31,2021-08-05,-1663000000.0,60873000000.0,,39390000000.0,21483000000.0,,34.55,-154000000.0,2065000000.0,2065000000.0,56139000000.0,242000000.0,0.983,8.825,11995000000.0,3481000000.0,8514000000.0,11995000000.0,0.0,324000000.0,0.0,0.012,0.41,297000000.0,621000000.0,0.01,621000000.0,297000000.0,233000000.0,1.04,1.03,1.04,6174000000.0,,6174000000.0,33885590328.0,-51.0,62.868,-275000000.0,-1.539,1.0,3033000000.0,0.051,12820000000.0,64000000.0,17928000000.0,,17020000000.0,2143000000.0,0.0,2143000000.0,54488000000.0,40055000000.0,14433000000.0,24923590328.0,709000000.0,1000000.0,-488000000.0,1558000000.0,-74000000.0,949000000.0,-124000000.0,0.0,-121000000.0,5000000.0,186000000.0,186000000.0,186000000.0,5000000.0,56000000.0,0.003,2673000000.0,360000000.0,32744000000.0,0.394,4.037,-27.179,-29.305,4421000000.0,0.0,138.32,0.111,0.11,18831000000.0,12075000000.0,59172000000.0,59172000000.0,0.0,,,,,0.0,2535000000.0,1.0,180187900.0,178700000,179700000.0,331.125,48053000000.0,0.0,47000000.0,2686000000.0,268.903,-665000000.0
7,MCK,MRQ,2019-09-30,2019-09-30,2019-09-30,2021-08-05,-1704000000.0,58994000000.0,,37353000000.0,21641000000.0,,35.421,-73000000.0,1356000000.0,1356000000.0,54749000000.0,-677000000.0,1.006,8.069,10318000000.0,1213000000.0,9105000000.0,10318000000.0,0.0,316000000.0,0.0,0.012,0.41,-960000000.0,-644000000.0,-0.011,-644000000.0,-960000000.0,-1024000000.0,-3.99,-3.99,-3.99,6482000000.0,,6482000000.0,33191997722.0,-110.0,40.676,-181000000.0,-0.989,1.0,2867000000.0,0.05,12897000000.0,64000000.0,17914000000.0,,16356000000.0,2167000000.0,0.0,2167000000.0,52302000000.0,37145000000.0,15157000000.0,25268997722.0,-591000000.0,-47000000.0,-695000000.0,545000000.0,-73000000.0,-331000000.0,-156000000.0,0.0,-108000000.0,4000000.0,-730000000.0,-730000000.0,-730000000.0,1000000.0,53000000.0,-0.013,2241000000.0,626000000.0,32560000000.0,-0.103,3.898,-39.856,-40.794,4495000000.0,0.0,136.66,0.114,0.113,18984000000.0,11965000000.0,57616000000.0,57616000000.0,0.0,,,,,0.0,2196000000.0,1.0,184904125.0,183000000,183000000.0,314.842,46097000000.0,0.0,-294000000.0,2718000000.0,251.896,208000000.0
8,MCK,MRQ,2019-06-30,2019-06-30,2019-06-30,2021-08-05,-1778000000.0,61680000000.0,,38428000000.0,23252000000.0,,41.883,-111000000.0,1947000000.0,1947000000.0,52941000000.0,477000000.0,1.013,6.809,9870000000.0,683000000.0,9187000000.0,9870000000.0,0.0,327000000.0,0.0,0.012,0.39,615000000.0,942000000.0,0.017,942000000.0,615000000.0,559000000.0,2.25,2.24,2.25,7874000000.0,,7874000000.0,30142933511.0,24.0,13.106,-162000000.0,-0.862,1.0,2787000000.0,0.05,13041000000.0,56000000.0,18610000000.0,,16604000000.0,3617000000.0,0.0,3617000000.0,53612000000.0,37952000000.0,15660000000.0,25528933511.0,-1034000000.0,-45000000.0,-679000000.0,-2000000.0,-75000000.0,-872000000.0,-129000000.0,0.0,-51000000.0,18000000.0,423000000.0,423000000.0,423000000.0,6000000.0,54000000.0,0.008,2153000000.0,634000000.0,34021000000.0,0.173,3.242,42.906,42.528,4497000000.0,0.0,134.39,0.117,0.116,19287000000.0,12770000000.0,55728000000.0,55728000000.0,0.0,,,,,0.0,2130000000.0,1.0,189961556.0,188000000,189000000.0,296.426,48639000000.0,0.0,136000000.0,3058000000.0,258.718,476000000.0
9,MCK,MRQ,2019-03-31,2019-03-31,2019-03-31,2021-08-05,-1849000000.0,59672000000.0,,38465000000.0,21207000000.0,,42.333,-152000000.0,2981000000.0,2981000000.0,49228000000.0,-744000000.0,1.022,6.349,7595000000.0,330000000.0,7265000000.0,7595000000.0,0.0,235000000.0,0.0,0.013,0.39,-615000000.0,-380000000.0,-0.007,-380000000.0,-615000000.0,-685000000.0,-4.02,-4.01,-4.02,8094000000.0,,8094000000.0,30390066340.0,46.0,18.958,3743000000.0,19.576,1.0,3201000000.0,0.061,13047000000.0,70000000.0,13613000000.0,,16709000000.0,3513000000.0,0.0,3513000000.0,51385000000.0,37626000000.0,13759000000.0,22455066340.0,1132000000.0,62000000.0,-222000000.0,-2161000000.0,-76000000.0,-2544000000.0,-230000000.0,0.0,3895000000.0,11000000.0,-796000000.0,-796000000.0,-796000000.0,0.0,52000000.0,-0.015,3770000000.0,-569000000.0,33853000000.0,-0.097,2.774,660.443,688.588,2548000000.0,0.0,117.06,0.105,0.107,18246000000.0,12409000000.0,52429000000.0,52429000000.0,0.0,,,,,0.0,2218000000.0,1.0,191825272.0,191200000,192200000.0,274.21,46625000000.0,0.0,111000000.0,2998000000.0,243.855,839000000.0
10,MCK,MRQ,2018-12-31,2018-12-31,2018-12-31,2021-08-05,-1826000000.0,61011000000.0,,38319000000.0,22692000000.0,,47.345,-157000000.0,1849000000.0,1849000000.0,53238000000.0,526000000.0,1.024,5.62,9784000000.0,2168000000.0,7616000000.0,9784000000.0,0.0,239000000.0,0.0,0.013,0.39,659000000.0,898000000.0,0.016,898000000.0,659000000.0,592000000.0,2.41,2.4,2.41,9185000000.0,,9185000000.0,28553211244.0,146.0,24.551,-334000000.0,-1.722,1.0,2970000000.0,0.053,14439000000.0,67000000.0,17083000000.0,,16951000000.0,3566000000.0,0.0,3566000000.0,51622000000.0,37424000000.0,14198000000.0,21583211244.0,-269000000.0,-26000000.0,-492000000.0,752000000.0,-77000000.0,119000000.0,-168000000.0,0.0,-177000000.0,-43000000.0,469000000.0,469000000.0,469000000.0,1000000.0,57000000.0,0.008,2287000000.0,683000000.0,32091000000.0,0.162,2.35,-68.301,-89.813,2503000000.0,0.0,110.47,0.101,0.1,18932000000.0,13276000000.0,56208000000.0,56208000000.0,0.0,,,,,0.0,2156000000.0,1.0,195376222.0,194000000,195000000.0,289.732,46572000000.0,0.0,123000000.0,2983000000.0,240.062,895000000.0
11,MCK,MRQ,2018-09-30,2018-09-30,2018-09-30,2021-08-05,-1762000000.0,61421000000.0,,38544000000.0,22877000000.0,,47.101,-103000000.0,2118000000.0,2118000000.0,50271000000.0,553000000.0,0.992,5.564,9088000000.0,2520000000.0,6568000000.0,9088000000.0,0.0,240000000.0,0.0,0.011,0.39,600000000.0,840000000.0,0.016,840000000.0,600000000.0,534000000.0,2.52,2.51,2.52,9326000000.0,,9326000000.0,34052619303.0,140.0,28.236,1276000000.0,6.444,1.0,2804000000.0,0.053,14755000000.0,66000000.0,14773000000.0,,16671000000.0,3609000000.0,0.0,3609000000.0,51887000000.0,38863000000.0,13024000000.0,26499619303.0,-81000000.0,-14000000.0,-565000000.0,-638000000.0,-68000000.0,-1343000000.0,-108000000.0,0.0,1379000000.0,-9000000.0,499000000.0,499000000.0,499000000.0,-1000000.0,54000000.0,0.009,2115000000.0,689000000.0,33227000000.0,0.155,2.841,224.573,186.831,2488000000.0,0.0,132.65,0.126,0.125,19213000000.0,13354000000.0,53075000000.0,53075000000.0,0.0,,,,,0.0,2033000000.0,1.0,199770971.0,198000000,199000000.0,268.056,46666000000.0,0.0,35000000.0,2844000000.0,235.687,-319000000.0
12,MCK,MRQ,2018-06-30,2018-06-30,2018-06-30,2021-08-05,-1801000000.0,61282000000.0,,38214000000.0,23068000000.0,,46.569,-145000000.0,2199000000.0,2199000000.0,49828000000.0,-80000000.0,0.997,5.489,9752000000.0,3160000000.0,6592000000.0,9752000000.0,0.0,235000000.0,0.0,0.01,0.34,10000000.0,245000000.0,0.005,245000000.0,10000000.0,-51000000.0,-0.68,-0.68,-0.68,9407000000.0,,9407000000.0,32161601532.0,-195.0,40.506,-1206000000.0,-5.97,1.0,2779000000.0,0.053,14843000000.0,61000000.0,15644000000.0,,16364000000.0,3672000000.0,0.0,3672000000.0,51635000000.0,38348000000.0,13287000000.0,26953601532.0,-473000000.0,-826000000.0,-285000000.0,2031000000.0,-71000000.0,1541000000.0,-875000000.0,0.0,-1061000000.0,-78000000.0,-138000000.0,-138000000.0,-138000000.0,-1000000.0,58000000.0,-0.003,2696000000.0,83000000.0,32063000000.0,-0.5,2.865,-70.931,-74.111,2483000000.0,0.0,133.4,0.128,0.128,19093000000.0,12932000000.0,52607000000.0,52607000000.0,0.0,,,,,0.0,2127000000.0,1.0,202050986.0,202000000,202000000.0,260.431,46439000000.0,0.0,87000000.0,2825000000.0,229.896,-134000000.0
13,MCK,MRQ,2018-03-31,2018-03-31,2018-03-31,2021-08-05,-1717000000.0,60381000000.0,,37136000000.0,23245000000.0,,47.824,-188000000.0,2672000000.0,2672000000.0,48553000000.0,-1085000000.0,1.012,5.133,7880000000.0,1129000000.0,6751000000.0,7880000000.0,0.0,254000000.0,0.0,0.009,0.34,-1074000000.0,-820000000.0,-0.016,-820000000.0,-1074000000.0,-1153000000.0,-5.48,-5.44,-5.48,9804000000.0,,9804000000.0,35242021840.0,119.0,28.239,2836000000.0,13.834,1.0,3075000000.0,0.06,15026000000.0,79000000.0,13878000000.0,,16310000000.0,3728000000.0,0.0,3728000000.0,50324000000.0,36685000000.0,13639000000.0,29067021840.0,53000000.0,-869000000.0,-740000000.0,-1081000000.0,-70000000.0,-1937000000.0,-1041000000.0,0.0,3024000000.0,7000000.0,-1146000000.0,-1146000000.0,-1146000000.0,-2000000.0,61000000.0,-0.022,4056000000.0,-981000000.0,32177000000.0,-0.062,2.965,433.836,440.219,2464000000.0,0.0,140.87,0.14,0.141,17711000000.0,12986000000.0,51628000000.0,51628000000.0,125000000.0,,,,,0.0,2218000000.0,1.0,206339333.0,205000000,206000000.0,251.844,45355000000.0,0.0,-7000000.0,2804000000.0,221.244,451000000.0
14,MCK,MRQ,2017-12-31,2017-12-31,2017-12-31,2021-08-05,-1726000000.0,64213000000.0,,40195000000.0,24018000000.0,,56.686,-137000000.0,2619000000.0,2619000000.0,50902000000.0,961000000.0,1.068,4.452,8794000000.0,1280000000.0,7514000000.0,8794000000.0,68000000.0,234000000.0,0.0,0.008,0.34,707000000.0,941000000.0,0.018,941000000.0,707000000.0,640000000.0,4.35,4.33,4.35,11734000000.0,,11734000000.0,38269591881.0,6.0,5.448,-155000000.0,-0.749,1.0,2715000000.0,0.051,15922000000.0,67000000.0,16814000000.0,,17103000000.0,3704000000.0,0.0,3704000000.0,52241000000.0,37652000000.0,14589000000.0,32511591881.0,54000000.0,60000000.0,-219000000.0,445000000.0,-71000000.0,125000000.0,-87000000.0,0.0,-18000000.0,34000000.0,903000000.0,903000000.0,903000000.0,-1000000.0,58000000.0,0.017,1990000000.0,725000000.0,33009000000.0,0.078,2.771,6.772,7.041,2401000000.0,0.0,155.95,0.158,0.157,20015000000.0,14202000000.0,53617000000.0,53617000000.0,0.0,,,,,0.0,1984000000.0,1.0,208474459.0,207000000,208000000.0,259.019,48291000000.0,0.0,-263000000.0,2833000000.0,233.29,2543000000.0
15,MCK,MRQ,2017-09-30,2017-09-30,2017-09-30,2021-08-05,-1710000000.0,63846000000.0,,39794000000.0,24052000000.0,,53.316,-137000000.0,2563000000.0,2563000000.0,49227000000.0,56000000.0,1.054,4.71,8321000000.0,831000000.0,7490000000.0,8321000000.0,63000000.0,236000000.0,0.0,0.008,0.34,192000000.0,428000000.0,0.008,428000000.0,192000000.0,123000000.0,0.01,0.01,0.01,11143000000.0,,11143000000.0,37911120167.0,6.0,5.321,461000000.0,2.206,1.0,2834000000.0,0.054,15938000000.0,69000000.0,15901000000.0,,16885000000.0,3795000000.0,0.0,3795000000.0,52484000000.0,37765000000.0,14719000000.0,32298120167.0,224000000.0,-99000000.0,-345000000.0,298000000.0,-59000000.0,-141000000.0,-267000000.0,0.0,598000000.0,34000000.0,1000000.0,1000000.0,1000000.0,0.0,55000000.0,0.0,2595000000.0,239000000.0,33580000000.0,34.0,2.899,7.128,7.432,2348000000.0,0.0,153.61,0.16,0.159,19627000000.0,13370000000.0,52061000000.0,52061000000.0,0.0,,,,,0.0,2009000000.0,1.0,210260531.0,209000000,210000000.0,249.096,47908000000.0,0.0,122000000.0,3724000000.0,229.225,2029000000.0
16,MCK,MRQ,2017-06-30,2017-06-30,2017-06-30,2021-08-05,-1936000000.0,61816000000.0,,37697000000.0,24119000000.0,,53.569,-118000000.0,2339000000.0,2339000000.0,48491000000.0,365000000.0,1.053,4.45,7952000000.0,528000000.0,7424000000.0,7952000000.0,279000000.0,227000000.0,0.0,0.007,0.28,472000000.0,699000000.0,0.014,699000000.0,472000000.0,404000000.0,1.46,1.45,1.46,11303000000.0,,11303000000.0,40463895705.0,6.0,5.396,623000000.0,2.953,1.0,2560000000.0,0.05,15988000000.0,68000000.0,15642000000.0,,15498000000.0,3855000000.0,0.0,3855000000.0,50303000000.0,35799000000.0,14504000000.0,34701895705.0,-1913000000.0,-1485000000.0,-273000000.0,-722000000.0,-62000000.0,-1131000000.0,-1598000000.0,0.0,741000000.0,75000000.0,309000000.0,309000000.0,309000000.0,-2000000.0,56000000.0,0.006,1927000000.0,633000000.0,32015000000.0,0.192,3.07,7.174,7.472,2349000000.0,0.0,164.54,0.174,0.174,19132000000.0,13442000000.0,51051000000.0,51051000000.0,0.0,,,,,0.0,1927000000.0,1.0,210902490.0,211000000,213000000.0,241.948,45828000000.0,0.0,95000000.0,3752000000.0,217.194,1898000000.0
17,MCK,MRQ,2017-03-31,2017-03-31,2017-03-31,2021-08-05,-2141000000.0,60969000000.0,,36948000000.0,24021000000.0,,52.335,-193000000.0,2783000000.0,2783000000.0,45917000000.0,3623000000.0,1.038,4.479,8545000000.0,1240000000.0,7305000000.0,8545000000.0,346000000.0,247000000.0,0.0,0.008,0.28,4709000000.0,4956000000.0,0.102,4956000000.0,4709000000.0,4632000000.0,16.33,16.17,16.33,11095000000.0,,11095000000.0,38127904243.0,5.0,4.825,1242000000.0,5.858,1.0,2796000000.0,0.057,14251000000.0,77000000.0,16868000000.0,,15278000000.0,4063000000.0,0.0,4063000000.0,49696000000.0,35612000000.0,14084000000.0,31438904243.0,876000000.0,550000000.0,-220000000.0,-613000000.0,-61000000.0,-924000000.0,350000000.0,0.0,1435000000.0,15000000.0,3588000000.0,3588000000.0,3588000000.0,7000000.0,35000000.0,0.074,2004000000.0,792000000.0,31022000000.0,0.017,2.834,6.201,6.46,2292000000.0,0.0,148.26,0.158,0.165,18215000000.0,13189000000.0,48713000000.0,48713000000.0,341000000.0,,,,,-109000000.0,1645000000.0,1.0,212052504.0,212000000,214000000.0,229.778,46718000000.0,0.0,1044000000.0,3678000000.0,220.368,1336000000.0
18,MCK,MRQ,2016-12-31,2016-12-31,2016-12-31,2021-08-05,-2228000000.0,57874000000.0,,39268000000.0,18606000000.0,,34.805,-129000000.0,2434000000.0,2434000000.0,47318000000.0,646000000.0,1.029,6.503,9123000000.0,3154000000.0,5969000000.0,9123000000.0,402000000.0,204000000.0,0.0,0.008,0.28,838000000.0,1042000000.0,0.021,1042000000.0,838000000.0,764000000.0,2.87,2.85,2.87,7692000000.0,,7692000000.0,34396913532.0,11.0,8.863,252000000.0,1.14,1.0,2812000000.0,0.056,14195000000.0,74000000.0,12194000000.0,,16121000000.0,0.0,0.0,0.0,50022000000.0,38174000000.0,11848000000.0,31753913532.0,-3030000000.0,-2126000000.0,-1988000000.0,1019000000.0,-63000000.0,-1031000000.0,-2273000000.0,0.0,381000000.0,-107000000.0,633000000.0,633000000.0,633000000.0,3000000.0,13000000.0,0.013,1981000000.0,831000000.0,30811000000.0,0.098,4.128,16.599,16.427,2411000000.0,0.0,140.45,0.162,0.158,18198000000.0,9663000000.0,50130000000.0,50130000000.0,0.0,,,,,30000000.0,1981000000.0,1.0,226086960.0,221000000,222000000.0,226.833,43679000000.0,0.0,131000000.0,2884000000.0,197.643,1094000000.0
19,MCK,MRQ,2016-09-30,2016-09-30,2016-09-30,2021-08-05,-1854000000.0,58315000000.0,,41338000000.0,16977000000.0,,41.81,-126000000.0,5464000000.0,5464000000.0,47201000000.0,324000000.0,1.116,5.153,8107000000.0,2166000000.0,5941000000.0,8107000000.0,271000000.0,217000000.0,0.0,0.007,0.28,585000000.0,802000000.0,0.016,802000000.0,585000000.0,507000000.0,1.36,1.34,1.36,9449000000.0,,9449000000.0,41086800996.0,13.0,10.313,943000000.0,4.173,1.0,2756000000.0,0.055,12754000000.0,78000000.0,11153000000.0,,15273000000.0,0.0,0.0,0.0,48692000000.0,37051000000.0,11641000000.0,37635800996.0,805000000.0,-219000000.0,39000000.0,-5000000.0,-63000000.0,-32000000.0,-192000000.0,0.0,1069000000.0,-40000000.0,307000000.0,307000000.0,307000000.0,1000000.0,17000000.0,0.006,2176000000.0,580000000.0,31037000000.0,0.206,3.983,19.663,19.757,2300000000.0,0.0,166.75,0.194,0.194,18308000000.0,9088000000.0,49957000000.0,49957000000.0,0.0,,,,,79000000.0,1886000000.0,1.0,225701955.0,226000000,228000000.0,221.049,45561000000.0,0.0,200000000.0,2632000000.0,201.597,4287000000.0
20,MCK,MRQ,2016-06-30,2016-06-30,2016-06-30,2021-08-05,-1739000000.0,57904000000.0,,39038000000.0,18866000000.0,,41.107,-114000000.0,4659000000.0,4659000000.0,46826000000.0,560000000.0,1.067,5.234,8110000000.0,2168000000.0,5942000000.0,8110000000.0,820000000.0,242000000.0,0.0,0.006,0.28,860000000.0,1102000000.0,0.022,1102000000.0,860000000.0,781000000.0,2.41,2.38,2.41,9249000000.0,,9249000000.0,46106080618.0,13.0,10.584,1745000000.0,7.756,1.0,2907000000.0,0.058,14270000000.0,79000000.0,10511000000.0,,15500000000.0,0.0,0.0,0.0,48413000000.0,36574000000.0,11839000000.0,42000080618.0,611000000.0,-985000000.0,-22000000.0,-8000000.0,-66000000.0,-82000000.0,-1154000000.0,0.0,1859000000.0,-12000000.0,542000000.0,542000000.0,542000000.0,113000000.0,18000000.0,0.011,1935000000.0,972000000.0,30424000000.0,0.116,4.541,18.885,19.163,2430000000.0,0.0,186.65,0.218,0.218,18334000000.0,8843000000.0,49733000000.0,49733000000.0,0.0,,,,,0.0,1935000000.0,1.0,225020523.0,225000000,228000000.0,221.036,43634000000.0,0.0,239000000.0,2789000000.0,193.929,2464000000.0
21,MCK,MRQ,2016-03-31,2016-03-31,2016-03-31,2021-08-05,-1561000000.0,56523000000.0,,38435000000.0,18088000000.0,,39.313,-260000000.0,4048000000.0,4048000000.0,43826000000.0,444000000.0,1.096,5.324,8114000000.0,1617000000.0,6497000000.0,8114000000.0,919000000.0,214000000.0,0.0,0.007,0.28,721000000.0,935000000.0,0.02,935000000.0,721000000.0,635000000.0,1.91,1.89,1.91,8924000000.0,,8924000000.0,41257301662.0,12.0,9.368,2846000000.0,12.537,1.0,2852000000.0,0.061,12807000000.0,86000000.0,12713000000.0,,15335000000.0,0.0,0.0,0.0,47515000000.0,35069000000.0,12446000000.0,35945301662.0,642000000.0,-948000000.0,-626000000.0,-593000000.0,-65000000.0,-1206000000.0,-1329000000.0,0.0,3106000000.0,71000000.0,431000000.0,431000000.0,431000000.0,21000000.0,13000000.0,0.009,2215000000.0,637000000.0,28585000000.0,0.147,4.028,15.919,16.013,2278000000.0,0.0,157.25,0.188,0.189,17980000000.0,8360000000.0,46678000000.0,46678000000.0,392000000.0,,,,,10000000.0,1620000000.0,1.0,228586974.0,227000000,230000000.0,205.63,43716000000.0,0.0,204000000.0,2734000000.0,192.581,3366000000.0
22,MCK,MRQ,2015-12-31,2015-12-31,2015-12-31,2021-08-05,-1845000000.0,55087000000.0,,38261000000.0,16826000000.0,,38.591,-143000000.0,3406000000.0,3406000000.0,45027000000.0,647000000.0,1.11,5.197,8718000000.0,1003000000.0,7715000000.0,8718000000.0,999000000.0,220000000.0,0.0,0.005,0.28,925000000.0,1145000000.0,0.024,1145000000.0,925000000.0,838000000.0,2.76,2.73,2.76,8876000000.0,,8876000000.0,49413416412.0,15.0,11.962,-828000000.0,-3.6,1.0,2872000000.0,0.06,12804000000.0,87000000.0,13116000000.0,,16411000000.0,0.0,0.0,0.0,46127000000.0,34479000000.0,11648000000.0,45384416412.0,-1953000000.0,-14000000.0,-330000000.0,-634000000.0,-65000000.0,-1057000000.0,-159000000.0,0.0,-685000000.0,-52000000.0,634000000.0,634000000.0,634000000.0,-5000000.0,13000000.0,0.013,1952000000.0,920000000.0,26854000000.0,0.101,5.113,23.167,23.258,2112000000.0,0.0,197.23,0.24,0.24,17402000000.0,7995000000.0,47899000000.0,47899000000.0,0.0,,,,,35000000.0,1952000000.0,1.0,230109093.0,230000000,232000000.0,208.257,42283000000.0,0.0,204000000.0,1979000000.0,183.839,3782000000.0
23,MCK,MRQ,2015-09-30,2015-09-30,2015-09-30,2021-08-05,-1644000000.0,55819000000.0,,38749000000.0,17070000000.0,,37.879,-154000000.0,5359000000.0,5359000000.0,45917000000.0,630000000.0,1.114,5.342,9388000000.0,1252000000.0,8136000000.0,9388000000.0,807000000.0,222000000.0,0.0,0.005,0.28,952000000.0,1174000000.0,0.024,1174000000.0,952000000.0,861000000.0,2.66,2.63,2.66,8788000000.0,,8788000000.0,47162567056.0,15.0,11.799,643000000.0,2.772,1.0,2844000000.0,0.058,13065000000.0,91000000.0,12008000000.0,,15587000000.0,0.0,0.0,0.0,46946000000.0,34775000000.0,12171000000.0,43001567056.0,-276000000.0,97000000.0,-466000000.0,-399000000.0,-55000000.0,-987000000.0,-52000000.0,0.0,797000000.0,-34000000.0,617000000.0,617000000.0,617000000.0,6000000.0,13000000.0,0.013,1890000000.0,954000000.0,27151000000.0,0.105,4.893,23.93,23.875,2108000000.0,0.0,185.03,0.229,0.229,16798000000.0,13780000000.0,48761000000.0,48761000000.0,0.0,,,,,78000000.0,1890000000.0,1.0,232403216.0,232000000,235000000.0,210.177,42754000000.0,0.0,244000000.0,1915000000.0,184.284,3974000000.0
24,MCK,MRQ,2015-06-30,2015-06-30,2015-06-30,2021-08-05,-1434000000.0,55925000000.0,,38571000000.0,17354000000.0,,38.159,-120000000.0,5635000000.0,5635000000.0,44698000000.0,589000000.0,1.112,5.307,9796000000.0,1654000000.0,8142000000.0,9796000000.0,939000000.0,229000000.0,0.0,0.004,0.24,921000000.0,1150000000.0,0.024,1150000000.0,921000000.0,832000000.0,2.49,2.45,2.49,8853000000.0,,8853000000.0,56558549304.0,19.0,14.622,334000000.0,1.44,1.0,2848000000.0,0.06,13375000000.0,89000000.0,12038000000.0,,14932000000.0,0.0,0.0,0.0,46986000000.0,34673000000.0,12313000000.0,52055549304.0,294000000.0,96000000.0,-67000000.0,-99000000.0,-59000000.0,-203000000.0,-17000000.0,0.0,454000000.0,60000000.0,576000000.0,576000000.0,576000000.0,10000000.0,13000000.0,0.012,1917000000.0,931000000.0,26319000000.0,0.096,5.88,31.568,31.619,2100000000.0,0.0,224.81,0.284,0.285,16684000000.0,13227000000.0,47546000000.0,47546000000.0,0.0,,,,,0.0,1917000000.0,1.0,231553531.0,232000000,235000000.0,204.94,42550000000.0,0.0,256000000.0,1869000000.0,183.405,3898000000.0
25,MCK,MRQ,2015-03-31,2015-03-31,2015-03-31,2021-08-05,-1713000000.0,53870000000.0,,36670000000.0,17200000000.0,,34.487,-146000000.0,5341000000.0,5341000000.0,42008000000.0,144000000.0,1.095,5.722,9844000000.0,1664000000.0,8180000000.0,9844000000.0,1078000000.0,231000000.0,0.0,0.004,0.24,431000000.0,662000000.0,0.015,662000000.0,431000000.0,341000000.0,0.57,0.55,0.57,8001000000.0,,8001000000.0,58476430650.0,22.0,15.882,1737000000.0,7.487,1.0,2917000000.0,0.065,13258000000.0,90000000.0,11618000000.0,,14296000000.0,0.0,0.0,0.0,45785000000.0,33497000000.0,12288000000.0,52669430650.0,754000000.0,-130000000.0,-307000000.0,-276000000.0,-56000000.0,-716000000.0,-238000000.0,0.0,1883000000.0,-175000000.0,132000000.0,132000000.0,132000000.0,267000000.0,12000000.0,0.003,2217000000.0,700000000.0,25166000000.0,0.421,6.583,35.684,35.51,2045000000.0,0.0,226.2,0.294,0.293,15914000000.0,12705000000.0,44925000000.0,44925000000.0,392000000.0,,,,,47000000.0,1675000000.0,1.0,232844521.0,232000000,235000000.0,193.642,40612000000.0,0.0,209000000.0,2679000000.0,175.052,3173000000.0
26,MCK,MRQ,2014-12-31,2014-12-31,2014-12-31,2021-08-05,-804000000.0,55110000000.0,,37141000000.0,17969000000.0,,39.155,-129000000.0,4587000000.0,4587000000.0,43586000000.0,511000000.0,1.133,5.059,10394000000.0,1413000000.0,8981000000.0,10394000000.0,1231000000.0,248000000.0,0.0,0.005,0.24,763000000.0,1011000000.0,0.022,1011000000.0,763000000.0,670000000.0,2.03,2.0,2.03,9084000000.0,,9084000000.0,54902013873.0,19.0,14.227,935000000.0,4.03,1.0,2898000000.0,0.062,13820000000.0,93000000.0,14319000000.0,,15378000000.0,0.0,0.0,0.0,45954000000.0,32778000000.0,13176000000.0,48134013873.0,783000000.0,8000000.0,48000000.0,-116000000.0,-56000000.0,-84000000.0,-132000000.0,0.0,1064000000.0,-65000000.0,472000000.0,472000000.0,472000000.0,10000000.0,39000000.0,0.01,2098000000.0,800000000.0,25205000000.0,0.118,5.299,28.083,28.013,2156000000.0,0.0,207.58,0.28,0.28,16581000000.0,12628000000.0,46484000000.0,46484000000.0,0.0,,,,,45000000.0,2098000000.0,1.0,231881751.0,232000000,236000000.0,200.362,41290000000.0,0.0,198000000.0,1705000000.0,177.974,4363000000.0
27,MCK,MRQ,2014-09-30,2014-09-30,2014-09-30,2021-08-05,-425000000.0,52232000000.0,,33879000000.0,18353000000.0,,38.496,-154000000.0,3804000000.0,3804000000.0,41296000000.0,477000000.0,1.155,4.67,10572000000.0,952000000.0,9620000000.0,10572000000.0,1003000000.0,258000000.0,0.0,0.005,0.24,787000000.0,1045000000.0,0.024,1045000000.0,787000000.0,692000000.0,2.02,1.99,2.02,8931000000.0,,8931000000.0,51653419768.0,21.0,15.197,-171000000.0,-0.737,1.0,2864000000.0,0.065,14194000000.0,95000000.0,15469000000.0,,14063000000.0,0.0,0.0,0.0,41706000000.0,29337000000.0,12369000000.0,45085419768.0,-301000000.0,-19000000.0,29000000.0,54000000.0,-56000000.0,-1000000.0,-195000000.0,0.0,-17000000.0,-88000000.0,469000000.0,469000000.0,469000000.0,14000000.0,8000000.0,0.011,2077000000.0,787000000.0,22656000000.0,0.119,5.048,34.495,34.394,2174000000.0,0.0,194.67,0.282,0.283,15391000000.0,12211000000.0,44160000000.0,44160000000.0,0.0,,,,,82000000.0,2077000000.0,1.0,231599218.0,232000000,235000000.0,190.345,38038000000.0,0.0,223000000.0,1734000000.0,163.957,4542000000.0
28,MCK,MRQ,2014-06-30,2014-06-30,2014-06-30,2021-08-05,107000000.0,53006000000.0,,33973000000.0,19033000000.0,,38.87,-116000000.0,4105000000.0,4105000000.0,40744000000.0,411000000.0,1.162,4.704,10673000000.0,532000000.0,10141000000.0,10673000000.0,1124000000.0,280000000.0,0.0,0.005,0.24,684000000.0,964000000.0,0.022,964000000.0,684000000.0,588000000.0,1.75,1.72,1.75,8979000000.0,,8979000000.0,49461697176.0,21.0,15.457,66000000.0,0.286,1.0,2732000000.0,0.063,14821000000.0,96000000.0,15508000000.0,,14124000000.0,0.0,0.0,0.0,42241000000.0,29245000000.0,12996000000.0,42935697176.0,-88000000.0,-14000000.0,-68000000.0,-64000000.0,-59000000.0,-167000000.0,-112000000.0,0.0,182000000.0,9000000.0,403000000.0,403000000.0,403000000.0,8000000.0,8000000.0,0.009,2051000000.0,681000000.0,22812000000.0,0.137,4.782,34.57,34.483,2209000000.0,0.0,186.21,0.289,0.289,14920000000.0,11800000000.0,43476000000.0,43476000000.0,0.0,,,,,0.0,2051000000.0,1.0,230576753.0,231000000,235000000.0,188.208,38185000000.0,0.0,185000000.0,1656000000.0,165.303,4728000000.0
29,MCK,MRQ,2014-03-31,2014-03-31,2014-03-31,2021-08-05,-3000000.0,51759000000.0,,32836000000.0,18923000000.0,,37.214,-120000000.0,4193000000.0,4193000000.0,35281000000.0,365000000.0,1.109,4.863,10594000000.0,1665000000.0,8929000000.0,10594000000.0,1236000000.0,240000000.0,0.0,0.005,0.24,599000000.0,839000000.0,0.022,839000000.0,599000000.0,486000000.0,1.61,1.58,1.61,8522000000.0,,8522000000.0,43076487487.0,19.0,14.1,2544000000.0,11.109,1.0,2551000000.0,0.067,14798000000.0,113000000.0,13747000000.0,,12986000000.0,0.0,0.0,0.0,41441000000.0,29615000000.0,11826000000.0,40633487487.0,1762000000.0,-4472000000.0,25000000.0,3724000000.0,-60000000.0,3692000000.0,-4624000000.0,0.0,2664000000.0,30000000.0,370000000.0,370000000.0,370000000.0,34000000.0,-5000000.0,0.01,1946000000.0,605000000.0,21128000000.0,0.149,4.768,32.172,32.045,2196000000.0,0.0,176.57,0.296,0.294,13780000000.0,11453000000.0,37832000000.0,37832000000.0,457000000.0,,,,,45000000.0,1489000000.0,1.0,230126791.0,229000000,233000000.0,165.205,36961000000.0,0.0,116000000.0,1588000000.0,161.402,3221000000.0
30,MCK,MRQ,2013-12-31,2013-12-31,2013-12-31,2021-08-05,-68000000.0,36479000000.0,,25234000000.0,11245000000.0,,34.9,-100000000.0,2431000000.0,2431000000.0,32486000000.0,65000000.0,1.152,3.545,4874000000.0,353000000.0,4521000000.0,4874000000.0,1286000000.0,163000000.0,0.0,0.005,0.24,388000000.0,551000000.0,0.016,551000000.0,388000000.0,319000000.0,0.28,0.28,0.28,8027000000.0,,8027000000.0,38989348783.0,18.0,13.557,-441000000.0,-1.917,1.0,1850000000.0,0.054,8366000000.0,69000000.0,8652000000.0,,11462000000.0,0.0,0.0,0.0,28452000000.0,21904000000.0,6548000000.0,37075348783.0,-529000000.0,97000000.0,31000000.0,0.0,-55000000.0,-36000000.0,-148000000.0,0.0,-341000000.0,-4000000.0,65000000.0,65000000.0,65000000.0,99000000.0,0.0,0.002,1357000000.0,493000000.0,16638000000.0,0.857,4.619,32.183,32.087,1359000000.0,0.0,161.4,0.285,0.285,10750000000.0,11138000000.0,34336000000.0,34336000000.0,0.0,,,,,42000000.0,1339000000.0,1.0,229710959.0,230000000,234000000.0,149.287,28113000000.0,0.0,254000000.0,1519000000.0,122.23,3330000000.0
31,MCK,MRQ,2013-09-30,2013-09-30,2013-09-30,2021-08-05,-16000000.0,35947000000.0,,24545000000.0,11402000000.0,,34.886,-98000000.0,2960000000.0,2960000000.0,30964000000.0,404000000.0,1.148,3.5,4874000000.0,353000000.0,4521000000.0,4874000000.0,1056000000.0,170000000.0,0.0,0.007,0.24,676000000.0,846000000.0,0.026,846000000.0,676000000.0,617000000.0,1.76,1.74,1.76,7989000000.0,,7989000000.0,31301521297.0,14.0,10.589,-1000000.0,-0.004,1.0,2021000000.0,0.061,8473000000.0,59000000.0,8009000000.0,,10484000000.0,0.0,0.0,0.0,27958000000.0,21379000000.0,6579000000.0,29332521297.0,55000000.0,-42000000.0,68000000.0,0.0,-46000000.0,36000000.0,-90000000.0,0.0,97000000.0,12000000.0,404000000.0,404000000.0,404000000.0,19000000.0,0.0,0.012,1335000000.0,686000000.0,16435000000.0,0.136,3.672,21.179,21.312,1348000000.0,0.0,128.3,0.231,0.231,10321000000.0,11130000000.0,32985000000.0,32985000000.0,0.0,,,,,73000000.0,1300000000.0,1.0,228624484.0,229000000,233000000.0,144.039,27474000000.0,0.0,213000000.0,1529000000.0,119.974,3166000000.0
32,MCK,MRQ,2013-06-30,2013-06-30,2013-06-30,2021-08-05,-118000000.0,35491000000.0,,24067000000.0,11424000000.0,,32.634,-101000000.0,2905000000.0,2905000000.0,30309000000.0,424000000.0,1.12,3.791,4874000000.0,352000000.0,4522000000.0,4874000000.0,1155000000.0,162000000.0,0.0,0.007,0.2,657000000.0,819000000.0,0.025,819000000.0,657000000.0,598000000.0,1.86,1.83,1.86,7408000000.0,,7408000000.0,28363970034.0,13.0,9.935,615000000.0,2.709,1.0,1930000000.0,0.06,8458000000.0,59000000.0,7521000000.0,,10332000000.0,0.0,0.0,0.0,28083000000.0,21481000000.0,6602000000.0,25946970034.0,449000000.0,-74000000.0,-77000000.0,0.0,-53000000.0,-73000000.0,-184000000.0,0.0,716000000.0,-10000000.0,424000000.0,424000000.0,424000000.0,4000000.0,0.0,0.013,1275000000.0,655000000.0,16654000000.0,0.108,3.503,18.775,19.211,1333000000.0,0.0,114.5,0.21,0.21,10013000000.0,10780000000.0,32239000000.0,32239000000.0,0.0,,,,,0.0,1260000000.0,1.0,226611092.0,227000000,232000000.0,142.022,27033000000.0,0.0,174000000.0,1412000000.0,119.088,2586000000.0
33,MCK,MRQ,2013-03-31,2013-03-31,2013-03-31,2021-08-05,-65000000.0,34786000000.0,,23170000000.0,11616000000.0,,30.474,-144000000.0,2456000000.0,2456000000.0,28651000000.0,259000000.0,1.085,3.92,4873000000.0,352000000.0,4521000000.0,4873000000.0,1359000000.0,198000000.0,0.0,0.007,0.2,462000000.0,660000000.0,0.022,660000000.0,462000000.0,392000000.0,1.13,1.1,1.13,7070000000.0,,7070000000.0,26895736601.0,12.0,9.795,2063000000.0,8.892,1.0,1992000000.0,0.065,8675000000.0,70000000.0,7171000000.0,,10335000000.0,0.0,0.0,0.0,27716000000.0,21357000000.0,6359000000.0,25142736601.0,-270000000.0,-1296000000.0,-747000000.0,-237000000.0,-47000000.0,-1038000000.0,-1425000000.0,0.0,2207000000.0,-14000000.0,259000000.0,259000000.0,259000000.0,20000000.0,0.0,0.008,1325000000.0,667000000.0,16108000000.0,0.177,3.556,18.791,18.907,1321000000.0,0.0,107.96,0.206,0.208,9975000000.0,10402000000.0,30643000000.0,30643000000.0,433000000.0,,,,,44000000.0,880000000.0,1.0,232889372.0,232000000,236000000.0,132.082,26111000000.0,0.0,133000000.0,1626000000.0,112.547,1813000000.0
34,MCK,MRQ,2012-12-31,2012-12-31,2012-12-31,2021-08-05,35000000.0,33433000000.0,,23439000000.0,9994000000.0,,32.549,-98000000.0,2726000000.0,2726000000.0,29454000000.0,298000000.0,1.16,3.371,4479000000.0,506000000.0,3973000000.0,4479000000.0,1431000000.0,131000000.0,0.0,0.008,0.2,500000000.0,631000000.0,0.02,631000000.0,500000000.0,441000000.0,1.27,1.24,1.27,7649000000.0,,7649000000.0,23636413093.0,10.0,8.193,-281000000.0,-1.196,1.0,1645000000.0,0.053,7109000000.0,59000000.0,7869000000.0,,10390000000.0,0.0,0.0,0.0,25784000000.0,20208000000.0,5576000000.0,22886413093.0,-105000000.0,-326000000.0,-328000000.0,892000000.0,-47000000.0,515000000.0,-433000000.0,0.0,-183000000.0,-4000000.0,298000000.0,298000000.0,298000000.0,8000000.0,0.0,0.01,1147000000.0,498000000.0,15047000000.0,0.157,2.992,14.304,14.45,1247000000.0,0.0,96.96,0.186,0.185,9962000000.0,10384000000.0,31099000000.0,31099000000.0,0.0,,,,,41000000.0,1147000000.0,1.0,236039739.0,235000000,240000000.0,132.336,26324000000.0,0.0,143000000.0,1519000000.0,112.017,3231000000.0
35,MCK,MRQ,2012-09-30,2012-09-30,2012-09-30,2021-08-05,46000000.0,32968000000.0,,23091000000.0,9877000000.0,,32.691,-80000000.0,2831000000.0,2831000000.0,28072000000.0,401000000.0,1.113,3.273,3581000000.0,508000000.0,3073000000.0,3581000000.0,1528000000.0,127000000.0,0.0,0.009,0.2,618000000.0,745000000.0,0.025,745000000.0,618000000.0,563000000.0,1.7,1.67,1.7,7715000000.0,,7715000000.0,21870836634.0,9.0,7.591,931000000.0,3.945,1.0,1683000000.0,0.057,6827000000.0,55000000.0,6141000000.0,,10070000000.0,0.0,0.0,0.0,25253000000.0,20750000000.0,4503000000.0,20303836634.0,818000000.0,-143000000.0,37000000.0,0.0,-47000000.0,-8000000.0,-201000000.0,0.0,1011000000.0,16000000.0,401000000.0,401000000.0,401000000.0,-2000000.0,0.0,0.013,1077000000.0,606000000.0,15501000000.0,0.118,2.632,12.674,12.917,1223000000.0,0.0,86.03,0.166,0.166,9823000000.0,10135000000.0,29755000000.0,29755000000.0,0.0,,,,,82000000.0,1033000000.0,1.0,236008795.0,236000000,240000000.0,126.081,26141000000.0,0.0,162000000.0,1710000000.0,110.767,2341000000.0
36,MCK,MRQ,2012-06-30,2012-06-30,2012-06-30,2021-08-05,-30000000.0,31748000000.0,,22054000000.0,9694000000.0,,30.521,-78000000.0,2013000000.0,2013000000.0,29138000000.0,380000000.0,1.097,3.408,3580000000.0,508000000.0,3072000000.0,3580000000.0,1317000000.0,125000000.0,0.0,0.009,0.2,585000000.0,710000000.0,0.023,710000000.0,585000000.0,529000000.0,1.61,1.58,1.61,7203000000.0,,7203000000.0,22899486375.0,10.0,8.309,-630000000.0,-2.669,1.0,1561000000.0,0.051,6703000000.0,56000000.0,6515000000.0,,10059000000.0,0.0,0.0,0.0,24545000000.0,20097000000.0,4448000000.0,22068486375.0,-1136000000.0,-108000000.0,-10000000.0,-400000000.0,-53000000.0,-425000000.0,-150000000.0,0.0,-552000000.0,-9000000.0,380000000.0,380000000.0,380000000.0,-1000000.0,0.0,0.012,1066000000.0,495000000.0,15151000000.0,0.124,3.064,14.742,15.219,1221000000.0,0.0,93.75,0.179,0.18,9564000000.0,9783000000.0,30699000000.0,30699000000.0,0.0,,,,,0.0,1050000000.0,1.0,235397188.0,236000000,240000000.0,130.081,25045000000.0,0.0,149000000.0,1534000000.0,106.123,1957000000.0
37,MCK,MRQ,2012-03-31,2012-03-31,2012-03-31,2021-08-05,5000000.0,33093000000.0,,23603000000.0,9490000000.0,,28.111,-91000000.0,3149000000.0,3149000000.0,29606000000.0,521000000.0,1.088,3.845,3980000000.0,908000000.0,3072000000.0,3980000000.0,1423000000.0,85000000.0,0.0,0.009,0.2,714000000.0,799000000.0,0.026,799000000.0,714000000.0,655000000.0,2.13,2.08,2.13,6831000000.0,,6831000000.0,21396612854.0,10.0,8.041,1143000000.0,4.704,1.0,1680000000.0,0.054,6782000000.0,59000000.0,5456000000.0,,10073000000.0,0.0,0.0,0.0,26262000000.0,21686000000.0,4576000000.0,21600612854.0,-1042000000.0,-847000000.0,-1157000000.0,-7000000.0,-49000000.0,-1208000000.0,-1072000000.0,0.0,1234000000.0,4000000.0,521000000.0,521000000.0,521000000.0,-24000000.0,0.0,0.017,998000000.0,682000000.0,16114000000.0,0.094,3.162,15.396,15.398,1043000000.0,0.0,87.77,0.177,0.177,9977000000.0,9451000000.0,31286000000.0,31286000000.0,402000000.0,,,,,41000000.0,592000000.0,1.0,246104738.0,243000000,248000000.0,128.749,26311000000.0,0.0,134000000.0,1092000000.0,108.276,1917000000.0
38,MCK,MRQ,2011-12-31,2011-12-31,2011-12-31,2021-08-05,2000000.0,33157000000.0,,24569000000.0,8588000000.0,,30.309,-80000000.0,4191000000.0,4191000000.0,29273000000.0,300000000.0,1.186,3.447,3987000000.0,409000000.0,3578000000.0,3987000000.0,1471000000.0,137000000.0,0.0,0.01,0.2,490000000.0,627000000.0,0.02,627000000.0,490000000.0,426000000.0,1.22,1.2,1.22,7456000000.0,,7456000000.0,19180631332.0,9.0,7.249,241000000.0,0.98,1.0,1566000000.0,0.051,5838000000.0,64000000.0,6400000000.0,,10376000000.0,0.0,0.0,0.0,25701000000.0,20715000000.0,4986000000.0,19131631332.0,248000000.0,-10000000.0,40000000.0,-6000000.0,-49000000.0,-12000000.0,-81000000.0,0.0,321000000.0,20000000.0,300000000.0,300000000.0,300000000.0,0.0,0.0,0.01,1074000000.0,492000000.0,15677000000.0,0.164,2.566,14.671,14.954,1015000000.0,0.0,77.91,0.16,0.16,9673000000.0,8981000000.0,30839000000.0,30839000000.0,0.0,,,,,35000000.0,1047000000.0,1.0,245560664.0,246000000,251000000.0,125.362,27319000000.0,0.0,126000000.0,1038000000.0,111.053,3854000000.0
39,MCK,MRQ,2011-09-30,2011-09-30,2011-09-30,2021-08-05,-21000000.0,31907000000.0,,23262000000.0,8645000000.0,,28.927,-118000000.0,3943000000.0,3943000000.0,28569000000.0,296000000.0,1.172,3.484,3992000000.0,414000000.0,3578000000.0,3992000000.0,1528000000.0,136000000.0,0.0,0.01,0.2,484000000.0,620000000.0,0.021,620000000.0,484000000.0,420000000.0,1.2,1.18,1.2,7116000000.0,,7116000000.0,18779322174.0,10.0,7.674,951000000.0,3.866,1.0,1647000000.0,0.055,5870000000.0,64000000.0,6241000000.0,,9426000000.0,0.0,0.0,0.0,24791000000.0,19845000000.0,4946000000.0,17906322174.0,827000000.0,-88000000.0,31000000.0,-1000000.0,-50000000.0,-17000000.0,-195000000.0,0.0,1069000000.0,-30000000.0,296000000.0,296000000.0,296000000.0,0.0,0.0,0.01,1169000000.0,478000000.0,14895000000.0,0.167,2.516,15.45,15.804,1006000000.0,0.0,72.7,0.153,0.152,9525000000.0,8731000000.0,30216000000.0,30216000000.0,0.0,,,,,39000000.0,1051000000.0,1.0,246304294.0,246000000,250000000.0,122.829,26037000000.0,0.0,124000000.0,1028000000.0,105.841,3417000000.0
40,MCK,MRQ,2011-06-30,2011-06-30,2011-06-30,2021-08-05,103000000.0,31017000000.0,,22374000000.0,8643000000.0,,27.779,-109000000.0,3116000000.0,3116000000.0,28471000000.0,286000000.0,1.169,3.484,3989000000.0,414000000.0,3575000000.0,3989000000.0,1290000000.0,135000000.0,0.0,0.009,0.2,480000000.0,615000000.0,0.021,615000000.0,480000000.0,416000000.0,1.15,1.13,1.15,6917000000.0,,6917000000.0,21481841095.0,11.0,8.815,217000000.0,0.871,1.0,1509000000.0,0.05,6006000000.0,64000000.0,6742000000.0,,9530000000.0,0.0,0.0,0.0,24100000000.0,19142000000.0,4958000000.0,21089841095.0,-496000000.0,-106000000.0,-621000000.0,-16000000.0,-47000000.0,-668000000.0,-154000000.0,0.0,326000000.0,0.0,286000000.0,286000000.0,286000000.0,0.0,0.0,0.01,1037000000.0,472000000.0,14547000000.0,0.174,3.049,17.723,17.912,988000000.0,0.0,83.65,0.184,0.182,9372000000.0,8486000000.0,29980000000.0,29980000000.0,0.0,,,,,39000000.0,1037000000.0,1.0,252120037.0,249000000,254000000.0,120.402,25011000000.0,0.0,130000000.0,1071000000.0,100.446,3232000000.0
41,MCK,MRQ,2011-03-31,2011-03-31,2011-03-31,2021-08-05,87000000.0,30886000000.0,,22357000000.0,8529000000.0,,28.314,-120000000.0,3612000000.0,3612000000.0,27102000000.0,422000000.0,1.194,3.278,4004000000.0,417000000.0,3587000000.0,4004000000.0,1321000000.0,144000000.0,0.0,0.009,0.18,640000000.0,784000000.0,0.027,784000000.0,640000000.0,558000000.0,1.64,1.61,1.64,7220000000.0,,7220000000.0,20948255925.0,11.0,8.638,880000000.0,3.451,1.0,1751000000.0,0.061,5820000000.0,82000000.0,6732000000.0,,9225000000.0,0.0,0.0,0.0,23666000000.0,18726000000.0,4940000000.0,20099255925.0,399000000.0,0.0,-373000000.0,-41000000.0,-45000000.0,-445000000.0,-158000000.0,0.0,1000000000.0,2000000.0,422000000.0,422000000.0,422000000.0,0.0,0.0,0.015,1128000000.0,623000000.0,14090000000.0,0.11,2.784,16.722,17.0,991000000.0,0.0,79.05,0.179,0.182,9187000000.0,8250000000.0,28853000000.0,28853000000.0,407000000.0,,,,,38000000.0,721000000.0,1.0,254260037.0,255000000,260000000.0,113.149,25066000000.0,0.0,136000000.0,1037000000.0,98.298,3631000000.0
42,MCK,MRQ,2010-12-31,2010-12-31,2010-12-31,2021-08-05,51000000.0,30396000000.0,,21693000000.0,8703000000.0,,27.874,-86000000.0,3213000000.0,3213000000.0,26786000000.0,155000000.0,1.102,3.293,4062000000.0,1757000000.0,2305000000.0,4062000000.0,1357000000.0,114000000.0,0.0,0.009,0.18,314000000.0,428000000.0,0.015,428000000.0,314000000.0,261000000.0,0.61,0.6,0.61,7080000000.0,,7080000000.0,17039577107.0,9.0,7.276,454000000.0,1.787,1.0,1461000000.0,0.052,6070000000.0,53000000.0,5490000000.0,,9547000000.0,0.0,0.0,0.0,23316000000.0,19685000000.0,3631000000.0,17810577107.0,163000000.0,-258000000.0,43000000.0,0.0,-46000000.0,-20000000.0,-371000000.0,0.0,540000000.0,14000000.0,155000000.0,155000000.0,155000000.0,0.0,0.0,0.005,1154000000.0,307000000.0,13581000000.0,0.295,2.516,15.79,16.406,934000000.0,0.0,70.38,0.162,0.163,8647000000.0,7876000000.0,28247000000.0,28247000000.0,0.0,,,,,33000000.0,965000000.0,1.0,253063045.0,254000000,258000000.0,111.209,24326000000.0,0.0,106000000.0,1100000000.0,95.772,2008000000.0
43,MCK,MRQ,2010-09-30,2010-09-30,2010-09-30,2021-08-05,-2000000.0,26792000000.0,,20244000000.0,6548000000.0,,26.415,-95000000.0,3050000000.0,3050000000.0,26168000000.0,327000000.0,1.236,2.931,2279000000.0,0.0,2279000000.0,2279000000.0,1066000000.0,118000000.0,0.0,0.01,0.18,492000000.0,610000000.0,0.022,610000000.0,492000000.0,448000000.0,1.27,1.25,1.27,6815000000.0,,6815000000.0,15165429003.0,7.0,5.892,175000000.0,0.678,1.0,1366000000.0,0.05,4204000000.0,44000000.0,5432000000.0,,8763000000.0,0.0,0.0,0.0,19977000000.0,16385000000.0,3592000000.0,16152429003.0,-215000000.0,75000000.0,-481000000.0,0.0,-47000000.0,-473000000.0,-16000000.0,0.0,270000000.0,4000000.0,327000000.0,327000000.0,327000000.0,-72000000.0,0.0,0.012,949000000.0,417000000.0,12834000000.0,0.142,2.37,12.435,12.634,860000000.0,0.0,61.78,0.147,0.145,8175000000.0,7767000000.0,27534000000.0,27534000000.0,0.0,,,,,33000000.0,925000000.0,1.0,261450777.0,258000000,262000000.0,106.721,22588000000.0,0.0,121000000.0,1074000000.0,87.55,3859000000.0
44,MCK,MRQ,2010-06-30,2010-06-30,2010-06-30,2021-08-05,-51000000.0,27399000000.0,,20791000000.0,6608000000.0,,25.861,-87000000.0,3265000000.0,3265000000.0,26058000000.0,298000000.0,1.231,2.983,2278000000.0,0.0,2278000000.0,2278000000.0,1160000000.0,120000000.0,0.0,0.008,0.18,483000000.0,603000000.0,0.022,603000000.0,483000000.0,440000000.0,1.12,1.1,1.12,6879000000.0,,6879000000.0,16791661468.0,8.0,6.59,441000000.0,1.658,1.0,1392000000.0,0.051,4272000000.0,43000000.0,5250000000.0,,9429000000.0,0.0,0.0,0.0,20520000000.0,16890000000.0,3630000000.0,18226661468.0,-466000000.0,0.0,-872000000.0,0.0,-33000000.0,-903000000.0,-79000000.0,0.0,528000000.0,-12000000.0,298000000.0,298000000.0,298000000.0,0.0,0.0,0.011,918000000.0,474000000.0,13296000000.0,0.161,2.65,14.318,14.139,864000000.0,0.0,67.16,0.166,0.163,7832000000.0,7488000000.0,27450000000.0,27450000000.0,0.0,,,,,33000000.0,918000000.0,1.0,271391624.0,266000000,272000000.0,103.195,23127000000.0,0.0,142000000.0,0.0,86.944,3901000000.0
45,MCK,MRQ,2010-03-31,2010-03-31,2010-03-31,2021-08-05,6000000.0,28189000000.0,,21504000000.0,6685000000.0,,28.0,-107000000.0,3731000000.0,3731000000.0,25060000000.0,348000000.0,1.264,2.743,2296000000.0,3000000.0,2293000000.0,2296000000.0,1218000000.0,124000000.0,0.0,0.007,0.12,577000000.0,701000000.0,0.026,701000000.0,577000000.0,532000000.0,1.29,1.26,1.29,7532000000.0,,7532000000.0,16787473588.0,8.0,6.649,484000000.0,1.799,1.0,1583000000.0,0.059,4353000000.0,45000000.0,5389000000.0,,9441000000.0,0.0,0.0,0.0,20657000000.0,17012000000.0,3645000000.0,17704473588.0,303000000.0,1000000.0,26000000.0,-219000000.0,-33000000.0,-184000000.0,-106000000.0,0.0,591000000.0,2000000.0,348000000.0,348000000.0,348000000.0,0.0,0.0,0.013,1010000000.0,573000000.0,13255000000.0,0.093,2.351,14.018,13.983,851000000.0,0.0,65.72,0.163,0.163,8075000000.0,7236000000.0,26643000000.0,26643000000.0,376000000.0,,,,,31000000.0,634000000.0,1.0,269392477.0,269000000,276000000.0,99.045,23836000000.0,0.0,184000000.0,977000000.0,88.61,4492000000.0
46,MCK,MRQ,2009-12-31,2009-12-31,2009-12-31,2021-08-05,23000000.0,27539000000.0,,20854000000.0,6685000000.0,,26.48,-82000000.0,3428000000.0,3428000000.0,26817000000.0,326000000.0,1.233,2.866,2511000000.0,217000000.0,2294000000.0,2511000000.0,1250000000.0,126000000.0,0.0,0.008,0.12,534000000.0,660000000.0,0.023,660000000.0,534000000.0,487000000.0,1.21,1.19,1.21,7123000000.0,,7123000000.0,16044916688.0,8.0,6.759,110000000.0,0.409,1.0,1455000000.0,0.051,4375000000.0,47000000.0,5329000000.0,,8842000000.0,0.0,0.0,0.0,20416000000.0,16918000000.0,3498000000.0,16748916688.0,213000000.0,-18000000.0,77000000.0,0.0,-32000000.0,30000000.0,-11000000.0,0.0,192000000.0,2000000.0,326000000.0,326000000.0,326000000.0,0.0,0.0,0.012,946000000.0,509000000.0,13021000000.0,0.099,2.351,14.004,14.108,835000000.0,0.0,62.5,0.155,0.155,8319000000.0,6921000000.0,28272000000.0,28272000000.0,0.0,,,,,30000000.0,946000000.0,1.0,267982667.0,269000000,274000000.0,105.1,23164000000.0,0.0,161000000.0,0.0,86.112,3936000000.0
47,MCK,MRQ,2009-09-30,2009-09-30,2009-09-30,2021-08-05,3000000.0,26624000000.0,,19930000000.0,6694000000.0,,25.165,-103000000.0,3215000000.0,3215000000.0,25795000000.0,301000000.0,1.214,2.962,2511000000.0,217000000.0,2294000000.0,2511000000.0,994000000.0,113000000.0,0.0,0.008,0.12,471000000.0,584000000.0,0.022,584000000.0,471000000.0,424000000.0,1.13,1.11,1.13,6719000000.0,,6719000000.0,15713637476.0,12.0,8.783,523000000.0,1.959,1.0,1335000000.0,0.049,4406000000.0,47000000.0,5094000000.0,,8598000000.0,0.0,0.0,0.0,19905000000.0,16420000000.0,3485000000.0,15848637476.0,571000000.0,0.0,53000000.0,0.0,-32000000.0,36000000.0,-106000000.0,0.0,626000000.0,15000000.0,301000000.0,301000000.0,301000000.0,0.0,0.0,0.011,868000000.0,467000000.0,12688000000.0,0.106,2.359,18.645,18.905,836000000.0,0.0,59.55,0.148,0.148,7838000000.0,6627000000.0,27130000000.0,27130000000.0,0.0,,,,,29000000.0,888000000.0,1.0,266140008.0,267000000,271000000.0,101.61,22218000000.0,0.0,123000000.0,0.0,83.213,3510000000.0
48,MCK,MRQ,2009-06-30,2009-06-30,2009-06-30,2021-08-05,-84000000.0,25717000000.0,,19062000000.0,6655000000.0,,23.226,-86000000.0,2644000000.0,2644000000.0,25354000000.0,288000000.0,1.196,3.101,2509000000.0,217000000.0,2292000000.0,2509000000.0,1088000000.0,111000000.0,0.0,0.011,0.12,469000000.0,580000000.0,0.022,580000000.0,469000000.0,421000000.0,1.07,1.06,1.07,6271000000.0,,6271000000.0,12342414044.0,10.0,7.13,821000000.0,3.041,1.0,1303000000.0,0.049,4409000000.0,48000000.0,5232000000.0,,8615000000.0,0.0,0.0,0.0,19446000000.0,15941000000.0,3505000000.0,11942414044.0,535000000.0,0.0,-267000000.0,0.0,-34000000.0,-303000000.0,-86000000.0,0.0,907000000.0,17000000.0,288000000.0,288000000.0,288000000.0,0.0,0.0,0.011,844000000.0,459000000.0,12156000000.0,0.112,1.904,13.633,13.707,814000000.0,0.0,44.0,0.112,0.111,7532000000.0,6358000000.0,26657000000.0,26657000000.0,0.0,,,,,24000000.0,844000000.0,1.0,271418501.0,270000000,272000000.0,98.73,21308000000.0,0.0,133000000.0,0.0,78.919,3121000000.0
49,MCK,MRQ,2009-03-31,2009-03-31,2009-03-31,2021-08-05,-179000000.0,25267000000.0,,18671000000.0,6596000000.0,,22.52,-104000000.0,2109000000.0,2109000000.0,24759000000.0,281000000.0,1.196,3.08,2509000000.0,219000000.0,2290000000.0,2509000000.0,1145000000.0,111000000.0,0.0,0.014,0.12,439000000.0,550000000.0,0.021,550000000.0,439000000.0,397000000.0,1.02,1.01,1.02,6193000000.0,,6193000000.0,10215079272.0,8.0,6.195,513000000.0,1.865,1.0,1465000000.0,0.056,4410000000.0,42000000.0,5651000000.0,,8527000000.0,0.0,0.0,0.0,19074000000.0,15606000000.0,3468000000.0,9595079272.0,934000000.0,25000000.0,-141000000.0,695000000.0,-33000000.0,527000000.0,-195000000.0,0.0,617000000.0,-15000000.0,281000000.0,281000000.0,281000000.0,0.0,0.0,0.011,967000000.0,498000000.0,11739000000.0,0.118,1.549,11.659,11.719,796000000.0,0.0,35.04,0.09,0.09,7774000000.0,6103000000.0,26224000000.0,26224000000.0,364000000.0,,,,,27000000.0,603000000.0,1.0,273832171.0,275000000,279000000.0,95.36,20857000000.0,0.0,116000000.0,0.0,75.844,3065000000.0
50,MCK,MRQ,2008-12-31,2008-12-31,2008-12-31,2021-08-05,-63000000.0,25302000000.0,,18372000000.0,6930000000.0,,22.496,-118000000.0,1175000000.0,1175000000.0,25787000000.0,-20000000.0,1.144,3.105,1795000000.0,0.0,1795000000.0,1795000000.0,1291000000.0,112000000.0,0.0,0.011,0.12,-37000000.0,75000000.0,0.003,75000000.0,-37000000.0,-70000000.0,-0.07,-0.07,-0.07,6164000000.0,,6164000000.0,11263783691.0,9.0,6.63,68000000.0,0.248,1.0,1343000000.0,0.05,4376000000.0,33000000.0,5489000000.0,,9395000000.0,0.0,0.0,0.0,19138000000.0,16057000000.0,3081000000.0,10591783691.0,52000000.0,0.0,14000000.0,0.0,-33000000.0,-20000000.0,-79000000.0,0.0,186000000.0,-35000000.0,-20000000.0,-20000000.0,-20000000.0,0.0,0.0,-0.001,1397000000.0,-54000000.0,12326000000.0,-1.714,1.718,12.476,12.74,788000000.0,0.0,38.73,0.099,0.1,7588000000.0,5857000000.0,27130000000.0,27130000000.0,0.0,,,,,19000000.0,904000000.0,1.0,273477503.0,274000000,274000000.0,99.015,20926000000.0,0.0,-50000000.0,0.0,76.372,2315000000.0
51,MCK,MRQ,2008-09-30,2008-09-30,2008-09-30,2021-08-05,103000000.0,24577000000.0,,17538000000.0,7039000000.0,,23.087,-92000000.0,1123000000.0,1123000000.0,25272000000.0,327000000.0,1.158,2.871,1795000000.0,0.0,1795000000.0,1795000000.0,1064000000.0,112000000.0,0.0,0.007,0.12,414000000.0,526000000.0,0.02,526000000.0,414000000.0,379000000.0,1.19,1.17,1.19,6349000000.0,,6349000000.0,15453798245.0,10.0,7.613,142000000.0,0.516,1.0,1302000000.0,0.049,4449000000.0,35000000.0,5652000000.0,,9183000000.0,0.0,0.0,0.0,18228000000.0,15148000000.0,3080000000.0,14846798245.0,-64000000.0,-78000000.0,-166000000.0,0.0,-33000000.0,-199000000.0,-91000000.0,0.0,234000000.0,-8000000.0,327000000.0,327000000.0,327000000.0,0.0,0.0,0.012,921000000.0,381000000.0,12086000000.0,0.101,2.338,13.876,14.161,777000000.0,0.0,53.81,0.14,0.14,7025000000.0,5910000000.0,26574000000.0,26574000000.0,0.0,,,,,25000000.0,921000000.0,1.0,275911508.0,275000000,280000000.0,96.633,20128000000.0,0.0,52000000.0,0.0,73.193,2390000000.0
52,MCK,MRQ,2008-06-30,2008-06-30,2008-06-30,2021-08-05,162000000.0,24987000000.0,,17931000000.0,7056000000.0,,22.531,-78000000.0,1187000000.0,1187000000.0,25436000000.0,235000000.0,1.148,3.004,1794000000.0,0.0,1794000000.0,1794000000.0,1167000000.0,106000000.0,0.0,0.005,0.12,392000000.0,498000000.0,0.019,498000000.0,392000000.0,358000000.0,0.85,0.83,0.85,6241000000.0,,6241000000.0,15937682868.0,10.0,8.017,236000000.0,0.852,1.0,1268000000.0,0.047,4426000000.0,34000000.0,5551000000.0,,9314000000.0,0.0,0.0,0.0,18746000000.0,15617000000.0,3129000000.0,15502682868.0,-175000000.0,-242000000.0,-112000000.0,0.0,-17000000.0,-130000000.0,-362000000.0,0.0,314000000.0,3000000.0,235000000.0,235000000.0,235000000.0,0.0,0.0,0.009,897000000.0,371000000.0,12421000000.0,0.141,2.484,15.659,16.159,779000000.0,0.0,55.91,0.149,0.149,7214000000.0,5782000000.0,26704000000.0,26704000000.0,0.0,,,,,28000000.0,897000000.0,1.0,277279250.0,277000000,282000000.0,96.404,20561000000.0,0.0,123000000.0,0.0,74.227,2314000000.0
53,MCK,MRQ,2008-03-31,2008-03-31,2008-03-31,2021-08-05,152000000.0,24603000000.0,,17786000000.0,6817000000.0,,21.477,-109000000.0,1362000000.0,1362000000.0,24784000000.0,307000000.0,1.159,3.019,1797000000.0,2000000.0,1795000000.0,1797000000.0,1210000000.0,100000000.0,0.0,0.005,0.06,500000000.0,600000000.0,0.023,600000000.0,500000000.0,466000000.0,1.07,1.04,1.07,6121000000.0,,6121000000.0,15635614985.0,10.0,7.933,807000000.0,2.832,1.0,1447000000.0,0.055,4205000000.0,34000000.0,5485000000.0,,9000000000.0,0.0,0.0,0.0,18482000000.0,15348000000.0,3134000000.0,15122614985.0,-74000000.0,-18000000.0,-715000000.0,-153000000.0,-17000000.0,-871000000.0,-119000000.0,0.0,916000000.0,0.0,307000000.0,307000000.0,307000000.0,-2000000.0,0.0,0.012,966000000.0,481000000.0,12032000000.0,0.056,2.471,15.275,15.403,775000000.0,0.0,52.37,0.149,0.15,7213000000.0,5586000000.0,26231000000.0,26231000000.0,347000000.0,,,,,89000000.0,619000000.0,1.0,288764846.0,285000000,292000000.0,92.039,20398000000.0,0.0,159000000.0,0.0,71.572,2438000000.0
54,MCK,MRQ,2007-12-31,2007-12-31,2007-12-31,2021-08-05,143000000.0,25365000000.0,,18684000000.0,6681000000.0,,22.431,-86000000.0,1436000000.0,1436000000.0,25290000000.0,201000000.0,1.179,2.899,1949000000.0,152000000.0,1797000000.0,1949000000.0,1183000000.0,93000000.0,0.0,0.004,0.06,313000000.0,406000000.0,0.015,406000000.0,313000000.0,277000000.0,0.69,0.68,0.69,6505000000.0,,6505000000.0,17422764316.0,12.0,9.408,-1405000000.0,-4.845,1.0,1204000000.0,0.045,4231000000.0,36000000.0,5800000000.0,,9568000000.0,0.0,0.0,0.0,18860000000.0,15847000000.0,3013000000.0,18957764316.0,-1082000000.0,-541000000.0,-117000000.0,-1000000.0,-17000000.0,-101000000.0,342000000.0,0.0,-1319000000.0,-4000000.0,201000000.0,201000000.0,201000000.0,0.0,0.0,0.008,922000000.0,282000000.0,12359000000.0,0.087,2.914,20.168,20.536,747000000.0,0.0,65.51,0.19,0.191,7465000000.0,5297000000.0,26494000000.0,26494000000.0,0.0,,,,,-2000000.0,922000000.0,1.0,289387335.0,290000000,297000000.0,91.359,21134000000.0,0.0,76000000.0,0.0,72.876,2837000000.0
55,MCK,MRQ,2007-09-30,2007-09-30,2007-09-30,2021-08-05,150000000.0,25034000000.0,,18789000000.0,6245000000.0,,21.788,-85000000.0,3485000000.0,3485000000.0,23269000000.0,247000000.0,1.203,2.921,1950000000.0,152000000.0,1798000000.0,1950000000.0,970000000.0,89000000.0,0.0,0.004,0.06,395000000.0,484000000.0,0.02,484000000.0,395000000.0,359000000.0,0.85,0.83,0.85,6384000000.0,,6384000000.0,16168646289.0,10.0,8.623,755000000.0,2.577,1.0,1181000000.0,0.048,3818000000.0,36000000.0,4069000000.0,,8303000000.0,0.0,0.0,0.0,18650000000.0,15612000000.0,3038000000.0,17388646289.0,315000000.0,-29000000.0,-394000000.0,0.0,-18000000.0,-405000000.0,-131000000.0,0.0,840000000.0,11000000.0,247000000.0,247000000.0,247000000.0,0.0,0.0,0.01,822000000.0,359000000.0,11773000000.0,0.071,2.724,17.707,17.708,714000000.0,0.0,58.79,0.181,0.179,6820000000.0,5113000000.0,24450000000.0,24450000000.0,0.0,,,,,22000000.0,827000000.0,1.0,295775579.0,293000000,299000000.0,83.447,21216000000.0,0.0,112000000.0,0.0,72.41,3177000000.0
56,MCK,MRQ,2007-06-30,2007-06-30,2007-06-30,2021-08-05,82000000.0,24312000000.0,,18157000000.0,6155000000.0,,21.68,-76000000.0,3170000000.0,3170000000.0,23351000000.0,235000000.0,1.222,2.776,1950000000.0,152000000.0,1798000000.0,1950000000.0,1006000000.0,89000000.0,0.0,0.004,0.06,392000000.0,481000000.0,0.02,481000000.0,392000000.0,356000000.0,0.79,0.77,0.79,6439000000.0,,6439000000.0,16745286042.0,12.0,9.618,356000000.0,1.199,1.0,1177000000.0,0.048,3781000000.0,36000000.0,4452000000.0,,8000000000.0,0.0,0.0,0.0,17873000000.0,14859000000.0,3014000000.0,17725286042.0,249000000.0,-22000000.0,-118000000.0,-8000000.0,-18000000.0,-93000000.0,-97000000.0,0.0,432000000.0,7000000.0,235000000.0,235000000.0,235000000.0,1000000.0,0.0,0.01,821000000.0,356000000.0,11027000000.0,0.076,2.753,18.387,18.407,691000000.0,0.0,59.64,0.188,0.188,6790000000.0,4881000000.0,24528000000.0,24528000000.0,0.0,,,,,-18000000.0,821000000.0,1.0,297204662.0,297000000,304000000.0,82.586,20531000000.0,0.0,121000000.0,0.0,69.128,3298000000.0
57,MCK,MRQ,2007-03-31,2007-03-31,2007-03-31,2021-08-05,31000000.0,23943000000.0,,17856000000.0,6087000000.0,,21.264,-111000000.0,2916000000.0,2916000000.0,22914000000.0,257000000.0,1.18,2.817,1958000000.0,155000000.0,1803000000.0,1958000000.0,1027000000.0,87000000.0,0.0,0.004,0.06,394000000.0,481000000.0,0.02,481000000.0,394000000.0,363000000.0,0.86,0.84,0.86,6273000000.0,,6273000000.0,15299543014.0,11.0,9.352,873000000.0,2.959,1.0,1251000000.0,0.052,3754000000.0,31000000.0,4105000000.0,,8153000000.0,0.0,0.0,0.0,17670000000.0,15126000000.0,2544000000.0,17292543014.0,-59000000.0,-1828000000.0,-87000000.0,977000000.0,-18000000.0,908000000.0,-1951000000.0,0.0,984000000.0,0.0,257000000.0,257000000.0,257000000.0,0.0,0.0,0.011,883000000.0,368000000.0,10873000000.0,0.07,2.757,18.94,19.131,684000000.0,0.0,58.54,0.186,0.188,6566000000.0,4712000000.0,24165000000.0,24165000000.0,284000000.0,,,,,-6000000.0,599000000.0,1.0,295397045.0,295000000,305000000.0,81.915,20189000000.0,0.0,106000000.0,0.0,68.437,2730000000.0
58,MCK,MRQ,2006-12-31,2006-12-31,2006-12-31,2021-08-05,76000000.0,22490000000.0,,18304000000.0,4186000000.0,,20.601,-58000000.0,2975000000.0,2975000000.0,22050000000.0,243000000.0,1.243,2.688,982000000.0,25000000.0,957000000.0,982000000.0,1048000000.0,69000000.0,0.0,0.005,0.06,360000000.0,429000000.0,0.019,429000000.0,360000000.0,337000000.0,0.82,0.8,0.82,6098000000.0,,6098000000.0,12754627894.0,10.0,7.972,-188000000.0,-0.635,1.0,1061000000.0,0.046,1982000000.0,23000000.0,3789000000.0,,8616000000.0,0.0,0.0,0.0,16392000000.0,14726000000.0,1666000000.0,15005627894.0,-241000000.0,-11000000.0,-50000000.0,-3000000.0,-18000000.0,-62000000.0,-48000000.0,0.0,-130000000.0,-1000000.0,243000000.0,243000000.0,243000000.0,-3000000.0,0.0,0.011,743000000.0,318000000.0,10859000000.0,0.073,2.461,17.13,17.363,616000000.0,0.0,50.7,0.164,0.164,6427000000.0,4473000000.0,23111000000.0,23111000000.0,0.0,,,,,8000000.0,743000000.0,1.0,295968992.0,296000000,302000000.0,78.078,20508000000.0,0.0,94000000.0,0.0,69.284,3578000000.0
59,MCK,MRQ,2006-09-30,2006-09-30,2006-09-30,2021-08-05,94000000.0,21479000000.0,,17302000000.0,4177000000.0,,19.869,-64000000.0,3235000000.0,3235000000.0,21362000000.0,229000000.0,1.242,2.628,984000000.0,25000000.0,959000000.0,984000000.0,813000000.0,70000000.0,0.0,0.005,0.06,280000000.0,350000000.0,0.016,350000000.0,280000000.0,258000000.0,0.77,0.75,0.77,5921000000.0,,5921000000.0,13787796273.0,11.0,8.771,324000000.0,1.087,1.0,1024000000.0,0.046,1978000000.0,22000000.0,3320000000.0,,7791000000.0,0.0,0.0,0.0,15558000000.0,13930000000.0,1628000000.0,15780796273.0,254000000.0,171000000.0,-244000000.0,-5000000.0,-18000000.0,-242000000.0,102000000.0,0.0,388000000.0,6000000.0,229000000.0,229000000.0,229000000.0,58000000.0,0.0,0.01,718000000.0,306000000.0,10426000000.0,0.078,2.665,19.105,19.311,634000000.0,0.0,52.72,0.174,0.173,5983000000.0,4248000000.0,22386000000.0,22386000000.0,0.0,,,,,-12000000.0,724000000.0,1.0,299332251.0,298000000,305000000.0,75.121,19501000000.0,0.0,29000000.0,0.0,65.44,3372000000.0
60,MCK,MRQ,2006-06-30,2006-06-30,2006-06-30,2021-08-05,94000000.0,21339000000.0,,17112000000.0,4227000000.0,,19.566,-73000000.0,2981000000.0,2981000000.0,22319000000.0,184000000.0,1.238,2.611,988000000.0,26000000.0,962000000.0,988000000.0,828000000.0,69000000.0,0.0,0.005,0.06,307000000.0,376000000.0,0.016,376000000.0,307000000.0,285000000.0,0.61,0.6,0.61,5909000000.0,,5909000000.0,12265812370.0,9.0,7.868,224000000.0,0.742,1.0,996000000.0,0.043,2062000000.0,22000000.0,3459000000.0,,7714000000.0,0.0,0.0,0.0,15430000000.0,13825000000.0,1605000000.0,14378812370.0,-139000000.0,-91000000.0,-223000000.0,-3000000.0,-18000000.0,-225000000.0,-211000000.0,0.0,297000000.0,0.0,184000000.0,184000000.0,184000000.0,0.0,0.0,0.008,724000000.0,272000000.0,10389000000.0,0.098,2.433,18.82,18.912,644000000.0,0.0,47.28,0.16,0.159,6249000000.0,4037000000.0,23315000000.0,23315000000.0,0.0,,,,,0.0,724000000.0,1.0,304120397.0,302000000,309000000.0,77.202,19277000000.0,0.0,101000000.0,0.0,63.831,3287000000.0
61,MCK,MRQ,2006-03-31,2006-03-31,2006-03-31,2021-08-05,55000000.0,20961000000.0,,16997000000.0,3964000000.0,,19.304,-61000000.0,3101000000.0,3101000000.0,21751000000.0,220000000.0,1.262,2.549,991000000.0,26000000.0,965000000.0,991000000.0,827000000.0,68000000.0,0.0,0.005,0.06,377000000.0,445000000.0,0.02,445000000.0,377000000.0,352000000.0,0.72,0.69,0.72,5907000000.0,,5907000000.0,14766401188.0,12.0,9.632,1211000000.0,3.958,1.0,1039000000.0,0.046,1892000000.0,25000000.0,3489000000.0,,7127000000.0,0.0,0.0,0.0,15054000000.0,13470000000.0,1584000000.0,15958401188.0,-42000000.0,-29000000.0,-246000000.0,-1000000.0,-18000000.0,-266000000.0,-1045000000.0,0.0,1272000000.0,-3000000.0,220000000.0,220000000.0,220000000.0,3000000.0,0.0,0.01,701000000.0,338000000.0,9944000000.0,0.083,2.702,21.25,21.191,663000000.0,0.0,52.13,0.183,0.183,6247000000.0,3871000000.0,22790000000.0,22790000000.0,223000000.0,,,,,16000000.0,486000000.0,1.0,306127013.0,306000000,319000000.0,74.477,19069000000.0,0.0,132000000.0,0.0,62.317,3527000000.0
62,MCK,MRQ,2005-12-31,2005-12-31,2005-12-31,2021-08-05,50000000.0,20760000000.0,,16931000000.0,3829000000.0,,19.244,-118000000.0,2183000000.0,2183000000.0,21266000000.0,193000000.0,1.274,2.514,991000000.0,6000000.0,985000000.0,991000000.0,770000000.0,69000000.0,0.0,0.005,0.06,332000000.0,401000000.0,0.018,401000000.0,332000000.0,310000000.0,0.63,0.61,0.63,5908000000.0,,5908000000.0,13870755041.0,11.0,8.937,-654000000.0,-2.13,1.0,974000000.0,0.044,1953000000.0,22000000.0,4330000000.0,,8208000000.0,112000000.0,0.0,112000000.0,14852000000.0,13285000000.0,1567000000.0,15872755041.0,-814000000.0,13000000.0,-137000000.0,-3000000.0,-19000000.0,-162000000.0,-116000000.0,0.0,-536000000.0,0.0,193000000.0,193000000.0,193000000.0,11000000.0,0.0,0.009,666000000.0,308000000.0,10179000000.0,0.095,2.687,20.092,19.616,667000000.0,0.0,51.59,0.19,0.189,6380000000.0,3670000000.0,22240000000.0,22240000000.0,0.0,,,,,0.0,665000000.0,1.0,307671158.0,307000000,316000000.0,72.443,18807000000.0,0.0,117000000.0,0.0,61.261,3646000000.0
63,MCK,MRQ,2005-09-30,2005-09-30,2005-09-30,2021-08-05,51000000.0,20456000000.0,,16685000000.0,3771000000.0,,19.003,-71000000.0,2996000000.0,2996000000.0,20385000000.0,167000000.0,1.282,2.495,994000000.0,6000000.0,988000000.0,994000000.0,539000000.0,61000000.0,0.0,0.005,0.06,276000000.0,337000000.0,0.016,337000000.0,276000000.0,254000000.0,0.54,0.53,0.54,5853000000.0,,5853000000.0,13222185863.0,881.0,50.274,1293000000.0,4.198,1.0,868000000.0,0.041,1956000000.0,22000000.0,3488000000.0,,7588000000.0,119000000.0,0.0,119000000.0,14603000000.0,13010000000.0,1593000000.0,14631185863.0,586000000.0,-502000000.0,-96000000.0,-9000000.0,-18000000.0,-218000000.0,-560000000.0,0.0,1364000000.0,0.0,167000000.0,167000000.0,167000000.0,-15000000.0,0.0,0.008,642000000.0,226000000.0,10055000000.0,0.111,2.5,-212.046,-182.5,649000000.0,0.0,47.45,0.178,0.178,5855000000.0,3494000000.0,21253000000.0,21253000000.0,0.0,,,,,0.0,642000000.0,1.0,308349544.0,308000000,316000000.0,69.003,18500000000.0,0.0,87000000.0,0.0,60.065,3675000000.0
64,MCK,MRQ,2005-06-30,2005-06-30,2005-06-30,2021-08-05,23000000.0,19129000000.0,,15745000000.0,3384000000.0,,18.99,-76000000.0,2409000000.0,2409000000.0,20043000000.0,171000000.0,1.333,2.335,1000000000.0,8000000.0,992000000.0,1000000000.0,573000000.0,64000000.0,0.0,0.005,0.06,290000000.0,354000000.0,0.017,354000000.0,290000000.0,265000000.0,0.57,0.55,0.57,5735000000.0,,5735000000.0,12846594301.0,-109.0,98.82,562000000.0,1.861,1.0,925000000.0,0.044,1662000000.0,25000000.0,4249000000.0,,7228000000.0,170000000.0,9000000.0,161000000.0,13394000000.0,11809000000.0,1585000000.0,13436094301.0,609000000.0,-8000000.0,89000000.0,-11000000.0,-18000000.0,63000000.0,-92000000.0,0.0,638000000.0,0.0,171000000.0,171000000.0,171000000.0,-1000000.0,0.0,0.008,664000000.0,261000000.0,8762000000.0,0.105,2.343,-89.574,-87.824,628000000.0,0.0,44.79,0.166,0.167,5782000000.0,3346000000.0,20968000000.0,20968000000.0,0.0,,,,,0.0,612000000.0,1.0,299979779.0,302000000,313000000.0,69.43,17467000000.0,0.0,94000000.0,0.0,57.838,3936000000.0
65,MCK,MRQ,2005-03-31,2005-03-31,2005-03-31,2021-08-05,32000000.0,18775000000.0,,15362000000.0,3413000000.0,,17.761,-90000000.0,1800000000.0,1800000000.0,18304000000.0,259000000.0,1.303,2.559,1211000000.0,9000000.0,1202000000.0,1211000000.0,593000000.0,61000000.0,0.0,0.006,0.06,399000000.0,460000000.0,0.024,460000000.0,399000000.0,371000000.0,0.89,0.89,0.89,5275000000.0,,5275000000.0,11572552435.0,-88.0,102.412,956000000.0,3.219,1.0,926000000.0,0.048,1659000000.0,28000000.0,4735000000.0,,7495000000.0,163000000.0,0.0,163000000.0,13500000000.0,11792000000.0,1708000000.0,11143752435.0,767000000.0,9000000.0,106000000.0,-251000000.0,-17000000.0,-162000000.0,-117000000.0,0.0,1046000000.0,0.0,259000000.0,259000000.0,259000000.0,-14000000.0,0.0,0.013,563000000.0,363000000.0,8733000000.0,0.067,2.113,-70.979,-71.226,616000000.0,0.0,37.75,0.141,0.14,5721000000.0,3194000000.0,19230000000.0,19230000000.0,182000000.0,,,,,0.0,381000000.0,1.0,295198740.0,297000000,297000000.0,64.747,17116000000.0,0.0,112000000.0,0.0,57.63,3570000000.0
66,MCK,MRQ,2004-12-31,2004-12-31,2004-12-31,2021-08-05,37500000.0,18684200000.0,,15309400000.0,3374800000.0,,16.751,-62000000.0,1032900000.0,1032900000.0,19933000000.0,-666000000.0,1.271,2.794,1461700000.0,259900000.0,1201800000.0,1461700000.0,610700000.0,62000000.0,0.0,0.008,0.06,-950000000.0,-888000000.0,-0.043,-888000000.0,-950000000.0,-980000000.0,-2.26,-2.26,-2.26,4924700000.0,,4924700000.0,9716688803.0,-48.0,203.278,70000000.0,0.238,1.0,836000000.0,0.04,1644100000.0,30000000.0,5420800000.0,,8316700000.0,169000000.0,8900000.0,160100000.0,13759500000.0,12048100000.0,1711400000.0,9246588803.0,37000000.0,-37000000.0,28000000.0,-3000000.0,-18000000.0,12000000.0,-107000000.0,0.0,132000000.0,0.0,-666000000.0,-666000000.0,-666000000.0,-1000000.0,0.0,-0.032,1803000000.0,-967000000.0,8821700000.0,-0.027,1.878,-45.934,-46.955,612000000.0,0.0,31.46,0.119,0.119,5615600000.0,2952400000.0,20769000000.0,20769000000.0,0.0,,,,,0.0,603000000.0,1.0,293915728.0,294000000,294000000.0,70.643,17040100000.0,0.0,-314000000.0,0.0,57.96,3261300000.0
67,MCK,MRQ,2004-09-30,2004-09-30,2004-09-30,2021-08-05,5300000.0,17965700000.0,,14636400000.0,3329300000.0,,18.881,-61000000.0,996200000.0,996200000.0,19191000000.0,86000000.0,1.364,2.248,1466300000.0,261200000.0,1205100000.0,1466300000.0,429000000.0,61000000.0,0.0,0.009,0.06,143000000.0,204000000.0,0.01,204000000.0,143000000.0,113000000.0,0.29,0.29,0.29,5532100000.0,,5532100000.0,8185491349.0,9.0,6.894,193000000.0,0.659,1.0,731000000.0,0.037,1641600000.0,30000000.0,6062500000.0,,7935100000.0,187600000.0,9200000.0,178400000.0,12433600000.0,10731700000.0,1701900000.0,7530591349.0,159000000.0,1000000.0,6000000.0,-24000000.0,-17000000.0,-38000000.0,-57000000.0,0.0,254000000.0,0.0,86000000.0,86000000.0,86000000.0,0.0,0.0,0.004,603000000.0,128000000.0,8743100000.0,0.207,1.361,12.875,12.825,599300000.0,0.0,25.65,0.1,0.1,5561800000.0,3635300000.0,19922000000.0,19922000000.0,0.0,,,,,0.0,603000000.0,1.0,293590306.0,293000000,300000000.0,67.993,16324100000.0,0.0,27000000.0,0.0,55.714,3904700000.0
68,MCK,MRQ,2004-06-30,2004-06-30,2004-06-30,2021-08-05,-22300000.0,17143400000.0,,13816300000.0,3327100000.0,,18.636,-58000000.0,836700000.0,836700000.0,18326000000.0,164000000.0,1.38,2.161,1491600000.0,286400000.0,1205200000.0,1491600000.0,469800000.0,61000000.0,0.0,0.007,0.06,276000000.0,337000000.0,0.018,337000000.0,276000000.0,246000000.0,0.56,0.55,0.56,5423000000.0,,5423000000.0,10828658028.0,10.0,8.457,53000000.0,0.182,1.0,849000000.0,0.044,1632200000.0,30000000.0,6153700000.0,,7379200000.0,210100000.0,10100000.0,200000000.0,11720400000.0,10012400000.0,1708000000.0,10052058028.0,129000000.0,-37000000.0,83000000.0,10000000.0,-18000000.0,97000000.0,-79000000.0,0.0,111000000.0,0.0,164000000.0,164000000.0,164000000.0,-1000000.0,0.0,0.009,589000000.0,260000000.0,8253600000.0,0.107,1.854,15.337,15.258,594400000.0,0.0,34.33,0.14,0.139,5448400000.0,3566700000.0,19175000000.0,19175000000.0,0.0,,,,,0.0,589000000.0,1.0,292806817.0,291000000,300000000.0,65.893,15511200000.0,0.0,82000000.0,0.0,53.303,3803900000.0
69,MCK,MRQ,2004-03-31,2004-03-31,2004-03-31,2021-08-05,-15600000.0,16240200000.0,,13004200000.0,3236000000.0,,17.811,-80400000.0,708000000.0,708000000.0,16762500000.0,214700000.0,1.381,2.144,1484600000.0,274800000.0,1209800000.0,1484600000.0,503200000.0,64700000.0,0.0,0.008,0.06,330100000.0,394800000.0,0.022,394800000.0,330100000.0,300100000.0,0.74,0.73,0.74,5165300000.0,,5165300000.0,10260850478.0,10.0,8.144,756700000.0,2.609,1.0,881300000.0,0.05,1619600000.0,30000000.0,5980900000.0,,6735100000.0,182000000.0,9800000.0,172200000.0,11074900000.0,9416300000.0,1658600000.0,8757650478.0,507500000.0,-3400000.0,-30500000.0,-223900000.0,-17700000.0,-261400000.0,-68200000.0,0.0,837100000.0,0.0,214700000.0,214700000.0,214700000.0,-4000000.0,0.0,0.012,566500000.0,314800000.0,7362100000.0,0.081,1.695,13.536,13.493,599900000.0,0.0,30.09,0.127,0.126,5418800000.0,3420600000.0,17643800000.0,17643800000.0,173000000.0,,,,,0.0,393500000.0,1.0,291048537.0,290000000,299000000.0,60.841,14620600000.0,0.0,85400000.0,378900000.0,50.416,3587900000.0
70,MCK,MRQ,2003-12-31,2003-12-31,2003-12-31,2021-08-05,-3900000.0,15954800000.0,,12778900000.0,3175900000.0,,17.126,-60700000.0,200500000.0,200500000.0,17476400000.0,120200000.0,1.409,2.21,1703700000.0,234100000.0,1469600000.0,1703700000.0,543900000.0,57400000.0,0.0,0.007,0.06,194200000.0,251600000.0,0.014,251600000.0,194200000.0,164000000.0,0.41,0.41,0.41,4969900000.0,,4969900000.0,10537503859.0,10.0,8.619,-4500000.0,-0.016,1.0,755500000.0,0.041,1619500000.0,30200000.0,6766900000.0,,7106000000.0,192900000.0,13700000.0,179200000.0,10984900000.0,9071600000.0,1913300000.0,9371903859.0,-61100000.0,-38300000.0,-15800000.0,78700000.0,-17500000.0,48700000.0,-166000000.0,-60800000.0,56200000.0,0.0,120200000.0,120200000.0,120200000.0,0.0,0.0,0.007,571000000.0,184500000.0,7304100000.0,0.146,1.886,15.331,15.242,596000000.0,0.0,32.16,0.141,0.14,5346000000.0,3223700000.0,18231900000.0,18231900000.0,0.0,,,,,0.0,571000000.0,1.0,291414921.0,290200000,298700000.0,62.825,14335300000.0,0.0,43800000.0,0.0,49.398,3707300000.0
71,MCK,MRQ,2003-09-30,2003-09-30,2003-09-30,2021-08-05,-36600000.0,15375600000.0,,12263600000.0,3112000000.0,,16.72,-60800000.0,261600000.0,261600000.0,15998400000.0,156500000.0,1.423,2.172,1427200000.0,151400000.0,1275800000.0,1427200000.0,379200000.0,54900000.0,0.0,0.007,0.06,242200000.0,297100000.0,0.018,297100000.0,242200000.0,212200000.0,0.54,0.53,0.54,4847000000.0,,4847000000.0,10519820218.0,10.0,8.383,-399900000.0,-1.379,1.0,811700000.0,0.048,1581700000.0,30000000.0,6343100000.0,,6944400000.0,205000000.0,15100000.0,189900000.0,10528600000.0,8616400000.0,1912200000.0,9669220218.0,-183600000.0,-6700000.0,22900000.0,133600000.0,-17300000.0,157900000.0,-2400000.0,64800000.0,-339100000.0,0.0,156500000.0,156500000.0,156500000.0,0.0,0.0,0.009,584600000.0,227100000.0,7221900000.0,0.111,1.995,15.461,15.412,591800000.0,0.0,33.29,0.153,0.153,4945200000.0,3120800000.0,16810100000.0,16810100000.0,0.0,,,,,0.0,584600000.0,1.0,290454197.0,289900000,300300000.0,57.986,13793900000.0,0.0,55700000.0,0.0,47.582,3647200000.0
72,MCK,MRQ,2003-06-30,2003-06-30,2003-06-30,2021-08-05,-25600000.0,14764800000.0,,11625900000.0,3138900000.0,,16.129,-81100000.0,445200000.0,445200000.0,15737700000.0,155600000.0,1.416,2.159,1295800000.0,16400000.0,1279400000.0,1295800000.0,423000000.0,53000000.0,0.0,0.007,0.06,263500000.0,316500000.0,0.019,316500000.0,263500000.0,233700000.0,0.54,0.53,0.54,4674300000.0,,4674300000.0,11126592335.0,11.0,9.068,-40300000.0,-0.139,1.0,786500000.0,0.048,1582600000.0,29800000.0,5820100000.0,,5968200000.0,255400000.0,11700000.0,243700000.0,10090500000.0,8212700000.0,1877800000.0,10347692335.0,-76800000.0,-600000.0,-40600000.0,-5400000.0,-17500000.0,-54200000.0,-63400000.0,-4000000.0,40800000.0,0.0,155600000.0,155600000.0,155600000.0,0.0,0.0,0.009,534900000.0,251600000.0,6981300000.0,0.111,2.214,17.429,17.434,596500000.0,0.0,35.74,0.172,0.173,5090500000.0,2981600000.0,16524200000.0,16524200000.0,0.0,,,,,0.0,534900000.0,1.0,289526926.0,289800000,298100000.0,57.019,13182200000.0,0.0,78100000.0,0.0,45.487,3413200000.0
73,MCK,MRQ,2003-03-31,2003-03-31,2003-03-31,2021-08-05,-59100000.0,14361100000.0,,11253600000.0,3107500000.0,,15.611,-90100000.0,522000000.0,522000000.0,14001500000.0,179000000.0,1.411,2.173,1507100000.0,10200000.0,1496900000.0,1507100000.0,459700000.0,52900000.0,0.0,0.01,0.06,304500000.0,357400000.0,0.024,357400000.0,304500000.0,272400000.0,0.62,0.61,0.62,4525500000.0,,4525500000.0,8268862373.0,9.0,7.028,318000000.0,1.097,1.0,884800000.0,0.059,1580600000.0,32100000.0,5790400000.0,,6022500000.0,257100000.0,11500000.0,245600000.0,9835600000.0,7975200000.0,1860400000.0,7253562373.0,205900000.0,-29000000.0,8900000.0,-31900000.0,-17400000.0,-41100000.0,-161100000.0,-75500000.0,408100000.0,0.0,179000000.0,179000000.0,179000000.0,2600000.0,0.0,0.012,586000000.0,298800000.0,6482800000.0,0.097,1.603,13.06,12.984,593700000.0,0.0,24.93,0.127,0.126,4594700000.0,2843300000.0,14886300000.0,14886300000.0,149400000.0,,,,,0.0,436600000.0,1.0,290957175.0,289900000,297300000.0,51.35,12780500000.0,0.0,93400000.0,221300000.0,44.086,3278400000.0
74,MCK,MRQ,2002-12-31,2002-12-31,2002-12-31,2021-08-05,-81400000.0,13804200000.0,,10774800000.0,3029400000.0,,14.954,-71400000.0,316100000.0,316100000.0,14193400000.0,134300000.0,1.412,2.186,1331400000.0,39300000.0,1292100000.0,1331400000.0,474000000.0,50000000.0,0.0,0.009,0.06,233900000.0,283900000.0,0.019,283900000.0,233900000.0,203500000.0,0.46,0.46,0.46,4332200000.0,,4332200000.0,9287749203.0,10.0,8.449,319400000.0,1.103,1.0,727600000.0,0.049,1571100000.0,30400000.0,5614900000.0,,6541000000.0,193700000.0,11300000.0,182400000.0,9472000000.0,7633500000.0,1838500000.0,7869049203.0,15800000.0,-1500000.0,-1800000.0,-386600000.0,-17700000.0,-392000000.0,17000000.0,94400000.0,390800000.0,0.0,134300000.0,134300000.0,134300000.0,0.0,0.0,0.009,517800000.0,209800000.0,6315400000.0,0.13,1.816,15.682,15.534,582400000.0,0.0,27.03,0.143,0.142,3801300000.0,2681700000.0,14921000000.0,14921000000.0,0.0,,,,,0.0,517800000.0,1.0,291122797.0,289700000,298000000.0,51.505,12233100000.0,0.0,69200000.0,0.0,42.227,3141300000.0
75,MCK,MRQ,2002-09-30,2002-09-30,2002-09-30,2021-08-05,-86700000.0,13869100000.0,,10811600000.0,3057500000.0,,14.52,-77400000.0,300300000.0,300300000.0,12951000000.0,124800000.0,1.38,2.303,1719000000.0,423600000.0,1295400000.0,1719000000.0,371600000.0,50300000.0,0.0,0.008,0.06,218900000.0,269200000.0,0.02,269200000.0,218900000.0,189200000.0,0.43,0.42,0.43,4199100000.0,,4199100000.0,9354894321.0,11.0,8.813,94600000.0,0.327,1.0,739300000.0,0.054,1565200000.0,29700000.0,5889600000.0,,5993800000.0,267900000.0,11300000.0,256600000.0,9670000000.0,7833000000.0,1837000000.0,8216594321.0,10500000.0,-353400000.0,7300000.0,280500000.0,-17300000.0,268700000.0,-430200000.0,-8500000.0,172000000.0,0.0,124800000.0,124800000.0,124800000.0,3600000.0,0.0,0.009,519300000.0,220000000.0,6346700000.0,0.14,1.957,17.251,17.066,584100000.0,0.0,28.33,0.154,0.153,4405900000.0,2564700000.0,13690300000.0,13690300000.0,0.0,,,,,0.0,519300000.0,1.0,290031568.0,289200000,299000000.0,47.339,12303900000.0,0.0,64400000.0,0.0,42.545,2978600000.0
76,MCK,MRQ,2002-06-30,2002-06-30,2002-06-30,2021-08-05,-71400000.0,13465800000.0,,10795000000.0,2670800000.0,,14.207,-65100000.0,289800000.0,289800000.0,12872400000.0,117300000.0,1.429,2.287,1428100000.0,141500000.0,1286600000.0,1428100000.0,379600000.0,50500000.0,0.0,0.007,0.06,212500000.0,263000000.0,0.019,263000000.0,212500000.0,181600000.0,0.41,0.39,0.41,4097300000.0,,4097300000.0,10347788070.0,13.0,10.381,-262600000.0,-0.911,1.0,750800000.0,0.055,1232000000.0,30900000.0,5817800000.0,,6178300000.0,259800000.0,11600000.0,248200000.0,9368500000.0,7554300000.0,1814200000.0,9476088070.0,-268000000.0,-1900000.0,39400000.0,-4500000.0,-17300000.0,19200000.0,-89700000.0,-10400000.0,-197500000.0,0.0,117300000.0,117300000.0,117300000.0,500000.0,0.0,0.009,546300000.0,204500000.0,6345000000.0,0.146,2.313,22.012,21.656,583300000.0,0.0,32.7,0.182,0.181,4197100000.0,2457200000.0,13623200000.0,13623200000.0,0.0,,,,,0.0,546300000.0,1.0,289788626.0,288400000,301000000.0,47.237,12233800000.0,0.0,64300000.0,0.0,42.42,3240700000.0
77,MCK,MRQ,2002-03-31,2002-03-31,2002-03-31,2021-08-05,-81600000.0,13325900000.0,,10701100000.0,2624800000.0,,13.772,-81500000.0,557800000.0,557800000.0,12203600000.0,125400000.0,1.41,2.382,1430000000.0,141300000.0,1288700000.0,1430000000.0,404100000.0,53700000.0,0.0,0.006,0.06,229500000.0,283200000.0,0.022,283200000.0,229500000.0,184800000.0,0.44,0.43,0.44,3940100000.0,,3940100000.0,11701294649.0,16.0,12.564,174200000.0,0.609,1.0,783200000.0,0.06,1234100000.0,44700000.0,5375700000.0,,6011500000.0,242800000.0,5100000.0,237700000.0,9385800000.0,7588300000.0,1797500000.0,10759394649.0,273100000.0,-62400000.0,16200000.0,201300000.0,-17100000.0,213100000.0,-195700000.0,-12400000.0,255700000.0,0.0,125400000.0,125400000.0,125400000.0,1500000.0,0.0,0.01,556100000.0,227100000.0,6318300000.0,0.136,2.731,25.703,25.463,593500000.0,0.0,37.43,0.215,0.214,3998100000.0,2357200000.0,12986800000.0,12986800000.0,135100000.0,,,,,0.0,421000000.0,1.0,287453771.0,286100000,295400000.0,45.393,12091800000.0,0.0,59400000.0,121700000.0,42.264,3112800000.0
78,MCK,MRQ,2001-12-31,2001-12-31,2001-12-31,2021-08-05,-84500000.0,12788900000.0,,10314400000.0,2474500000.0,,13.246,-62200000.0,284900000.0,284900000.0,12508300000.0,108800000.0,1.349,2.381,1226800000.0,333400000.0,893400000.0,1226800000.0,427600000.0,50000000.0,0.0,0.006,0.06,196100000.0,246100000.0,0.019,246100000.0,196100000.0,168900000.0,0.38,0.37,0.38,3783100000.0,,3783100000.0,11625987709.0,38.0,21.936,15100000.0,0.053,1.0,686500000.0,0.052,1088400000.0,27200000.0,4998600000.0,,6259300000.0,230700000.0,5300000.0,225400000.0,9005800000.0,7643800000.0,1362000000.0,10695587709.0,-1400000.0,-3300000.0,1400000.0,8100000.0,-17100000.0,-4500000.0,-74200000.0,-16200000.0,77300000.0,0.0,108800000.0,108800000.0,108800000.0,1300000.0,0.0,0.008,497000000.0,189500000.0,6249100000.0,0.158,2.827,90.872,91.22,579800000.0,0.0,37.4,0.221,0.221,3604200000.0,2248900000.0,13194800000.0,13194800000.0,0.0,,,,,0.0,497000000.0,1.0,285978281.0,285600000,299200000.0,46.2,11700500000.0,0.0,60100000.0,0.0,40.968,2670600000.0
79,MCK,MRQ,2001-09-30,2001-09-30,2001-09-30,2021-08-05,-82800000.0,12198100000.0,,9751300000.0,2446800000.0,,12.927,-53700000.0,286400000.0,286400000.0,11494400000.0,79000000.0,1.388,2.311,1216800000.0,192800000.0,1024000000.0,1216800000.0,297000000.0,51600000.0,0.0,0.006,0.06,152900000.0,204500000.0,0.017,204500000.0,152900000.0,125900000.0,0.28,0.27,0.28,3684200000.0,,3684200000.0,12021299840.0,81.0,31.569,344600000.0,1.209,1.0,661900000.0,0.054,1179300000.0,27000000.0,4923600000.0,,5654800000.0,215800000.0,6700000.0,209100000.0,8513900000.0,7025600000.0,1488300000.0,10789999840.0,56000000.0,-400000.0,-2600000.0,-244700000.0,-17200000.0,-266300000.0,-76000000.0,-24600000.0,398300000.0,0.0,79000000.0,79000000.0,79000000.0,800000.0,0.0,0.006,513300000.0,148600000.0,5961700000.0,0.214,2.929,1017.925,944.75,579200000.0,0.0,37.79,0.233,0.233,3657000000.0,2157100000.0,12156300000.0,12156300000.0,0.0,,,,,0.0,513300000.0,1.0,285525267.0,285000000,299000000.0,42.654,11018800000.0,0.0,46900000.0,0.0,38.662,2725700000.0
80,MCK,MRQ,2001-06-30,2001-06-30,2001-06-30,2021-08-05,-73400000.0,12073400000.0,,9700000000.0,2373400000.0,,12.763,-59100000.0,230300000.0,230300000.0,10995600000.0,105400000.0,1.393,2.332,1461600000.0,437500000.0,1024100000.0,1461600000.0,330600000.0,51200000.0,0.0,0.006,0.06,146600000.0,197800000.0,0.017,197800000.0,146600000.0,119600000.0,0.37,0.36,0.37,3623400000.0,,3623400000.0,11563749498.0,90.0,31.457,-453500000.0,-1.597,1.0,660700000.0,0.057,1180900000.0,27000000.0,5160300000.0,,5899500000.0,143200000.0,8600000.0,134600000.0,8450000000.0,6963500000.0,1486500000.0,10571849498.0,-203400000.0,-7000000.0,28900000.0,231900000.0,-17100000.0,249400000.0,-58400000.0,-5400000.0,-394400000.0,0.0,105400000.0,105400000.0,105400000.0,0.0,0.0,0.009,501900000.0,158800000.0,5628200000.0,0.162,2.918,-1626.438,-1856.0,587600000.0,0.0,37.12,0.241,0.24,3404400000.0,2095100000.0,11656300000.0,11656300000.0,0.0,,,,,0.0,501900000.0,1.0,284801980.0,283900000,295500000.0,41.058,10892500000.0,0.0,14200000.0,0.0,38.367,2736500000.0
81,MCK,MRQ,2001-03-31,2001-03-31,2001-03-31,2021-08-05,-75000000.0,11532000000.0,,9158500000.0,2373500000.0,,12.325,-159500000.0,433500000.0,433500000.0,10722200000.0,-175500000.0,1.399,2.302,1230000000.0,194100000.0,1035900000.0,1230000000.0,399800000.0,67600000.0,0.0,0.009,0.06,-186000000.0,-118400000.0,-0.01,-118400000.0,-186000000.0,-212800000.0,-0.62,-0.62,-0.62,3492900000.0,,3492900000.0,8709529476.0,76.0,24.18,120900000.0,0.427,1.0,677000000.0,0.059,1168100000.0,26800000.0,4613400000.0,,5116400000.0,143200000.0,11900000.0,131300000.0,8039100000.0,6547000000.0,1492100000.0,7620029476.0,100300000.0,-1200000.0,-35500000.0,400000.0,-17000000.0,-54600000.0,-125500000.0,-4700000.0,280400000.0,0.0,-175500000.0,-175500000.0,-175500000.0,-600000.0,0.0,-0.015,842700000.0,-165700000.0,5338300000.0,-0.097,2.182,-157.765,-157.353,594200000.0,0.0,26.75,0.181,0.18,3439400000.0,2006600000.0,11399200000.0,11399200000.0,147600000.0,,,,,0.0,695100000.0,1.0,284860915.0,283400000,255500000.0,40.223,10363900000.0,0.0,-37300000.0,79600000.0,36.57,2611500000.0
82,MCK,MRQ,2000-12-31,2000-12-31,2000-12-31,2021-08-05,-74700000.0,11436800000.0,,8937800000.0,2499000000.0,,13.114,-36400000.0,333200000.0,333200000.0,10416300000.0,1700000.0,1.474,2.077,1422700000.0,19300000.0,1403400000.0,1422700000.0,405300000.0,61300000.0,0.0,0.007,0.06,35600000.0,96900000.0,0.009,96900000.0,35600000.0,7300000.0,0.01,0.01,0.01,3716400000.0,,3716400000.0,11451832051.0,16.0,12.077,168900000.0,0.596,1.0,601500000.0,0.055,1305000000.0,28300000.0,5159500000.0,,4922900000.0,145700000.0,19000000.0,126700000.0,7720400000.0,6061800000.0,1658600000.0,10190932051.0,156800000.0,-10900000.0,14000000.0,-14600000.0,-17100000.0,-12500000.0,-36000000.0,-15900000.0,205300000.0,0.0,1700000.0,1700000.0,1700000.0,5600000.0,0.0,0.0,471200000.0,130300000.0,5014000000.0,6.0,2.742,18.372,18.126,559700000.0,0.0,35.89,0.256,0.255,3541900000.0,2198900000.0,11017800000.0,11017800000.0,0.0,,,,,0.0,471200000.0,1.0,283949068.0,283400000,295100000.0,38.877,10131800000.0,0.0,5600000.0,132700000.0,35.751,2876000000.0
83,MCK,MRQ,2000-09-30,2000-09-30,2000-09-30,2021-08-05,-114400000.0,10548000000.0,,8069100000.0,2478900000.0,,12.96,-32400000.0,176400000.0,176400000.0,9294100000.0,61900000.0,1.549,1.876,1437300000.0,17100000.0,1420200000.0,1437300000.0,297100000.0,58800000.0,0.0,0.008,0.06,132500000.0,191300000.0,0.019,191300000.0,132500000.0,103800000.0,0.22,0.22,0.22,3667800000.0,,3667800000.0,9678034444.0,10.0,8.044,-160400000.0,-0.567,1.0,571400000.0,0.058,1306700000.0,28700000.0,5292300000.0,,4467500000.0,145500000.0,34800000.0,110700000.0,6880200000.0,5209900000.0,1670300000.0,8682134444.0,-275900000.0,-39300000.0,-20300000.0,-11100000.0,-17100000.0,-50300000.0,-97600000.0,-10000000.0,-128000000.0,0.0,61900000.0,61900000.0,61900000.0,0.0,0.0,0.006,454400000.0,117000000.0,4344200000.0,0.273,2.367,12.062,11.938,556600000.0,0.0,30.56,0.224,0.223,3221400000.0,2214100000.0,9865500000.0,9865500000.0,0.0,,,,,0.0,454400000.0,1.0,284101258.0,283000000,292000000.0,34.86,9241300000.0,0.0,41900000.0,84400000.0,32.655,2859200000.0
84,MCK,MRQ,2000-06-30,2000-06-30,2000-06-30,2021-08-05,-115900000.0,10488400000.0,,8080900000.0,2407500000.0,,12.796,-27200000.0,452300000.0,452300000.0,9150700000.0,63600000.0,1.556,1.9,1448200000.0,16000000.0,1432200000.0,1448200000.0,334100000.0,57700000.0,0.0,0.011,0.06,132700000.0,190400000.0,0.02,190400000.0,132700000.0,105300000.0,0.23,0.22,0.23,3616200000.0,,3616200000.0,6857677278.0,7.0,5.798,-59700000.0,-0.211,1.0,566900000.0,0.058,1264800000.0,27400000.0,5027200000.0,,4303300000.0,143900000.0,38100000.0,105800000.0,6872200000.0,5192300000.0,1679900000.0,5950777278.0,-96600000.0,-500000.0,14800000.0,-7500000.0,-17100000.0,-8100000.0,-56000000.0,-300000.0,-32500000.0,0.0,63600000.0,63600000.0,63600000.0,0.0,0.0,0.007,443600000.0,123300000.0,4229900000.0,0.261,1.646,8.297,8.212,552300000.0,0.0,20.94,0.157,0.156,3100800000.0,2169000000.0,9717600000.0,9717600000.0,0.0,,,,,0.0,443600000.0,1.0,284182296.0,282600000,289700000.0,34.386,9223600000.0,0.0,41700000.0,154200000.0,32.638,2888600000.0
85,MCK,MRQ,2000-03-31,2000-03-31,2000-03-31,2021-08-05,-97100000.0,10372900000.0,,7965500000.0,2407400000.0,,12.649,-193100000.0,548900000.0,548900000.0,8766400000.0,427500000.0,1.555,1.909,1260000000.0,16200000.0,1243800000.0,1260000000.0,368700000.0,62200000.0,0.0,0.011,0.06,407400000.0,469600000.0,0.051,469600000.0,407400000.0,380300000.0,1.52,1.51,1.52,3565800000.0,,3565800000.0,7263358230.0,8.0,6.141,-674500000.0,-2.393,1.0,512500000.0,0.055,1277800000.0,27100000.0,4684400000.0,,4149300000.0,157900000.0,57000000.0,100900000.0,6807100000.0,5121800000.0,1685300000.0,5916658230.0,344100000.0,1072700000.0,1400000.0,-95500000.0,-16900000.0,-110800000.0,936300000.0,-32200000.0,-481400000.0,0.0,427500000.0,427500000.0,427500000.0,-515700000.0,0.0,0.046,664400000.0,-151900000.0,3883900000.0,0.039,1.659,8.176,8.171,555400000.0,0.0,21.0,0.161,0.161,3034500000.0,2122300000.0,9278900000.0,9278900000.0,112600000.0,,,,,0.0,551800000.0,1.0,281745630.0,281900000,267400000.0,32.916,9095100000.0,0.0,-47200000.0,354800000.0,32.264,2843700000.0
86,MCK,MRQ,1999-12-31,1999-12-31,1999-12-31,2021-08-05,-70700000.0,10205900000.0,,7326500000.0,2879400000.0,,11.272,-27900000.0,204800000.0,204800000.0,9325800000.0,166800000.0,1.298,2.218,1551500000.0,441000000.0,1110500000.0,1551500000.0,322100000.0,57700000.0,0.0,0.011,0.06,294200000.0,351900000.0,0.036,351900000.0,294200000.0,265300000.0,0.59,0.58,0.59,3171900000.0,,3171900000.0,8137220000.0,15.0,10.944,608300000.0,2.162,1.0,565100000.0,0.057,1401400000.0,28900000.0,4505200000.0,,4060000000.0,330300000.0,195400000.0,134900000.0,7034000000.0,5646000000.0,1388000000.0,6335820000.0,31100000.0,-101100000.0,8200000.0,-423700000.0,-16900000.0,-429400000.0,-175700000.0,-4200000.0,636200000.0,0.0,166800000.0,166800000.0,166800000.0,-6200000.0,0.0,0.017,538800000.0,26300000.0,4179900000.0,0.102,1.997,26.961,27.108,549200000.0,0.0,22.5,0.178,0.177,2730100000.0,1711400000.0,9890900000.0,9890900000.0,0.0,,,,,0.0,538800000.0,1.0,281592000.0,281400000,288800000.0,35.149,8804500000.0,0.0,98500000.0,209800000.0,31.288,1680500000.0
87,MCK,MRQ,1999-09-30,1999-09-30,1999-09-30,2021-08-05,-59100000.0,9497400000.0,,6797500000.0,2699900000.0,,10.715,-31300000.0,179000000.0,179000000.0,8369900000.0,59300000.0,1.332,2.153,1980400000.0,854900000.0,1125500000.0,1980400000.0,300400000.0,53500000.0,0.0,0.011,0.06,117400000.0,170900000.0,0.019,170900000.0,117400000.0,90400000.0,0.21,0.21,0.21,3011900000.0,,3011900000.0,9900333000.0,28.0,18.385,-119400000.0,-0.425,1.0,569500000.0,0.064,1340400000.0,27000000.0,4853300000.0,,3679800000.0,136100000.0,28100000.0,108000000.0,6485500000.0,5105100000.0,1380400000.0,8157033000.0,-100000.0,-15200000.0,3500000.0,63000000.0,-16800000.0,47800000.0,40200000.0,154500000.0,-88100000.0,0.0,59300000.0,59300000.0,59300000.0,-10000000.0,0.0,0.007,460500000.0,109000000.0,3326400000.0,0.286,2.708,68.604,69.048,729900000.0,0.0,29.0,0.239,0.239,2743600000.0,1561300000.0,8939400000.0,8939400000.0,0.0,,,,,0.0,460500000.0,1.0,281277000.0,281100000,289400000.0,31.801,8157000000.0,0.0,31100000.0,119800000.0,29.018,1692400000.0
88,MCK,MRQ,1999-06-30,1999-06-30,1999-06-30,2021-08-05,-58000000.0,9324900000.0,,6696400000.0,2628500000.0,,10.542,-38400000.0,178800000.0,178800000.0,8022500000.0,70100000.0,1.345,2.152,1922100000.0,788900000.0,1133200000.0,1922100000.0,310800000.0,49200000.0,0.0,0.011,0.06,141200000.0,190400000.0,0.022,190400000.0,141200000.0,110000000.0,0.25,0.25,0.25,2958100000.0,,2958100000.0,5287131233.0,17.0,10.677,-419900000.0,-1.496,1.0,576300000.0,0.067,1331700000.0,31200000.0,4756000000.0,,3665800000.0,266100000.0,182000000.0,84100000.0,6366800000.0,4980500000.0,1386300000.0,3210331233.0,-59900000.0,-7400000.0,13100000.0,568300000.0,-16900000.0,568800000.0,-247200000.0,-155000000.0,-381500000.0,0.0,70100000.0,70100000.0,70100000.0,-7200000.0,0.0,0.008,440800000.0,135500000.0,3272000000.0,0.24,1.085,37.373,103.839,718300000.0,0.0,32.19,0.099,0.278,2532400000.0,1518500000.0,8598800000.0,8598800000.0,0.0,,,,,0.0,440800000.0,1.0,99730700.0,280600000,290200000.0,30.644,7993200000.0,0.0,39900000.0,118100000.0,28.486,1715900000.0
89,MCK,MRQ,1999-03-31,1999-03-31,1999-03-31,2021-08-05,-57700000.0,9020000000.0,,6452800000.0,2567200000.0,,10.348,-53700000.0,233700000.0,233700000.0,7645300000.0,-61200000.0,1.36,2.13,1346800000.0,212000000.0,1134800000.0,1346800000.0,408600000.0,49000000.0,0.0,0.007,0.06,-18700000.0,30300000.0,0.004,30300000.0,-18700000.0,-47500000.0,-0.22,-0.21,-0.22,2881800000.0,,2881800000.0,8659026200.0,28.0,17.857,278300000.0,0.999,1.0,605600000.0,0.073,1307500000.0,28800000.0,4080800000.0,,3522500000.0,101200000.0,28200000.0,73000000.0,6138200000.0,4744800000.0,1393400000.0,6582226200.0,-480700000.0,-2500000.0,75000000.0,-780200000.0,-25500000.0,-732400000.0,-80300000.0,-18400000.0,332000000.0,0.0,-61200000.0,-61200000.0,-61200000.0,-900000.0,0.0,-0.007,681400000.0,-75800000.0,3549400000.0,-0.273,2.284,77.529,212.903,529600000.0,0.0,66.0,0.22,0.606,2552000000.0,1465000000.0,8250900000.0,8250900000.0,114700000.0,,,,,0.0,566700000.0,1.0,99730700.0,278500000,232900000.0,29.626,7712500000.0,0.0,13700000.0,90800000.0,27.693,1708000000.0
90,MCK,MRQ,1998-12-31,1998-12-31,1998-12-31,2021-08-05,-49800000.0,7439700000.0,,5530000000.0,1909700000.0,,6.107,-26100000.0,124000000.0,124000000.0,7677000000.0,50700000.0,1.32,3.427,2200800000.0,863200000.0,1337600000.0,2200800000.0,0.0,31800000.0,0.0,0.006,0.125,115100000.0,146900000.0,0.018,146900000.0,115100000.0,83700000.0,0.18,0.18,0.18,1680700000.0,,1680700000.0,9566826611.0,15.0,11.788,51800000.0,0.188,1.0,610500000.0,0.074,996900000.0,31400000.0,4331600000.0,,3284700000.0,29100000.0,29100000.0,0.0,5759000000.0,4188000000.0,1571000000.0,7848426611.0,8900000.0,-217700000.0,9400000.0,283200000.0,-20100000.0,269600000.0,-338600000.0,26000000.0,77900000.0,0.0,50700000.0,50700000.0,50700000.0,-5600000.0,0.0,0.006,499500000.0,111000000.0,2815200000.0,0.694,4.67,23.675,213.676,513900000.0,0.0,79.06,0.275,0.763,2046800000.0,1242800000.0,8287500000.0,8287500000.0,0.0,,,,,0.0,499500000.0,1.0,99271776.0,275200000,289700000.0,30.114,6442800000.0,0.0,33000000.0,134600000.0,23.411,1342000000.0
91,MCK,MRQ,1998-09-30,1998-09-30,1998-09-30,2021-08-05,-48200000.0,7016900000.0,,5329700000.0,1687200000.0,,5.939,-51000000.0,103500000.0,103500000.0,6704400000.0,26300000.0,1.399,3.303,1821900000.0,484900000.0,1337000000.0,1821900000.0,0.0,51900000.0,0.0,0.005,0.125,75700000.0,127600000.0,0.017,127600000.0,75700000.0,45800000.0,0.1,0.1,0.1,1630800000.0,,1630800000.0,9948230099.0,16.0,12.741,-413600000.0,-1.506,1.0,632900000.0,0.086,828200000.0,29900000.0,4098400000.0,,3207200000.0,28100000.0,28100000.0,0.0,5386100000.0,3808700000.0,1577400000.0,8706330099.0,-32500000.0,-53700000.0,6900000.0,456800000.0,-22400000.0,438100000.0,-108000000.0,13800000.0,-362600000.0,0.0,26300000.0,26300000.0,26300000.0,0.0,0.0,0.004,555700000.0,77200000.0,2848400000.0,1.25,5.339,26.971,143.172,479800000.0,0.0,91.63,0.34,0.983,1948700000.0,1210600000.0,7337300000.0,7337300000.0,0.0,,,,,0.0,555700000.0,1.0,95016153.0,274600000,289900000.0,26.72,6188700000.0,0.0,19500000.0,131900000.0,22.537,1521000000.0
92,MCK,MRQ,1998-06-30,1998-06-30,1998-06-30,2021-08-05,-46600000.0,6301100000.0,,4755200000.0,1545900000.0,,5.73,-46100000.0,169800000.0,169800000.0,5670400000.0,69100000.0,1.505,3.037,1411700000.0,68700000.0,1343000000.0,1411700000.0,0.0,47900000.0,0.0,0.006,0.125,146100000.0,194000000.0,0.031,194000000.0,146100000.0,115200000.0,0.25,0.25,0.25,1560800000.0,,1560800000.0,9100691088.0,14.0,11.92,140700000.0,0.517,1.0,612900000.0,0.098,751700000.0,30900000.0,3632400000.0,,2775200000.0,44900000.0,44900000.0,0.0,4740300000.0,3158900000.0,1581400000.0,7736791088.0,173600000.0,-3900000.0,133600000.0,-66600000.0,-16900000.0,47100000.0,-60300000.0,35700000.0,186800000.0,0.0,69100000.0,69100000.0,69100000.0,0.0,0.0,0.011,465200000.0,147700000.0,2642800000.0,0.5,4.957,23.019,83.163,444000000.0,0.0,81.5,0.33,0.948,1732000000.0,1204400000.0,6283300000.0,6283300000.0,0.0,,,,,0.0,465200000.0,1.0,94929952.0,272400000,288400000.0,23.066,5549400000.0,0.0,46100000.0,138700000.0,20.372,1596300000.0
93,MCK,MRQ,1998-03-31,1998-03-31,1998-03-31,2021-08-05,-54900000.0,7291800000.0,,5318100000.0,1973700000.0,,9.623,-72500000.0,564400000.0,564400000.0,5560500000.0,185400000.0,1.725,1.846,1513800000.0,108800000.0,1405000000.0,1513800000.0,282100000.0,25700000.0,0.0,0.009,0.125,317400000.0,343100000.0,0.052,343100000.0,317400000.0,289000000.0,-0.16,-0.13,-0.16,2561700000.0,,2561700000.0,6798036950.0,12.0,10.064,370700000.0,1.393,1.0,1049100000.0,0.159,1046600000.0,28400000.0,4110800000.0,,2603100000.0,151100000.0,117100000.0,34000000.0,4730100000.0,3083800000.0,1646300000.0,5346136950.0,186600000.0,-124900000.0,144300000.0,-128500000.0,-24200000.0,-19000000.0,-237600000.0,50900000.0,443200000.0,0.0,185400000.0,185400000.0,185400000.0,-29400000.0,0.0,0.028,759600000.0,289500000.0,2186100000.0,-0.781,2.087,17.551,50.658,448600000.0,0.0,57.75,0.242,0.695,1931800000.0,1462500000.0,6609600000.0,6609600000.0,112500000.0,,,,,0.0,647100000.0,1.0,92573800.0,266200000,282100000.0,24.829,6245200000.0,0.0,103600000.0,39500000.0,23.461,2234300000.0
94,MCK,MRQ,1997-12-31,1997-12-31,1997-12-31,2021-08-05,-45600000.0,5584200000.0,,4108300000.0,1475900000.0,,14.904,-29400000.0,71000000.0,71000000.0,4996500000.0,42000000.0,1.435,3.09,1522900000.0,409700000.0,1113200000.0,1522900000.0,0.0,22300000.0,0.0,0.009,0.125,93800000.0,116100000.0,0.022,116100000.0,93800000.0,67100000.0,0.45,0.43,0.45,1365200000.0,,1365200000.0,,,,-107900000.0,-1.178,1.0,377000000.0,0.07,756500000.0,26700000.0,3417000000.0,,2358100000.0,98000000.0,98000000.0,0.0,4219000000.0,2862600000.0,1356400000.0,5017499960.0,-8300000.0,-1500000.0,600000.0,140200000.0,-11700000.0,126700000.0,-56500000.0,0.0,-78500000.0,0.0,42000000.0,42000000.0,42000000.0,0.0,0.0,0.008,281600000.0,95400000.0,2054700000.0,0.278,3.675,21.342,54.2,396500000.0,0.0,54.2,0.213,0.211,1520500000.0,1148500000.0,5373500000.0,5373500000.0,0.0,,,,,0.0,281600000.0,1.0,92573800.0,91600000,101800000.0,58.663,4827700000.0,0.0,25100000.0,121200000.0,52.704,1245700000.0
95,MCK,MRQ,1997-09-30,1997-09-30,1997-09-30,2021-08-05,,,,,,,,-23700000.0,,,4779400000.0,39600000.0,,,,,,,,20500000.0,,0.01,0.125,89800000.0,110300000.0,0.021,110300000.0,89800000.0,64800000.0,0.44,0.41,0.44,,,,,,,-137500000.0,-1.504,1.0,367700000.0,0.071,,25000000.0,,,,,,,,,,,2500000.0,-46100000.0,900000.0,203200000.0,-11400000.0,190800000.0,-74500000.0,0.0,-113800000.0,0.0,39600000.0,39600000.0,39600000.0,0.0,0.0,0.008,276400000.0,91300000.0,,0.284,,,32.278,,0.0,51.0,,0.215,,,5147100000.0,5147100000.0,0.0,,,,,0.0,276400000.0,1.0,,91400000,101100000.0,56.314,,,25200000.0,,,
96,MCK,MRQ,1997-06-30,1997-06-30,1997-06-30,2021-08-05,,,,,,,,-21400000.0,,,4610700000.0,37600000.0,,,,,,,,21300000.0,,0.013,0.125,84700000.0,106000000.0,0.021,106000000.0,84700000.0,61600000.0,0.41,0.39,0.41,,,,,,,-49000000.0,-0.538,1.0,364800000.0,0.073,,23100000.0,,,,,,,,,,,-48000000.0,-3200000.0,2000000.0,16100000.0,-11500000.0,5700000.0,-26100000.0,10200000.0,-27600000.0,0.0,37600000.0,37600000.0,37600000.0,0.0,0.0,0.008,278500000.0,86300000.0,,0.305,,,,,0.0,38.75,,,,,4975500000.0,4975500000.0,0.0,,,,,0.0,278500000.0,1.0,,91000000,100200000.0,54.676,,,24000000.0,,,
97,MCK,MRQ,1997-03-31,1997-03-31,1997-03-31,2021-08-05,-50900000.0,6473300000.0,,4612600000.0,1860700000.0,,8.199,,434500000.0,434500000.0,7021900000.0,115900000.0,1.498,2.109,1241900000.0,193000000.0,1048900000.0,1241900000.0,201200000.0,,0.0,0.016,0.125,221800000.0,,,,221800000.0,194600000.0,-0.3,-0.33,-0.3,2081800000.0,,2081800000.0,,,,,,1.0,1004300000.0,0.125,1004400000.0,27200000.0,3198000000.0,,2277500000.0,194700000.0,165600000.0,29100000.0,4391500000.0,3078300000.0,1313200000.0,,,,,,,,,,,,115900000.0,115900000.0,115900000.0,-900000.0,0.0,0.014,782700000.0,221600000.0,2125300000.0,-0.417,,,38.554,489300000.0,0.0,32.0,,0.48,1612200000.0,1219200000.0,8026200000.0,8026200000.0,103000000.0,,,,,,727900000.0,1.0,,253900000,265200000.0,31.612,5468900000.0,0.0,78700000.0,55500000.0,21.54,1534300000.0
98,MCK,MRQ,1996-12-31,1996-12-31,1996-12-31,2021-08-05,,,,,,,,,,,3242800000.0,86200000.0,,,,,,,,,,0.018,0.125,74700000.0,,,,74700000.0,62000000.0,1.03,1.03,1.03,,,,,,,,,1.0,243800000.0,0.07,,12700000.0,,,,,,,,,,,,,,,,,,,,,86200000.0,86200000.0,86200000.0,-122300000.0,0.0,0.025,291400000.0,-47600000.0,,0.121,,,,,0.0,27.94,,,,,3486600000.0,3486600000.0,0.0,,,,,,291400000.0,1.0,,83700000,83700000.0,41.656,,,-24200000.0,,,
99,MCK,MRQ,1996-03-31,1996-03-31,1996-03-31,2021-08-05,-49700000.0,3360200000.0,,2463000000.0,897200000.0,,11.989,,260800000.0,260800000.0,,,1.5,2.156,398300000.0,27700000.0,370600000.0,398300000.0,0.0,,0.0,0.019,0.125,,,,,,,,,,1064600000.0,,1064600000.0,,,,,,1.0,,,183700000.0,,1671500000.0,,1317000000.0,195400000.0,195400000.0,0.0,2295600000.0,1642500000.0,653100000.0,,,,,,,,,,,,,,,,,,,,1343200000.0,,,,16.993,356000000.0,,26.0,,0.178,672800000.0,968500000.0,,,,,,,,,,1.0,,88800000,,,3176500000.0,0.0,,92200000.0,35.771,820500000.0
0,MCK,MRT,2021-06-30,2021-06-30,2021-06-30,2021-08-05,-1627000000.0,62894000000.0,62828000000.0,43350000000.0,19544000000.0,3.903,-3.387,-683000000.0,2423000000.0,2423000000.0,232743000000.0,-4301000000.0,0.989,-118.977,9456000000.0,1144000000.0,8312000000.0,9456000000.0,0.0,1229000000.0,0.0,0.011,2.1,-5110000000.0,-3881000000.0,-0.016,-3881000000.0,-5110000000.0,-5316000000.0,-28.33,-28.39,-28.33,-529000000.0,1215750000.0,-529000000.0,33378543613.0,-7.0,-8.601,3299000000.0,21.12,1.0,12480000000.0,0.051,12317000000.0,206000000.0,13775000000.0,12940000000.0,20016000000.0,0.0,0.0,0.0,62939000000.0,43835000000.0,19104000000.0,30251543613.0,-329000000.0,444000000.0,-1612000000.0,-540000000.0,-271000000.0,-3905000000.0,-384000000.0,0.0,3982000000.0,-22000000.0,-4497000000.0,-4497000000.0,-4497000000.0,3000000.0,196000000.0,-0.018,17630000000.0,-5150000000.0,38389000000.0,-0.074,-57.186,-6.727,-6.75,4620000000.0,0.0,191.24,0.123,0.122,20198000000.0,8618000000.0,245223000000.0,245223000000.0,0.0,-0.072,-3.699,-0.395,-0.021,0.0,8984000000.0,1.0,158186277.0,156200000,158100000.0,1569.93,50577000000.0,0.0,-819000000.0,1441000000.0,323.796,-485000000.0
1,MCK,MRT,2021-03-31,2021-03-31,2021-03-31,2021-08-05,-1480000000.0,65015000000.0,61521000000.0,45382000000.0,19633000000.0,3.872,-0.131,-641000000.0,6278000000.0,6278000000.0,226080000000.0,-4340000000.0,1.029,-3087.619,9405000000.0,1132000000.0,8273000000.0,9405000000.0,0.0,1221000000.0,0.0,0.009,1.67,-5017000000.0,-3796000000.0,-0.016,-3796000000.0,-5017000000.0,-5234000000.0,-28.26,-28.26,-28.26,-21000000.0,2709500000.0,-21000000.0,36994016327.0,-7.0,-9.746,3901000000.0,24.29,1.0,12148000000.0,0.051,12371000000.0,217000000.0,11668000000.0,12840500000.0,19246000000.0,0.0,0.0,0.0,64840000000.0,44103000000.0,20737000000.0,31044016327.0,2373000000.0,365000000.0,-678000000.0,-540000000.0,-276000000.0,-1693000000.0,-415000000.0,0.0,4542000000.0,-61000000.0,-4539000000.0,-4539000000.0,-4539000000.0,1000000.0,199000000.0,-0.019,17188000000.0,-5040000000.0,38975000000.0,-0.059,-1478.286,-6.839,-6.902,4681000000.0,0.0,195.04,0.13,0.131,19181000000.0,8202000000.0,238228000000.0,238228000000.0,0.0,-0.074,-1.675,-0.391,-0.021,0.0,8849000000.0,1.0,159167434.0,160600000,160600000.0,1483.362,52644000000.0,0.0,-695000000.0,1411000000.0,327.796,1279000000.0
2,MCK,MRT,2020-12-31,2020-12-31,2020-12-31,2021-08-05,-1503000000.0,61845000000.0,60579000000.0,42368000000.0,19477000000.0,3.922,-2.991,-595000000.0,3577000000.0,3577000000.0,225434000000.0,-3975000000.0,1.01,-130.235,9527000000.0,1313000000.0,8214000000.0,9527000000.0,0.0,1251000000.0,0.0,0.01,1.66,-4836000000.0,-3585000000.0,-0.015,-3585000000.0,-4836000000.0,-5066000000.0,-27.09,-27.16,-27.09,-477000000.0,3987750000.0,-477000000.0,34478364796.0,-7.0,-9.617,5231000000.0,32.796,1.0,12187000000.0,0.051,12491000000.0,230000000.0,13374000000.0,12796750000.0,19211000000.0,0.0,0.0,0.0,62122000000.0,41930000000.0,20192000000.0,27925364796.0,1667000000.0,287000000.0,-426000000.0,-2777000000.0,-281000000.0,-3656000000.0,-380000000.0,0.0,5826000000.0,-123000000.0,-4184000000.0,-4184000000.0,-4184000000.0,-5000000.0,209000000.0,-0.018,17368000000.0,-5181000000.0,36509000000.0,-0.061,-58.544,-6.674,-6.42,4473000000.0,0.0,173.92,0.118,0.117,18877000000.0,7595000000.0,237621000000.0,237621000000.0,0.0,-0.069,-1.049,-0.378,-0.02,0.0,9028000000.0,1.0,160564425.0,159500000,159500000.0,1489.787,49354000000.0,0.0,-882000000.0,773000000.0,309.429,438000000.0
3,MCK,MRT,2020-09-30,2020-09-30,2020-09-30,2021-08-05,-1597000000.0,61558000000.0,60336000000.0,42345000000.0,19213000000.0,3.881,36.358,-587000000.0,3091000000.0,3091000000.0,222125000000.0,2441000000.0,0.991,9.417,9644000000.0,2127000000.0,7517000000.0,9644000000.0,0.0,1256000000.0,0.0,0.011,1.65,2821000000.0,4077000000.0,0.017,4077000000.0,2821000000.0,2582000000.0,12.98,12.9,12.98,5890000000.0,5650500000.0,5890000000.0,30974921106.0,11.0,7.597,3905000000.0,24.105,1.0,12069000000.0,0.052,12444000000.0,239000000.0,12943000000.0,13935250000.0,18435000000.0,0.0,0.0,0.0,55468000000.0,42724000000.0,12744000000.0,24154921106.0,1884000000.0,-3000000.0,-676000000.0,-846000000.0,-286000000.0,-1932000000.0,-572000000.0,0.0,4492000000.0,-104000000.0,2228000000.0,2228000000.0,2228000000.0,0.0,213000000.0,0.01,9528000000.0,2541000000.0,36255000000.0,0.127,4.101,10.842,11.474,4366000000.0,0.0,148.93,0.103,0.103,19285000000.0,13890000000.0,234194000000.0,234194000000.0,0.0,0.037,0.394,0.202,0.012,0.0,9272000000.0,1.0,162189761.0,162000000,163000000.0,1445.642,49114000000.0,0.0,354000000.0,2293000000.0,303.173,-379000000.0
4,MCK,MRT,2020-06-30,2020-06-30,2020-06-30,2021-08-05,-1735000000.0,57666000000.0,59695000000.0,38682000000.0,18984000000.0,3.87,33.617,-512000000.0,2613000000.0,2613000000.0,219066000000.0,1137000000.0,1.002,9.551,9433000000.0,1411000000.0,8022000000.0,9433000000.0,0.0,1261000000.0,0.0,0.011,1.64,1206000000.0,2467000000.0,0.011,2467000000.0,1206000000.0,953000000.0,5.43,5.37,5.43,5446000000.0,5798500000.0,5446000000.0,30217520706.0,25.0,12.249,2851000000.0,17.599,1.0,11936000000.0,0.052,12509000000.0,253000000.0,13377000000.0,15178000000.0,16607000000.0,0.0,0.0,0.0,52013000000.0,38600000000.0,13413000000.0,24831520706.0,917000000.0,-48000000.0,-1141000000.0,-298000000.0,-293000000.0,-1801000000.0,-580000000.0,0.0,3363000000.0,-65000000.0,921000000.0,921000000.0,921000000.0,1000000.0,216000000.0,0.004,9403000000.0,2533000000.0,33209000000.0,0.302,4.56,26.961,28.254,4249000000.0,0.0,153.42,0.107,0.108,17768000000.0,13384000000.0,231002000000.0,231002000000.0,0.0,0.015,0.159,0.079,0.005,0.0,9231000000.0,1.0,161853218.0,162000000,163200000.0,1425.938,45157000000.0,0.0,32000000.0,2274000000.0,278.747,82000000.0
5,MCK,MRT,2020-03-31,2020-03-31,2020-03-31,2021-08-05,-1703000000.0,61247000000.0,60698500000.0,42222000000.0,19025000000.0,3.807,28.195,-506000000.0,4015000000.0,4015000000.0,219028000000.0,1120000000.0,0.991,10.985,9401000000.0,1406000000.0,7995000000.0,9401000000.0,0.0,1288000000.0,0.0,0.012,1.62,1167000000.0,2455000000.0,0.011,2455000000.0,1167000000.0,918000000.0,4.98,4.95,4.98,5092000000.0,6405500000.0,5092000000.0,33861609962.0,29.0,13.793,3868000000.0,21.417,1.0,12023000000.0,0.052,12516000000.0,249000000.0,11493000000.0,16486250000.0,16734000000.0,0.0,0.0,0.0,55938000000.0,42624000000.0,13314000000.0,23931609962.0,1042000000.0,-96000000.0,-1841000000.0,-298000000.0,-294000000.0,-2734000000.0,-579000000.0,0.0,4374000000.0,-19000000.0,900000000.0,900000000.0,900000000.0,6000000.0,220000000.0,0.004,9534000000.0,2489000000.0,37195000000.0,0.325,4.7,26.591,27.161,4251000000.0,0.0,135.26,0.104,0.106,19950000000.0,13022000000.0,231051000000.0,231051000000.0,0.0,0.015,0.141,0.071,0.005,0.0,9182000000.0,1.0,176930430.0,180600000,181600000.0,1279.352,48731000000.0,0.0,18000000.0,2255000000.0,269.828,-402000000.0
6,MCK,MRT,2019-12-31,2019-12-31,2019-12-31,2021-08-05,-1663000000.0,60873000000.0,60304750000.0,39390000000.0,21483000000.0,3.73,34.55,-490000000.0,2065000000.0,2065000000.0,213057000000.0,-702000000.0,0.983,8.825,11995000000.0,3481000000.0,8514000000.0,11995000000.0,0.0,1202000000.0,0.0,0.012,1.6,-663000000.0,539000000.0,0.002,539000000.0,-663000000.0,-917000000.0,-4.72,-4.73,-4.72,6174000000.0,7156000000.0,6174000000.0,33885590328.0,-51.0,62.868,3125000000.0,17.487,1.0,11888000000.0,0.053,12820000000.0,254000000.0,17928000000.0,17016250000.0,17020000000.0,2143000000.0,0.0,2143000000.0,54488000000.0,40055000000.0,14433000000.0,24923590328.0,216000000.0,-29000000.0,-2084000000.0,-60000000.0,-298000000.0,-2798000000.0,-639000000.0,0.0,3615000000.0,38000000.0,-917000000.0,-917000000.0,-917000000.0,12000000.0,215000000.0,-0.004,10837000000.0,1051000000.0,32744000000.0,-0.339,4.037,-27.179,-29.305,4421000000.0,0.0,138.32,0.111,0.11,18831000000.0,12075000000.0,224945000000.0,224945000000.0,0.0,-0.015,-0.128,-0.039,-0.003,0.0,9079000000.0,1.0,180187900.0,178700000,179700000.0,1258.786,48053000000.0,0.0,0.0,2686000000.0,268.903,-665000000.0
7,MCK,MRT,2019-09-30,2019-09-30,2019-09-30,2021-08-05,-1704000000.0,58994000000.0,60339250000.0,37353000000.0,21641000000.0,3.679,35.421,-493000000.0,1356000000.0,1356000000.0,210156000000.0,-418000000.0,1.006,8.069,10318000000.0,1213000000.0,9105000000.0,10318000000.0,0.0,1117000000.0,0.0,0.012,1.58,-301000000.0,816000000.0,0.004,816000000.0,-301000000.0,-558000000.0,-3.35,-3.36,-3.35,6482000000.0,7908750000.0,6482000000.0,33191997722.0,-110.0,40.676,3066000000.0,16.754,1.0,11825000000.0,0.053,12897000000.0,257000000.0,17914000000.0,16805000000.0,16356000000.0,2167000000.0,0.0,2167000000.0,52302000000.0,37145000000.0,15157000000.0,25268997722.0,-762000000.0,-56000000.0,-2088000000.0,-866000000.0,-301000000.0,-3628000000.0,-683000000.0,0.0,3559000000.0,-10000000.0,-634000000.0,-634000000.0,-634000000.0,8000000.0,216000000.0,-0.003,10451000000.0,1374000000.0,32560000000.0,-0.472,3.898,-39.856,-40.794,4495000000.0,0.0,136.66,0.114,0.113,18984000000.0,11965000000.0,221981000000.0,221981000000.0,0.0,-0.011,-0.08,-0.018,-0.001,0.0,8700000000.0,1.0,184904125.0,183000000,183000000.0,1213.011,46097000000.0,0.0,76000000.0,2718000000.0,251.896,208000000.0
8,MCK,MRT,2019-06-30,2019-06-30,2019-06-30,2021-08-05,-1778000000.0,61680000000.0,60946000000.0,38428000000.0,23252000000.0,3.568,41.883,-523000000.0,1947000000.0,1947000000.0,205678000000.0,812000000.0,1.013,6.809,9870000000.0,683000000.0,9187000000.0,9870000000.0,0.0,1041000000.0,0.0,0.012,1.56,1259000000.0,2300000000.0,0.011,2300000000.0,1259000000.0,1000000000.0,3.16,3.14,3.16,7874000000.0,8619750000.0,7874000000.0,30142933511.0,24.0,13.106,4523000000.0,24.059,1.0,11762000000.0,0.054,13041000000.0,259000000.0,18610000000.0,16019750000.0,16604000000.0,3617000000.0,0.0,3617000000.0,53612000000.0,37952000000.0,15660000000.0,25528933511.0,-252000000.0,-23000000.0,-1958000000.0,-2049000000.0,-296000000.0,-4640000000.0,-635000000.0,0.0,5046000000.0,-23000000.0,595000000.0,595000000.0,595000000.0,6000000.0,217000000.0,0.003,10325000000.0,1437000000.0,34021000000.0,0.494,3.242,42.906,42.528,4497000000.0,0.0,134.39,0.117,0.116,19287000000.0,12770000000.0,217440000000.0,217440000000.0,0.0,0.01,0.069,0.079,0.006,0.0,8537000000.0,1.0,189961556.0,188000000,189000000.0,1156.596,48639000000.0,0.0,405000000.0,3058000000.0,258.718,476000000.0
9,MCK,MRT,2019-03-31,2019-03-31,2019-03-31,2021-08-05,-1849000000.0,59672000000.0,60846500000.0,38465000000.0,21207000000.0,3.522,41.233,-557000000.0,2981000000.0,2981000000.0,202565000000.0,255000000.0,1.022,6.349,7595000000.0,330000000.0,7265000000.0,7595000000.0,0.0,949000000.0,0.0,0.013,1.51,654000000.0,1603000000.0,0.007,1603000000.0,654000000.0,390000000.0,0.17,0.17,0.17,8094000000.0,9003000000.0,8094000000.0,30390066340.0,46.0,18.958,3479000000.0,17.723,1.0,11754000000.0,0.055,13047000000.0,264000000.0,13613000000.0,15278250000.0,16709000000.0,3513000000.0,0.0,3513000000.0,51385000000.0,37626000000.0,13759000000.0,22455066340.0,309000000.0,-804000000.0,-1564000000.0,-16000000.0,-292000000.0,-2227000000.0,-1381000000.0,0.0,4036000000.0,-119000000.0,34000000.0,34000000.0,34000000.0,-1000000.0,221000000.0,0.0,10868000000.0,886000000.0,33853000000.0,8.882,2.774,660.443,688.588,2548000000.0,0.0,117.06,0.105,0.107,18246000000.0,12409000000.0,214319000000.0,214319000000.0,0.0,0.001,0.004,0.043,0.003,0.0,8437000000.0,1.0,191825272.0,196300000,197300000.0,1091.793,46625000000.0,0.0,356000000.0,2998000000.0,237.519,839000000.0
10,MCK,MRT,2018-12-31,2018-12-31,2018-12-31,2021-08-05,-1826000000.0,61011000000.0,61023750000.0,38319000000.0,22692000000.0,3.499,47.345,-593000000.0,1849000000.0,1849000000.0,201890000000.0,-86000000.0,1.024,5.62,9784000000.0,2168000000.0,7616000000.0,9784000000.0,0.0,968000000.0,0.0,0.013,1.46,195000000.0,1163000000.0,0.005,1163000000.0,195000000.0,-78000000.0,-1.23,-1.21,-1.23,9185000000.0,9430500000.0,9185000000.0,28553211244.0,146.0,24.551,2572000000.0,13.258,1.0,11628000000.0,0.054,14439000000.0,273000000.0,17083000000.0,15344500000.0,16951000000.0,3566000000.0,0.0,3566000000.0,51622000000.0,37424000000.0,14198000000.0,21583211244.0,-770000000.0,-1735000000.0,-2082000000.0,1064000000.0,-286000000.0,-1620000000.0,-2192000000.0,0.0,3165000000.0,-123000000.0,-316000000.0,-316000000.0,-316000000.0,-3000000.0,230000000.0,-0.001,11154000000.0,474000000.0,32091000000.0,-1.187,2.35,-68.301,-89.813,2503000000.0,0.0,110.47,0.101,0.1,18932000000.0,13276000000.0,213518000000.0,213518000000.0,125000000.0,-0.005,-0.034,0.013,0.001,0.0,8534000000.0,1.0,195376222.0,194000000,195000000.0,1100.608,46572000000.0,0.0,238000000.0,2983000000.0,240.062,895000000.0
11,MCK,MRT,2018-09-30,2018-09-30,2018-09-30,2021-08-05,-1762000000.0,61421000000.0,61824250000.0,38544000000.0,22877000000.0,3.412,47.101,-573000000.0,2118000000.0,2118000000.0,199554000000.0,349000000.0,0.992,5.564,9088000000.0,2520000000.0,6568000000.0,9088000000.0,0.0,963000000.0,0.0,0.011,1.41,243000000.0,1206000000.0,0.006,1206000000.0,243000000.0,-30000000.0,0.71,0.72,0.71,9326000000.0,10067750000.0,9326000000.0,34052619303.0,140.0,28.236,2751000000.0,13.894,1.0,11373000000.0,0.054,14755000000.0,273000000.0,14773000000.0,15277250000.0,16671000000.0,3609000000.0,0.0,3609000000.0,51887000000.0,38863000000.0,13024000000.0,26499619303.0,-447000000.0,-1649000000.0,-1809000000.0,757000000.0,-280000000.0,-1614000000.0,-2111000000.0,0.0,3324000000.0,-46000000.0,118000000.0,118000000.0,118000000.0,-5000000.0,231000000.0,0.001,10857000000.0,516000000.0,33227000000.0,1.986,2.841,224.573,186.831,2488000000.0,0.0,132.65,0.126,0.125,19213000000.0,13354000000.0,210927000000.0,210927000000.0,125000000.0,0.002,0.012,0.016,0.001,0.0,8362000000.0,1.0,199770971.0,198000000,199000000.0,1065.288,46666000000.0,0.0,-148000000.0,2844000000.0,235.687,-319000000.0
12,MCK,MRT,2018-06-30,2018-06-30,2018-06-30,2021-08-05,-1801000000.0,61282000000.0,62430500000.0,38214000000.0,23068000000.0,3.362,46.569,-607000000.0,2199000000.0,2199000000.0,198510000000.0,-148000000.0,0.997,5.489,9752000000.0,3160000000.0,6592000000.0,9752000000.0,0.0,959000000.0,0.0,0.01,1.36,-165000000.0,794000000.0,0.004,794000000.0,-165000000.0,-441000000.0,-1.8,-1.78,-1.8,9407000000.0,10522000000.0,9407000000.0,32161601532.0,-195.0,40.506,1936000000.0,9.584,1.0,11403000000.0,0.054,14843000000.0,276000000.0,15644000000.0,15559250000.0,16364000000.0,3672000000.0,0.0,3672000000.0,51635000000.0,38348000000.0,13287000000.0,26953601532.0,-142000000.0,-1734000000.0,-1589000000.0,1693000000.0,-271000000.0,-412000000.0,-2270000000.0,0.0,2543000000.0,-3000000.0,-380000000.0,-380000000.0,-380000000.0,-4000000.0,232000000.0,-0.002,11337000000.0,66000000.0,32063000000.0,-0.756,2.865,-70.931,-74.111,2483000000.0,0.0,133.4,0.128,0.128,19093000000.0,12932000000.0,209913000000.0,209913000000.0,125000000.0,-0.006,-0.036,-0.011,-0.001,0.0,8338000000.0,1.0,202050986.0,202000000,202000000.0,1039.173,46439000000.0,0.0,-61000000.0,2825000000.0,229.896,-134000000.0
13,MCK,MRT,2018-03-31,2018-03-31,2018-03-31,2021-08-05,-1717000000.0,60381000000.0,62564000000.0,37136000000.0,23245000000.0,3.33,47.135,-580000000.0,2672000000.0,2672000000.0,197173000000.0,297000000.0,1.012,5.133,7880000000.0,1129000000.0,6751000000.0,7880000000.0,0.0,951000000.0,0.0,0.009,1.3,297000000.0,1248000000.0,0.006,1248000000.0,297000000.0,14000000.0,0.32,0.32,0.32,9804000000.0,10996000000.0,9804000000.0,35242021840.0,119.0,28.239,3765000000.0,18.101,1.0,11184000000.0,0.054,15026000000.0,283000000.0,13878000000.0,15558750000.0,16310000000.0,3728000000.0,0.0,3728000000.0,50324000000.0,36685000000.0,13639000000.0,29067021840.0,-1582000000.0,-2393000000.0,-1577000000.0,-1060000000.0,-262000000.0,-3084000000.0,-2993000000.0,0.0,4345000000.0,150000000.0,67000000.0,67000000.0,67000000.0,-5000000.0,230000000.0,0.0,10568000000.0,616000000.0,32177000000.0,4.062,2.965,433.836,440.219,2464000000.0,0.0,140.87,0.14,0.141,17711000000.0,12986000000.0,208357000000.0,208357000000.0,125000000.0,0.001,0.006,0.019,0.001,0.0,8138000000.0,1.0,206339333.0,208000000,209000000.0,1001.716,45355000000.0,0.0,-53000000.0,2804000000.0,218.053,451000000.0
14,MCK,MRT,2017-12-31,2017-12-31,2017-12-31,2021-08-05,-1726000000.0,64213000000.0,62711000000.0,40195000000.0,24018000000.0,3.276,56.686,-585000000.0,2619000000.0,2619000000.0,194537000000.0,5005000000.0,1.068,4.452,8794000000.0,1280000000.0,7514000000.0,8794000000.0,68000000.0,944000000.0,0.0,0.008,1.24,6080000000.0,7024000000.0,0.034,7024000000.0,6080000000.0,5799000000.0,22.15,21.96,22.15,11734000000.0,11318750000.0,11734000000.0,38269591881.0,6.0,5.448,2171000000.0,10.488,1.0,10905000000.0,0.053,15922000000.0,281000000.0,16814000000.0,16306250000.0,17103000000.0,3704000000.0,0.0,3704000000.0,52241000000.0,37652000000.0,14589000000.0,32511591881.0,-759000000.0,-974000000.0,-1057000000.0,-592000000.0,-253000000.0,-2071000000.0,-1602000000.0,0.0,2756000000.0,158000000.0,4801000000.0,4801000000.0,4801000000.0,4000000.0,204000000.0,0.023,8516000000.0,2389000000.0,33009000000.0,0.056,2.771,6.772,7.041,2401000000.0,0.0,155.95,0.158,0.157,20015000000.0,14202000000.0,205442000000.0,205442000000.0,341000000.0,0.077,0.424,0.373,0.03,-109000000.0,7565000000.0,1.0,208474459.0,207000000,208000000.0,992.473,48291000000.0,0.0,998000000.0,2833000000.0,233.29,2543000000.0
15,MCK,MRT,2017-09-30,2017-09-30,2017-09-30,2021-08-05,-1710000000.0,63846000000.0,61126250000.0,39794000000.0,24052000000.0,3.304,53.316,-577000000.0,2563000000.0,2563000000.0,190953000000.0,4690000000.0,1.054,4.71,8321000000.0,831000000.0,7490000000.0,8321000000.0,63000000.0,914000000.0,0.0,0.008,1.18,6211000000.0,7125000000.0,0.035,7125000000.0,6211000000.0,5923000000.0,20.67,20.48,20.67,11143000000.0,10308250000.0,11143000000.0,37911120167.0,6.0,5.321,2578000000.0,12.335,1.0,11002000000.0,0.054,15938000000.0,288000000.0,15901000000.0,15151250000.0,16885000000.0,3795000000.0,0.0,3795000000.0,52484000000.0,37765000000.0,14719000000.0,32298120167.0,-3843000000.0,-3160000000.0,-2826000000.0,-18000000.0,-245000000.0,-3227000000.0,-3788000000.0,0.0,3155000000.0,17000000.0,4531000000.0,4531000000.0,4531000000.0,8000000.0,159000000.0,0.022,8507000000.0,2495000000.0,33580000000.0,0.057,2.899,7.128,7.432,2348000000.0,0.0,153.61,0.16,0.159,19627000000.0,13370000000.0,201955000000.0,201955000000.0,341000000.0,0.074,0.44,0.41,0.031,-79000000.0,7562000000.0,1.0,210260531.0,209000000,210000000.0,966.292,47908000000.0,0.0,1392000000.0,3724000000.0,229.225,2029000000.0
16,MCK,MRT,2017-06-30,2017-06-30,2017-06-30,2021-08-05,-1936000000.0,61816000000.0,59743500000.0,37697000000.0,24119000000.0,3.345,53.569,-566000000.0,2339000000.0,2339000000.0,188927000000.0,4958000000.0,1.053,4.45,7952000000.0,528000000.0,7424000000.0,7952000000.0,279000000.0,895000000.0,0.0,0.007,1.12,6604000000.0,7499000000.0,0.038,7499000000.0,6604000000.0,6307000000.0,22.02,21.81,22.02,11303000000.0,9884750000.0,11303000000.0,40463895705.0,6.0,5.396,3060000000.0,14.502,1.0,10924000000.0,0.055,15988000000.0,297000000.0,15642000000.0,13964250000.0,15498000000.0,3855000000.0,0.0,3855000000.0,50303000000.0,35799000000.0,14504000000.0,34701895705.0,-3262000000.0,-3280000000.0,-2442000000.0,-321000000.0,-249000000.0,-3118000000.0,-3713000000.0,0.0,3626000000.0,-57000000.0,4837000000.0,4837000000.0,4837000000.0,9000000.0,121000000.0,0.024,8088000000.0,2836000000.0,32015000000.0,0.051,3.07,7.174,7.472,2349000000.0,0.0,164.54,0.174,0.174,19132000000.0,13442000000.0,199851000000.0,199851000000.0,341000000.0,0.081,0.489,0.473,0.033,0.0,7439000000.0,1.0,210902490.0,211000000,213000000.0,947.161,45828000000.0,0.0,1470000000.0,3752000000.0,217.194,1898000000.0
17,MCK,MRT,2017-03-31,2017-03-31,2017-03-31,2021-08-05,-2141000000.0,60969000000.0,58765500000.0,36948000000.0,24021000000.0,3.378,50.204,-562000000.0,2783000000.0,2783000000.0,187262000000.0,5153000000.0,1.038,4.479,8545000000.0,1240000000.0,7305000000.0,8545000000.0,346000000.0,910000000.0,0.0,0.008,1.12,6992000000.0,7902000000.0,0.04,7902000000.0,6992000000.0,6684000000.0,22.95,22.73,22.95,11095000000.0,9371250000.0,11095000000.0,38127904243.0,5.0,4.825,4182000000.0,18.923,1.0,11271000000.0,0.057,14251000000.0,308000000.0,16868000000.0,12681500000.0,15278000000.0,4063000000.0,0.0,4063000000.0,49696000000.0,35612000000.0,14084000000.0,31438904243.0,-738000000.0,-2780000000.0,-2191000000.0,393000000.0,-253000000.0,-2069000000.0,-3269000000.0,0.0,4744000000.0,-144000000.0,5070000000.0,5070000000.0,5070000000.0,124000000.0,83000000.0,0.026,8096000000.0,3175000000.0,31022000000.0,0.049,2.834,6.201,6.46,2292000000.0,0.0,148.26,0.158,0.165,18215000000.0,13189000000.0,198533000000.0,198533000000.0,341000000.0,0.086,0.541,0.551,0.035,0.0,7447000000.0,1.0,212052504.0,221000000,223000000.0,898.339,46718000000.0,0.0,1614000000.0,3678000000.0,211.394,1336000000.0
18,MCK,MRT,2016-12-31,2016-12-31,2016-12-31,2021-08-05,-2228000000.0,57874000000.0,57654000000.0,39268000000.0,18606000000.0,3.408,34.805,-629000000.0,2434000000.0,2434000000.0,185171000000.0,1974000000.0,1.029,6.503,9123000000.0,3154000000.0,5969000000.0,9123000000.0,402000000.0,877000000.0,0.0,0.008,1.12,3004000000.0,3881000000.0,0.02,3881000000.0,3004000000.0,2687000000.0,8.55,8.46,8.55,7692000000.0,8828500000.0,7692000000.0,34396913532.0,11.0,8.863,5786000000.0,26.181,1.0,11327000000.0,0.058,14195000000.0,317000000.0,12194000000.0,11642750000.0,16121000000.0,0.0,0.0,0.0,50022000000.0,38174000000.0,11848000000.0,31753913532.0,-972000000.0,-4278000000.0,-2597000000.0,413000000.0,-257000000.0,-2351000000.0,-4948000000.0,0.0,6415000000.0,-88000000.0,1913000000.0,1913000000.0,1913000000.0,138000000.0,61000000.0,0.01,8307000000.0,3020000000.0,30811000000.0,0.131,4.128,16.599,16.427,2411000000.0,0.0,140.45,0.162,0.158,18198000000.0,9663000000.0,196498000000.0,196498000000.0,392000000.0,0.033,0.217,0.258,0.015,119000000.0,7422000000.0,1.0,226086960.0,221000000,222000000.0,889.131,43679000000.0,0.0,774000000.0,2884000000.0,197.643,1094000000.0
19,MCK,MRT,2016-09-30,2016-09-30,2016-09-30,2021-08-05,-1854000000.0,58315000000.0,56957250000.0,41338000000.0,16977000000.0,3.411,41.81,-643000000.0,5464000000.0,5464000000.0,182880000000.0,1975000000.0,1.116,5.153,8107000000.0,2166000000.0,5941000000.0,8107000000.0,271000000.0,893000000.0,0.0,0.007,1.12,3091000000.0,3984000000.0,0.021,3984000000.0,3091000000.0,2761000000.0,8.44,8.34,8.44,9449000000.0,9124500000.0,9449000000.0,41086800996.0,13.0,10.313,4706000000.0,20.823,1.0,11387000000.0,0.059,12754000000.0,330000000.0,11153000000.0,11873250000.0,15273000000.0,0.0,0.0,0.0,48692000000.0,37051000000.0,11641000000.0,37635800996.0,105000000.0,-2166000000.0,-939000000.0,-1240000000.0,-259000000.0,-2377000000.0,-2834000000.0,0.0,5349000000.0,-33000000.0,1914000000.0,1914000000.0,1914000000.0,130000000.0,61000000.0,0.01,8278000000.0,3109000000.0,31037000000.0,0.133,3.983,19.663,19.757,2300000000.0,0.0,166.75,0.194,0.194,18308000000.0,9088000000.0,194267000000.0,194267000000.0,392000000.0,0.034,0.21,0.26,0.016,124000000.0,7393000000.0,1.0,225701955.0,226000000,228000000.0,859.588,45561000000.0,0.0,847000000.0,2632000000.0,201.597,4287000000.0
20,MCK,MRT,2016-06-30,2016-06-30,2016-06-30,2021-08-05,-1739000000.0,57904000000.0,56333250000.0,39038000000.0,18866000000.0,3.427,41.107,-671000000.0,4659000000.0,4659000000.0,181596000000.0,2281000000.0,1.067,5.234,8110000000.0,2168000000.0,5942000000.0,8110000000.0,820000000.0,898000000.0,0.0,0.006,1.12,3458000000.0,4356000000.0,0.023,4356000000.0,3458000000.0,3115000000.0,9.74,9.63,9.74,9249000000.0,8959250000.0,9249000000.0,46106080618.0,13.0,10.584,4406000000.0,19.582,1.0,11475000000.0,0.059,14270000000.0,343000000.0,10511000000.0,12087000000.0,15500000000.0,0.0,0.0,0.0,48413000000.0,36574000000.0,11839000000.0,42000080618.0,-976000000.0,-1850000000.0,-1444000000.0,-1634000000.0,-251000000.0,-3332000000.0,-2694000000.0,0.0,5077000000.0,-27000000.0,2224000000.0,2224000000.0,2224000000.0,135000000.0,57000000.0,0.012,7992000000.0,3483000000.0,30424000000.0,0.115,4.541,18.885,19.163,2430000000.0,0.0,186.65,0.218,0.218,18334000000.0,8843000000.0,193071000000.0,193071000000.0,392000000.0,0.039,0.248,0.286,0.018,123000000.0,7397000000.0,1.0,225020523.0,225000000,228000000.0,858.093,43634000000.0,0.0,891000000.0,2789000000.0,193.929,2464000000.0
21,MCK,MRT,2016-03-31,2016-03-31,2016-03-31,2021-08-05,-1561000000.0,56523000000.0,55838500000.0,38435000000.0,18088000000.0,3.419,38.8,-677000000.0,4048000000.0,4048000000.0,179468000000.0,2310000000.0,1.096,5.324,8114000000.0,1617000000.0,6497000000.0,8114000000.0,919000000.0,885000000.0,0.0,0.007,1.08,3519000000.0,4404000000.0,0.023,4404000000.0,3519000000.0,3166000000.0,9.82,9.7,9.82,8924000000.0,8860250000.0,8924000000.0,41257301662.0,12.0,9.368,2995000000.0,13.022,1.0,11416000000.0,0.06,12807000000.0,353000000.0,12713000000.0,12468750000.0,15335000000.0,0.0,0.0,0.0,47515000000.0,35069000000.0,12446000000.0,35945301662.0,-1293000000.0,-769000000.0,-1489000000.0,-1725000000.0,-244000000.0,-3453000000.0,-1557000000.0,0.0,3672000000.0,45000000.0,2258000000.0,2258000000.0,2258000000.0,32000000.0,52000000.0,0.012,7974000000.0,3442000000.0,28585000000.0,0.11,4.028,15.919,16.013,2278000000.0,0.0,157.25,0.188,0.189,17980000000.0,8360000000.0,190884000000.0,190884000000.0,392000000.0,0.04,0.255,0.282,0.018,123000000.0,7379000000.0,1.0,228586974.0,230000000,233000000.0,829.93,43716000000.0,0.0,908000000.0,2734000000.0,190.07,3366000000.0
22,MCK,MRT,2015-12-31,2015-12-31,2015-12-31,2021-08-05,-1845000000.0,55087000000.0,55175250000.0,38261000000.0,16826000000.0,3.428,38.591,-563000000.0,3406000000.0,3406000000.0,177650000000.0,2010000000.0,1.11,5.197,8718000000.0,1003000000.0,7715000000.0,8718000000.0,999000000.0,902000000.0,0.0,0.005,1.04,3229000000.0,4131000000.0,0.022,4131000000.0,3229000000.0,2872000000.0,8.48,8.36,8.48,8876000000.0,8629500000.0,8876000000.0,49413416412.0,15.0,11.962,1886000000.0,8.2,1.0,11481000000.0,0.061,12804000000.0,357000000.0,13116000000.0,12195000000.0,16411000000.0,0.0,0.0,0.0,46127000000.0,34479000000.0,11648000000.0,45384416412.0,-1181000000.0,49000000.0,-1170000000.0,-1408000000.0,-235000000.0,-2963000000.0,-466000000.0,0.0,2449000000.0,-201000000.0,1959000000.0,1959000000.0,1959000000.0,278000000.0,51000000.0,0.01,7976000000.0,3505000000.0,26854000000.0,0.123,5.113,23.167,23.258,2112000000.0,0.0,197.23,0.24,0.24,17402000000.0,7995000000.0,189131000000.0,189131000000.0,392000000.0,0.036,0.227,0.265,0.017,160000000.0,7434000000.0,1.0,230109093.0,230000000,232000000.0,822.309,42283000000.0,0.0,913000000.0,1979000000.0,183.839,3782000000.0
23,MCK,MRT,2015-09-30,2015-09-30,2015-09-30,2021-08-05,-1644000000.0,55819000000.0,55181000000.0,38749000000.0,17070000000.0,3.402,37.879,-549000000.0,5359000000.0,5359000000.0,176209000000.0,1874000000.0,1.114,5.342,9388000000.0,1252000000.0,8136000000.0,9388000000.0,807000000.0,930000000.0,0.0,0.005,1.0,3067000000.0,3997000000.0,0.021,3997000000.0,3067000000.0,2704000000.0,7.75,7.63,7.75,8788000000.0,8681500000.0,8788000000.0,47162567056.0,15.0,11.799,3649000000.0,15.728,1.0,11507000000.0,0.061,13065000000.0,363000000.0,12008000000.0,12495750000.0,15587000000.0,0.0,0.0,0.0,46946000000.0,34775000000.0,12171000000.0,43001567056.0,1555000000.0,71000000.0,-792000000.0,-890000000.0,-226000000.0,-1990000000.0,-439000000.0,0.0,4198000000.0,-214000000.0,1797000000.0,1797000000.0,1797000000.0,293000000.0,77000000.0,0.01,8122000000.0,3385000000.0,27151000000.0,0.129,4.893,23.93,23.875,2108000000.0,0.0,185.03,0.229,0.229,16798000000.0,13780000000.0,187716000000.0,187716000000.0,392000000.0,0.033,0.207,0.245,0.016,170000000.0,7580000000.0,1.0,232403216.0,232000000,235000000.0,809.121,42754000000.0,0.0,907000000.0,1915000000.0,184.284,3974000000.0
24,MCK,MRT,2015-06-30,2015-06-30,2015-06-30,2021-08-05,-1434000000.0,55925000000.0,54284250000.0,38571000000.0,17354000000.0,3.373,38.159,-549000000.0,5635000000.0,5635000000.0,171588000000.0,1721000000.0,1.112,5.307,9796000000.0,1654000000.0,8142000000.0,9796000000.0,939000000.0,966000000.0,0.0,0.004,0.96,2902000000.0,3868000000.0,0.021,3868000000.0,2902000000.0,2535000000.0,7.11,6.99,7.11,8853000000.0,8717250000.0,8853000000.0,56558549304.0,19.0,14.622,2835000000.0,12.22,1.0,11527000000.0,0.063,13375000000.0,367000000.0,12038000000.0,13361000000.0,14932000000.0,0.0,0.0,0.0,46986000000.0,34673000000.0,12313000000.0,52055549304.0,1530000000.0,-45000000.0,-297000000.0,-437000000.0,-227000000.0,-1004000000.0,-582000000.0,0.0,3384000000.0,-268000000.0,1649000000.0,1649000000.0,1649000000.0,301000000.0,72000000.0,0.009,8309000000.0,3218000000.0,26319000000.0,0.135,5.88,31.568,31.619,2100000000.0,0.0,224.81,0.284,0.285,16684000000.0,13227000000.0,183115000000.0,183115000000.0,392000000.0,0.03,0.189,0.217,0.016,174000000.0,7767000000.0,1.0,231553531.0,232000000,235000000.0,789.289,42550000000.0,0.0,886000000.0,1869000000.0,183.405,3898000000.0
25,MCK,MRT,2015-03-31,2015-03-31,2015-03-31,2021-08-05,-1713000000.0,53870000000.0,53554500000.0,36670000000.0,17200000000.0,3.343,34.487,-545000000.0,5341000000.0,5341000000.0,167634000000.0,1543000000.0,1.095,5.722,9844000000.0,1664000000.0,8180000000.0,9844000000.0,1078000000.0,1017000000.0,0.0,0.004,0.96,2665000000.0,3682000000.0,0.021,3682000000.0,2665000000.0,2291000000.0,6.37,6.27,6.37,8001000000.0,8748750000.0,8001000000.0,58476430650.0,22.0,15.882,2567000000.0,11.065,1.0,11411000000.0,0.064,13258000000.0,374000000.0,11618000000.0,14228500000.0,14296000000.0,0.0,0.0,0.0,45785000000.0,33497000000.0,12288000000.0,52669430650.0,1148000000.0,-155000000.0,-298000000.0,-402000000.0,-227000000.0,-968000000.0,-677000000.0,0.0,3112000000.0,-319000000.0,1476000000.0,1476000000.0,1476000000.0,299000000.0,67000000.0,0.008,8443000000.0,2968000000.0,25166000000.0,0.151,6.583,35.684,35.51,2045000000.0,0.0,226.2,0.294,0.293,15914000000.0,12705000000.0,179045000000.0,179045000000.0,392000000.0,0.028,0.169,0.187,0.015,174000000.0,7901000000.0,1.0,232844521.0,232000000,235000000.0,771.746,40612000000.0,0.0,815000000.0,2679000000.0,175.052,3173000000.0
26,MCK,MRT,2014-12-31,2014-12-31,2014-12-31,2021-08-05,-804000000.0,55110000000.0,53026750000.0,37141000000.0,17969000000.0,3.243,39.155,-519000000.0,4587000000.0,4587000000.0,160907000000.0,1764000000.0,1.133,5.059,10394000000.0,1413000000.0,8981000000.0,10394000000.0,1231000000.0,1026000000.0,0.0,0.005,0.96,2833000000.0,3859000000.0,0.022,3859000000.0,2833000000.0,2436000000.0,7.41,7.29,7.41,9084000000.0,8879000000.0,9084000000.0,54902013873.0,19.0,14.227,3374000000.0,14.543,1.0,11045000000.0,0.064,13820000000.0,397000000.0,14319000000.0,14760750000.0,15378000000.0,0.0,0.0,0.0,45954000000.0,32778000000.0,13176000000.0,48134013873.0,2156000000.0,-4497000000.0,34000000.0,3598000000.0,-231000000.0,3440000000.0,-5063000000.0,0.0,3893000000.0,-114000000.0,1714000000.0,1714000000.0,1714000000.0,66000000.0,50000000.0,0.01,8172000000.0,2873000000.0,25205000000.0,0.13,5.299,28.083,28.013,2156000000.0,0.0,207.58,0.28,0.28,16581000000.0,12628000000.0,171952000000.0,171952000000.0,457000000.0,0.032,0.193,0.192,0.016,172000000.0,7715000000.0,1.0,231881751.0,232000000,236000000.0,741.172,41290000000.0,0.0,722000000.0,1705000000.0,177.974,4363000000.0
27,MCK,MRT,2014-09-30,2014-09-30,2014-09-30,2021-08-05,-425000000.0,52232000000.0,48369000000.0,33879000000.0,18353000000.0,3.304,38.496,-490000000.0,3804000000.0,3804000000.0,149807000000.0,1318000000.0,1.155,4.67,10572000000.0,952000000.0,9620000000.0,10572000000.0,1003000000.0,941000000.0,0.0,0.005,0.96,2458000000.0,3399000000.0,0.021,3399000000.0,2458000000.0,2085000000.0,5.66,5.57,5.66,8931000000.0,8614750000.0,8931000000.0,51653419768.0,21.0,15.197,1998000000.0,8.612,1.0,9997000000.0,0.063,14194000000.0,373000000.0,15469000000.0,13344000000.0,14063000000.0,0.0,0.0,0.0,41706000000.0,29337000000.0,12369000000.0,45085419768.0,844000000.0,-4408000000.0,17000000.0,3714000000.0,-230000000.0,3488000000.0,-5079000000.0,0.0,2488000000.0,-53000000.0,1307000000.0,1307000000.0,1307000000.0,155000000.0,11000000.0,0.008,7431000000.0,2566000000.0,22656000000.0,0.17,5.048,34.495,34.394,2174000000.0,0.0,194.67,0.282,0.283,15391000000.0,12211000000.0,159804000000.0,159804000000.0,457000000.0,0.027,0.152,0.184,0.015,169000000.0,6956000000.0,1.0,231599218.0,232000000,235000000.0,688.81,38038000000.0,0.0,778000000.0,1734000000.0,163.957,4542000000.0
28,MCK,MRT,2014-06-30,2014-06-30,2014-06-30,2021-08-05,107000000.0,53006000000.0,44297750000.0,33973000000.0,19033000000.0,3.355,38.87,-434000000.0,4105000000.0,4105000000.0,139475000000.0,1245000000.0,1.162,4.704,10673000000.0,532000000.0,10141000000.0,10673000000.0,1124000000.0,853000000.0,0.0,0.005,0.96,2347000000.0,3200000000.0,0.022,3200000000.0,2347000000.0,2010000000.0,5.4,5.32,5.4,8979000000.0,8379250000.0,8979000000.0,49461697176.0,21.0,15.457,2168000000.0,9.385,1.0,9154000000.0,0.062,14821000000.0,337000000.0,15508000000.0,11479000000.0,14124000000.0,0.0,0.0,0.0,42241000000.0,29245000000.0,12996000000.0,42935697176.0,1200000000.0,-4431000000.0,56000000.0,3660000000.0,-220000000.0,3525000000.0,-4974000000.0,0.0,2602000000.0,47000000.0,1242000000.0,1242000000.0,1242000000.0,160000000.0,3000000.0,0.008,6689000000.0,2465000000.0,22812000000.0,0.178,4.782,34.57,34.483,2209000000.0,0.0,186.21,0.289,0.289,14920000000.0,11800000000.0,148629000000.0,148629000000.0,457000000.0,0.028,0.148,0.204,0.016,160000000.0,6179000000.0,1.0,230576753.0,231000000,235000000.0,643.416,38185000000.0,0.0,768000000.0,1656000000.0,165.303,4728000000.0
29,MCK,MRT,2014-03-31,2014-03-31,2014-03-31,2021-08-05,-3000000.0,51759000000.0,39919000000.0,32836000000.0,18923000000.0,3.442,37.214,-419000000.0,4193000000.0,4193000000.0,129040000000.0,1258000000.0,1.109,4.863,10594000000.0,1665000000.0,8929000000.0,10594000000.0,1236000000.0,735000000.0,0.0,0.005,0.92,2320000000.0,3055000000.0,0.022,3055000000.0,2320000000.0,2020000000.0,5.51,5.41,5.51,8522000000.0,7986500000.0,8522000000.0,43076487487.0,19.0,14.1,2717000000.0,11.865,1.0,8352000000.0,0.061,14798000000.0,300000000.0,13747000000.0,9482250000.0,12986000000.0,0.0,0.0,0.0,41441000000.0,29615000000.0,11826000000.0,40633487487.0,1737000000.0,-4491000000.0,47000000.0,3724000000.0,-214000000.0,3619000000.0,-5046000000.0,0.0,3136000000.0,28000000.0,1263000000.0,1263000000.0,1263000000.0,156000000.0,-5000000.0,0.009,5913000000.0,2439000000.0,21128000000.0,0.167,4.768,32.172,32.045,2196000000.0,0.0,176.57,0.296,0.294,13780000000.0,11453000000.0,137392000000.0,137392000000.0,457000000.0,0.032,0.158,0.245,0.017,160000000.0,5388000000.0,1.0,230126791.0,229000000,233000000.0,599.965,36961000000.0,0.0,757000000.0,1588000000.0,161.402,3221000000.0
30,MCK,MRT,2013-12-31,2013-12-31,2013-12-31,2021-08-05,-68000000.0,36479000000.0,35675750000.0,25234000000.0,11245000000.0,3.65,34.9,-443000000.0,2431000000.0,2431000000.0,122410000000.0,1152000000.0,1.152,3.545,4874000000.0,353000000.0,4521000000.0,4874000000.0,1286000000.0,693000000.0,0.0,0.005,0.88,2183000000.0,2876000000.0,0.022,2876000000.0,2183000000.0,1926000000.0,5.03,4.95,5.03,8027000000.0,7623500000.0,8027000000.0,38989348783.0,18.0,13.557,2236000000.0,9.722,1.0,7793000000.0,0.06,8366000000.0,257000000.0,8652000000.0,7838250000.0,11462000000.0,0.0,0.0,0.0,28452000000.0,21904000000.0,6548000000.0,37075348783.0,-295000000.0,-1315000000.0,-725000000.0,-237000000.0,-201000000.0,-1111000000.0,-1847000000.0,0.0,2679000000.0,-16000000.0,1152000000.0,1152000000.0,1152000000.0,142000000.0,0.0,0.009,5292000000.0,2501000000.0,16638000000.0,0.175,4.619,32.183,32.087,1359000000.0,0.0,161.4,0.285,0.285,10750000000.0,11138000000.0,130203000000.0,130203000000.0,433000000.0,0.032,0.151,0.279,0.017,159000000.0,4779000000.0,1.0,229710959.0,230000000,234000000.0,566.1,28113000000.0,0.0,774000000.0,1519000000.0,122.23,3330000000.0
31,MCK,MRT,2013-09-30,2013-09-30,2013-09-30,2021-08-05,-16000000.0,35947000000.0,34914250000.0,24545000000.0,11402000000.0,3.637,34.886,-441000000.0,2960000000.0,2960000000.0,119378000000.0,1385000000.0,1.148,3.5,4874000000.0,353000000.0,4521000000.0,4874000000.0,1056000000.0,661000000.0,0.0,0.007,0.84,2295000000.0,2956000000.0,0.023,2956000000.0,2295000000.0,2048000000.0,6.02,5.91,6.02,7989000000.0,7529000000.0,7989000000.0,31301521297.0,14.0,10.589,2396000000.0,10.463,1.0,7588000000.0,0.06,8473000000.0,247000000.0,8009000000.0,7642500000.0,10484000000.0,0.0,0.0,0.0,27958000000.0,21379000000.0,6579000000.0,29332521297.0,129000000.0,-1738000000.0,-1084000000.0,655000000.0,-193000000.0,-560000000.0,-2132000000.0,0.0,2837000000.0,-16000000.0,1385000000.0,1385000000.0,1385000000.0,51000000.0,0.0,0.011,5082000000.0,2506000000.0,16435000000.0,0.14,3.672,21.179,21.312,1348000000.0,0.0,128.3,0.231,0.231,10321000000.0,11130000000.0,126966000000.0,126966000000.0,433000000.0,0.04,0.184,0.3,0.018,158000000.0,4587000000.0,1.0,228624484.0,229000000,233000000.0,554.437,27474000000.0,0.0,663000000.0,1529000000.0,119.974,3166000000.0
32,MCK,MRT,2013-06-30,2013-06-30,2013-06-30,2021-08-05,-118000000.0,35491000000.0,34169500000.0,24067000000.0,11424000000.0,3.621,32.634,-423000000.0,2905000000.0,2905000000.0,116486000000.0,1382000000.0,1.12,3.791,4874000000.0,352000000.0,4522000000.0,4874000000.0,1155000000.0,618000000.0,0.0,0.007,0.8,2237000000.0,2855000000.0,0.023,2855000000.0,2237000000.0,1994000000.0,5.96,5.84,5.96,7408000000.0,7460500000.0,7408000000.0,28363970034.0,13.0,9.935,3328000000.0,14.661,1.0,7250000000.0,0.059,8458000000.0,243000000.0,7521000000.0,7175500000.0,10332000000.0,0.0,0.0,0.0,28083000000.0,21481000000.0,6602000000.0,25946970034.0,892000000.0,-1839000000.0,-1115000000.0,655000000.0,-194000000.0,-604000000.0,-2243000000.0,0.0,3751000000.0,-12000000.0,1382000000.0,1382000000.0,1382000000.0,30000000.0,0.0,0.011,4824000000.0,2426000000.0,16654000000.0,0.134,3.503,18.775,19.211,1333000000.0,0.0,114.5,0.21,0.21,10013000000.0,10780000000.0,123736000000.0,123736000000.0,433000000.0,0.04,0.185,0.312,0.018,167000000.0,4320000000.0,1.0,226611092.0,227000000,232000000.0,545.093,27033000000.0,0.0,612000000.0,1412000000.0,119.088,2586000000.0
33,MCK,MRT,2013-03-31,2013-03-31,2013-03-31,2021-08-05,-65000000.0,34786000000.0,33233750000.0,23170000000.0,11616000000.0,3.677,30.085,-400000000.0,2456000000.0,2456000000.0,115315000000.0,1338000000.0,1.085,3.92,4873000000.0,352000000.0,4521000000.0,4873000000.0,1359000000.0,581000000.0,0.0,0.007,0.8,2165000000.0,2746000000.0,0.022,2746000000.0,2165000000.0,1925000000.0,5.71,5.59,5.71,7070000000.0,7409250000.0,7070000000.0,26895736601.0,12.0,9.795,2083000000.0,8.864,1.0,6881000000.0,0.056,8675000000.0,240000000.0,7171000000.0,6924000000.0,10335000000.0,0.0,0.0,0.0,27716000000.0,21357000000.0,6359000000.0,25142736601.0,-693000000.0,-1873000000.0,-1048000000.0,255000000.0,-194000000.0,-956000000.0,-2209000000.0,0.0,2483000000.0,-11000000.0,1338000000.0,1338000000.0,1338000000.0,25000000.0,0.0,0.011,4615000000.0,2266000000.0,16108000000.0,0.14,3.556,18.791,18.907,1321000000.0,0.0,107.96,0.206,0.208,9975000000.0,10402000000.0,122196000000.0,122196000000.0,433000000.0,0.04,0.181,0.313,0.018,167000000.0,4110000000.0,1.0,232889372.0,235000000,239000000.0,519.983,26111000000.0,0.0,587000000.0,1626000000.0,111.111,1813000000.0
34,MCK,MRT,2012-12-31,2012-12-31,2012-12-31,2021-08-05,35000000.0,33433000000.0,32810500000.0,23439000000.0,9994000000.0,3.744,32.549,-347000000.0,2726000000.0,2726000000.0,116270000000.0,1600000000.0,1.16,3.371,4479000000.0,506000000.0,3973000000.0,4479000000.0,1431000000.0,468000000.0,0.0,0.008,0.8,2417000000.0,2885000000.0,0.023,2885000000.0,2417000000.0,2188000000.0,6.71,6.57,6.71,7649000000.0,7349500000.0,7649000000.0,23636413093.0,10.0,8.193,1163000000.0,4.949,1.0,6569000000.0,0.053,7109000000.0,229000000.0,7869000000.0,6495250000.0,10390000000.0,0.0,0.0,0.0,25784000000.0,20208000000.0,5576000000.0,22886413093.0,-1465000000.0,-1424000000.0,-1458000000.0,485000000.0,-196000000.0,-1126000000.0,-1856000000.0,0.0,1510000000.0,7000000.0,1600000000.0,1600000000.0,1600000000.0,-19000000.0,0.0,0.013,4288000000.0,2281000000.0,15047000000.0,0.119,2.992,14.304,14.45,1247000000.0,0.0,96.96,0.186,0.185,9962000000.0,10384000000.0,122839000000.0,122839000000.0,402000000.0,0.049,0.218,0.372,0.02,164000000.0,3822000000.0,1.0,236039739.0,235000000,240000000.0,522.719,26324000000.0,0.0,588000000.0,1519000000.0,112.017,3231000000.0
35,MCK,MRT,2012-09-30,2012-09-30,2012-09-30,2021-08-05,46000000.0,32968000000.0,32741500000.0,23091000000.0,9877000000.0,3.744,32.691,-329000000.0,2831000000.0,2831000000.0,116089000000.0,1602000000.0,1.113,3.273,3581000000.0,508000000.0,3073000000.0,3581000000.0,1528000000.0,474000000.0,0.0,0.009,0.8,2407000000.0,2881000000.0,0.024,2881000000.0,2407000000.0,2173000000.0,6.66,6.53,6.66,7715000000.0,7301250000.0,7715000000.0,21870836634.0,9.0,7.591,1685000000.0,7.14,1.0,6490000000.0,0.053,6827000000.0,234000000.0,6141000000.0,6128000000.0,10070000000.0,0.0,0.0,0.0,25253000000.0,20750000000.0,4503000000.0,20303836634.0,-1112000000.0,-1108000000.0,-1090000000.0,-413000000.0,-198000000.0,-1653000000.0,-1504000000.0,0.0,2014000000.0,31000000.0,1602000000.0,1602000000.0,1602000000.0,-27000000.0,0.0,0.013,4215000000.0,2275000000.0,15501000000.0,0.12,2.632,12.674,12.917,1223000000.0,0.0,86.03,0.166,0.166,9823000000.0,10135000000.0,122579000000.0,122579000000.0,402000000.0,0.049,0.219,0.393,0.02,158000000.0,3722000000.0,1.0,236008795.0,236000000,240000000.0,519.403,26141000000.0,0.0,571000000.0,1710000000.0,110.767,2341000000.0
36,MCK,MRT,2012-06-30,2012-06-30,2012-06-30,2021-08-05,-30000000.0,31748000000.0,32476250000.0,22054000000.0,9694000000.0,3.789,30.521,-367000000.0,2013000000.0,2013000000.0,116586000000.0,1497000000.0,1.097,3.408,3580000000.0,508000000.0,3072000000.0,3580000000.0,1317000000.0,483000000.0,0.0,0.009,0.8,2273000000.0,2756000000.0,0.022,2756000000.0,2273000000.0,2030000000.0,6.16,6.04,6.16,7203000000.0,7151500000.0,7203000000.0,22899486375.0,10.0,8.309,1705000000.0,7.225,1.0,6454000000.0,0.052,6703000000.0,243000000.0,6515000000.0,6153000000.0,10059000000.0,0.0,0.0,0.0,24545000000.0,20097000000.0,4448000000.0,22068486375.0,-1103000000.0,-1053000000.0,-1096000000.0,-414000000.0,-201000000.0,-1662000000.0,-1498000000.0,0.0,2072000000.0,-15000000.0,1497000000.0,1497000000.0,1497000000.0,-25000000.0,0.0,0.012,4307000000.0,2147000000.0,15151000000.0,0.13,3.064,14.742,15.219,1221000000.0,0.0,93.75,0.179,0.18,9564000000.0,9783000000.0,123040000000.0,123040000000.0,402000000.0,0.046,0.209,0.369,0.018,115000000.0,3740000000.0,1.0,235397188.0,236000000,240000000.0,521.356,25045000000.0,0.0,533000000.0,1534000000.0,106.123,1957000000.0
37,MCK,MRT,2012-03-31,2012-03-31,2012-03-31,2021-08-05,5000000.0,33093000000.0,32293500000.0,23603000000.0,9490000000.0,3.788,27.768,-398000000.0,3149000000.0,3149000000.0,115919000000.0,1403000000.0,1.088,3.845,3980000000.0,908000000.0,3072000000.0,3980000000.0,1423000000.0,493000000.0,0.0,0.009,0.8,2168000000.0,2661000000.0,0.022,2661000000.0,2168000000.0,1917000000.0,5.7,5.59,5.7,6831000000.0,7080000000.0,6831000000.0,21396612854.0,10.0,8.041,2552000000.0,10.374,1.0,6402000000.0,0.052,6782000000.0,251000000.0,5456000000.0,6209750000.0,10073000000.0,0.0,0.0,0.0,26262000000.0,21686000000.0,4576000000.0,21600612854.0,-463000000.0,-1051000000.0,-1707000000.0,-30000000.0,-195000000.0,-1905000000.0,-1502000000.0,0.0,2950000000.0,-6000000.0,1403000000.0,1403000000.0,1403000000.0,-24000000.0,0.0,0.011,4278000000.0,2124000000.0,16114000000.0,0.14,3.162,15.396,15.398,1043000000.0,0.0,87.77,0.177,0.177,9977000000.0,9451000000.0,122321000000.0,122321000000.0,402000000.0,0.043,0.198,0.349,0.018,154000000.0,3727000000.0,1.0,246104738.0,246000000,251000000.0,497.24,26311000000.0,0.0,514000000.0,1092000000.0,106.955,1917000000.0
38,MCK,MRT,2011-12-31,2011-12-31,2011-12-31,2021-08-05,2000000.0,33157000000.0,31741750000.0,24569000000.0,8588000000.0,3.777,30.309,-427000000.0,4191000000.0,4191000000.0,113415000000.0,1304000000.0,1.186,3.447,3987000000.0,409000000.0,3578000000.0,3987000000.0,1471000000.0,552000000.0,0.0,0.01,0.78,2094000000.0,2646000000.0,0.022,2646000000.0,2094000000.0,1820000000.0,5.21,5.12,5.21,7456000000.0,7177250000.0,7456000000.0,19180631332.0,9.0,7.249,2289000000.0,9.305,1.0,6473000000.0,0.054,5838000000.0,274000000.0,6400000000.0,6528750000.0,10376000000.0,0.0,0.0,0.0,25701000000.0,20715000000.0,4986000000.0,19131631332.0,978000000.0,-204000000.0,-923000000.0,-64000000.0,-191000000.0,-1142000000.0,-588000000.0,0.0,2716000000.0,-8000000.0,1304000000.0,1304000000.0,1304000000.0,0.0,0.0,0.011,4408000000.0,2065000000.0,15677000000.0,0.15,2.566,14.671,14.954,1015000000.0,0.0,77.91,0.16,0.16,9673000000.0,8981000000.0,119888000000.0,119888000000.0,407000000.0,0.041,0.182,0.321,0.017,151000000.0,3856000000.0,1.0,245560664.0,246000000,251000000.0,487.35,27319000000.0,0.0,516000000.0,1038000000.0,111.053,3854000000.0
39,MCK,MRT,2011-09-30,2011-09-30,2011-09-30,2021-08-05,-21000000.0,31907000000.0,31051500000.0,23262000000.0,8645000000.0,3.777,28.927,-433000000.0,3943000000.0,3943000000.0,110928000000.0,1159000000.0,1.172,3.484,3992000000.0,414000000.0,3578000000.0,3992000000.0,1528000000.0,529000000.0,0.0,0.01,0.76,1918000000.0,2447000000.0,0.021,2447000000.0,1918000000.0,1655000000.0,4.6,4.52,4.6,7116000000.0,7083250000.0,7116000000.0,18779322174.0,10.0,7.674,2502000000.0,10.171,1.0,6368000000.0,0.054,5870000000.0,263000000.0,6241000000.0,6301250000.0,9426000000.0,0.0,0.0,0.0,24791000000.0,19845000000.0,4946000000.0,17906322174.0,893000000.0,-452000000.0,-920000000.0,-58000000.0,-188000000.0,-1150000000.0,-878000000.0,0.0,2935000000.0,-14000000.0,1159000000.0,1159000000.0,1159000000.0,0.0,0.0,0.01,4488000000.0,1880000000.0,14895000000.0,0.165,2.516,15.45,15.804,1006000000.0,0.0,72.7,0.153,0.152,9525000000.0,8731000000.0,117296000000.0,117296000000.0,407000000.0,0.037,0.164,0.304,0.016,149000000.0,3774000000.0,1.0,246304294.0,246000000,250000000.0,476.813,26037000000.0,0.0,496000000.0,1028000000.0,105.841,3417000000.0
40,MCK,MRT,2011-06-30,2011-06-30,2011-06-30,2021-08-05,103000000.0,31017000000.0,29772750000.0,22374000000.0,8643000000.0,3.85,27.779,-410000000.0,3116000000.0,3116000000.0,108527000000.0,1190000000.0,1.169,3.484,3989000000.0,414000000.0,3575000000.0,3989000000.0,1290000000.0,511000000.0,0.0,0.009,0.74,1926000000.0,2437000000.0,0.021,2437000000.0,1926000000.0,1683000000.0,4.67,4.59,4.67,6917000000.0,7008000000.0,6917000000.0,21481841095.0,11.0,8.815,1726000000.0,6.932,1.0,6087000000.0,0.053,6006000000.0,243000000.0,6742000000.0,6099000000.0,9530000000.0,0.0,0.0,0.0,24100000000.0,19142000000.0,4958000000.0,21089841095.0,-149000000.0,-289000000.0,-1432000000.0,-57000000.0,-185000000.0,-1606000000.0,-699000000.0,0.0,2136000000.0,20000000.0,1190000000.0,1190000000.0,1190000000.0,-72000000.0,0.0,0.01,4268000000.0,1819000000.0,14547000000.0,0.158,3.049,17.723,17.912,988000000.0,0.0,83.65,0.184,0.182,9372000000.0,8486000000.0,114614000000.0,114614000000.0,407000000.0,0.04,0.17,0.316,0.017,143000000.0,3648000000.0,1.0,252120037.0,249000000,254000000.0,460.297,25011000000.0,0.0,493000000.0,1071000000.0,100.446,3232000000.0
41,MCK,MRT,2011-03-31,2011-03-31,2011-03-31,2021-08-05,87000000.0,30886000000.0,28868250000.0,22357000000.0,8529000000.0,3.883,27.984,-388000000.0,3612000000.0,3612000000.0,106114000000.0,1202000000.0,1.194,3.278,4004000000.0,417000000.0,3587000000.0,4004000000.0,1321000000.0,496000000.0,0.0,0.009,0.72,1929000000.0,2425000000.0,0.022,2425000000.0,1929000000.0,1707000000.0,4.65,4.57,4.65,7220000000.0,6998500000.0,7220000000.0,20948255925.0,11.0,8.638,1950000000.0,7.558,1.0,5970000000.0,0.053,5820000000.0,222000000.0,6732000000.0,5726000000.0,9225000000.0,0.0,0.0,0.0,23666000000.0,18726000000.0,4940000000.0,20099255925.0,-119000000.0,-183000000.0,-1683000000.0,-41000000.0,-171000000.0,-1841000000.0,-624000000.0,0.0,2338000000.0,8000000.0,1202000000.0,1202000000.0,1202000000.0,-72000000.0,0.0,0.011,4149000000.0,1821000000.0,14090000000.0,0.155,2.784,16.722,17.0,991000000.0,0.0,79.05,0.179,0.182,9187000000.0,8250000000.0,112084000000.0,112084000000.0,407000000.0,0.042,0.172,0.337,0.017,137000000.0,3529000000.0,1.0,254260037.0,258000000,263000000.0,434.434,25066000000.0,0.0,505000000.0,1037000000.0,97.155,3631000000.0
42,MCK,MRT,2010-12-31,2010-12-31,2010-12-31,2021-08-05,51000000.0,30396000000.0,28194000000.0,21693000000.0,8703000000.0,3.897,27.874,-375000000.0,3213000000.0,3213000000.0,104072000000.0,1128000000.0,1.102,3.293,4062000000.0,1757000000.0,2305000000.0,4062000000.0,1357000000.0,476000000.0,0.0,0.009,0.66,1866000000.0,2342000000.0,0.021,2342000000.0,1866000000.0,1681000000.0,4.29,4.21,4.29,7080000000.0,7076500000.0,7080000000.0,17039577107.0,9.0,7.276,1554000000.0,6.118,1.0,5802000000.0,0.053,6070000000.0,185000000.0,5490000000.0,5390250000.0,9547000000.0,0.0,0.0,0.0,23316000000.0,19685000000.0,3631000000.0,17810577107.0,-215000000.0,-182000000.0,-1284000000.0,-219000000.0,-159000000.0,-1580000000.0,-572000000.0,0.0,1929000000.0,8000000.0,1128000000.0,1128000000.0,1128000000.0,-72000000.0,0.0,0.01,4031000000.0,1771000000.0,13581000000.0,0.154,2.516,15.79,16.406,934000000.0,0.0,70.38,0.162,0.163,8647000000.0,7876000000.0,109874000000.0,109874000000.0,376000000.0,0.04,0.159,0.346,0.017,130000000.0,3442000000.0,1.0,253063045.0,254000000,258000000.0,432.575,24326000000.0,0.0,553000000.0,1100000000.0,95.772,2008000000.0
43,MCK,MRT,2010-09-30,2010-09-30,2010-09-30,2021-08-05,-2000000.0,26792000000.0,27479750000.0,20244000000.0,6548000000.0,3.999,26.415,-371000000.0,3050000000.0,3050000000.0,104103000000.0,1299000000.0,1.236,2.931,2279000000.0,0.0,2279000000.0,2279000000.0,1066000000.0,488000000.0,0.0,0.01,0.6,2086000000.0,2574000000.0,0.023,2574000000.0,2086000000.0,1907000000.0,4.89,4.8,4.89,6815000000.0,7087250000.0,6815000000.0,15165429003.0,7.0,5.892,1210000000.0,4.69,1.0,5796000000.0,0.053,4204000000.0,179000000.0,5432000000.0,5350000000.0,8763000000.0,0.0,0.0,0.0,19977000000.0,16385000000.0,3592000000.0,16152429003.0,-165000000.0,58000000.0,-1250000000.0,-219000000.0,-145000000.0,-1530000000.0,-212000000.0,0.0,1581000000.0,-4000000.0,1299000000.0,1299000000.0,1299000000.0,-72000000.0,0.0,0.012,3823000000.0,1973000000.0,12834000000.0,0.123,2.37,12.435,12.634,860000000.0,0.0,61.78,0.147,0.145,8175000000.0,7767000000.0,109899000000.0,109899000000.0,376000000.0,0.047,0.183,0.39,0.019,127000000.0,3423000000.0,1.0,261450777.0,258000000,262000000.0,425.965,22588000000.0,0.0,608000000.0,1074000000.0,87.55,3859000000.0
44,MCK,MRT,2010-06-30,2010-06-30,2010-06-30,2021-08-05,-51000000.0,27399000000.0,27437750000.0,20791000000.0,6608000000.0,3.991,25.861,-379000000.0,3265000000.0,3265000000.0,103730000000.0,1273000000.0,1.231,2.983,2278000000.0,0.0,2278000000.0,2278000000.0,1160000000.0,483000000.0,0.0,0.008,0.54,2065000000.0,2548000000.0,0.023,2548000000.0,2065000000.0,1883000000.0,4.75,4.66,4.75,6879000000.0,7063250000.0,6879000000.0,16791661468.0,8.0,6.59,1558000000.0,5.857,1.0,5765000000.0,0.053,4272000000.0,182000000.0,5250000000.0,5265500000.0,9429000000.0,0.0,0.0,0.0,20520000000.0,16890000000.0,3630000000.0,18226661468.0,621000000.0,-17000000.0,-716000000.0,-219000000.0,-130000000.0,-1021000000.0,-302000000.0,0.0,1937000000.0,7000000.0,1273000000.0,1273000000.0,1273000000.0,0.0,0.0,0.012,3742000000.0,2023000000.0,13296000000.0,0.114,2.65,14.318,14.139,864000000.0,0.0,67.16,0.166,0.163,7832000000.0,7488000000.0,109495000000.0,109495000000.0,376000000.0,0.046,0.18,0.392,0.019,123000000.0,3386000000.0,1.0,271391624.0,266000000,272000000.0,411.635,23127000000.0,0.0,610000000.0,0.0,86.944,3901000000.0
45,MCK,MRT,2010-03-31,2010-03-31,2010-03-31,2021-08-05,6000000.0,28189000000.0,27017250000.0,21504000000.0,6685000000.0,4.023,28.0,-378000000.0,3731000000.0,3731000000.0,103026000000.0,1263000000.0,1.264,2.743,2296000000.0,3000000.0,2293000000.0,2296000000.0,1218000000.0,474000000.0,0.0,0.007,0.48,2051000000.0,2525000000.0,0.023,2525000000.0,2051000000.0,1864000000.0,4.7,4.62,4.7,7532000000.0,6911250000.0,7532000000.0,16787473588.0,8.0,6.649,1938000000.0,7.204,1.0,5676000000.0,0.052,4353000000.0,187000000.0,5389000000.0,5261000000.0,9441000000.0,0.0,0.0,0.0,20657000000.0,17012000000.0,3645000000.0,17704473588.0,1622000000.0,-17000000.0,-111000000.0,-219000000.0,-131000000.0,-421000000.0,-309000000.0,0.0,2316000000.0,36000000.0,1263000000.0,1263000000.0,1263000000.0,0.0,0.0,0.012,3668000000.0,2008000000.0,13255000000.0,0.102,2.351,14.018,13.983,851000000.0,0.0,65.72,0.163,0.163,8075000000.0,7236000000.0,108702000000.0,108702000000.0,376000000.0,0.047,0.183,0.39,0.019,114000000.0,3312000000.0,1.0,269392477.0,269000000,273000000.0,404.097,23836000000.0,0.0,601000000.0,977000000.0,88.61,4492000000.0
46,MCK,MRT,2009-12-31,2009-12-31,2009-12-31,2021-08-05,23000000.0,27539000000.0,26286750000.0,20854000000.0,6685000000.0,4.119,26.48,-375000000.0,3428000000.0,3428000000.0,102725000000.0,1196000000.0,1.233,2.866,2511000000.0,217000000.0,2294000000.0,2511000000.0,1250000000.0,461000000.0,0.0,0.008,0.48,1913000000.0,2374000000.0,0.022,2374000000.0,1913000000.0,1729000000.0,4.43,4.37,4.43,7123000000.0,6576500000.0,7123000000.0,16044916688.0,8.0,6.759,1967000000.0,7.312,1.0,5558000000.0,0.051,4375000000.0,184000000.0,5329000000.0,5326500000.0,8842000000.0,0.0,0.0,0.0,20416000000.0,16918000000.0,3498000000.0,16748916688.0,2253000000.0,7000000.0,-278000000.0,695000000.0,-131000000.0,290000000.0,-398000000.0,0.0,2342000000.0,19000000.0,1196000000.0,1196000000.0,1196000000.0,0.0,0.0,0.011,3625000000.0,1933000000.0,13021000000.0,0.108,2.351,14.004,14.108,835000000.0,0.0,62.5,0.155,0.155,8319000000.0,6921000000.0,108283000000.0,108283000000.0,364000000.0,0.045,0.182,0.359,0.018,110000000.0,3281000000.0,1.0,267982667.0,269000000,274000000.0,402.539,23164000000.0,0.0,533000000.0,0.0,86.112,3936000000.0
47,MCK,MRT,2009-09-30,2009-09-30,2009-09-30,2021-08-05,3000000.0,26624000000.0,25727500000.0,19930000000.0,6694000000.0,4.164,25.165,-411000000.0,3215000000.0,3215000000.0,101695000000.0,850000000.0,1.214,2.962,2511000000.0,217000000.0,2294000000.0,2511000000.0,994000000.0,447000000.0,0.0,0.008,0.48,1342000000.0,1789000000.0,0.017,1789000000.0,1342000000.0,1172000000.0,3.15,3.11,3.15,6719000000.0,6336750000.0,6719000000.0,15713637476.0,12.0,8.783,1925000000.0,7.21,1.0,5446000000.0,0.051,4406000000.0,170000000.0,5094000000.0,5366500000.0,8598000000.0,0.0,0.0,0.0,19905000000.0,16420000000.0,3485000000.0,15848637476.0,2092000000.0,25000000.0,-341000000.0,695000000.0,-132000000.0,240000000.0,-466000000.0,0.0,2336000000.0,-18000000.0,850000000.0,850000000.0,850000000.0,0.0,0.0,0.008,4076000000.0,1370000000.0,12688000000.0,0.152,2.359,18.645,18.905,836000000.0,0.0,59.55,0.148,0.148,7838000000.0,6627000000.0,107141000000.0,107141000000.0,364000000.0,0.033,0.134,0.25,0.013,99000000.0,3239000000.0,1.0,266140008.0,267000000,271000000.0,401.277,22218000000.0,0.0,322000000.0,0.0,83.213,3510000000.0
48,MCK,MRT,2009-06-30,2009-06-30,2009-06-30,2021-08-05,-84000000.0,25717000000.0,25215750000.0,19062000000.0,6655000000.0,4.227,23.226,-400000000.0,2644000000.0,2644000000.0,101172000000.0,876000000.0,1.196,3.101,2509000000.0,217000000.0,2292000000.0,2509000000.0,1088000000.0,446000000.0,0.0,0.011,0.48,1285000000.0,1731000000.0,0.016,1731000000.0,1285000000.0,1127000000.0,3.21,3.17,3.21,6271000000.0,6244250000.0,6271000000.0,12342414044.0,10.0,7.13,1544000000.0,5.719,1.0,5413000000.0,0.051,4409000000.0,158000000.0,5232000000.0,5506000000.0,8615000000.0,0.0,0.0,0.0,19446000000.0,15941000000.0,3505000000.0,11942414044.0,1457000000.0,-53000000.0,-560000000.0,695000000.0,-133000000.0,5000000.0,-451000000.0,0.0,1944000000.0,-41000000.0,876000000.0,876000000.0,876000000.0,0.0,0.0,0.008,4129000000.0,1284000000.0,12156000000.0,0.15,1.904,13.633,13.707,814000000.0,0.0,44.0,0.112,0.111,7532000000.0,6358000000.0,106585000000.0,106585000000.0,364000000.0,0.035,0.14,0.233,0.012,95000000.0,3272000000.0,1.0,271418501.0,270000000,272000000.0,394.759,21308000000.0,0.0,251000000.0,0.0,78.919,3121000000.0
49,MCK,MRT,2009-03-31,2009-03-31,2009-03-31,2021-08-05,-179000000.0,25267000000.0,25033250000.0,18671000000.0,6596000000.0,4.26,22.52,-392000000.0,2109000000.0,2109000000.0,101254000000.0,823000000.0,1.196,3.08,2509000000.0,219000000.0,2290000000.0,2509000000.0,1145000000.0,441000000.0,0.0,0.014,0.48,1208000000.0,1649000000.0,0.015,1649000000.0,1208000000.0,1064000000.0,2.99,2.95,2.99,6193000000.0,6236750000.0,6193000000.0,10215079272.0,8.0,6.195,959000000.0,3.487,1.0,5378000000.0,0.05,4410000000.0,144000000.0,5651000000.0,5585750000.0,8527000000.0,0.0,0.0,0.0,19074000000.0,15606000000.0,3468000000.0,9595079272.0,747000000.0,-295000000.0,-405000000.0,695000000.0,-116000000.0,178000000.0,-727000000.0,0.0,1351000000.0,-55000000.0,823000000.0,823000000.0,823000000.0,0.0,0.0,0.008,4182000000.0,1196000000.0,11739000000.0,0.161,1.549,11.659,11.719,796000000.0,0.0,35.04,0.09,0.09,7774000000.0,6103000000.0,106632000000.0,106632000000.0,364000000.0,0.033,0.132,0.216,0.011,99000000.0,3325000000.0,1.0,273832171.0,275000000,279000000.0,387.753,20857000000.0,0.0,241000000.0,0.0,75.844,3065000000.0
50,MCK,MRT,2008-12-31,2008-12-31,2008-12-31,2021-08-05,-63000000.0,25302000000.0,24867250000.0,18372000000.0,6930000000.0,4.288,22.496,-397000000.0,1175000000.0,1175000000.0,101279000000.0,849000000.0,1.144,3.105,1795000000.0,0.0,1795000000.0,1795000000.0,1291000000.0,430000000.0,0.0,0.011,0.42,1269000000.0,1699000000.0,0.016,1699000000.0,1269000000.0,1133000000.0,3.04,2.97,3.04,6164000000.0,6218750000.0,6164000000.0,11263783691.0,9.0,6.63,1253000000.0,4.573,1.0,5360000000.0,0.05,4376000000.0,136000000.0,5489000000.0,5544250000.0,9395000000.0,0.0,0.0,0.0,19138000000.0,16057000000.0,3081000000.0,10591783691.0,-261000000.0,-338000000.0,-979000000.0,-153000000.0,-100000000.0,-1220000000.0,-651000000.0,0.0,1650000000.0,-40000000.0,849000000.0,849000000.0,849000000.0,-2000000.0,0.0,0.008,4181000000.0,1179000000.0,12326000000.0,0.138,1.718,12.476,12.74,788000000.0,0.0,38.73,0.099,0.1,7588000000.0,5857000000.0,106639000000.0,106639000000.0,347000000.0,0.034,0.137,0.229,0.012,161000000.0,3341000000.0,1.0,273477503.0,274000000,274000000.0,389.193,20926000000.0,0.0,284000000.0,0.0,76.372,2315000000.0
51,MCK,MRT,2008-09-30,2008-09-30,2008-09-30,2021-08-05,103000000.0,24577000000.0,24883000000.0,17538000000.0,7039000000.0,4.26,23.087,-365000000.0,1123000000.0,1123000000.0,100782000000.0,1070000000.0,1.158,2.871,1795000000.0,0.0,1795000000.0,1795000000.0,1064000000.0,411000000.0,0.0,0.007,0.36,1619000000.0,2030000000.0,0.019,2030000000.0,1619000000.0,1480000000.0,3.8,3.72,3.8,6349000000.0,6304000000.0,6349000000.0,15453798245.0,10.0,7.613,-220000000.0,-0.8,1.0,5221000000.0,0.049,4449000000.0,139000000.0,5652000000.0,5622000000.0,9183000000.0,0.0,0.0,0.0,18228000000.0,15148000000.0,3080000000.0,14846798245.0,-1395000000.0,-879000000.0,-1110000000.0,-154000000.0,-84000000.0,-1301000000.0,-230000000.0,0.0,145000000.0,-9000000.0,1070000000.0,1070000000.0,1070000000.0,-2000000.0,0.0,0.01,3706000000.0,1515000000.0,12086000000.0,0.095,2.338,13.876,14.161,777000000.0,0.0,53.81,0.14,0.14,7025000000.0,5910000000.0,106003000000.0,106003000000.0,347000000.0,0.043,0.17,0.288,0.015,140000000.0,3359000000.0,1.0,275911508.0,275000000,280000000.0,385.465,20128000000.0,0.0,410000000.0,0.0,73.193,2390000000.0
52,MCK,MRT,2008-06-30,2008-06-30,2008-06-30,2021-08-05,162000000.0,24987000000.0,24997250000.0,17931000000.0,7056000000.0,4.156,22.531,-358000000.0,1187000000.0,1187000000.0,98779000000.0,990000000.0,1.148,3.004,1794000000.0,0.0,1794000000.0,1794000000.0,1167000000.0,388000000.0,0.0,0.005,0.3,1600000000.0,1988000000.0,0.019,1988000000.0,1600000000.0,1460000000.0,3.46,3.38,3.46,6241000000.0,6312750000.0,6241000000.0,15937682868.0,10.0,8.017,393000000.0,1.419,1.0,5100000000.0,0.049,4426000000.0,140000000.0,5551000000.0,5226250000.0,9314000000.0,0.0,0.0,0.0,18746000000.0,15617000000.0,3129000000.0,15502682868.0,-1016000000.0,-830000000.0,-1338000000.0,-154000000.0,-69000000.0,-1507000000.0,-270000000.0,0.0,751000000.0,10000000.0,990000000.0,990000000.0,990000000.0,-2000000.0,0.0,0.01,3607000000.0,1493000000.0,12421000000.0,0.087,2.484,15.659,16.159,779000000.0,0.0,55.91,0.149,0.149,7214000000.0,5782000000.0,103879000000.0,103879000000.0,347000000.0,0.04,0.157,0.306,0.015,137000000.0,3265000000.0,1.0,277279250.0,277000000,282000000.0,375.014,20561000000.0,0.0,470000000.0,0.0,74.227,2314000000.0
53,MCK,MRT,2008-03-31,2008-03-31,2008-03-31,2021-08-05,152000000.0,24603000000.0,24828500000.0,17786000000.0,6817000000.0,4.096,21.034,-356000000.0,1362000000.0,1362000000.0,96694000000.0,990000000.0,1.159,3.019,1797000000.0,2000000.0,1795000000.0,1797000000.0,1210000000.0,371000000.0,0.0,0.005,0.24,1600000000.0,1971000000.0,0.019,1971000000.0,1600000000.0,1458000000.0,3.4,3.32,3.4,6121000000.0,6362250000.0,6121000000.0,15635614985.0,10.0,7.933,513000000.0,1.763,1.0,5009000000.0,0.049,4205000000.0,142000000.0,5485000000.0,4951500000.0,9000000000.0,0.0,0.0,0.0,18482000000.0,15348000000.0,3134000000.0,15122614985.0,-592000000.0,-610000000.0,-1344000000.0,-162000000.0,-70000000.0,-1470000000.0,-5000000.0,0.0,869000000.0,14000000.0,990000000.0,990000000.0,990000000.0,-1000000.0,0.0,0.01,3531000000.0,1478000000.0,12032000000.0,0.071,2.471,15.275,15.403,775000000.0,0.0,52.37,0.149,0.15,7213000000.0,5586000000.0,101703000000.0,101703000000.0,347000000.0,0.04,0.156,0.323,0.016,91000000.0,3189000000.0,1.0,288764846.0,291000000,298000000.0,349.495,20398000000.0,0.0,468000000.0,0.0,70.096,2438000000.0
54,MCK,MRT,2007-12-31,2007-12-31,2007-12-31,2021-08-05,143000000.0,25365000000.0,24663500000.0,18684000000.0,6681000000.0,4.04,22.431,-358000000.0,1436000000.0,1436000000.0,94824000000.0,940000000.0,1.179,2.899,1949000000.0,152000000.0,1797000000.0,1949000000.0,1183000000.0,358000000.0,0.0,0.004,0.24,1494000000.0,1852000000.0,0.019,1852000000.0,1494000000.0,1355000000.0,3.19,3.12,3.19,6505000000.0,6400250000.0,6505000000.0,17422764316.0,12.0,9.408,579000000.0,1.997,1.0,4813000000.0,0.048,4231000000.0,139000000.0,5800000000.0,4606500000.0,9568000000.0,0.0,0.0,0.0,18860000000.0,15847000000.0,3013000000.0,18957764316.0,-577000000.0,-2420000000.0,-716000000.0,968000000.0,-71000000.0,309000000.0,-1837000000.0,0.0,937000000.0,14000000.0,940000000.0,940000000.0,940000000.0,1000000.0,0.0,0.009,3448000000.0,1365000000.0,12359000000.0,0.075,2.914,20.168,20.536,747000000.0,0.0,65.51,0.19,0.191,7465000000.0,5297000000.0,99637000000.0,99637000000.0,284000000.0,0.038,0.147,0.324,0.015,-4000000.0,3169000000.0,1.0,289387335.0,290000000,297000000.0,343.576,21134000000.0,0.0,415000000.0,0.0,72.876,2837000000.0
55,MCK,MRT,2007-09-30,2007-09-30,2007-09-30,2021-08-05,150000000.0,25034000000.0,23944750000.0,18789000000.0,6245000000.0,4.02,21.788,-330000000.0,3485000000.0,3485000000.0,91584000000.0,982000000.0,1.203,2.921,1950000000.0,152000000.0,1798000000.0,1950000000.0,970000000.0,334000000.0,0.0,0.004,0.24,1541000000.0,1875000000.0,0.019,1875000000.0,1541000000.0,1415000000.0,3.32,3.24,3.32,6384000000.0,6298500000.0,6384000000.0,16168646289.0,10.0,8.623,1796000000.0,6.13,1.0,4670000000.0,0.049,3818000000.0,126000000.0,4069000000.0,4103750000.0,8303000000.0,0.0,0.0,0.0,18650000000.0,15612000000.0,3038000000.0,17388646289.0,264000000.0,-1890000000.0,-649000000.0,966000000.0,-72000000.0,348000000.0,-2227000000.0,0.0,2126000000.0,17000000.0,982000000.0,982000000.0,982000000.0,-2000000.0,0.0,0.01,3269000000.0,1401000000.0,11773000000.0,0.072,2.724,17.707,17.708,714000000.0,0.0,58.79,0.181,0.179,6820000000.0,5113000000.0,96254000000.0,96254000000.0,284000000.0,0.041,0.156,0.376,0.016,6000000.0,2990000000.0,1.0,295775579.0,293000000,299000000.0,328.512,21216000000.0,0.0,433000000.0,0.0,72.41,3177000000.0
56,MCK,MRT,2007-06-30,2007-06-30,2007-06-30,2021-08-05,82000000.0,24312000000.0,23056000000.0,18157000000.0,6155000000.0,4.085,21.68,-309000000.0,3170000000.0,3170000000.0,89677000000.0,964000000.0,1.222,2.776,1950000000.0,152000000.0,1798000000.0,1950000000.0,1006000000.0,315000000.0,0.0,0.004,0.24,1426000000.0,1741000000.0,0.018,1741000000.0,1426000000.0,1314000000.0,3.24,3.16,3.24,6439000000.0,6182750000.0,6439000000.0,16745286042.0,12.0,9.618,1365000000.0,4.596,1.0,4513000000.0,0.048,3781000000.0,112000000.0,4452000000.0,3916500000.0,8000000000.0,0.0,0.0,0.0,17873000000.0,14859000000.0,3014000000.0,17725286042.0,203000000.0,-1690000000.0,-499000000.0,961000000.0,-72000000.0,511000000.0,-1994000000.0,0.0,1674000000.0,12000000.0,964000000.0,964000000.0,964000000.0,56000000.0,0.0,0.01,3165000000.0,1348000000.0,11027000000.0,0.074,2.753,18.387,18.407,691000000.0,0.0,59.64,0.188,0.188,6790000000.0,4881000000.0,94190000000.0,94190000000.0,284000000.0,0.042,0.156,0.364,0.015,-28000000.0,2887000000.0,1.0,297204662.0,297000000,304000000.0,317.138,20531000000.0,0.0,350000000.0,0.0,69.128,3298000000.0
57,MCK,MRT,2007-03-31,2007-03-31,2007-03-31,2021-08-05,31000000.0,23943000000.0,22312750000.0,17856000000.0,6087000000.0,4.167,21.05,-306000000.0,2916000000.0,2916000000.0,88645000000.0,913000000.0,1.18,2.817,1958000000.0,155000000.0,1803000000.0,1958000000.0,1027000000.0,295000000.0,0.0,0.004,0.24,1341000000.0,1636000000.0,0.018,1636000000.0,1341000000.0,1242000000.0,3.06,2.99,3.06,6273000000.0,6050250000.0,6273000000.0,15299543014.0,11.0,9.352,1233000000.0,4.138,1.0,4332000000.0,0.047,3754000000.0,99000000.0,4105000000.0,3668250000.0,8153000000.0,0.0,0.0,0.0,17670000000.0,15126000000.0,2544000000.0,17292543014.0,-185000000.0,-1759000000.0,-604000000.0,966000000.0,-72000000.0,379000000.0,-2108000000.0,0.0,1539000000.0,5000000.0,913000000.0,913000000.0,913000000.0,55000000.0,0.0,0.01,3068000000.0,1264000000.0,10873000000.0,0.078,2.757,18.94,19.131,684000000.0,0.0,58.54,0.186,0.188,6566000000.0,4712000000.0,92977000000.0,92977000000.0,284000000.0,0.041,0.151,0.366,0.014,-10000000.0,2790000000.0,1.0,295397045.0,298000000,305000000.0,312.003,20189000000.0,0.0,329000000.0,0.0,67.748,2730000000.0
58,MCK,MRT,2006-12-31,2006-12-31,2006-12-31,2021-08-05,76000000.0,22490000000.0,21567250000.0,18304000000.0,4186000000.0,4.247,20.601,-256000000.0,2975000000.0,2975000000.0,87482000000.0,876000000.0,1.243,2.688,982000000.0,25000000.0,957000000.0,982000000.0,1048000000.0,276000000.0,0.0,0.005,0.24,1324000000.0,1600000000.0,0.017,1600000000.0,1324000000.0,1232000000.0,2.92,2.84,2.92,6098000000.0,5958750000.0,6098000000.0,12754627894.0,10.0,7.972,1571000000.0,5.307,1.0,4120000000.0,0.045,1982000000.0,92000000.0,3789000000.0,3514250000.0,8616000000.0,0.0,0.0,0.0,16392000000.0,14726000000.0,1666000000.0,15005627894.0,-168000000.0,40000000.0,-763000000.0,-12000000.0,-72000000.0,-795000000.0,-1202000000.0,0.0,1827000000.0,2000000.0,876000000.0,876000000.0,876000000.0,58000000.0,0.0,0.01,2886000000.0,1234000000.0,10859000000.0,0.082,2.461,17.13,17.363,616000000.0,0.0,50.7,0.164,0.164,6427000000.0,4473000000.0,91602000000.0,91602000000.0,223000000.0,0.041,0.147,0.377,0.014,12000000.0,2677000000.0,1.0,295968992.0,296000000,302000000.0,309.466,20508000000.0,0.0,356000000.0,0.0,69.284,3578000000.0
59,MCK,MRT,2006-09-30,2006-09-30,2006-09-30,2021-08-05,94000000.0,21479000000.0,21134750000.0,17302000000.0,4177000000.0,4.293,19.869,-316000000.0,3235000000.0,3235000000.0,86698000000.0,826000000.0,1.242,2.628,984000000.0,25000000.0,959000000.0,984000000.0,813000000.0,276000000.0,0.0,0.005,0.24,1296000000.0,1572000000.0,0.017,1572000000.0,1296000000.0,1205000000.0,2.73,2.65,2.73,5921000000.0,5911250000.0,5921000000.0,13787796273.0,11.0,8.771,1105000000.0,3.708,1.0,4033000000.0,0.044,1978000000.0,91000000.0,3320000000.0,3649500000.0,7791000000.0,0.0,0.0,0.0,15558000000.0,13930000000.0,1628000000.0,15780796273.0,-741000000.0,64000000.0,-850000000.0,-12000000.0,-73000000.0,-895000000.0,-1270000000.0,0.0,1421000000.0,3000000.0,826000000.0,826000000.0,826000000.0,72000000.0,0.0,0.009,2809000000.0,1224000000.0,10426000000.0,0.088,2.665,19.105,19.311,634000000.0,0.0,52.72,0.174,0.173,5983000000.0,4248000000.0,90731000000.0,90731000000.0,223000000.0,0.039,0.14,0.355,0.014,4000000.0,2599000000.0,1.0,299332251.0,298000000,305000000.0,304.466,19501000000.0,0.0,379000000.0,0.0,65.44,3372000000.0
60,MCK,MRT,2006-06-30,2006-06-30,2006-06-30,2021-08-05,94000000.0,21339000000.0,20879000000.0,17112000000.0,4227000000.0,4.291,19.566,-323000000.0,2981000000.0,2981000000.0,85721000000.0,764000000.0,1.238,2.611,988000000.0,26000000.0,962000000.0,988000000.0,828000000.0,267000000.0,0.0,0.005,0.24,1292000000.0,1559000000.0,0.017,1559000000.0,1292000000.0,1201000000.0,2.5,2.43,2.5,5909000000.0,5894250000.0,5909000000.0,12265812370.0,9.0,7.868,2074000000.0,6.868,1.0,3877000000.0,0.043,2062000000.0,91000000.0,3459000000.0,3691500000.0,7714000000.0,0.0,0.0,0.0,15430000000.0,13825000000.0,1605000000.0,14378812370.0,-409000000.0,-609000000.0,-702000000.0,-16000000.0,-73000000.0,-871000000.0,-1932000000.0,0.0,2397000000.0,-3000000.0,764000000.0,764000000.0,764000000.0,-1000000.0,0.0,0.009,2733000000.0,1144000000.0,10389000000.0,0.096,2.433,18.82,18.912,644000000.0,0.0,47.28,0.16,0.159,6249000000.0,4037000000.0,89598000000.0,89598000000.0,223000000.0,0.037,0.13,0.35,0.014,16000000.0,2517000000.0,1.0,304120397.0,302000000,309000000.0,296.682,19277000000.0,0.0,437000000.0,0.0,63.831,3287000000.0
61,MCK,MRT,2006-03-31,2006-03-31,2006-03-31,2021-08-05,55000000.0,20961000000.0,20326500000.0,16997000000.0,3964000000.0,4.279,19.304,-326000000.0,3101000000.0,3101000000.0,83206000000.0,751000000.0,1.262,2.549,991000000.0,26000000.0,965000000.0,991000000.0,827000000.0,262000000.0,0.0,0.005,0.24,1271000000.0,1533000000.0,0.018,1533000000.0,1271000000.0,1177000000.0,2.46,2.38,2.46,5907000000.0,5850750000.0,5907000000.0,14766401188.0,12.0,9.632,2412000000.0,7.882,1.0,3777000000.0,0.043,1892000000.0,94000000.0,3489000000.0,3889000000.0,7127000000.0,0.0,0.0,0.0,15054000000.0,13470000000.0,1584000000.0,15958401188.0,339000000.0,-526000000.0,-390000000.0,-24000000.0,-73000000.0,-583000000.0,-1813000000.0,0.0,2738000000.0,-3000000.0,751000000.0,751000000.0,751000000.0,-6000000.0,0.0,0.009,2651000000.0,1126000000.0,9944000000.0,0.098,2.702,21.25,21.191,663000000.0,0.0,52.13,0.183,0.183,6247000000.0,3871000000.0,86983000000.0,86983000000.0,223000000.0,0.037,0.128,0.327,0.015,16000000.0,2383000000.0,1.0,306127013.0,306000000,316000000.0,284.258,19069000000.0,0.0,426000000.0,0.0,62.317,3527000000.0
62,MCK,MRT,2005-12-31,2005-12-31,2005-12-31,2021-08-05,50000000.0,20760000000.0,19780000000.0,16931000000.0,3829000000.0,4.231,19.244,-355000000.0,2183000000.0,2183000000.0,79998000000.0,790000000.0,1.274,2.514,991000000.0,6000000.0,985000000.0,991000000.0,770000000.0,255000000.0,0.0,0.005,0.24,1297000000.0,1552000000.0,0.019,1552000000.0,1297000000.0,1200000000.0,2.63,2.58,2.63,5908000000.0,5692750000.0,5908000000.0,13870755041.0,11.0,8.937,2157000000.0,7.026,1.0,3693000000.0,0.044,1953000000.0,97000000.0,4330000000.0,4200500000.0,8208000000.0,112000000.0,0.0,112000000.0,14852000000.0,13285000000.0,1567000000.0,15872755041.0,1148000000.0,-488000000.0,-38000000.0,-274000000.0,-72000000.0,-479000000.0,-885000000.0,0.0,2512000000.0,0.0,790000000.0,790000000.0,790000000.0,-19000000.0,0.0,0.009,2535000000.0,1158000000.0,10179000000.0,0.091,2.687,20.092,19.616,667000000.0,0.0,51.59,0.19,0.189,6380000000.0,3670000000.0,83691000000.0,83691000000.0,182000000.0,0.04,0.139,0.309,0.015,0.0,2300000000.0,1.0,307671158.0,307000000,316000000.0,272.609,18807000000.0,0.0,410000000.0,0.0,61.261,3646000000.0
63,MCK,MRT,2005-09-30,2005-09-30,2005-09-30,2021-08-05,51000000.0,20456000000.0,19261050000.0,16685000000.0,3771000000.0,4.269,19.003,-299000000.0,2996000000.0,2996000000.0,78665000000.0,-69000000.0,1.282,2.495,994000000.0,6000000.0,988000000.0,994000000.0,539000000.0,248000000.0,0.0,0.005,0.24,15000000.0,263000000.0,0.003,263000000.0,15000000.0,-90000000.0,-0.26,-0.29,-0.26,5853000000.0,5446925000.0,5853000000.0,13222185863.0,881.0,50.274,2881000000.0,9.354,1.0,3555000000.0,0.043,1956000000.0,105000000.0,3488000000.0,4473200000.0,7588000000.0,119000000.0,0.0,119000000.0,14603000000.0,13010000000.0,1593000000.0,14631185863.0,1999000000.0,-538000000.0,127000000.0,-274000000.0,-71000000.0,-305000000.0,-876000000.0,0.0,3180000000.0,0.0,-69000000.0,-69000000.0,-69000000.0,-31000000.0,0.0,-0.001,3672000000.0,-117000000.0,10055000000.0,-0.923,2.5,-212.046,-182.5,649000000.0,0.0,47.45,0.178,0.178,5855000000.0,3494000000.0,82220000000.0,82220000000.0,182000000.0,-0.004,-0.013,0.003,0.0,0.0,2238000000.0,1.0,308349544.0,308000000,316000000.0,266.948,18500000000.0,0.0,-21000000.0,0.0,60.065,3675000000.0
64,MCK,MRT,2005-06-30,2005-06-30,2005-06-30,2021-08-05,23000000.0,19129000000.0,18638475000.0,15745000000.0,3384000000.0,4.34,18.99,-289000000.0,2409000000.0,2409000000.0,77471000000.0,-150000000.0,1.333,2.335,1000000000.0,8000000.0,992000000.0,1000000000.0,573000000.0,248000000.0,0.0,0.005,0.24,-118000000.0,130000000.0,0.002,130000000.0,-118000000.0,-231000000.0,-0.51,-0.53,-0.51,5735000000.0,5366700000.0,5735000000.0,12846594301.0,-109.0,98.82,1781000000.0,5.897,1.0,3418000000.0,0.042,1662000000.0,113000000.0,4249000000.0,5116825000.0,7228000000.0,170000000.0,9000000.0,161000000.0,13394000000.0,11809000000.0,1585000000.0,13436094301.0,1572000000.0,-35000000.0,229000000.0,-289000000.0,-70000000.0,-125000000.0,-373000000.0,0.0,2070000000.0,0.0,-150000000.0,-150000000.0,-150000000.0,-16000000.0,0.0,-0.002,3633000000.0,-215000000.0,8762000000.0,-0.471,2.343,-89.574,-87.824,628000000.0,0.0,44.79,0.166,0.167,5782000000.0,3346000000.0,80889000000.0,80889000000.0,182000000.0,-0.008,-0.028,-0.023,-0.001,0.0,2199000000.0,1.0,299979779.0,302000000,313000000.0,267.844,17467000000.0,0.0,-81000000.0,0.0,57.838,3936000000.0
65,MCK,MRT,2005-03-31,2005-03-31,2005-03-31,2021-08-05,32000000.0,18775000000.0,18142075000.0,15362000000.0,3413000000.0,4.36,17.942,-271000000.0,1800000000.0,1800000000.0,75754000000.0,-157000000.0,1.303,2.559,1211000000.0,9000000.0,1202000000.0,1211000000.0,593000000.0,245000000.0,0.0,0.006,0.24,-132000000.0,113000000.0,0.001,113000000.0,-132000000.0,-250000000.0,-0.53,-0.53,-0.53,5275000000.0,5288700000.0,5275000000.0,11572552435.0,-88.0,102.412,1272000000.0,4.327,1.0,3342000000.0,0.042,1659000000.0,118000000.0,4735000000.0,5593000000.0,7495000000.0,163000000.0,0.0,163000000.0,13500000000.0,11792000000.0,1708000000.0,11143752435.0,1092000000.0,-64000000.0,223000000.0,-268000000.0,-70000000.0,-91000000.0,-360000000.0,0.0,1543000000.0,0.0,-157000000.0,-157000000.0,-157000000.0,-16000000.0,0.0,-0.002,3558000000.0,-216000000.0,8733000000.0,-0.453,2.113,-70.979,-71.226,616000000.0,0.0,37.75,0.141,0.14,5721000000.0,3194000000.0,79096000000.0,79096000000.0,182000000.0,-0.009,-0.03,-0.024,-0.002,0.0,2176000000.0,1.0,295198740.0,294000000,294000000.0,269.034,17116000000.0,0.0,-93000000.0,0.0,58.218,3570000000.0
66,MCK,MRT,2004-12-31,2004-12-31,2004-12-31,2021-08-05,37500000.0,18684200000.0,17508375000.0,15309400000.0,3374800000.0,4.427,16.751,-261400000.0,1032900000.0,1032900000.0,74212500000.0,-201300000.0,1.271,2.794,1461700000.0,259900000.0,1201800000.0,1461700000.0,610700000.0,248700000.0,0.0,0.008,0.24,-200900000.0,47800000.0,0.001,47800000.0,-200900000.0,-320900000.0,-0.67,-0.69,-0.67,4924700000.0,5261275000.0,4924700000.0,9716688803.0,-48.0,203.278,1072700000.0,3.649,1.0,3297300000.0,0.043,1644100000.0,120000000.0,5420800000.0,5904475000.0,8316700000.0,169000000.0,8900000.0,160100000.0,13759500000.0,12048100000.0,1711400000.0,9246588803.0,832500000.0,-76400000.0,86500000.0,-240900000.0,-70700000.0,-190400000.0,-311200000.0,0.0,1334100000.0,0.0,-201300000.0,-201300000.0,-201300000.0,-6000000.0,0.0,-0.003,3561500000.0,-264200000.0,8821700000.0,-0.358,1.878,-45.934,-46.955,612000000.0,0.0,31.46,0.119,0.119,5615600000.0,2952400000.0,77509800000.0,77509800000.0,173000000.0,-0.011,-0.038,-0.034,-0.003,0.0,2188500000.0,1.0,293915728.0,294000000,294000000.0,263.639,17040100000.0,0.0,-119600000.0,0.0,57.96,3261300000.0
67,MCK,MRT,2004-09-30,2004-09-30,2004-09-30,2021-08-05,5300000.0,17965700000.0,16826025000.0,14636400000.0,3329300000.0,4.456,18.881,-260100000.0,996200000.0,996200000.0,71755900000.0,584900000.0,1.364,2.248,1466300000.0,261200000.0,1205100000.0,1466300000.0,429000000.0,244100000.0,0.0,0.009,0.24,943300000.0,1187400000.0,0.016,1187400000.0,943300000.0,823100000.0,2.0,1.98,2.0,5532100000.0,5272575000.0,5532100000.0,8185491349.0,9.0,6.894,998200000.0,3.407,1.0,3216800000.0,0.043,1641600000.0,120200000.0,6062500000.0,6241000000.0,7935100000.0,187600000.0,9200000.0,178400000.0,12433600000.0,10731700000.0,1701900000.0,7530591349.0,734400000.0,-77700000.0,42700000.0,-159200000.0,-70200000.0,-153700000.0,-370200000.0,-60800000.0,1258300000.0,0.0,584900000.0,584900000.0,584900000.0,-5000000.0,0.0,0.008,2329500000.0,887300000.0,8743100000.0,0.12,1.361,12.875,12.825,599300000.0,0.0,25.65,0.1,0.1,5561800000.0,3635300000.0,74972700000.0,74972700000.0,173000000.0,0.035,0.111,0.151,0.013,0.0,2156500000.0,1.0,293590306.0,293000000,300000000.0,255.88,16324100000.0,0.0,238200000.0,0.0,55.714,3904700000.0
68,MCK,MRT,2004-06-30,2004-06-30,2004-06-30,2021-08-05,-22300000.0,17143400000.0,16178500000.0,13816300000.0,3327100000.0,4.442,18.636,-259900000.0,836700000.0,836700000.0,68563300000.0,655400000.0,1.38,2.161,1491600000.0,286400000.0,1205200000.0,1491600000.0,469800000.0,238000000.0,0.0,0.007,0.24,1042500000.0,1280500000.0,0.018,1280500000.0,1042500000.0,922300000.0,2.25,2.22,2.25,5423000000.0,5101300000.0,5423000000.0,10828658028.0,10.0,8.457,405300000.0,1.393,1.0,3297500000.0,0.046,1632200000.0,120200000.0,6153700000.0,6311150000.0,7379200000.0,210100000.0,10100000.0,200000000.0,11720400000.0,10012400000.0,1708000000.0,10052058028.0,391800000.0,-85400000.0,59600000.0,-1600000.0,-70500000.0,42200000.0,-315600000.0,4000000.0,665200000.0,0.0,655400000.0,655400000.0,655400000.0,-5000000.0,0.0,0.009,2311100000.0,986400000.0,8253600000.0,0.107,1.854,15.337,15.258,594400000.0,0.0,34.33,0.14,0.139,5448400000.0,3566700000.0,71860800000.0,71860800000.0,173000000.0,0.041,0.128,0.165,0.015,0.0,2138100000.0,1.0,292806817.0,291000000,300000000.0,246.944,15511200000.0,0.0,266900000.0,0.0,53.303,3803900000.0
69,MCK,MRT,2004-03-31,2004-03-31,2004-03-31,2021-08-05,-15600000.0,16240200000.0,15583850000.0,13004200000.0,3236000000.0,4.441,17.811,-283000000.0,708000000.0,708000000.0,65975000000.0,647000000.0,1.381,2.144,1484600000.0,274800000.0,1209800000.0,1484600000.0,503200000.0,230000000.0,0.0,0.008,0.24,1030000000.0,1260000000.0,0.018,1260000000.0,1030000000.0,910000000.0,2.23,2.19,2.23,5165300000.0,4914125000.0,5165300000.0,10260850478.0,10.0,8.144,312000000.0,1.076,1.0,3235000000.0,0.047,1619600000.0,120000000.0,5980900000.0,6227750000.0,6735100000.0,182000000.0,9800000.0,172200000.0,11074900000.0,9416300000.0,1658600000.0,8757650478.0,186000000.0,-49000000.0,-64000000.0,-17000000.0,-70000000.0,-109000000.0,-300000000.0,0.0,595000000.0,0.0,647000000.0,647000000.0,647000000.0,-4000000.0,0.0,0.009,2257000000.0,978000000.0,7362100000.0,0.108,1.695,13.536,13.493,599900000.0,0.0,30.09,0.127,0.126,5418800000.0,3420600000.0,69210000000.0,69210000000.0,173000000.0,0.042,0.132,0.165,0.015,0.0,2084000000.0,1.0,291048537.0,290000000,299000000.0,238.655,14620600000.0,0.0,263000000.0,378900000.0,50.416,3587900000.0
70,MCK,MRT,2003-12-31,2003-12-31,2003-12-31,2021-08-05,-3900000.0,15954800000.0,15114075000.0,12778900000.0,3175900000.0,4.397,17.126,-292700000.0,200500000.0,200500000.0,63214000000.0,611300000.0,1.409,2.21,1703700000.0,234100000.0,1469600000.0,1703700000.0,543900000.0,218200000.0,0.0,0.007,0.24,1004400000.0,1222600000.0,0.018,1222600000.0,1004400000.0,882300000.0,2.11,2.08,2.11,4969900000.0,4754175000.0,4969900000.0,10537503859.0,10.0,8.619,-126700000.0,-0.437,1.0,3238500000.0,0.049,1619500000.0,122100000.0,6766900000.0,6180125000.0,7106000000.0,192900000.0,13700000.0,179200000.0,10984900000.0,9071600000.0,1913300000.0,9371903859.0,-115600000.0,-74600000.0,-24600000.0,175000000.0,-69700000.0,111300000.0,-392900000.0,-75500000.0,166000000.0,0.0,611300000.0,611300000.0,611300000.0,2600000.0,0.0,0.009,2276500000.0,962000000.0,7304100000.0,0.114,1.886,15.331,15.242,596000000.0,0.0,32.16,0.141,0.14,5346000000.0,3223700000.0,66452500000.0,66452500000.0,149400000.0,0.04,0.129,0.163,0.015,0.0,2127100000.0,1.0,291414921.0,290200000,298700000.0,228.989,14335300000.0,0.0,271000000.0,0.0,49.398,3707300000.0
71,MCK,MRT,2003-09-30,2003-09-30,2003-09-30,2021-08-05,-36600000.0,15375600000.0,14576425000.0,12263600000.0,3112000000.0,4.332,16.72,-303400000.0,261600000.0,261600000.0,59931000000.0,625400000.0,1.423,2.172,1427200000.0,151400000.0,1275800000.0,1427200000.0,379200000.0,210800000.0,0.0,0.007,0.24,1044100000.0,1254900000.0,0.02,1254900000.0,1044100000.0,921800000.0,2.16,2.13,2.16,4847000000.0,4594750000.0,4847000000.0,10519820218.0,10.0,8.383,197200000.0,0.68,1.0,3210600000.0,0.051,1581700000.0,122300000.0,6343100000.0,5892125000.0,6944400000.0,205000000.0,15100000.0,189900000.0,10528600000.0,8616400000.0,1912200000.0,9669220218.0,-38700000.0,-37800000.0,-10600000.0,-290300000.0,-69900000.0,-329400000.0,-209900000.0,79700000.0,500600000.0,0.0,625400000.0,625400000.0,625400000.0,2600000.0,0.0,0.01,2223300000.0,987300000.0,7221900000.0,0.111,1.995,15.461,15.412,591800000.0,0.0,33.29,0.153,0.153,4945200000.0,3120800000.0,63141600000.0,63141600000.0,149400000.0,0.043,0.136,0.177,0.017,0.0,2073900000.0,1.0,290454197.0,289900000,300300000.0,217.805,13793900000.0,0.0,296400000.0,0.0,47.582,3647200000.0
72,MCK,MRT,2003-06-30,2003-06-30,2003-06-30,2021-08-05,-25600000.0,14764800000.0,14199800000.0,11625900000.0,3138900000.0,4.227,16.129,-320000000.0,445200000.0,445200000.0,56883600000.0,593700000.0,1.416,2.159,1295800000.0,16400000.0,1279400000.0,1295800000.0,423000000.0,206200000.0,0.0,0.007,0.24,1020800000.0,1227000000.0,0.02,1227000000.0,1020800000.0,898800000.0,2.05,2.02,2.05,4674300000.0,4432775000.0,4674300000.0,11126592335.0,11.0,9.068,691700000.0,2.387,1.0,3138200000.0,0.052,1582600000.0,122000000.0,5820100000.0,5778750000.0,5968200000.0,255400000.0,11700000.0,243700000.0,10090500000.0,8212700000.0,1877800000.0,10347692335.0,155400000.0,-384500000.0,-26200000.0,-143400000.0,-69900000.0,-218600000.0,-637700000.0,6400000.0,1011700000.0,0.0,593700000.0,593700000.0,593700000.0,6200000.0,0.0,0.01,2158000000.0,980200000.0,6981300000.0,0.117,2.214,17.429,17.434,596500000.0,0.0,35.74,0.172,0.173,5090500000.0,2981600000.0,60021800000.0,60021800000.0,149400000.0,0.042,0.134,0.177,0.017,0.0,2008600000.0,1.0,289526926.0,289800000,298100000.0,207.115,13182200000.0,0.0,305100000.0,0.0,45.487,3413200000.0
73,MCK,MRT,2003-03-31,2003-03-31,2003-03-31,2021-08-05,-59100000.0,14361100000.0,13875050000.0,11253600000.0,3107500000.0,4.117,15.643,-304000000.0,522000000.0,522000000.0,54018300000.0,555400000.0,1.411,2.173,1507100000.0,10200000.0,1496900000.0,1507100000.0,459700000.0,203700000.0,0.0,0.01,0.24,972800000.0,1176500000.0,0.021,1176500000.0,972800000.0,844700000.0,1.92,1.88,1.92,4525500000.0,4288525000.0,4525500000.0,8268862373.0,9.0,7.028,469400000.0,1.623,1.0,3102500000.0,0.054,1580600000.0,128100000.0,5790400000.0,5778175000.0,6022500000.0,257100000.0,11500000.0,245600000.0,9835600000.0,7975200000.0,1860400000.0,7253562373.0,-35800000.0,-385800000.0,53800000.0,-142500000.0,-69700000.0,-145200000.0,-664000000.0,0.0,773400000.0,0.0,555400000.0,555400000.0,555400000.0,6700000.0,0.0,0.01,2169500000.0,933000000.0,6482800000.0,0.125,1.603,13.06,12.984,593700000.0,0.0,24.93,0.127,0.126,4594700000.0,2843300000.0,57120800000.0,57120800000.0,149400000.0,0.04,0.13,0.168,0.017,0.0,2020100000.0,1.0,290957175.0,289300000,298800000.0,197.445,12780500000.0,0.0,289300000.0,221300000.0,44.177,3278400000.0
74,MCK,MRT,2002-12-31,2002-12-31,2002-12-31,2021-08-05,-81400000.0,13804200000.0,13616250000.0,10774800000.0,3029400000.0,4.056,14.954,-295400000.0,316100000.0,316100000.0,52220400000.0,501800000.0,1.412,2.186,1331400000.0,39300000.0,1292100000.0,1331400000.0,474000000.0,204500000.0,0.0,0.009,0.24,894800000.0,1099300000.0,0.02,1099300000.0,894800000.0,759100000.0,1.74,1.7,1.74,4332200000.0,4142175000.0,4332200000.0,9287749203.0,10.0,8.449,325600000.0,1.124,1.0,3000900000.0,0.054,1571100000.0,135700000.0,5614900000.0,5674500000.0,6541000000.0,193700000.0,11300000.0,182400000.0,9472000000.0,7633500000.0,1838500000.0,7869049203.0,31400000.0,-419200000.0,61100000.0,90700000.0,-69400000.0,109000000.0,-698600000.0,63100000.0,621000000.0,0.0,501800000.0,501800000.0,501800000.0,5600000.0,0.0,0.009,2139500000.0,861400000.0,6315400000.0,0.138,1.816,15.682,15.534,582400000.0,0.0,27.03,0.143,0.142,3801300000.0,2681700000.0,55221300000.0,55221300000.0,135100000.0,0.037,0.121,0.158,0.016,0.0,2004400000.0,1.0,291122797.0,289700000,298000000.0,190.615,12233100000.0,0.0,257300000.0,0.0,42.227,3141300000.0
75,MCK,MRT,2002-09-30,2002-09-30,2002-09-30,2021-08-05,-86700000.0,13869100000.0,13362425000.0,10811600000.0,3057500000.0,4.003,14.52,-286200000.0,300300000.0,300300000.0,50535300000.0,476300000.0,1.38,2.303,1719000000.0,423600000.0,1295400000.0,1719000000.0,371600000.0,204500000.0,0.0,0.008,0.24,857000000.0,1061500000.0,0.02,1061500000.0,857000000.0,724500000.0,1.66,1.61,1.66,4199100000.0,4004900000.0,4199100000.0,9354894321.0,11.0,8.813,21300000.0,0.074,1.0,2959800000.0,0.055,1565200000.0,132500000.0,5889600000.0,5520425000.0,5993800000.0,267900000.0,11300000.0,256600000.0,9670000000.0,7833000000.0,1837000000.0,8216594321.0,14200000.0,-421000000.0,64300000.0,485400000.0,-68800000.0,496500000.0,-789800000.0,-47500000.0,307500000.0,0.0,476300000.0,476300000.0,476300000.0,6900000.0,0.0,0.009,2118700000.0,841100000.0,6346700000.0,0.145,1.957,17.251,17.066,584100000.0,0.0,28.33,0.154,0.153,4405900000.0,2564700000.0,53495100000.0,53495100000.0,135100000.0,0.036,0.119,0.155,0.016,0.0,1983600000.0,1.0,290031568.0,289200000,299000000.0,184.976,12303900000.0,0.0,248200000.0,0.0,42.545,2978600000.0
76,MCK,MRT,2002-06-30,2002-06-30,2002-06-30,2021-08-05,-71400000.0,13465800000.0,12944675000.0,10795000000.0,2670800000.0,4.014,14.207,-262500000.0,289800000.0,289800000.0,49078700000.0,430500000.0,1.429,2.287,1428100000.0,141500000.0,1286600000.0,1428100000.0,379600000.0,205800000.0,0.0,0.007,0.24,791000000.0,996800000.0,0.019,996800000.0,791000000.0,661200000.0,1.51,1.46,1.51,4097300000.0,3876175000.0,4097300000.0,10347788070.0,13.0,10.381,271300000.0,0.941,1.0,2882400000.0,0.055,1232000000.0,129800000.0,5817800000.0,5278925000.0,6178300000.0,259800000.0,11600000.0,248200000.0,9368500000.0,7554300000.0,1814200000.0,9476088070.0,59700000.0,-68000000.0,54400000.0,-39800000.0,-68700000.0,-38500000.0,-435600000.0,-63600000.0,533800000.0,0.0,430500000.0,430500000.0,430500000.0,4100000.0,0.0,0.008,2112700000.0,769700000.0,6345000000.0,0.159,2.313,22.012,21.656,583300000.0,0.0,32.7,0.182,0.181,4197100000.0,2457200000.0,51961100000.0,51961100000.0,135100000.0,0.033,0.111,0.15,0.015,0.0,1977600000.0,1.0,289788626.0,288400000,301000000.0,180.17,12233800000.0,0.0,230700000.0,0.0,42.42,3240700000.0
77,MCK,MRT,2002-03-31,2002-03-31,2002-03-31,2021-08-05,-81600000.0,13325900000.0,12596575000.0,10701100000.0,2624800000.0,3.968,13.815,-256500000.0,557800000.0,557800000.0,47199600000.0,418600000.0,1.41,2.382,1430000000.0,141300000.0,1288700000.0,1430000000.0,404100000.0,206500000.0,0.0,0.006,0.24,724800000.0,931300000.0,0.019,931300000.0,724800000.0,598900000.0,1.47,1.43,1.47,3940100000.0,3757700000.0,3940100000.0,11701294649.0,16.0,12.564,80400000.0,0.282,1.0,2788500000.0,0.056,1234100000.0,125900000.0,5375700000.0,5114550000.0,6011500000.0,242800000.0,5100000.0,237700000.0,9385800000.0,7588300000.0,1797500000.0,10759394649.0,124300000.0,-73100000.0,43900000.0,196600000.0,-68500000.0,191700000.0,-404300000.0,-58600000.0,336900000.0,0.0,418600000.0,418600000.0,418600000.0,3200000.0,0.0,0.008,2065200000.0,723300000.0,6318300000.0,0.163,2.731,25.703,25.463,593500000.0,0.0,37.43,0.215,0.214,3998100000.0,2357200000.0,49988100000.0,49988100000.0,135100000.0,0.033,0.111,0.142,0.014,0.0,1930100000.0,1.0,287453771.0,285200000,298100000.0,175.274,12091800000.0,0.0,180300000.0,121700000.0,42.398,3112800000.0
78,MCK,MRT,2001-12-31,2001-12-31,2001-12-31,2021-08-05,-84500000.0,12788900000.0,12148100000.0,10314400000.0,2474500000.0,3.985,13.246,-334500000.0,284900000.0,284900000.0,45720500000.0,117700000.0,1.349,2.381,1226800000.0,333400000.0,893400000.0,1226800000.0,427600000.0,220400000.0,0.0,0.006,0.24,309600000.0,530000000.0,0.011,530000000.0,309600000.0,201600000.0,0.41,0.38,0.41,3783100000.0,3645900000.0,3783100000.0,11625987709.0,38.0,21.936,27100000.0,0.095,1.0,2686100000.0,0.055,1088400000.0,108000000.0,4998600000.0,4923975000.0,6259300000.0,230700000.0,5300000.0,225400000.0,9005800000.0,7643800000.0,1362000000.0,10695587709.0,-48500000.0,-11900000.0,-7800000.0,-4300000.0,-68400000.0,-76000000.0,-334100000.0,-50900000.0,361600000.0,0.0,117700000.0,117700000.0,117700000.0,1500000.0,0.0,0.002,2354900000.0,331200000.0,6249100000.0,0.585,2.827,90.872,91.22,579800000.0,0.0,37.4,0.221,0.221,3604200000.0,2248900000.0,48406600000.0,48406600000.0,147600000.0,0.01,0.032,0.063,0.006,0.0,2207300000.0,1.0,285978281.0,285600000,299200000.0,169.491,11700500000.0,0.0,83900000.0,0.0,40.968,2670600000.0
79,MCK,MRT,2001-09-30,2001-09-30,2001-09-30,2021-08-05,-82800000.0,12198100000.0,11810075000.0,9751300000.0,2446800000.0,3.914,12.927,-308700000.0,286400000.0,286400000.0,43628500000.0,10600000.0,1.388,2.311,1216800000.0,192800000.0,1024000000.0,1216800000.0,297000000.0,231700000.0,0.0,0.006,0.24,149100000.0,380800000.0,0.008,380800000.0,149100000.0,40000000.0,0.04,0.02,0.04,3684200000.0,3629225000.0,3684200000.0,12021299840.0,81.0,31.569,180900000.0,0.635,1.0,2601100000.0,0.056,1179300000.0,109100000.0,4923600000.0,4964200000.0,5654800000.0,215800000.0,6700000.0,209100000.0,8513900000.0,7025600000.0,1488300000.0,10789999840.0,109700000.0,-19500000.0,4800000.0,-27000000.0,-68400000.0,-84000000.0,-295900000.0,-50600000.0,489600000.0,0.0,10600000.0,10600000.0,10600000.0,5800000.0,0.0,0.0,2329100000.0,272000000.0,5961700000.0,6.0,2.929,1017.925,944.75,579200000.0,0.0,37.79,0.233,0.233,3657000000.0,2157100000.0,46229600000.0,46229600000.0,147600000.0,0.001,0.003,0.03,0.003,0.0,2181500000.0,1.0,285525267.0,285000000,299000000.0,162.209,11018800000.0,0.0,29400000.0,0.0,38.662,2725700000.0
80,MCK,MRT,2001-06-30,2001-06-30,2001-06-30,2021-08-05,-73400000.0,12073400000.0,11397550000.0,9700000000.0,2373400000.0,3.855,12.763,-287400000.0,230300000.0,230300000.0,41428200000.0,-6500000.0,1.393,2.332,1461600000.0,437500000.0,1024100000.0,1461600000.0,330600000.0,238900000.0,0.0,0.006,0.24,128700000.0,367600000.0,0.008,367600000.0,128700000.0,17900000.0,-0.02,-0.03,-0.02,3623400000.0,3625125000.0,3623400000.0,11563749498.0,90.0,31.457,-324100000.0,-1.142,1.0,2510600000.0,0.057,1180900000.0,110800000.0,5160300000.0,5056375000.0,5899500000.0,143200000.0,8600000.0,134600000.0,8450000000.0,6963500000.0,1486500000.0,10571849498.0,-222200000.0,-58400000.0,-12900000.0,206600000.0,-68300000.0,132000000.0,-317500000.0,-36000000.0,-36700000.0,0.0,-6500000.0,-6500000.0,-6500000.0,5000000.0,0.0,0.0,2270200000.0,240400000.0,5628200000.0,-12.0,2.918,-1626.438,-1856.0,587600000.0,0.0,37.12,0.241,0.24,3404400000.0,2095100000.0,43938800000.0,43938800000.0,147600000.0,-0.001,-0.002,0.025,0.003,0.0,2122600000.0,1.0,284801980.0,283900000,295500000.0,154.769,10892500000.0,0.0,24400000.0,0.0,38.367,2736500000.0
81,MCK,MRT,2001-03-31,2001-03-31,2001-03-31,2021-08-05,-75000000.0,11532000000.0,11001300000.0,9158500000.0,2373500000.0,3.818,12.338,-255500000.0,433500000.0,433500000.0,39583100000.0,-48300000.0,1.399,2.302,1230000000.0,194100000.0,1035900000.0,1230000000.0,399800000.0,245400000.0,0.0,0.009,0.24,114800000.0,360200000.0,0.009,360200000.0,114800000.0,3600000.0,-0.17,-0.17,-0.17,3492900000.0,3623325000.0,3492900000.0,8709529476.0,76.0,24.18,69700000.0,0.246,1.0,2417000000.0,0.058,1168100000.0,111200000.0,4613400000.0,5023100000.0,5116400000.0,143200000.0,11900000.0,131300000.0,8039100000.0,6547000000.0,1492100000.0,7620029476.0,-115400000.0,-51900000.0,-27000000.0,-32800000.0,-68300000.0,-125500000.0,-315100000.0,-30900000.0,325200000.0,0.0,-48300000.0,-48300000.0,-48300000.0,5000000.0,0.0,-0.001,2212100000.0,204900000.0,5338300000.0,-1.412,2.182,-157.765,-157.353,594200000.0,0.0,26.75,0.181,0.18,3439400000.0,2006600000.0,42000100000.0,42000100000.0,147600000.0,-0.004,-0.013,0.023,0.003,0.0,2064500000.0,1.0,284860915.0,283100000,283100000.0,148.358,10363900000.0,0.0,51900000.0,79600000.0,36.609,2611500000.0
82,MCK,MRT,2000-12-31,2000-12-31,2000-12-31,2021-08-05,-74700000.0,11436800000.0,10711525000.0,8937800000.0,2499000000.0,3.723,13.114,-289100000.0,333200000.0,333200000.0,37627500000.0,554700000.0,1.474,2.077,1422700000.0,19300000.0,1403400000.0,1422700000.0,405300000.0,240000000.0,0.0,0.007,0.24,708200000.0,948200000.0,0.024,948200000.0,708200000.0,596700000.0,1.98,1.96,1.98,3716400000.0,3641550000.0,3716400000.0,11451832051.0,16.0,12.077,-725700000.0,-2.561,1.0,2252300000.0,0.056,1305000000.0,111500000.0,5159500000.0,5040850000.0,4922900000.0,145700000.0,19000000.0,126700000.0,7720400000.0,6061800000.0,1658600000.0,10190932051.0,128400000.0,1022000000.0,9900000.0,-128700000.0,-68200000.0,-181700000.0,746700000.0,-58400000.0,-436600000.0,0.0,554700000.0,554700000.0,554700000.0,-510100000.0,0.0,0.014,2033600000.0,218700000.0,5014000000.0,0.121,2.742,18.372,18.126,559700000.0,0.0,35.89,0.256,0.255,3541900000.0,2198900000.0,39879800000.0,39879800000.0,112600000.0,0.052,0.152,0.14,0.018,0.0,1921000000.0,1.0,283949068.0,283400000,295100000.0,140.719,10131800000.0,0.0,42000000.0,132700000.0,35.751,2876000000.0
83,MCK,MRT,2000-09-30,2000-09-30,2000-09-30,2021-08-05,-114400000.0,10548000000.0,10403800000.0,8069100000.0,2478900000.0,3.725,12.96,-280600000.0,176400000.0,176400000.0,36537000000.0,719800000.0,1.549,1.876,1437300000.0,17100000.0,1420200000.0,1437300000.0,297100000.0,236400000.0,0.0,0.008,0.24,966800000.0,1203200000.0,0.031,1203200000.0,966800000.0,854700000.0,2.56,2.53,2.56,3667800000.0,3505425000.0,3667800000.0,9678034444.0,10.0,8.044,-286300000.0,-1.012,1.0,2215900000.0,0.057,1306700000.0,112100000.0,5292300000.0,4877275000.0,4467500000.0,145500000.0,34800000.0,110700000.0,6880200000.0,5209900000.0,1670300000.0,8682134444.0,2700000.0,931800000.0,4100000.0,-537800000.0,-68000000.0,-598600000.0,607000000.0,-46700000.0,-5700000.0,0.0,719800000.0,719800000.0,719800000.0,-521900000.0,0.0,0.019,2101200000.0,114700000.0,4344200000.0,0.094,2.367,12.062,11.938,556600000.0,0.0,30.56,0.224,0.223,3221400000.0,2214100000.0,38752900000.0,38752900000.0,112600000.0,0.069,0.205,0.198,0.025,0.0,1988600000.0,1.0,284101258.0,283000000,292000000.0,136.936,9241300000.0,0.0,134900000.0,84400000.0,32.655,2859200000.0
84,MCK,MRT,2000-06-30,2000-06-30,2000-06-30,2021-08-05,-115900000.0,10488400000.0,10141150000.0,8080900000.0,2407500000.0,3.73,12.796,-279500000.0,452300000.0,452300000.0,35612800000.0,717200000.0,1.556,1.9,1448200000.0,16000000.0,1432200000.0,1448200000.0,334100000.0,231100000.0,0.0,0.011,0.24,951700000.0,1182800000.0,0.031,1182800000.0,951700000.0,841300000.0,2.55,2.52,2.55,3616200000.0,3341450000.0,3616200000.0,6857677278.0,7.0,5.798,-245300000.0,-0.868,1.0,2214000000.0,0.059,1264800000.0,110400000.0,5027200000.0,4767525000.0,4303300000.0,143900000.0,38100000.0,105800000.0,6872200000.0,5192300000.0,1679900000.0,5950777278.0,278500000.0,955900000.0,27900000.0,-463700000.0,-67700000.0,-500500000.0,744800000.0,117800000.0,34200000.0,0.0,717200000.0,717200000.0,717200000.0,-531900000.0,0.0,0.019,2107300000.0,106700000.0,4229900000.0,0.094,1.646,8.297,8.212,552300000.0,0.0,20.94,0.157,0.156,3100800000.0,2169000000.0,37826800000.0,37826800000.0,112600000.0,0.071,0.215,0.2,0.025,0.0,1994700000.0,1.0,284182296.0,282600000,289700000.0,133.853,9223600000.0,0.0,124100000.0,154200000.0,32.638,2888600000.0
85,MCK,MRT,2000-03-31,2000-03-31,2000-03-31,2021-08-05,-97100000.0,10372900000.0,9850275000.0,7965500000.0,2407400000.0,3.727,12.676,-290700000.0,548900000.0,548900000.0,34484600000.0,723700000.0,1.555,1.909,1260000000.0,16200000.0,1243800000.0,1260000000.0,368700000.0,222600000.0,0.0,0.011,0.24,960200000.0,1182800000.0,0.032,1182800000.0,960200000.0,846000000.0,2.57,2.55,2.57,3565800000.0,3176925000.0,3565800000.0,7263358230.0,8.0,6.141,-605500000.0,-2.153,1.0,2223400000.0,0.061,1277800000.0,114200000.0,4684400000.0,4699725000.0,4149300000.0,157900000.0,57000000.0,100900000.0,6807100000.0,5121800000.0,1685300000.0,5916658230.0,315200000.0,949000000.0,26200000.0,112100000.0,-67500000.0,76400000.0,553600000.0,-36900000.0,-314800000.0,0.0,723700000.0,723700000.0,723700000.0,-539100000.0,0.0,0.02,2104500000.0,118900000.0,3883900000.0,0.093,1.659,8.176,8.171,555400000.0,0.0,21.0,0.161,0.161,3034500000.0,2122300000.0,36708000000.0,36708000000.0,112600000.0,0.073,0.228,0.204,0.026,0.0,1991900000.0,1.0,281745630.0,281300000,284200000.0,130.494,9095100000.0,0.0,122300000.0,354800000.0,32.332,2843700000.0
86,MCK,MRT,1999-12-31,1999-12-31,1999-12-31,2021-08-05,-70700000.0,10205900000.0,9512050000.0,7326500000.0,2879400000.0,3.751,11.272,-151300000.0,204800000.0,204800000.0,33363500000.0,235000000.0,1.298,2.218,1551500000.0,441000000.0,1110500000.0,1551500000.0,322100000.0,209400000.0,0.0,0.011,0.24,534100000.0,743500000.0,0.021,743500000.0,534100000.0,418200000.0,0.83,0.83,0.83,3171900000.0,3005925000.0,3171900000.0,8137220000.0,15.0,10.944,347300000.0,1.234,1.0,2316500000.0,0.065,1401400000.0,115900000.0,4505200000.0,4548825000.0,4060000000.0,330300000.0,195400000.0,134900000.0,7034000000.0,5646000000.0,1388000000.0,6335820000.0,-509600000.0,-126200000.0,99800000.0,-572600000.0,-76100000.0,-545200000.0,-463000000.0,-23100000.0,498600000.0,0.0,235000000.0,235000000.0,235000000.0,-24300000.0,0.0,0.007,2121500000.0,195000000.0,4179900000.0,0.289,1.997,26.961,27.108,549200000.0,0.0,22.5,0.178,0.177,2730100000.0,1711400000.0,35680000000.0,35680000000.0,114700000.0,0.025,0.078,0.117,0.015,0.0,2006800000.0,1.0,281592000.0,281400000,288800000.0,126.795,8804500000.0,0.0,183200000.0,209800000.0,31.288,1680500000.0
87,MCK,MRT,1999-09-30,1999-09-30,1999-09-30,2021-08-05,-59100000.0,9497400000.0,8820500000.0,6797500000.0,2699900000.0,3.863,10.715,-149500000.0,179000000.0,179000000.0,31714700000.0,118900000.0,1.332,2.153,1980400000.0,854900000.0,1125500000.0,1980400000.0,300400000.0,183500000.0,0.0,0.011,0.305,355000000.0,538500000.0,0.016,538500000.0,355000000.0,236600000.0,0.42,0.43,0.42,3011900000.0,2633125000.0,3011900000.0,9900333000.0,28.0,18.385,-209200000.0,-0.744,1.0,2361900000.0,0.069,1340400000.0,118400000.0,4853300000.0,4505425000.0,3679800000.0,136100000.0,28100000.0,108000000.0,6485500000.0,5105100000.0,1380400000.0,8157033000.0,-531800000.0,-242800000.0,101000000.0,134300000.0,-79300000.0,153800000.0,-625900000.0,7100000.0,-59700000.0,0.0,118900000.0,118900000.0,118900000.0,-23700000.0,0.0,0.003,2082200000.0,279700000.0,3326400000.0,0.726,2.708,68.604,69.048,729900000.0,0.0,29.0,0.239,0.239,2743600000.0,1561300000.0,34076600000.0,34076600000.0,114700000.0,0.013,0.045,0.079,0.01,0.0,1967500000.0,1.0,281277000.0,281100000,289400000.0,121.226,8157000000.0,0.0,117700000.0,119800000.0,29.018,1692400000.0
88,MCK,MRT,1999-06-30,1999-06-30,1999-06-30,2021-08-05,-58000000.0,9324900000.0,8200375000.0,6696400000.0,2628500000.0,3.96,10.542,-169200000.0,178800000.0,178800000.0,30049200000.0,85900000.0,1.345,2.152,1922100000.0,788900000.0,1133200000.0,1922100000.0,310800000.0,181900000.0,0.0,0.011,0.37,313300000.0,495200000.0,0.015,495200000.0,313300000.0,192000000.0,0.31,0.32,0.31,2958100000.0,2287850000.0,2958100000.0,5287131233.0,17.0,10.677,-503400000.0,-1.794,1.0,2425300000.0,0.075,1331700000.0,121300000.0,4756000000.0,4316700000.0,3665800000.0,266100000.0,182000000.0,84100000.0,6366800000.0,4980500000.0,1386300000.0,3210331233.0,-564200000.0,-281300000.0,104400000.0,528100000.0,-84900000.0,544100000.0,-774100000.0,-133600000.0,-334200000.0,0.0,85900000.0,85900000.0,85900000.0,-13700000.0,0.0,0.003,2177400000.0,247900000.0,3272000000.0,1.194,1.085,37.373,103.839,718300000.0,0.0,32.19,0.099,0.278,2532400000.0,1518500000.0,32474500000.0,32474500000.0,114700000.0,0.01,0.038,0.073,0.01,0.0,2062700000.0,1.0,99730700.0,280600000,290200000.0,115.732,7993200000.0,0.0,106100000.0,118100000.0,28.486,1715900000.0
89,MCK,MRT,1999-03-31,1999-03-31,1999-03-31,2021-08-05,-57700000.0,9020000000.0,7444425000.0,6452800000.0,2567200000.0,4.026,10.472,-176900000.0,233700000.0,233700000.0,27650400000.0,84900000.0,1.36,2.13,1346800000.0,212000000.0,1134800000.0,1346800000.0,408600000.0,180600000.0,0.0,0.007,0.435,304300000.0,484900000.0,0.016,484900000.0,304300000.0,186300000.0,0.31,0.31,0.31,2881800000.0,1938525000.0,2881800000.0,8659026200.0,28.0,17.857,57200000.0,0.208,1.0,2320500000.0,0.077,1307500000.0,118000000.0,4080800000.0,4035800000.0,3522500000.0,101200000.0,28200000.0,73000000.0,6138200000.0,4744800000.0,1393400000.0,6582226200.0,-330700000.0,-277800000.0,224900000.0,-106800000.0,-84900000.0,22400000.0,-587200000.0,57100000.0,234100000.0,0.0,84900000.0,84900000.0,84900000.0,-24300000.0,0.0,0.003,2092100000.0,228400000.0,3549400000.0,1.403,2.284,77.529,212.903,529600000.0,0.0,66.0,0.22,0.606,2552000000.0,1465000000.0,29970900000.0,29970900000.0,114700000.0,0.011,0.044,0.075,0.01,0.0,1977400000.0,1.0,99730700.0,275200000,275200000.0,108.906,7712500000.0,0.0,101400000.0,90800000.0,28.025,1708000000.0
90,MCK,MRT,1998-12-31,1998-12-31,1998-12-31,2021-08-05,-49800000.0,7439700000.0,7012375000.0,5530000000.0,1909700000.0,4.067,6.107,-195700000.0,124000000.0,124000000.0,25612300000.0,331500000.0,1.32,3.427,2200800000.0,863200000.0,1337600000.0,2200800000.0,0.0,157300000.0,0.0,0.006,0.5,654300000.0,811600000.0,0.028,811600000.0,654300000.0,533700000.0,0.37,0.4,0.37,1680700000.0,1858500000.0,1680700000.0,9566826611.0,15.0,11.788,149600000.0,0.544,1.0,2905400000.0,0.102,996900000.0,120600000.0,4331600000.0,4043300000.0,3284700000.0,29100000.0,29100000.0,0.0,5759000000.0,4188000000.0,1571000000.0,7848426611.0,336600000.0,-400200000.0,294200000.0,544900000.0,-83600000.0,735800000.0,-744500000.0,126400000.0,345300000.0,0.0,331500000.0,331500000.0,331500000.0,-35000000.0,0.0,0.012,2280000000.0,625400000.0,2815200000.0,1.351,4.67,23.675,213.676,513900000.0,0.0,79.06,0.275,0.763,2046800000.0,1242800000.0,28517700000.0,28517700000.0,112500000.0,0.047,0.178,0.162,0.023,0.0,2167500000.0,1.0,99271776.0,275200000,289700000.0,103.625,6442800000.0,0.0,202200000.0,134600000.0,23.411,1342000000.0
91,MCK,MRT,1998-09-30,1998-09-30,1998-09-30,2021-08-05,-48200000.0,7016900000.0,6548500000.0,5329700000.0,1687200000.0,3.91,5.939,-199000000.0,103500000.0,103500000.0,22931800000.0,322800000.0,1.399,3.303,1821900000.0,484900000.0,1337000000.0,1821900000.0,0.0,147800000.0,0.0,0.005,0.5,633000000.0,780800000.0,0.03,780800000.0,633000000.0,517100000.0,0.64,0.65,0.64,1630800000.0,1779625000.0,1630800000.0,9948230099.0,16.0,12.741,-10100000.0,-0.037,1.0,2671900000.0,0.104,828200000.0,115900000.0,4098400000.0,3814650000.0,3207200000.0,28100000.0,28100000.0,0.0,5386100000.0,3808700000.0,1577400000.0,8706330099.0,319400000.0,-184000000.0,285400000.0,401900000.0,-75200000.0,592900000.0,-462400000.0,100400000.0,188900000.0,0.0,322800000.0,322800000.0,322800000.0,-29400000.0,0.0,0.013,2062100000.0,609800000.0,2848400000.0,0.781,5.339,26.971,143.172,479800000.0,0.0,91.63,0.34,0.983,1948700000.0,1210600000.0,25603700000.0,25603700000.0,112500000.0,0.049,0.181,0.166,0.025,0.0,1949600000.0,1.0,95016153.0,274600000,289900000.0,93.24,6188700000.0,0.0,194300000.0,131900000.0,22.537,1521000000.0
92,MCK,MRT,1998-06-30,1998-06-30,1998-06-30,2021-08-05,-46600000.0,6301100000.0,,4755200000.0,1545900000.0,,5.73,-171700000.0,169800000.0,169800000.0,21006800000.0,336100000.0,1.505,3.037,1411700000.0,68700000.0,1343000000.0,1411700000.0,0.0,116400000.0,0.0,0.006,0.5,647100000.0,763500000.0,0.033,763500000.0,647100000.0,536100000.0,0.98,0.96,0.98,1560800000.0,,1560800000.0,9100691088.0,14.0,11.92,266000000.0,0.977,1.0,2406700000.0,0.103,751700000.0,111000000.0,3632400000.0,,2775200000.0,44900000.0,44900000.0,0.0,4740300000.0,3158900000.0,1581400000.0,7736791088.0,354400000.0,-176400000.0,279400000.0,148300000.0,-64200000.0,345600000.0,-428900000.0,86600000.0,437700000.0,0.0,336100000.0,336100000.0,336100000.0,-29400000.0,0.0,0.014,1782800000.0,623900000.0,2642800000.0,0.51,4.957,23.019,83.163,444000000.0,0.0,81.5,0.33,0.948,1732000000.0,1204400000.0,23413500000.0,23413500000.0,112500000.0,,,,0.028,0.0,1670300000.0,1.0,94929952.0,272400000,288400000.0,85.953,5549400000.0,0.0,200000000.0,138700000.0,20.372,1596300000.0
93,MCK,MRT,1998-03-31,1998-03-31,1998-03-31,2021-08-05,-54900000.0,7291800000.0,6882550000.0,5318100000.0,1973700000.0,3.212,9.623,-147000000.0,564400000.0,564400000.0,19947100000.0,304600000.0,1.725,1.846,1513800000.0,108800000.0,1405000000.0,1513800000.0,282100000.0,89800000.0,0.0,0.009,0.5,585700000.0,675500000.0,0.031,675500000.0,585700000.0,482500000.0,1.14,1.1,1.14,2561700000.0,2321750000.0,2561700000.0,6798036950.0,12.0,10.064,76300000.0,0.287,1.0,2158600000.0,0.098,1046600000.0,103200000.0,4110800000.0,3654400000.0,2603100000.0,151100000.0,117100000.0,34000000.0,4730100000.0,3083800000.0,1646300000.0,5346136950.0,132800000.0,-175700000.0,147800000.0,231000000.0,-58800000.0,304200000.0,-394700000.0,61100000.0,223300000.0,0.0,304600000.0,304600000.0,304600000.0,-29400000.0,0.0,0.014,1596100000.0,562500000.0,2186100000.0,0.439,2.087,17.551,50.658,448600000.0,0.0,57.75,0.242,0.695,1931800000.0,1462500000.0,22105700000.0,22105700000.0,112500000.0,0.044,0.131,0.16,0.026,0.0,1483600000.0,1.0,92573800.0,266200000,282100000.0,83.042,6245200000.0,0.0,177900000.0,39500000.0,23.461,2234300000.0
94,MCK,MRT,1997-12-31,1997-12-31,1997-12-31,2021-08-05,-45600000.0,5584200000.0,,4108300000.0,1475900000.0,,14.904,,71000000.0,71000000.0,21408500000.0,235100000.0,1.435,3.09,1522900000.0,409700000.0,1113200000.0,1522900000.0,0.0,,0.0,0.009,0.5,490100000.0,,,,490100000.0,388100000.0,1.0,0.9,1.0,1365200000.0,,1365200000.0,,,,,,1.0,2113800000.0,0.09,756500000.0,102000000.0,3417000000.0,,2358100000.0,98000000.0,98000000.0,0.0,4219000000.0,2862600000.0,1356400000.0,5017499960.0,,,,,,,,,,,235100000.0,235100000.0,235100000.0,-900000.0,0.0,0.01,1619200000.0,494600000.0,2054700000.0,0.5,3.675,21.342,54.2,396500000.0,0.0,54.2,0.213,0.211,1520500000.0,1148500000.0,23522300000.0,23522300000.0,103000000.0,,,,0.021,,1564400000.0,1.0,92573800.0,91600000,101800000.0,256.794,4827700000.0,0.0,153000000.0,121200000.0,52.704,1245700000.0
95,MCK,MRT,1997-09-30,1997-09-30,1997-09-30,2021-08-05,,,,,,,,,,,19654800000.0,279300000.0,,,,,,,,,,0.01,0.5,471000000.0,,,,471000000.0,383000000.0,1.58,1.5,1.58,,,,,,,,,1.0,1980600000.0,0.092,,88000000.0,,,,,,,,,,,,,,,,,,,,,279300000.0,279300000.0,279300000.0,-123200000.0,0.0,0.013,1629000000.0,351600000.0,,0.316,,,32.278,,0.0,51.0,,0.215,,,21635400000.0,21635400000.0,103000000.0,,,,0.022,,1574200000.0,1.0,,91400000,101100000.0,236.711,,,103700000.0,,,
96,MCK,MRT,1997-06-30,1997-06-30,1997-06-30,2021-08-05,,,,,,,,,,,,,,,,,,,,,,0.013,0.5,,,,,,,,,,,,,,,,,,1.0,,,,,,,,,,,,,,,,,,,,,,,,,,,,,,,,,,,,,,,,38.75,,,,,,,,,,,,,,1.0,,91000000,,,,,,,,
97,MCK,MRT,1997-03-31,1997-03-31,1997-03-31,2021-08-05,-50900000.0,6473300000.0,4916750000.0,4612600000.0,1860700000.0,3.44,8.199,-120800000.0,434500000.0,434500000.0,15203300000.0,212100000.0,1.498,2.109,1241900000.0,193000000.0,1048900000.0,1241900000.0,201200000.0,141300000.0,0.0,0.016,0.5,360300000.0,501600000.0,0.03,501600000.0,360300000.0,299300000.0,0.83,0.8,0.83,2081800000.0,1573200000.0,2081800000.0,,,,309300000.0,1.218,1.0,1711000000.0,0.101,1004400000.0,61000000.0,3198000000.0,2434750000.0,2277500000.0,194700000.0,165600000.0,29100000.0,4391500000.0,3078300000.0,1313200000.0,,-29100000.0,-926100000.0,-78200000.0,572000000.0,-51900000.0,635000000.0,-1094200000.0,70200000.0,430100000.0,0.0,212100000.0,212100000.0,212100000.0,-128800000.0,0.0,0.013,1478800000.0,232200000.0,2125300000.0,0.602,,,38.554,489300000.0,0.0,32.0,,0.48,1612200000.0,1219200000.0,16914300000.0,16914300000.0,103000000.0,0.043,0.135,0.148,0.021,0.0,1375800000.0,1.0,,253900000,265200000.0,66.618,5468900000.0,0.0,87200000.0,55500000.0,21.54,1534300000.0
98,MCK,MRT,1996-12-31,1996-12-31,1996-12-31,2021-08-05,,,,,,,,,,,,,,,,,,,,,,0.018,0.5,,,,,,,,,,,,,,,,,,1.0,,,,,,,,,,,,,,,,,,,,,,,,,,,,,,,,,,,,,,,,27.94,,,,,,,,,,,,,,1.0,,83700000,,,,,,,,
99,MCK,MRT,1996-03-31,1996-03-31,1996-03-31,2021-08-05,-49700000.0,3360200000.0,,2463000000.0,897200000.0,,11.989,-66900000.0,260800000.0,260800000.0,12049300000.0,135400000.0,1.5,2.156,398300000.0,27700000.0,370600000.0,398300000.0,0.0,64200000.0,0.0,0.019,0.5,256000000.0,320200000.0,0.025,320200000.0,256000000.0,211600000.0,1.53,1.45,1.53,1064600000.0,,1064600000.0,,,,-63100000.0,-0.711,1.0,915500000.0,0.071,183700000.0,44400000.0,1671500000.0,,1317000000.0,195400000.0,195400000.0,0.0,2295600000.0,1642500000.0,653100000.0,,-102300000.0,2600000.0,-43500000.0,-18500000.0,-44200000.0,-102100000.0,-4000000.0,114200000.0,3800000.0,0.0,135400000.0,135400000.0,135400000.0,-14700000.0,0.0,0.01,674200000.0,241300000.0,1343200000.0,0.327,,,16.993,356000000.0,0.0,26.0,,0.178,672800000.0,968500000.0,12964800000.0,12964800000.0,0.0,,,,0.02,0.0,674200000.0,1.0,,88800000,93200000.0,146.0,3176500000.0,0.0,76200000.0,92200000.0,35.771,820500000.0
