None,ticker,dimension,calendardate,datekey,reportperiod,lastupdated,accoci,assets,assetsavg,assetsc,assetsnc,assetturnover,bvps,capex,cashneq,cashnequsd,cor,consolinc,currentratio,de,debt,debtc,debtnc,debtusd,deferredrev,depamor,deposits,divyield,dps,ebit,ebitda,ebitdamargin,ebitdausd,ebitusd,ebt,eps,epsdil,epsusd,equity,equityavg,equityusd,ev,evebit,evebitda,fcf,fcfps,fxusd,gp,grossmargin,intangibles,intexp,invcap,invcapavg,inventory,investments,investmentsc,investmentsnc,liabilities,liabilitiesc,liabilitiesnc,marketcap,ncf,ncfbus,ncfcommon,ncfdebt,ncfdiv,ncff,ncfi,ncfinv,ncfo,ncfx,netinc,netinccmn,netinccmnusd,netincdis,netincnci,netmargin,opex,opinc,payables,payoutratio,pb,pe,pe1,ppnenet,prefdivis,price,ps,ps1,receivables,retearn,revenue,revenueusd,rnd,roa,roe,roic,ros,sbcomp,sgna,sharefactor,sharesbas,shareswa,shareswadil,sps,tangibles,taxassets,taxexp,taxliabilities,tbvps,workingcapital
0,AFL,MRY,2020-12-31,2020-12-31,2020-12-31,2021-09-07,8934000000.0,165086000000.0,158686000000.0,,,0.14,47.021,0.0,5141000000.0,5141000000.0,11796000000.0,4778000000.0,,3.919,7899000000.0,,,7899000000.0,3597000000.0,0.0,0.0,0.025,1.12,4401000000.0,4401000000.0,0.199,4401000000.0,4401000000.0,4159000000.0,6.69,6.67,6.69,33559000000.0,30465000000.0,33559000000.0,33499740045.0,8.0,7.612,5958000000.0,8.348,1.0,10351000000.0,0.467,0.0,242000000.0,167844000000.0,161154250000.0,0.0,43326000000.0,,,131527000000.0,,,31237740045.0,245000000.0,0.0,-1503000000.0,1195000000.0,-769000000.0,-1115000000.0,-4619000000.0,-4354000000.0,5958000000.0,21000000.0,4778000000.0,4778000000.0,4778000000.0,0.0,0.0,0.216,5950000000.0,4401000000.0,964000000.0,0.167,0.931,6.538,6.647,601000000.0,0.0,44.47,1.41,1.433,796000000.0,37984000000.0,22147000000.0,22147000000.0,0.0,0.03,0.157,0.027,0.199,0.0,5950000000.0,1.0,702445245.0,713702000,716192000.0,31.031,165086000000.0,0.0,-619000000.0,4661000000.0,231.309,
1,AFL,MRY,2019-12-31,2019-12-31,2019-12-31,2021-09-07,6615000000.0,152768000000.0,150996000000.0,,,0.148,39.007,0.0,4896000000.0,4896000000.0,11942000000.0,3304000000.0,,4.275,6569000000.0,,,6569000000.0,4243000000.0,0.0,0.0,0.02,1.08,4673000000.0,4673000000.0,0.209,4673000000.0,4673000000.0,4445000000.0,4.45,4.43,4.45,28959000000.0,28171750000.0,28959000000.0,40846552729.0,9.0,8.741,5455000000.0,7.348,1.0,10365000000.0,0.465,0.0,228000000.0,154441000000.0,153223500000.0,0.0,133195000000.0,,,123809000000.0,,,38829552729.0,559000000.0,0.0,-1578000000.0,615000000.0,-771000000.0,-1713000000.0,-3171000000.0,-3048000000.0,5455000000.0,-12000000.0,3304000000.0,3304000000.0,3304000000.0,0.0,0.0,0.148,5692000000.0,4673000000.0,1876000000.0,0.243,1.341,11.752,11.888,581000000.0,0.0,52.9,1.741,1.761,828000000.0,34291000000.0,22307000000.0,22307000000.0,0.0,0.022,0.117,0.03,0.209,0.0,5692000000.0,1.0,734018010.0,742414000,746430000.0,30.047,152768000000.0,0.0,1141000000.0,5370000000.0,205.772,
2,AFL,MRY,2018-12-31,2018-12-31,2018-12-31,2021-09-07,2151000000.0,140406000000.0,141922250000.0,,,0.153,30.486,0.0,4337000000.0,4337000000.0,12000000000.0,2920000000.0,,4.984,5778000000.0,,,5778000000.0,5090000000.0,0.0,0.0,0.023,1.04,4205000000.0,4205000000.0,0.193,4205000000.0,4205000000.0,3983000000.0,3.79,3.77,3.79,23462000000.0,23695750000.0,23462000000.0,36533886958.0,9.0,8.688,6014000000.0,7.815,1.0,9758000000.0,0.448,0.0,222000000.0,141847000000.0,143435000000.0,0.0,121906000000.0,,,116944000000.0,,,34683886958.0,846000000.0,0.0,-1243000000.0,470000000.0,-793000000.0,-1616000000.0,-3582000000.0,-3758000000.0,6014000000.0,30000000.0,2920000000.0,2920000000.0,2920000000.0,0.0,0.0,0.134,5553000000.0,4205000000.0,1052000000.0,0.274,1.478,11.878,12.021,443000000.0,0.0,45.56,1.594,1.611,851000000.0,31788000000.0,21758000000.0,21758000000.0,0.0,0.021,0.123,0.029,0.193,0.0,5553000000.0,1.0,761279345.0,769588000,774650000.0,28.272,140406000000.0,0.0,1063000000.0,4020000000.0,182.443,
3,AFL,MRY,2017-12-31,2017-12-31,2017-12-31,2021-09-07,4028000000.0,137217000000.0,135586000000.0,,,0.16,31.056,0.0,3491000000.0,3491000000.0,12181000000.0,4604000000.0,,4.578,5289000000.0,,,5289000000.0,5959000000.0,0.0,0.0,0.02,0.87,4258000000.0,4258000000.0,0.197,4258000000.0,4258000000.0,4018000000.0,5.81,5.77,5.81,24598000000.0,22104500000.0,24598000000.0,34831673644.0,8.0,8.18,6128000000.0,7.737,1.0,9486000000.0,0.438,0.0,240000000.0,139015000000.0,136624000000.0,0.0,120168000000.0,,,112619000000.0,,,34510673644.0,-1368000000.0,0.0,-1318000000.0,-121000000.0,-661000000.0,-2065000000.0,-5431000000.0,-5363000000.0,6128000000.0,0.0,4604000000.0,4604000000.0,4604000000.0,0.0,0.0,0.212,5228000000.0,4258000000.0,606000000.0,0.15,1.403,7.496,7.554,434000000.0,0.0,43.89,1.593,1.604,827000000.0,29895000000.0,21667000000.0,21667000000.0,0.0,0.034,0.208,0.031,0.197,0.0,5228000000.0,1.0,786299240.0,792042000,797861000.0,27.356,137217000000.0,0.0,-586000000.0,4745000000.0,173.245,
4,AFL,MRY,2016-12-31,2016-12-31,2016-12-31,2021-09-07,2630000000.0,129819000000.0,135743250000.0,,,0.166,24.889,0.0,4859000000.0,4859000000.0,12919000000.0,2659000000.0,,5.338,5360000000.0,,,5360000000.0,6916000000.0,0.0,0.0,0.024,0.83,4335000000.0,4335000000.0,0.192,4335000000.0,4335000000.0,4067000000.0,3.23,3.21,3.23,20482000000.0,21459500000.0,20482000000.0,28898905325.0,7.0,6.666,5987000000.0,7.275,1.0,9640000000.0,0.427,0.0,268000000.0,130320000000.0,136703250000.0,0.0,111502000000.0,,,109337000000.0,,,28403905325.0,509000000.0,0.0,-1376000000.0,376000000.0,-658000000.0,-1619000000.0,-3855000000.0,-3779000000.0,5987000000.0,-4000000.0,2659000000.0,2659000000.0,2659000000.0,0.0,0.0,0.118,5305000000.0,4335000000.0,526000000.0,0.257,1.387,10.682,10.774,433000000.0,0.0,34.8,1.259,1.269,669000000.0,25981000000.0,22559000000.0,22559000000.0,0.0,0.02,0.124,0.032,0.192,0.0,5305000000.0,1.0,816204176.0,822942000,827841000.0,27.413,129819000000.0,0.0,1408000000.0,5387000000.0,157.75,
5,AFL,MRY,2015-12-31,2015-12-31,2015-12-31,2021-09-07,625000000.0,118256000000.0,118173250000.0,,,0.177,20.559,0.0,4350000000.0,4350000000.0,11746000000.0,2533000000.0,,5.678,4971000000.0,,,4971000000.0,7857000000.0,0.0,0.0,0.026,0.79,4151000000.0,4151000000.0,0.199,4151000000.0,4151000000.0,3862000000.0,2.94,2.925,2.94,17708000000.0,17654500000.0,17708000000.0,27050646872.0,7.0,6.517,6776000000.0,7.867,1.0,9126000000.0,0.437,0.0,289000000.0,118877000000.0,119761000000.0,0.0,101547000000.0,,,100548000000.0,,,25561646872.0,-308000000.0,-40000000.0,-1279000000.0,-274000000.0,-656000000.0,-2187000000.0,-4897000000.0,-4771000000.0,6776000000.0,0.0,2533000000.0,2533000000.0,2533000000.0,0.0,0.0,0.121,4975000000.0,4151000000.0,941000000.0,0.269,1.444,10.091,10.187,427000000.0,0.0,29.95,1.225,1.236,705000000.0,24007000000.0,20872000000.0,20872000000.0,0.0,0.021,0.143,0.035,0.199,0.0,4975000000.0,1.0,853477358.0,861308000,866344000.0,24.233,118256000000.0,0.0,1329000000.0,4340000000.0,137.298,
6,AFL,MRY,2014-12-31,2014-12-31,2014-12-31,2021-09-07,1979000000.0,119767000000.0,124545750000.0,,,0.182,20.331,0.0,4658000000.0,4658000000.0,12937000000.0,2951000000.0,,5.528,5282000000.0,,,5282000000.0,8626000000.0,0.0,0.0,0.025,0.75,4808000000.0,4808000000.0,0.212,4808000000.0,4808000000.0,4491000000.0,3.27,3.25,3.27,18347000000.0,17358500000.0,18347000000.0,29418335577.0,6.0,6.119,6550000000.0,7.258,1.0,9791000000.0,0.431,0.0,317000000.0,120391000000.0,126572750000.0,0.0,102683000000.0,,,101420000000.0,,,27526335577.0,2115000000.0,0.0,-1177000000.0,415000000.0,-654000000.0,-147000000.0,-4241000000.0,-4271000000.0,6550000000.0,-47000000.0,2951000000.0,2951000000.0,2951000000.0,0.0,0.0,0.13,4983000000.0,4808000000.0,2193000000.0,0.229,1.5,9.328,9.341,429000000.0,0.0,30.545,1.211,1.213,842000000.0,22156000000.0,22728000000.0,22728000000.0,0.0,0.024,0.17,0.038,0.212,0.0,4983000000.0,1.0,901173206.0,902408000,908000000.0,25.186,119767000000.0,0.0,1540000000.0,5293000000.0,132.719,
7,AFL,MRY,2013-12-31,2013-12-31,2013-12-31,2021-09-07,-563000000.0,121307000000.0,119519000000.0,,,0.2,15.737,0.0,2543000000.0,2543000000.0,13813000000.0,3158000000.0,,7.297,4897000000.0,,,4897000000.0,10642000000.0,0.0,0.0,0.021,0.71,5109000000.0,5109000000.0,0.213,5109000000.0,5109000000.0,4816000000.0,3.4,3.38,3.4,14620000000.0,14627250000.0,14620000000.0,33338831906.0,7.0,6.526,10547000000.0,11.353,1.0,10126000000.0,0.423,0.0,293000000.0,123661000000.0,121719750000.0,0.0,105916000000.0,,,106687000000.0,,,31134831906.0,502000000.0,0.0,-725000000.0,700000000.0,-635000000.0,1136000000.0,-11091000000.0,-11056000000.0,10547000000.0,-90000000.0,3158000000.0,3158000000.0,3158000000.0,0.0,0.0,0.132,5017000000.0,5109000000.0,5820000000.0,0.209,2.13,9.859,9.824,481000000.0,0.0,33.4,1.301,1.296,1165000000.0,19885000000.0,23939000000.0,23939000000.0,0.0,0.026,0.216,0.042,0.213,0.0,5017000000.0,1.0,932180596.0,929004000,934816000.0,25.768,121307000000.0,0.0,1658000000.0,3718000000.0,130.577,
8,AFL,MRY,2012-12-31,2012-12-31,2012-12-31,2021-09-07,2715000000.0,131094000000.0,126673750000.0,,,0.2,17.112,0.0,2041000000.0,2041000000.0,15330000000.0,2866000000.0,,7.205,4352000000.0,,,4352000000.0,11904000000.0,0.0,0.0,0.025,0.67,4563000000.0,4563000000.0,0.18,4563000000.0,4563000000.0,4302000000.0,3.07,3.055,3.07,15978000000.0,14946250000.0,15978000000.0,26324335219.0,6.0,5.769,14952000000.0,16.013,1.0,10034000000.0,0.396,0.0,261000000.0,133405000000.0,128429500000.0,0.0,116178000000.0,,,115116000000.0,,,24908335219.0,-208000000.0,0.0,-86000000.0,1165000000.0,-603000000.0,1945000000.0,-16952000000.0,-17472000000.0,14952000000.0,-153000000.0,2866000000.0,2866000000.0,2866000000.0,0.0,0.0,0.113,5471000000.0,4563000000.0,6277000000.0,0.218,1.559,8.691,8.651,564000000.0,0.0,26.56,0.982,0.978,976000000.0,17387000000.0,25364000000.0,25364000000.0,0.0,0.023,0.192,0.036,0.18,0.0,5471000000.0,1.0,937813826.0,933736000,938574000.0,27.164,131094000000.0,0.0,1436000000.0,3858000000.0,140.397,
9,AFL,MRY,2011-12-31,2011-12-31,2011-12-31,2021-09-07,1965000000.0,116237000000.0,109583500000.0,,,0.202,13.875,0.0,2249000000.0,2249000000.0,13749000000.0,1937000000.0,,7.979,3285000000.0,,,3285000000.0,1704000000.0,0.0,0.0,0.028,0.615,3146000000.0,3146000000.0,0.142,3146000000.0,3146000000.0,2950000000.0,2.08,2.06,2.08,12946000000.0,12166000000.0,12946000000.0,21632235383.0,7.0,6.876,10842000000.0,11.62,1.0,8422000000.0,0.38,0.0,196000000.0,117273000000.0,110873750000.0,0.0,101213000000.0,,,103291000000.0,,,20193235383.0,128000000.0,0.0,-282000000.0,158000000.0,-552000000.0,64000000.0,-10829000000.0,-10767000000.0,10842000000.0,51000000.0,1937000000.0,1937000000.0,1937000000.0,0.0,0.0,0.087,5276000000.0,3146000000.0,838000000.0,0.296,1.56,10.425,10.399,617000000.0,0.0,21.63,0.911,0.91,680000000.0,15148000000.0,22171000000.0,22171000000.0,0.0,0.018,0.159,0.028,0.142,0.0,5276000000.0,1.0,933575376.0,933038000,938740000.0,23.762,116237000000.0,0.0,1013000000.0,2308000000.0,124.579,
10,AFL,MRY,2010-12-31,2010-12-31,2010-12-31,2021-09-07,862000000.0,101039000000.0,93824750000.0,,,0.221,11.786,0.0,2121000000.0,2121000000.0,12106000000.0,2328000000.0,,8.139,3038000000.0,,,3038000000.0,1197000000.0,0.0,0.0,0.02,0.57,3710000000.0,3710000000.0,0.179,3710000000.0,3710000000.0,3561000000.0,2.48,2.46,2.48,11056000000.0,10301500000.0,11056000000.0,27167283849.0,7.0,7.323,6989000000.0,7.45,1.0,8626000000.0,0.416,0.0,149000000.0,101956000000.0,94558000000.0,0.0,86109000000.0,,,89983000000.0,,,26593283849.0,-202000000.0,0.0,-76000000.0,297000000.0,-535000000.0,161000000.0,-7432000000.0,-7404000000.0,6989000000.0,80000000.0,2328000000.0,2328000000.0,2328000000.0,0.0,0.0,0.112,4916000000.0,3710000000.0,191000000.0,0.23,2.405,11.423,11.377,620000000.0,0.0,28.215,1.283,1.277,661000000.0,14194000000.0,20732000000.0,20732000000.0,0.0,0.025,0.226,0.039,0.179,0.0,4916000000.0,1.0,942522908.0,938076000,946170000.0,22.101,101039000000.0,0.0,1233000000.0,1969000000.0,107.709,
11,AFL,MRY,2009-12-31,2009-12-31,2009-12-31,2021-09-07,29000000.0,84106000000.0,78644500000.0,,,0.232,9.02,0.0,2323000000.0,2323000000.0,11308000000.0,1497000000.0,,8.992,2599000000.0,,,2599000000.0,926000000.0,0.0,0.0,0.024,0.56,2307000000.0,2307000000.0,0.126,2307000000.0,2307000000.0,2235000000.0,1.605,1.595,1.605,8417000000.0,6962000000.0,8417000000.0,22067339711.0,10.0,9.565,6161000000.0,6.603,1.0,6946000000.0,0.381,0.0,72000000.0,84382000000.0,78990250000.0,0.0,70869000000.0,,,75689000000.0,,,21640339711.0,1382000000.0,-83000000.0,7000000.0,845000000.0,-524000000.0,699000000.0,-5476000000.0,-5321000000.0,6161000000.0,-2000000.0,1497000000.0,1497000000.0,1497000000.0,0.0,0.0,0.082,4639000000.0,2307000000.0,483000000.0,0.349,2.571,14.456,14.408,593000000.0,0.0,23.125,1.186,1.182,764000000.0,12410000000.0,18254000000.0,18254000000.0,0.0,0.019,0.215,0.029,0.126,0.0,4639000000.0,1.0,935798474.0,933104000,938126000.0,19.563,84106000000.0,0.0,738000000.0,1653000000.0,90.136,
12,AFL,MRY,2008-12-31,2008-12-31,2008-12-31,2021-09-07,-582000000.0,79331000000.0,73152250000.0,,,0.226,7.012,0.0,941000000.0,941000000.0,10499000000.0,1254000000.0,,10.949,1721000000.0,,,1721000000.0,874000000.0,0.0,0.0,0.021,0.48,1943000000.0,1943000000.0,0.117,1943000000.0,1943000000.0,1914000000.0,1.325,1.31,1.325,6639000000.0,7293000000.0,6639000000.0,22421095464.0,12.0,11.539,4965000000.0,5.244,1.0,6055000000.0,0.366,0.0,29000000.0,80111000000.0,73823250000.0,0.0,67609000000.0,,,72692000000.0,,,21367095464.0,-622000000.0,0.0,-1458000000.0,-5000000.0,-434000000.0,-1383000000.0,-4283000000.0,-4221000000.0,4965000000.0,79000000.0,1254000000.0,1254000000.0,1254000000.0,0.0,0.0,0.076,4112000000.0,1943000000.0,1733000000.0,0.362,3.218,17.039,17.298,597000000.0,0.0,22.92,1.291,1.311,920000000.0,11306000000.0,16554000000.0,16554000000.0,0.0,0.017,0.172,0.026,0.117,0.0,4112000000.0,1.0,932246748.0,946810000,957630000.0,17.484,79331000000.0,0.0,660000000.0,1201000000.0,83.788,
13,AFL,MRY,2007-12-31,2007-12-31,2007-12-31,2021-09-07,934000000.0,65805000000.0,62671750000.0,,,0.246,9.014,0.0,1563000000.0,1563000000.0,9285000000.0,1634000000.0,,6.482,1465000000.0,,,1465000000.0,693000000.0,0.0,0.0,0.013,0.4,2526000000.0,2526000000.0,0.164,2526000000.0,2526000000.0,2499000000.0,1.675,1.655,1.675,8795000000.0,8481250000.0,8795000000.0,30677843554.0,12.0,12.145,4656000000.0,4.772,1.0,6108000000.0,0.397,0.0,27000000.0,65707000000.0,62825250000.0,0.0,55493000000.0,,,57010000000.0,,,30551843554.0,360000000.0,0.0,-559000000.0,-5000000.0,-373000000.0,-655000000.0,-3654000000.0,-3599000000.0,4656000000.0,13000000.0,1634000000.0,1634000000.0,1634000000.0,0.0,0.0,0.106,3582000000.0,2526000000.0,808000000.0,0.239,3.474,18.698,18.696,496000000.0,0.0,31.315,1.985,1.985,732000000.0,10637000000.0,15393000000.0,15393000000.0,0.0,0.026,0.193,0.04,0.164,0.0,3582000000.0,1.0,975629684.0,975738000,987942000.0,15.776,65805000000.0,0.0,865000000.0,2531000000.0,67.441,
14,AFL,MRY,2006-12-31,2006-12-31,2006-12-31,2021-09-07,1426000000.0,59805000000.0,57931500000.0,,,0.252,8.415,0.0,1203000000.0,1203000000.0,9016000000.0,1483000000.0,,6.17,1426000000.0,,,1426000000.0,645000000.0,0.0,0.0,0.012,0.275,2283000000.0,2283000000.0,0.156,2283000000.0,2283000000.0,2264000000.0,1.495,1.475,1.495,8341000000.0,7778250000.0,8341000000.0,22808181056.0,10.0,9.99,4397000000.0,4.436,1.0,5600000000.0,0.383,0.0,19000000.0,60028000000.0,58100500000.0,0.0,50769000000.0,,,51464000000.0,,,22747181056.0,-94000000.0,0.0,-428000000.0,5000000.0,-258000000.0,-434000000.0,-4057000000.0,-4031000000.0,4397000000.0,0.0,1483000000.0,1483000000.0,1483000000.0,0.0,0.0,0.101,3317000000.0,2283000000.0,807000000.0,0.184,2.727,15.339,15.385,458000000.0,0.0,23.0,1.556,1.56,535000000.0,9304000000.0,14616000000.0,14616000000.0,0.0,0.026,0.191,0.039,0.156,0.0,3317000000.0,1.0,989007872.0,991228000,1003654000.0,14.745,59805000000.0,0.0,781000000.0,2462000000.0,60.334,
15,AFL,MRY,2005-12-31,2005-12-31,2005-12-31,2021-09-07,1957000000.0,56361000000.0,57212500000.0,,,0.251,7.912,0.0,1297000000.0,1297000000.0,8890000000.0,1483000000.0,,6.11,1395000000.0,,,1395000000.0,594000000.0,0.0,0.0,0.009,0.22,2249000000.0,2249000000.0,0.157,2249000000.0,2249000000.0,2226000000.0,1.48,1.46,1.48,7927000000.0,8042000000.0,7927000000.0,23065105816.0,10.0,10.256,4433000000.0,4.425,1.0,5473000000.0,0.381,0.0,23000000.0,56459000000.0,57283250000.0,0.0,47692000000.0,,,48434000000.0,,,23227105816.0,-2516000000.0,0.0,-388000000.0,91000000.0,-209000000.0,-196000000.0,-6692000000.0,-6676000000.0,4433000000.0,-61000000.0,1483000000.0,1483000000.0,1483000000.0,0.0,0.0,0.103,3224000000.0,2249000000.0,622000000.0,0.149,2.93,15.662,15.682,448000000.0,0.0,23.21,1.617,1.619,584000000.0,8048000000.0,14363000000.0,14363000000.0,0.0,0.026,0.184,0.039,0.157,0.0,3224000000.0,1.0,1000737002.0,1001878000,1015408000.0,14.336,56361000000.0,0.0,743000000.0,2577000000.0,56.255,
16,AFL,MRY,2004-12-31,2004-12-31,2004-12-31,2021-09-07,2611000000.0,59326000000.0,54414500000.0,,,0.244,7.466,0.0,3813000000.0,3813000000.0,8482000000.0,1266000000.0,,6.831,1429000000.0,,,1429000000.0,593000000.0,0.0,0.0,0.01,0.19,1796000000.0,1796000000.0,0.135,1796000000.0,1796000000.0,1773000000.0,1.245,1.225,1.245,7576000000.0,6998750000.0,7576000000.0,20140400488.0,11.0,11.214,4486000000.0,4.421,1.0,4799000000.0,0.361,0.0,23000000.0,56942000000.0,53958250000.0,0.0,48142000000.0,,,51750000000.0,,,20158400488.0,2761000000.0,0.0,-353000000.0,-12000000.0,-182000000.0,-313000000.0,-1418000000.0,-1391000000.0,4486000000.0,6000000.0,1266000000.0,1266000000.0,1266000000.0,0.0,0.0,0.095,3003000000.0,1796000000.0,2887000000.0,0.153,2.661,15.923,16.0,515000000.0,0.0,19.92,1.518,1.522,418000000.0,6785000000.0,13281000000.0,13281000000.0,0.0,0.023,0.181,0.033,0.135,0.0,3003000000.0,1.0,1011967896.0,1014666000,1032842000.0,13.089,59326000000.0,0.0,507000000.0,2445000000.0,58.469,
17,AFL,MRY,2003-12-31,2003-12-31,2003-12-31,2021-09-07,2493000000.0,50964000000.0,48342750000.0,,,0.237,6.475,0.0,1052000000.0,1052000000.0,7529000000.0,768000000.0,,6.668,1409000000.0,,,1409000000.0,516000000.0,0.0,0.0,0.008,0.15,1220000000.0,1220000000.0,0.107,1220000000.0,1220000000.0,1198000000.0,0.75,0.735,0.75,6646000000.0,6973000000.0,6646000000.0,18754187265.0,15.0,15.372,3389000000.0,3.302,1.0,3918000000.0,0.342,0.0,22000000.0,51321000000.0,48457750000.0,0.0,42998000000.0,,,44318000000.0,,,18554187265.0,-327000000.0,0.0,-310000000.0,-20000000.0,-146000000.0,-298000000.0,-3500000000.0,-3473000000.0,3389000000.0,82000000.0,768000000.0,768000000.0,768000000.0,0.0,0.0,0.067,2698000000.0,1220000000.0,374000000.0,0.2,2.792,24.159,24.12,518000000.0,0.0,18.09,1.621,1.622,547000000.0,5885000000.0,11447000000.0,11447000000.0,0.0,0.016,0.11,0.025,0.107,0.0,2698000000.0,1.0,1025659882.0,1026440000,1044276000.0,11.152,50964000000.0,0.0,430000000.0,2189000000.0,49.651,
18,AFL,MRY,2002-12-31,2002-12-31,2002-12-31,2021-09-07,2630000000.0,45058000000.0,41817750000.0,,,0.245,6.177,0.0,1379000000.0,1379000000.0,6589000000.0,821000000.0,,6.047,1312000000.0,,,1312000000.0,428000000.0,0.0,0.0,0.008,0.115,1279000000.0,1279000000.0,0.125,1279000000.0,1279000000.0,1259000000.0,0.795,0.775,0.795,6394000000.0,5907250000.0,6394000000.0,15551302564.0,12.0,12.159,3038000000.0,2.935,1.0,3668000000.0,0.358,0.0,20000000.0,44991000000.0,42101500000.0,0.0,37768000000.0,,,38664000000.0,,,15547302564.0,527000000.0,0.0,-311000000.0,20000000.0,-112000000.0,-320000000.0,-2274000000.0,-2231000000.0,3038000000.0,83000000.0,821000000.0,821000000.0,821000000.0,0.0,0.0,0.08,2389000000.0,1279000000.0,1323000000.0,0.145,2.432,18.937,18.943,482000000.0,0.0,15.06,1.516,1.52,435000000.0,5244000000.0,10257000000.0,10257000000.0,0.0,0.02,0.139,0.03,0.125,0.0,2349000000.0,1.0,1032357408.0,1035082000,1056652000.0,9.909,45058000000.0,0.0,438000000.0,2364000000.0,43.531,
19,AFL,MRY,2001-12-31,2001-12-31,2001-12-31,2021-09-07,2091000000.0,37860000000.0,38586000000.0,,,0.249,5.166,0.0,852000000.0,852000000.0,6303000000.0,687000000.0,,5.979,1207000000.0,,,1207000000.0,352000000.0,0.0,0.0,0.008,0.096,1100000000.0,1100000000.0,0.115,1100000000.0,1100000000.0,1081000000.0,0.655,0.64,0.655,5425000000.0,5409500000.0,5425000000.0,13284536117.0,12.0,12.077,2849000000.0,2.713,1.0,3295000000.0,0.343,0.0,19000000.0,38215000000.0,38934750000.0,0.0,31940000000.0,,,32435000000.0,,,12824536117.0,243000000.0,0.0,-312000000.0,217000000.0,-95000000.0,-42000000.0,-2473000000.0,-2409000000.0,2849000000.0,-91000000.0,687000000.0,687000000.0,687000000.0,0.0,0.0,0.072,2195000000.0,1100000000.0,765000000.0,0.147,2.364,18.667,18.748,456000000.0,0.0,12.28,1.336,1.344,341000000.0,4542000000.0,9598000000.0,9598000000.0,0.0,0.018,0.127,0.028,0.115,0.0,2195000000.0,1.0,1044343332.0,1050196000,1074766000.0,9.139,37860000000.0,0.0,394000000.0,2091000000.0,36.05,
20,AFL,MRY,2000-12-31,2000-12-31,2000-12-31,2021-09-07,1668000000.0,37231000000.0,37830000000.0,,,0.256,4.423,0.0,609000000.0,609000000.0,6601000000.0,687000000.0,,6.932,1079000000.0,,,1079000000.0,355000000.0,0.0,0.0,0.005,0.083,1031000000.0,1031000000.0,0.106,1031000000.0,1031000000.0,1012000000.0,0.65,0.63,0.65,4694000000.0,4256500000.0,4694000000.0,19253165578.0,19.0,18.674,3245000000.0,3.058,1.0,3102000000.0,0.32,0.0,19000000.0,37701000000.0,38101500000.0,0.0,31558000000.0,,,32537000000.0,,,19147165578.0,-7000000.0,0.0,-208000000.0,107000000.0,-82000000.0,-130000000.0,-3059000000.0,-3024000000.0,3245000000.0,-63000000.0,687000000.0,687000000.0,687000000.0,0.0,0.0,0.071,2071000000.0,1031000000.0,127000000.0,0.128,4.079,27.871,27.765,481000000.0,0.0,18.047,1.973,1.974,300000000.0,3956000000.0,9703000000.0,9703000000.0,0.0,0.018,0.161,0.027,0.106,0.0,2172000000.0,1.0,1060931740.0,1061214000,1089812000.0,9.143,37231000000.0,0.0,325000000.0,1894000000.0,35.083,
21,AFL,MRY,1999-12-31,1999-12-31,1999-12-31,2021-09-07,1264000000.0,37041000000.0,33804250000.0,,,0.256,3.637,0.0,616000000.0,616000000.0,5885000000.0,571000000.0,,8.576,1018000000.0,,,1018000000.0,361000000.0,0.0,0.0,0.006,0.072,796000000.0,796000000.0,0.092,796000000.0,796000000.0,778000000.0,0.535,0.52,0.535,3868000000.0,3787500000.0,3868000000.0,13103113375.0,16.0,16.461,2803000000.0,2.636,1.0,2755000000.0,0.319,0.0,18000000.0,37443000000.0,34279500000.0,0.0,31408000000.0,,,33173000000.0,,,12558113375.0,242000000.0,0.0,-185000000.0,352000000.0,-72000000.0,117000000.0,-2738000000.0,-2711000000.0,2803000000.0,60000000.0,571000000.0,571000000.0,571000000.0,0.0,0.0,0.066,1959000000.0,796000000.0,0.0,0.135,3.247,21.993,22.051,509000000.0,0.0,11.797,1.453,1.452,270000000.0,3356000000.0,8640000000.0,8640000000.0,0.0,0.017,0.151,0.023,0.092,0.0,1895000000.0,1.0,1064472420.0,1063474000,1101690000.0,8.124,37041000000.0,0.0,207000000.0,1511000000.0,34.83,
22,AFL,MRY,1998-12-31,1998-12-31,1998-12-31,2021-09-07,1551000000.0,31222000000.0,28355854500.0,,,0.251,3.539,0.0,374000000.0,374000000.0,4877000000.0,487000000.0,,7.282,596000000.0,,,596000000.0,309000000.0,0.0,0.0,0.006,0.063,564000000.0,564000000.0,0.079,564000000.0,564000000.0,551000000.0,0.455,0.44,0.455,3770000000.0,3582536500.0,3770000000.0,11852543225.0,21.0,21.015,2500000000.0,2.347,1.0,2227000000.0,0.313,0.0,13000000.0,31444000000.0,28600332750.0,0.0,26620000000.0,,,27452000000.0,,,11640638225.0,138000000.0,0.0,-95000000.0,-1000000.0,-63000000.0,-151000000.0,-2245000000.0,-2197000000.0,2500000000.0,34000000.0,487000000.0,487000000.0,487000000.0,0.0,0.0,0.069,1663000000.0,564000000.0,0.0,0.138,3.088,23.903,24.11,466000000.0,0.0,10.97,1.639,1.645,272000000.0,2862000000.0,7104000000.0,7104000000.0,0.0,0.017,0.136,0.02,0.079,0.0,1552000000.0,1.0,1061133840.0,1065218000,1103490000.0,6.669,31222000000.0,0.0,64000000.0,1865000000.0,29.31,
23,AFL,MRY,1997-12-31,1997-12-31,1997-12-31,2021-09-07,1559000000.0,29454000000.0,29140130750.0,,,0.249,3.151,0.0,236000000.0,236000000.0,4833000000.0,585000000.0,,7.587,523000000.0,,,523000000.0,277000000.0,0.0,0.0,0.009,0.056,879000000.0,879000000.0,0.121,879000000.0,879000000.0,865000000.0,0.537,0.52,0.537,3430000000.0,2791283000.0,3430000000.0,7353291248.0,8.0,8.366,2609000000.0,2.397,1.0,2418000000.0,0.333,0.0,14000000.0,29741000000.0,29556122250.0,0.0,25678000000.0,,,26024000000.0,,,6941646248.0,27000000.0,351000000.0,-289000000.0,206000000.0,-57000000.0,-132000000.0,-2434000000.0,-2776000000.0,2609000000.0,-16000000.0,585000000.0,585000000.0,585000000.0,0.0,0.0,0.081,1539000000.0,879000000.0,216000000.0,0.104,2.024,11.866,11.902,386000000.0,0.0,6.391,0.957,0.959,216000000.0,2442000000.0,7251000000.0,7251000000.0,0.0,0.02,0.21,0.03,0.121,0.0,1539000000.0,1.0,1086117152.0,1088440000,1126384000.0,6.662,29454000000.0,0.0,280000000.0,1827000000.0,27.061,
24,AFL,MRY,1996-12-31,1996-12-31,1996-12-31,2021-09-07,509936000.0,25020384000.0,25118446500.0,,,0.283,1.895,0.0,209095000.0,209095000.0,4896000000.0,394000000.0,,10.771,353533000.0,,,353533000.0,288976000.0,48000000.0,0.0,0.009,0.048,666000000.0,714000000.0,0.101,714000000.0,666000000.0,650000000.0,0.352,0.34,0.352,2125569000.0,2129855000.0,2125569000.0,,,,2694000000.0,2.402,1.0,2204000000.0,0.31,60933000.0,16000000.0,25103889000.0,25269490500.0,0.0,21108923000.0,,,22894815000.0,,,5840187453.0,19000000.0,99000000.0,-169000000.0,60000000.0,-54000000.0,-157000000.0,-2505000000.0,-2594000000.0,2694000000.0,-13000000.0,394000000.0,394000000.0,394000000.0,0.0,0.0,0.055,1538000000.0,666000000.0,99408000.0,0.136,2.748,14.823,15.181,471907000.0,0.0,5.344,0.823,0.844,226981000.0,1917794000.0,7100000000.0,7100000000.0,0.0,0.016,0.185,0.026,0.094,0.0,1538000000.0,1.0,1092900576.0,1121408000,1155688000.0,6.331,24959451000.0,0.0,256000000.0,1181121000.0,22.257,
25,AFL,MRY,1995-12-31,1995-12-31,1995-12-31,2021-09-07,696106000.0,25216509000.0,,,,,1.831,0.0,4139000.0,4139000.0,5034266000.0,349057000.0,,10.816,327268000.0,,,327268000.0,301452000.0,0.0,0.0,0.012,0.042,616606000.0,616606000.0,0.086,616606000.0,616606000.0,600995000.0,0.3,0.291,0.3,2134141000.0,,2134141000.0,,,,2944098000.0,2.526,1.0,2156354000.0,0.3,104546000.0,15611000.0,25435092000.0,,0.0,21419022000.0,,,23082368000.0,,,,-106704000.0,0.0,-214511000.0,166849000.0,-48939000.0,-93366000.0,-2959124000.0,-2941733000.0,2944098000.0,1688000.0,349057000.0,349057000.0,349057000.0,0.0,0.0,0.049,1539748000.0,616606000.0,80014000.0,0.14,,,12.083,552061000.0,0.0,3.625,,0.588,199634000.0,1577605000.0,7190620000.0,7190620000.0,0.0,,,,0.086,0.0,1539748000.0,1.0,,1165416000,1195936000.0,6.17,25111963000.0,0.0,251938000.0,1397709000.0,21.548,
26,AFL,MRY,1994-12-31,1994-12-31,1994-12-31,2021-09-07,,,,,,,,0.0,,,4256541000.0,292790000.0,,,,,,,,0.0,,0.014,0.037,515413000.0,515413000.0,0.084,515413000.0,515413000.0,504336000.0,0.236,0.236,0.236,,,,,,,2369246000.0,1.915,1.0,1854217000.0,0.303,,11077000.0,,,,,,,,,,,-5770000.0,0.0,-128973000.0,41319000.0,-44928000.0,-130419000.0,-2246906000.0,-2061511000.0,2369246000.0,2309000.0,292790000.0,292790000.0,292790000.0,0.0,0.0,0.048,1338804000.0,515413000.0,,0.157,,,11.299,,0.0,2.667,,0.54,,,6110758000.0,6110758000.0,0.0,,,,0.084,0.0,1338804000.0,1.0,,1237216000,1237216000.0,4.939,,,211546000.0,,,
0,AFL,MRQ,2021-06-30,2021-06-30,2021-06-30,2021-09-07,8019000000.0,161492000000.0,,,,,49.753,0.0,5469000000.0,5469000000.0,2653000000.0,1105000000.0,,3.787,8121000000.0,,,8121000000.0,3005000000.0,0.0,0.0,0.023,0.33,1435000000.0,1435000000.0,0.258,1435000000.0,1435000000.0,1373000000.0,1.63,1.62,1.63,33735000000.0,,33735000000.0,39568943776.0,7.0,7.073,962000000.0,1.419,1.0,2911000000.0,0.523,0.0,62000000.0,164144000000.0,,0.0,43449000000.0,,,127757000000.0,,,36470943776.0,479000000.0,0.0,-496000000.0,53000000.0,-211000000.0,-671000000.0,130000000.0,93000000.0,962000000.0,58000000.0,1105000000.0,1105000000.0,1105000000.0,0.0,0.0,0.199,1476000000.0,1435000000.0,3133000000.0,0.202,1.081,6.282,6.45,563000000.0,0.0,53.66,1.585,1.581,788000000.0,40162000000.0,5564000000.0,5564000000.0,0.0,,,,,0.0,1476000000.0,1.0,679667234.0,678050000,680920000.0,8.206,161492000000.0,0.0,268000000.0,4451000000.0,238.171,
1,AFL,MRQ,2021-03-31,2021-03-31,2021-03-31,2021-09-07,6807000000.0,158157000000.0,,,,,46.598,0.0,4990000000.0,4990000000.0,2735000000.0,1293000000.0,,3.927,8088000000.0,,,8088000000.0,3194000000.0,0.0,0.0,0.023,0.33,1665000000.0,1665000000.0,0.284,1665000000.0,1665000000.0,1603000000.0,1.88,1.87,1.88,32103000000.0,,32103000000.0,37999886908.0,7.0,7.181,1366000000.0,1.983,1.0,3134000000.0,0.534,0.0,62000000.0,161255000000.0,,0.0,41908000000.0,,,126054000000.0,,,35241886908.0,-151000000.0,0.0,-641000000.0,400000000.0,-219000000.0,-470000000.0,-969000000.0,-937000000.0,1366000000.0,-78000000.0,1293000000.0,1293000000.0,1293000000.0,0.0,0.0,0.22,1469000000.0,1665000000.0,1896000000.0,0.176,1.098,6.401,6.553,578000000.0,0.0,51.18,1.542,1.543,777000000.0,39277000000.0,5869000000.0,5869000000.0,0.0,,,,,0.0,1469000000.0,1.0,688587083.0,688938000,691940000.0,8.519,158157000000.0,0.0,310000000.0,4350000000.0,229.566,
2,AFL,MRQ,2020-12-31,2020-12-31,2020-12-31,2021-09-07,8934000000.0,165086000000.0,,,,,47.878,0.0,5141000000.0,5141000000.0,2974000000.0,952000000.0,,3.919,7899000000.0,,,7899000000.0,3597000000.0,0.0,0.0,0.025,0.28,1278000000.0,1278000000.0,0.216,1278000000.0,1278000000.0,1217000000.0,1.36,1.36,1.36,33559000000.0,,33559000000.0,33499740045.0,8.0,7.612,1357000000.0,1.936,1.0,2939000000.0,0.497,0.0,61000000.0,167844000000.0,,0.0,43326000000.0,,,131527000000.0,,,31237740045.0,-422000000.0,0.0,-493000000.0,0.0,-189000000.0,-684000000.0,-1108000000.0,-1028000000.0,1357000000.0,13000000.0,952000000.0,952000000.0,952000000.0,0.0,0.0,0.161,1661000000.0,1278000000.0,964000000.0,0.206,0.931,6.538,6.647,601000000.0,0.0,44.47,1.41,1.433,796000000.0,37984000000.0,5913000000.0,5913000000.0,0.0,,,,,0.0,1661000000.0,1.0,702445245.0,700922000,703769000.0,8.436,165086000000.0,0.0,265000000.0,4661000000.0,235.527,
3,AFL,MRQ,2020-09-30,2020-09-30,2020-09-30,2021-09-07,7917000000.0,160955000000.0,,,,,45.636,0.0,5563000000.0,5563000000.0,2985000000.0,2456000000.0,,3.956,7825000000.0,,,7825000000.0,3729000000.0,0.0,0.0,0.031,0.28,1216000000.0,1216000000.0,0.215,1216000000.0,1216000000.0,1153000000.0,3.45,3.44,3.45,32479000000.0,,32479000000.0,28157364940.0,7.0,6.644,2000000000.0,2.81,1.0,2680000000.0,0.473,0.0,63000000.0,163217000000.0,,0.0,140566000000.0,,,128476000000.0,,,25914364940.0,35000000.0,0.0,-394000000.0,0.0,-192000000.0,-583000000.0,-1391000000.0,-1325000000.0,2000000000.0,9000000.0,2456000000.0,2456000000.0,2456000000.0,0.0,0.0,0.434,1464000000.0,1216000000.0,1495000000.0,0.081,0.798,5.624,5.662,584000000.0,0.0,36.35,1.187,1.185,824000000.0,37460000000.0,5665000000.0,5665000000.0,0.0,,,,,0.0,1464000000.0,1.0,712912378.0,711698000,713793000.0,7.96,160955000000.0,0.0,-1303000000.0,4278000000.0,226.156,
4,AFL,MRQ,2020-06-30,2020-06-30,2020-06-30,2021-09-07,6750000000.0,157087000000.0,,,,,40.981,0.0,5528000000.0,5528000000.0,2897000000.0,805000000.0,,4.339,7771000000.0,,,7771000000.0,3854000000.0,0.0,0.0,0.031,0.28,1133000000.0,1133000000.0,0.21,1133000000.0,1133000000.0,1070000000.0,1.12,1.12,1.12,29420000000.0,,29420000000.0,28461810322.0,7.0,6.917,1187000000.0,1.653,1.0,2510000000.0,0.464,0.0,63000000.0,159330000000.0,,0.0,136705000000.0,,,127667000000.0,,,25851810322.0,1380000000.0,0.0,-176000000.0,1000000000.0,-193000000.0,598000000.0,-404000000.0,-340000000.0,1187000000.0,-1000000.0,805000000.0,805000000.0,805000000.0,0.0,0.0,0.149,1377000000.0,1133000000.0,2275000000.0,0.25,0.879,8.826,8.963,584000000.0,0.0,36.03,1.191,1.192,894000000.0,35204000000.0,5407000000.0,5407000000.0,0.0,,,,,0.0,1377000000.0,1.0,717507919.0,717889000,719764000.0,7.532,157087000000.0,0.0,265000000.0,5228000000.0,218.818,
5,AFL,MRQ,2020-03-31,2020-03-31,2020-03-31,2021-09-07,4188000000.0,151616000000.0,,,,,36.448,0.0,4148000000.0,4148000000.0,2939000000.0,566000000.0,,4.743,6758000000.0,,,6758000000.0,4044000000.0,0.0,0.0,0.032,0.28,775000000.0,775000000.0,0.15,775000000.0,775000000.0,720000000.0,0.78,0.78,0.78,26402000000.0,,26402000000.0,26412108768.0,6.0,6.367,1414000000.0,1.952,1.0,2223000000.0,0.431,0.0,55000000.0,154226000000.0,,0.0,132819000000.0,,,125214000000.0,,,24739108768.0,-748000000.0,0.0,-440000000.0,195000000.0,-195000000.0,-446000000.0,-1716000000.0,-1661000000.0,1414000000.0,0.0,566000000.0,566000000.0,566000000.0,0.0,0.0,0.11,1448000000.0,775000000.0,2969000000.0,0.359,0.937,8.412,8.56,586000000.0,0.0,34.24,1.134,1.137,813000000.0,34599000000.0,5162000000.0,5162000000.0,0.0,,,,,0.0,1448000000.0,1.0,722520700.0,724366000,727512000.0,7.126,151616000000.0,0.0,154000000.0,4610000000.0,209.309,
6,AFL,MRQ,2019-12-31,2019-12-31,2019-12-31,2021-09-07,6615000000.0,152768000000.0,,,,,39.493,0.0,4896000000.0,4896000000.0,2984000000.0,781000000.0,,4.275,6569000000.0,,,6569000000.0,4243000000.0,0.0,0.0,0.02,0.27,1114000000.0,1114000000.0,0.199,1114000000.0,1114000000.0,1057000000.0,1.07,1.06,1.07,28959000000.0,,28959000000.0,40846552729.0,9.0,8.741,1192000000.0,1.626,1.0,2619000000.0,0.467,0.0,57000000.0,154441000000.0,,0.0,133195000000.0,,,123809000000.0,,,38829552729.0,680000000.0,0.0,-459000000.0,347000000.0,-192000000.0,-284000000.0,-225000000.0,-87000000.0,1192000000.0,-3000000.0,781000000.0,781000000.0,781000000.0,0.0,0.0,0.139,1505000000.0,1114000000.0,1876000000.0,0.252,1.341,11.752,11.888,581000000.0,0.0,52.9,1.741,1.761,828000000.0,34291000000.0,5603000000.0,5603000000.0,0.0,,,,,0.0,1505000000.0,1.0,734018010.0,733261000,737364000.0,7.641,152768000000.0,0.0,276000000.0,5370000000.0,208.341,
7,AFL,MRQ,2019-09-30,2019-09-30,2019-09-30,2021-09-07,7251000000.0,154137000000.0,,,,,39.784,0.0,4216000000.0,4216000000.0,3027000000.0,777000000.0,,4.236,6233000000.0,,,6233000000.0,4544000000.0,0.0,0.0,0.02,0.27,1093000000.0,1093000000.0,0.197,1093000000.0,1093000000.0,1036000000.0,1.05,1.04,1.05,29438000000.0,,29438000000.0,41948856087.0,10.0,9.668,1906000000.0,2.576,1.0,2509000000.0,0.453,0.0,57000000.0,156154000000.0,,0.0,135294000000.0,,,124699000000.0,,,38736856087.0,1197000000.0,0.0,-298000000.0,0.0,-190000000.0,-451000000.0,-219000000.0,-109000000.0,1906000000.0,-39000000.0,777000000.0,777000000.0,777000000.0,0.0,0.0,0.14,1416000000.0,1093000000.0,2189000000.0,0.257,1.316,12.713,12.855,562000000.0,0.0,52.32,1.774,1.773,908000000.0,33710000000.0,5536000000.0,5536000000.0,0.0,,,,,0.0,1416000000.0,1.0,740383335.0,739946000,743842000.0,7.482,154137000000.0,0.0,259000000.0,5737000000.0,208.308,
8,AFL,MRQ,2019-06-30,2019-06-30,2019-06-30,2021-09-07,6364000000.0,151400000000.0,,,,,37.9,0.0,3019000000.0,3019000000.0,2964000000.0,817000000.0,,4.361,6231000000.0,,,6231000000.0,4763000000.0,0.0,0.0,0.019,0.27,1166000000.0,1166000000.0,0.212,1166000000.0,1166000000.0,1109000000.0,1.1,1.09,1.1,28241000000.0,,28241000000.0,42867162412.0,10.0,9.644,813000000.0,1.091,1.0,2547000000.0,0.462,0.0,57000000.0,154612000000.0,,0.0,133578000000.0,,,123159000000.0,,,40859162412.0,-873000000.0,0.0,-343000000.0,268000000.0,-194000000.0,-292000000.0,-1436000000.0,-1576000000.0,813000000.0,42000000.0,817000000.0,817000000.0,817000000.0,0.0,0.0,0.148,1381000000.0,1166000000.0,1557000000.0,0.245,1.447,13.117,13.303,562000000.0,0.0,54.81,1.868,1.867,883000000.0,33130000000.0,5511000000.0,5511000000.0,0.0,,,,,0.0,1381000000.0,1.0,745469119.0,745153000,748849000.0,7.396,151400000000.0,0.0,292000000.0,5243000000.0,203.18,
9,AFL,MRQ,2019-03-31,2019-03-31,2019-03-31,2021-09-07,4481000000.0,145679000000.0,,,,,34.666,0.0,3892000000.0,3892000000.0,2967000000.0,928000000.0,,4.592,5900000000.0,,,5900000000.0,4859000000.0,0.0,0.0,0.021,0.27,1300000000.0,1300000000.0,0.23,1300000000.0,1300000000.0,1242000000.0,1.23,1.23,1.23,26049000000.0,,26049000000.0,38957618750.0,9.0,8.727,1544000000.0,2.055,1.0,2690000000.0,0.476,0.0,58000000.0,147687000000.0,,0.0,127546000000.0,,,119630000000.0,,,37516618750.0,-445000000.0,0.0,-478000000.0,0.0,-195000000.0,-686000000.0,-1291000000.0,-1276000000.0,1544000000.0,-12000000.0,928000000.0,928000000.0,928000000.0,0.0,0.0,0.164,1390000000.0,1300000000.0,1969000000.0,0.22,1.44,11.986,12.195,559000000.0,0.0,50.0,1.709,1.712,858000000.0,32513000000.0,5657000000.0,5657000000.0,0.0,,,,,0.0,1390000000.0,1.0,750332375.0,751423000,755790000.0,7.528,145679000000.0,0.0,314000000.0,5182000000.0,193.871,
10,AFL,MRQ,2018-12-31,2018-12-31,2018-12-31,2021-09-07,2151000000.0,140406000000.0,,,,,30.874,0.0,4337000000.0,4337000000.0,2925000000.0,525000000.0,,4.984,5778000000.0,,,5778000000.0,5090000000.0,0.0,0.0,0.023,0.26,780000000.0,780000000.0,0.152,780000000.0,780000000.0,722000000.0,0.69,0.69,0.69,23462000000.0,,23462000000.0,36533886958.0,9.0,8.688,1355000000.0,1.783,1.0,2201000000.0,0.429,0.0,58000000.0,141847000000.0,,0.0,121906000000.0,,,116944000000.0,,,34683886958.0,908000000.0,0.0,-356000000.0,470000000.0,-198000000.0,-103000000.0,-410000000.0,-398000000.0,1355000000.0,66000000.0,525000000.0,525000000.0,525000000.0,0.0,0.0,0.102,1421000000.0,780000000.0,1052000000.0,0.377,1.478,11.878,12.021,443000000.0,0.0,45.56,1.594,1.611,851000000.0,31788000000.0,5126000000.0,5126000000.0,0.0,,,,,0.0,1421000000.0,1.0,761279345.0,759931000,764999000.0,6.745,140406000000.0,0.0,197000000.0,4020000000.0,184.762,
11,AFL,MRQ,2018-09-30,2018-09-30,2018-09-30,2021-09-07,1909000000.0,137941000000.0,,,,,30.29,0.0,3429000000.0,3429000000.0,3002000000.0,845000000.0,,4.937,5279000000.0,,,5279000000.0,5224000000.0,0.0,0.0,0.021,0.26,1199000000.0,1199000000.0,0.215,1199000000.0,1199000000.0,1146000000.0,1.1,1.09,1.1,23234000000.0,,23234000000.0,37608358144.0,8.0,8.395,1852000000.0,2.414,1.0,2575000000.0,0.462,0.0,53000000.0,139791000000.0,,0.0,120785000000.0,,,114707000000.0,,,36140358144.0,-418000000.0,0.0,-298000000.0,0.0,-199000000.0,-525000000.0,-1729000000.0,-1844000000.0,1852000000.0,-16000000.0,845000000.0,845000000.0,845000000.0,0.0,0.0,0.152,1376000000.0,1199000000.0,1970000000.0,0.236,1.555,7.261,7.389,435000000.0,0.0,47.07,1.639,1.637,784000000.0,31461000000.0,5577000000.0,5577000000.0,0.0,,,,,0.0,1376000000.0,1.0,767800258.0,767049000,772070000.0,7.271,137941000000.0,0.0,301000000.0,3887000000.0,179.833,
12,AFL,MRQ,2018-06-30,2018-06-30,2018-06-30,2021-09-07,2852000000.0,141986000000.0,,,,,30.791,0.0,3847000000.0,3847000000.0,3031000000.0,832000000.0,,4.966,5315000000.0,,,5315000000.0,5600000000.0,0.0,0.0,0.022,0.26,1185000000.0,1185000000.0,0.212,1185000000.0,1185000000.0,1131000000.0,1.08,1.07,1.08,23800000000.0,,23800000000.0,34596666663.0,8.0,7.836,1569000000.0,2.03,1.0,2558000000.0,0.458,0.0,54000000.0,143454000000.0,,0.0,124074000000.0,,,118186000000.0,,,33304666663.0,-233000000.0,0.0,-307000000.0,-2000000.0,-201000000.0,-515000000.0,-1244000000.0,-1351000000.0,1569000000.0,-43000000.0,832000000.0,832000000.0,832000000.0,0.0,0.0,0.149,1373000000.0,1185000000.0,3712000000.0,0.241,1.399,6.87,6.961,448000000.0,0.0,43.02,1.515,1.513,892000000.0,30809000000.0,5589000000.0,5589000000.0,0.0,,,,,0.0,1373000000.0,1.0,774167054.0,772949000,777807000.0,7.231,141986000000.0,0.0,299000000.0,4069000000.0,183.694,
13,AFL,MRQ,2018-03-31,2018-03-31,2018-03-31,2021-09-07,3685000000.0,147356000000.0,,,,,31.195,0.0,4080000000.0,4080000000.0,3042000000.0,717000000.0,,5.067,5372000000.0,,,5372000000.0,6084000000.0,0.0,0.0,0.021,0.26,1038000000.0,1038000000.0,0.19,1038000000.0,1038000000.0,982000000.0,0.92,0.91,0.92,24287000000.0,,24287000000.0,35903054672.0,8.0,8.28,1238000000.0,1.59,1.0,2422000000.0,0.443,0.0,56000000.0,148648000000.0,,0.0,128591000000.0,,,123069000000.0,,,34105054672.0,589000000.0,0.0,-282000000.0,2000000.0,-195000000.0,-473000000.0,-199000000.0,-165000000.0,1238000000.0,23000000.0,717000000.0,717000000.0,717000000.0,0.0,0.0,0.131,1384000000.0,1038000000.0,5368000000.0,0.283,1.404,7.212,7.293,448000000.0,0.0,43.76,1.563,1.561,906000000.0,30183000000.0,5464000000.0,5464000000.0,0.0,,,,,0.0,1384000000.0,1.0,779365966.0,778550000,783852000.0,7.018,147356000000.0,0.0,265000000.0,4407000000.0,189.27,
14,AFL,MRQ,2017-12-31,2017-12-31,2017-12-31,2021-09-07,4028000000.0,137217000000.0,,,,,31.366,0.0,3491000000.0,3491000000.0,3007000000.0,2583000000.0,,4.578,5289000000.0,,,5289000000.0,5959000000.0,0.0,0.0,0.02,0.225,1058000000.0,1058000000.0,0.195,1058000000.0,1058000000.0,999000000.0,3.27,3.25,3.27,24598000000.0,,24598000000.0,34831673644.0,8.0,8.18,1532000000.0,1.954,1.0,2417000000.0,0.446,0.0,59000000.0,139015000000.0,,0.0,120168000000.0,,,112619000000.0,,,34510673644.0,-1436000000.0,0.0,-288000000.0,15000000.0,-170000000.0,-452000000.0,-2544000000.0,-2534000000.0,1532000000.0,28000000.0,2583000000.0,2583000000.0,2583000000.0,0.0,0.0,0.476,1359000000.0,1058000000.0,606000000.0,0.069,1.403,7.496,7.554,434000000.0,0.0,43.89,1.593,1.604,827000000.0,29895000000.0,5424000000.0,5424000000.0,0.0,,,,,0.0,1359000000.0,1.0,786299240.0,784233000,789995000.0,6.916,137217000000.0,0.0,-1584000000.0,4745000000.0,174.97,
15,AFL,MRQ,2017-09-30,2017-09-30,2017-09-30,2021-09-07,3531000000.0,136083000000.0,,,,,27.856,0.0,4927000000.0,4927000000.0,3083000000.0,716000000.0,,5.192,5248000000.0,,,5248000000.0,6262000000.0,0.0,0.0,0.021,0.215,1134000000.0,1134000000.0,0.206,1134000000.0,1134000000.0,1075000000.0,0.91,0.9,0.91,21977000000.0,,21977000000.0,33155696368.0,7.0,7.493,1431000000.0,1.814,1.0,2423000000.0,0.44,0.0,59000000.0,136404000000.0,,0.0,117562000000.0,,,114106000000.0,,,32167696368.0,663000000.0,0.0,-234000000.0,-4000000.0,-163000000.0,-382000000.0,-370000000.0,-354000000.0,1431000000.0,-16000000.0,716000000.0,716000000.0,716000000.0,0.0,0.0,0.13,1289000000.0,1134000000.0,522000000.0,0.236,1.464,11.605,11.728,439000000.0,0.0,40.695,1.449,1.446,937000000.0,27489000000.0,5506000000.0,5506000000.0,0.0,,,,,0.0,1289000000.0,1.0,790458198.0,788958000,794762000.0,6.979,136083000000.0,0.0,359000000.0,6195000000.0,172.484,
16,AFL,MRQ,2017-06-30,2017-06-30,2017-06-30,2021-09-07,3401000000.0,135394000000.0,,,,,27.121,0.0,4264000000.0,4264000000.0,3039000000.0,713000000.0,,5.297,5252000000.0,,,5252000000.0,6547000000.0,0.0,0.0,0.022,0.215,1106000000.0,1106000000.0,0.204,1106000000.0,1106000000.0,1045000000.0,0.9,0.89,0.9,21503000000.0,,21503000000.0,31872042179.0,7.0,7.379,1408000000.0,1.776,1.0,2389000000.0,0.44,0.0,61000000.0,136382000000.0,,0.0,117632000000.0,,,113891000000.0,,,30827042179.0,59000000.0,0.0,-197000000.0,-2000000.0,-162000000.0,-355000000.0,-990000000.0,-971000000.0,1408000000.0,-4000000.0,713000000.0,713000000.0,713000000.0,0.0,0.0,0.131,1283000000.0,1106000000.0,663000000.0,0.239,1.434,11.481,11.664,442000000.0,0.0,38.84,1.376,1.374,871000000.0,26942000000.0,5428000000.0,5428000000.0,0.0,,,,,0.0,1283000000.0,1.0,793693156.0,792865000,798695000.0,6.846,135394000000.0,0.0,332000000.0,6057000000.0,170.766,
17,AFL,MRQ,2017-03-31,2017-03-31,2017-03-31,2021-09-07,2632000000.0,133650000000.0,,,,,25.353,0.0,4205000000.0,4205000000.0,3052000000.0,592000000.0,,5.571,5250000000.0,,,5250000000.0,6825000000.0,0.0,0.0,0.023,0.215,960000000.0,960000000.0,0.181,960000000.0,960000000.0,898000000.0,0.74,0.73,0.74,20340000000.0,,20340000000.0,29572333201.0,7.0,7.19,1757000000.0,2.19,1.0,2257000000.0,0.425,0.0,62000000.0,134695000000.0,,0.0,116298000000.0,,,113310000000.0,,,29071333201.0,-654000000.0,0.0,-599000000.0,-130000000.0,-166000000.0,-876000000.0,-1527000000.0,-1504000000.0,1757000000.0,-8000000.0,592000000.0,592000000.0,592000000.0,0.0,0.0,0.112,1297000000.0,960000000.0,1482000000.0,0.291,1.429,11.536,11.7,444000000.0,0.0,36.21,1.297,1.296,618000000.0,26400000000.0,5309000000.0,5309000000.0,0.0,,,,,0.0,1297000000.0,1.0,802853720.0,802259000,808138000.0,6.618,133650000000.0,0.0,306000000.0,5626000000.0,166.592,
18,AFL,MRQ,2016-12-31,2016-12-31,2016-12-31,2021-09-07,2630000000.0,129819000000.0,,,,,25.174,0.0,4859000000.0,4859000000.0,3262000000.0,751000000.0,,5.338,5360000000.0,,,5360000000.0,6916000000.0,0.0,0.0,0.024,0.215,1225000000.0,1225000000.0,0.206,1225000000.0,1225000000.0,1153000000.0,0.92,0.915,0.92,20482000000.0,,20482000000.0,28898905325.0,7.0,6.666,1867000000.0,2.295,1.0,2693000000.0,0.452,0.0,72000000.0,130320000000.0,,0.0,111502000000.0,,,109337000000.0,,,28403905325.0,-411000000.0,0.0,-191000000.0,-380000000.0,-166000000.0,-784000000.0,-1217000000.0,-1197000000.0,1867000000.0,-277000000.0,751000000.0,751000000.0,751000000.0,0.0,0.0,0.126,1468000000.0,1225000000.0,526000000.0,0.234,1.387,10.682,10.774,433000000.0,0.0,34.8,1.259,1.269,669000000.0,25981000000.0,5955000000.0,5955000000.0,0.0,,,,,0.0,1468000000.0,1.0,816204176.0,813630000,818688000.0,7.319,129819000000.0,0.0,402000000.0,5387000000.0,159.555,
19,AFL,MRQ,2016-09-30,2016-09-30,2016-09-30,2021-09-07,5364000000.0,144101000000.0,,,,,27.887,0.0,5270000000.0,5270000000.0,3378000000.0,629000000.0,,5.324,5765000000.0,,,5765000000.0,8401000000.0,0.0,0.0,0.023,0.205,1028000000.0,1028000000.0,0.18,1028000000.0,1028000000.0,963000000.0,0.77,0.765,0.77,22785000000.0,,22785000000.0,30745173289.0,7.0,7.175,1266000000.0,1.549,1.0,2338000000.0,0.409,0.0,65000000.0,144596000000.0,,0.0,123665000000.0,,,121316000000.0,,,29436173289.0,1570000000.0,0.0,-190000000.0,757000000.0,-162000000.0,446000000.0,-209000000.0,-186000000.0,1266000000.0,67000000.0,629000000.0,629000000.0,629000000.0,0.0,0.0,0.11,1310000000.0,1028000000.0,1053000000.0,0.266,1.292,11.159,11.354,476000000.0,0.0,35.935,1.343,1.339,689000000.0,25404000000.0,5716000000.0,5716000000.0,0.0,,,,,0.0,1310000000.0,1.0,819150502.0,817038000,822280000.0,6.996,144101000000.0,0.0,334000000.0,6247000000.0,176.37,
20,AFL,MRQ,2016-06-30,2016-06-30,2016-06-30,2021-09-07,5432000000.0,141287000000.0,,,,,27.376,0.0,3700000000.0,3700000000.0,3254000000.0,548000000.0,,5.265,5009000000.0,,,5009000000.0,8726000000.0,0.0,0.0,0.022,0.205,900000000.0,900000000.0,0.166,900000000.0,900000000.0,834000000.0,0.665,0.66,0.665,22550000000.0,,22550000000.0,31408304301.0,7.0,7.5,1523000000.0,1.849,1.0,2183000000.0,0.402,0.0,66000000.0,142596000000.0,,0.0,122283000000.0,,,118737000000.0,,,29873304301.0,251000000.0,0.0,-390000000.0,-1000000.0,-163000000.0,-515000000.0,-942000000.0,-1068000000.0,1523000000.0,185000000.0,548000000.0,548000000.0,548000000.0,0.0,0.0,0.101,1283000000.0,900000000.0,826000000.0,0.308,1.325,11.597,11.81,467000000.0,0.0,36.08,1.406,1.399,758000000.0,24944000000.0,5437000000.0,5437000000.0,0.0,,,,,0.0,1283000000.0,1.0,827974066.0,823706000,828652000.0,6.601,141287000000.0,0.0,286000000.0,6714000000.0,171.526,
21,AFL,MRQ,2016-03-31,2016-03-31,2016-03-31,2021-09-07,2936000000.0,127766000000.0,,,,,23.906,0.0,3449000000.0,3449000000.0,3025000000.0,731000000.0,,5.382,4984000000.0,,,4984000000.0,8286000000.0,0.0,0.0,0.025,0.205,1182000000.0,1182000000.0,0.217,1182000000.0,1182000000.0,1117000000.0,0.875,0.87,0.875,20021000000.0,,20021000000.0,27179887007.0,6.0,6.416,1331000000.0,1.589,1.0,2426000000.0,0.445,0.0,65000000.0,129301000000.0,,0.0,110871000000.0,,,107745000000.0,,,26518887007.0,-901000000.0,0.0,-605000000.0,0.0,-167000000.0,-766000000.0,-1487000000.0,-1328000000.0,1331000000.0,21000000.0,731000000.0,731000000.0,731000000.0,0.0,0.0,0.134,1244000000.0,1182000000.0,830000000.0,0.234,1.325,10.196,10.334,443000000.0,0.0,31.57,1.257,1.253,723000000.0,24565000000.0,5451000000.0,5451000000.0,0.0,,,,,0.0,1244000000.0,1.0,840002756.0,837496000,841840000.0,6.509,127766000000.0,0.0,386000000.0,5106000000.0,152.557,
22,AFL,MRQ,2015-12-31,2015-12-31,2015-12-31,2021-09-07,625000000.0,118256000000.0,,,,,20.833,0.0,4350000000.0,4350000000.0,2930000000.0,730000000.0,,5.678,4971000000.0,,,4971000000.0,7857000000.0,0.0,0.0,0.026,0.205,1175000000.0,1175000000.0,0.221,1175000000.0,1175000000.0,1110000000.0,0.855,0.855,0.855,17708000000.0,,17708000000.0,27050646872.0,7.0,6.517,2006000000.0,2.36,1.0,2389000000.0,0.449,0.0,65000000.0,118877000000.0,,0.0,101547000000.0,,,100548000000.0,,,25561646872.0,830000000.0,-40000000.0,-226000000.0,0.0,-167000000.0,-361000000.0,-814000000.0,-719000000.0,2006000000.0,-1000000.0,730000000.0,730000000.0,730000000.0,0.0,0.0,0.137,1214000000.0,1175000000.0,941000000.0,0.24,1.444,10.091,10.187,427000000.0,0.0,29.95,1.225,1.236,705000000.0,24007000000.0,5319000000.0,5319000000.0,0.0,,,,,0.0,1214000000.0,1.0,853477358.0,849992000,854992000.0,6.258,118256000000.0,0.0,380000000.0,4340000000.0,139.126,
23,AFL,MRQ,2015-09-30,2015-09-30,2015-09-30,2021-09-07,528000000.0,117455000000.0,,,,,20.123,0.0,3520000000.0,3520000000.0,2927000000.0,567000000.0,,5.807,5009000000.0,,,5009000000.0,8121000000.0,0.0,0.0,0.027,0.195,931000000.0,931000000.0,0.185,931000000.0,931000000.0,864000000.0,0.66,0.66,0.66,17255000000.0,,17255000000.0,27358248149.0,7.0,6.626,1667000000.0,1.944,1.0,2113000000.0,0.419,0.0,67000000.0,118944000000.0,,0.0,101380000000.0,,,100200000000.0,,,25036248149.0,417000000.0,0.0,-225000000.0,-422000000.0,-161000000.0,-739000000.0,-517000000.0,-513000000.0,1667000000.0,6000000.0,567000000.0,567000000.0,567000000.0,0.0,0.0,0.113,1182000000.0,931000000.0,907000000.0,0.295,1.451,9.991,10.11,430000000.0,0.0,29.065,1.188,1.183,762000000.0,23451000000.0,5040000000.0,5040000000.0,0.0,,,,,0.0,1182000000.0,1.0,861388204.0,857470000,862204000.0,5.878,117455000000.0,0.0,297000000.0,4474000000.0,136.979,
24,AFL,MRQ,2015-06-30,2015-06-30,2015-06-30,2021-09-07,507000000.0,115581000000.0,,,,,19.712,0.0,3103000000.0,3103000000.0,2937000000.0,573000000.0,,5.792,5425000000.0,,,5425000000.0,8102000000.0,0.0,0.0,0.025,0.195,948000000.0,948000000.0,0.179,948000000.0,948000000.0,874000000.0,0.665,0.66,0.665,17018000000.0,,17018000000.0,28906605139.0,7.0,6.647,1643000000.0,1.903,1.0,2350000000.0,0.444,0.0,74000000.0,117903000000.0,,0.0,100177000000.0,,,98563000000.0,,,26987605139.0,-1260000000.0,0.0,-231000000.0,-841000000.0,-163000000.0,-1409000000.0,-1488000000.0,-1401000000.0,1643000000.0,-6000000.0,573000000.0,573000000.0,573000000.0,0.0,0.0,0.108,1402000000.0,948000000.0,1023000000.0,0.293,1.586,10.203,10.384,422000000.0,0.0,31.1,1.24,1.234,839000000.0,23052000000.0,5287000000.0,5287000000.0,0.0,,,,,0.0,1402000000.0,1.0,867768654.0,863344000,868514000.0,6.124,115581000000.0,0.0,301000000.0,4697000000.0,133.876,
25,AFL,MRQ,2015-03-31,2015-03-31,2015-03-31,2021-09-07,2332000000.0,121401000000.0,,,,,21.309,0.0,4363000000.0,4363000000.0,2952000000.0,663000000.0,,5.514,6282000000.0,,,6282000000.0,8460000000.0,0.0,0.0,0.024,0.195,1096000000.0,1096000000.0,0.21,1096000000.0,1096000000.0,1013000000.0,0.76,0.755,0.76,18637000000.0,,18637000000.0,28718191080.0,6.0,6.084,1460000000.0,1.669,1.0,2274000000.0,0.435,0.0,83000000.0,123320000000.0,,0.0,104348000000.0,,,102764000000.0,,,28094191080.0,-295000000.0,0.0,-597000000.0,989000000.0,-165000000.0,322000000.0,-2078000000.0,-2138000000.0,1460000000.0,1000000.0,663000000.0,663000000.0,663000000.0,0.0,0.0,0.127,1178000000.0,1096000000.0,2615000000.0,0.257,1.507,9.748,9.924,428000000.0,0.0,32.005,1.259,1.254,700000000.0,22648000000.0,5226000000.0,5226000000.0,0.0,,,,,0.0,1178000000.0,1.0,877806314.0,874612000,879854000.0,5.975,121401000000.0,0.0,350000000.0,5322000000.0,138.806,
26,AFL,MRQ,2014-12-31,2014-12-31,2014-12-31,2021-09-07,1979000000.0,119767000000.0,,,,,20.554,0.0,4658000000.0,4658000000.0,3069000000.0,703000000.0,,5.528,5282000000.0,,,5282000000.0,8626000000.0,0.0,0.0,0.025,0.195,1154000000.0,1154000000.0,0.209,1154000000.0,1154000000.0,1075000000.0,0.79,0.785,0.79,18347000000.0,,18347000000.0,29418335577.0,6.0,6.119,1973000000.0,2.21,1.0,2445000000.0,0.443,0.0,79000000.0,120391000000.0,,0.0,102683000000.0,,,101420000000.0,,,27526335577.0,1992000000.0,0.0,-504000000.0,750000000.0,-168000000.0,175000000.0,-97000000.0,-117000000.0,1973000000.0,-59000000.0,703000000.0,703000000.0,703000000.0,0.0,0.0,0.127,1291000000.0,1154000000.0,2193000000.0,0.247,1.5,9.328,9.341,429000000.0,0.0,30.545,1.211,1.213,842000000.0,22156000000.0,5514000000.0,5514000000.0,0.0,,,,,0.0,1291000000.0,1.0,901173206.0,892634000,897956000.0,6.177,119767000000.0,0.0,372000000.0,5293000000.0,134.173,
27,AFL,MRQ,2014-09-30,2014-09-30,2014-09-30,2021-09-07,1500000000.0,127253000000.0,,,,,19.782,0.0,2666000000.0,2666000000.0,3355000000.0,706000000.0,,6.128,4558000000.0,,,4558000000.0,9742000000.0,0.0,0.0,0.025,0.185,1151000000.0,1151000000.0,0.201,1151000000.0,1151000000.0,1074000000.0,0.78,0.78,0.78,17853000000.0,,17853000000.0,29062922044.0,6.0,6.101,1445000000.0,1.601,1.0,2381000000.0,0.415,0.0,77000000.0,129145000000.0,,0.0,112025000000.0,,,109400000000.0,,,26389922044.0,414000000.0,0.0,-172000000.0,-335000000.0,-162000000.0,-523000000.0,-550000000.0,-676000000.0,1445000000.0,42000000.0,706000000.0,706000000.0,706000000.0,0.0,0.0,0.123,1230000000.0,1151000000.0,7025000000.0,0.237,1.478,9.028,9.073,449000000.0,0.0,29.125,1.147,1.142,870000000.0,21628000000.0,5736000000.0,5736000000.0,0.0,,,,,0.0,1230000000.0,1.0,906091744.0,902492000,907962000.0,6.356,127253000000.0,0.0,368000000.0,4469000000.0,141.002,
28,AFL,MRQ,2014-06-30,2014-06-30,2014-06-30,2021-09-07,1606000000.0,127871000000.0,,,,,19.399,0.0,2252000000.0,2252000000.0,3293000000.0,810000000.0,,6.283,4925000000.0,,,4925000000.0,10715000000.0,0.0,0.0,0.023,0.185,1319000000.0,1319000000.0,0.226,1319000000.0,1319000000.0,1238000000.0,0.895,0.89,0.895,17558000000.0,,17558000000.0,31189466428.0,7.0,6.562,1517000000.0,1.676,1.0,2545000000.0,0.436,0.0,81000000.0,130544000000.0,,0.0,112482000000.0,,,110313000000.0,,,28270466428.0,258000000.0,0.0,-96000000.0,0.0,-161000000.0,233000000.0,-1471000000.0,-1376000000.0,1517000000.0,-21000000.0,810000000.0,810000000.0,810000000.0,0.0,0.0,0.139,1226000000.0,1319000000.0,2972000000.0,0.207,1.61,9.685,9.772,482000000.0,0.0,31.125,1.22,1.216,884000000.0,21089000000.0,5838000000.0,5838000000.0,0.0,,,,,0.0,1226000000.0,1.0,908288078.0,905118000,910760000.0,6.45,127871000000.0,0.0,428000000.0,4917000000.0,141.276,
29,AFL,MRQ,2014-03-31,2014-03-31,2014-03-31,2021-09-07,307000000.0,123292000000.0,,,,,17.237,0.0,1994000000.0,1994000000.0,3220000000.0,732000000.0,,6.865,4913000000.0,,,4913000000.0,10779000000.0,0.0,0.0,0.023,0.185,1184000000.0,1184000000.0,0.21,1184000000.0,1184000000.0,1104000000.0,0.805,0.8,0.805,15676000000.0,,15676000000.0,31088589073.0,6.0,6.396,1615000000.0,1.776,1.0,2420000000.0,0.429,0.0,80000000.0,126211000000.0,,0.0,108499000000.0,,,107616000000.0,,,28734589073.0,-549000000.0,0.0,-405000000.0,0.0,-163000000.0,-32000000.0,-2123000000.0,-2102000000.0,1615000000.0,-9000000.0,732000000.0,732000000.0,732000000.0,0.0,0.0,0.13,1236000000.0,1184000000.0,3313000000.0,0.23,1.833,9.585,9.713,481000000.0,0.0,31.52,1.229,1.227,732000000.0,20447000000.0,5640000000.0,5640000000.0,0.0,,,,,0.0,1236000000.0,1.0,911630364.0,909462000,915398000.0,6.201,123292000000.0,0.0,372000000.0,4258000000.0,135.566,
30,AFL,MRQ,2013-12-31,2013-12-31,2013-12-31,2021-09-07,-563000000.0,121307000000.0,,,,,15.821,0.0,2543000000.0,2543000000.0,3396000000.0,675000000.0,,7.297,4897000000.0,,,4897000000.0,10642000000.0,0.0,0.0,0.021,0.185,1110000000.0,1110000000.0,0.191,1110000000.0,1110000000.0,1028000000.0,0.73,0.725,0.73,14620000000.0,,14620000000.0,33338831906.0,7.0,6.526,3388000000.0,3.666,1.0,2405000000.0,0.415,0.0,82000000.0,123661000000.0,,0.0,105916000000.0,,,106687000000.0,,,31134831906.0,-206000000.0,0.0,-477000000.0,0.0,-163000000.0,3000000.0,-3570000000.0,-3015000000.0,3388000000.0,-27000000.0,675000000.0,675000000.0,675000000.0,0.0,0.0,0.116,1295000000.0,1110000000.0,5820000000.0,0.253,2.13,9.859,9.824,481000000.0,0.0,33.4,1.301,1.296,1165000000.0,19885000000.0,5801000000.0,5801000000.0,0.0,,,,,0.0,1295000000.0,1.0,932180596.0,924066000,930952000.0,6.278,121307000000.0,0.0,353000000.0,3718000000.0,131.275,
31,AFL,MRQ,2013-09-30,2013-09-30,2013-09-30,2021-09-07,-461000000.0,119918000000.0,,,,,15.784,0.0,2749000000.0,2749000000.0,3485000000.0,702000000.0,,7.181,4953000000.0,,,4953000000.0,11601000000.0,0.0,0.0,0.023,0.175,1140000000.0,1140000000.0,0.194,1140000000.0,1140000000.0,1069000000.0,0.755,0.75,0.755,14658000000.0,,14658000000.0,31389071615.0,6.0,6.337,1461000000.0,1.573,1.0,2401000000.0,0.408,0.0,71000000.0,122122000000.0,,0.0,103963000000.0,,,105260000000.0,,,28831071615.0,361000000.0,0.0,0.0,0.0,-157000000.0,607000000.0,-1711000000.0,-2272000000.0,1461000000.0,4000000.0,702000000.0,702000000.0,702000000.0,0.0,0.0,0.119,1261000000.0,1140000000.0,628000000.0,0.232,1.967,9.41,9.435,510000000.0,0.0,30.995,1.176,1.174,950000000.0,19380000000.0,5886000000.0,5886000000.0,0.0,,,,,0.0,1261000000.0,1.0,930184598.0,928648000,934782000.0,6.338,119918000000.0,0.0,367000000.0,3255000000.0,129.132,
32,AFL,MRQ,2013-06-30,2013-06-30,2013-06-30,2021-09-07,-840000000.0,116313000000.0,,,,,14.72,0.0,2388000000.0,2388000000.0,3411000000.0,889000000.0,,7.492,4946000000.0,,,4946000000.0,11551000000.0,0.0,0.0,0.024,0.175,1427000000.0,1427000000.0,0.236,1427000000.0,1427000000.0,1358000000.0,0.955,0.95,0.955,13696000000.0,,13696000000.0,28784054132.0,5.0,5.37,1866000000.0,2.006,1.0,2633000000.0,0.436,0.0,69000000.0,118871000000.0,,0.0,101548000000.0,,,102617000000.0,,,27097054132.0,-208000000.0,0.0,-111000000.0,700000000.0,-156000000.0,682000000.0,-2725000000.0,-2693000000.0,1866000000.0,-31000000.0,889000000.0,889000000.0,889000000.0,0.0,0.0,0.147,1206000000.0,1427000000.0,1506000000.0,0.183,1.978,8.019,8.039,510000000.0,0.0,29.06,1.064,1.061,889000000.0,18841000000.0,6044000000.0,6044000000.0,0.0,,,,,0.0,1206000000.0,1.0,932451966.0,930426000,935950000.0,6.496,116313000000.0,0.0,469000000.0,3363000000.0,125.01,
33,AFL,MRQ,2013-03-31,2013-03-31,2013-03-31,2021-09-07,1651000000.0,120538000000.0,,,,,16.652,0.0,2596000000.0,2596000000.0,3521000000.0,892000000.0,,6.759,4283000000.0,,,4283000000.0,11963000000.0,0.0,0.0,0.026,0.175,1432000000.0,1432000000.0,0.231,1432000000.0,1432000000.0,1361000000.0,0.955,0.95,0.955,15535000000.0,,15535000000.0,26642812431.0,6.0,5.626,3832000000.0,4.108,1.0,2687000000.0,0.433,0.0,71000000.0,122225000000.0,,0.0,104804000000.0,,,105003000000.0,,,24331812431.0,555000000.0,0.0,-137000000.0,0.0,-159000000.0,-156000000.0,-3085000000.0,-3076000000.0,3832000000.0,-36000000.0,892000000.0,892000000.0,892000000.0,0.0,0.0,0.144,1255000000.0,1432000000.0,207000000.0,0.183,1.566,8.184,8.179,527000000.0,0.0,26.01,0.961,0.958,1710000000.0,18114000000.0,6208000000.0,6208000000.0,0.0,,,,,0.0,1255000000.0,1.0,935479140.0,932924000,938248000.0,6.654,120538000000.0,0.0,469000000.0,3799000000.0,129.205,
34,AFL,MRQ,2012-12-31,2012-12-31,2012-12-31,2021-09-07,2715000000.0,131094000000.0,,,,,17.094,0.0,2041000000.0,2041000000.0,3989000000.0,581000000.0,,7.205,4352000000.0,,,4352000000.0,11904000000.0,0.0,0.0,0.025,0.175,954000000.0,954000000.0,0.15,954000000.0,954000000.0,879000000.0,0.62,0.62,0.62,15978000000.0,,15978000000.0,26324335219.0,6.0,5.769,3501000000.0,3.745,1.0,2386000000.0,0.374,0.0,75000000.0,133405000000.0,,0.0,116178000000.0,,,115116000000.0,,,24908335219.0,-944000000.0,0.0,-92000000.0,49000000.0,-158000000.0,164000000.0,-4453000000.0,-5118000000.0,3501000000.0,-156000000.0,581000000.0,581000000.0,581000000.0,0.0,0.0,0.091,1432000000.0,954000000.0,6277000000.0,0.282,1.559,8.691,8.651,564000000.0,0.0,26.56,0.982,0.978,976000000.0,17387000000.0,6375000000.0,6375000000.0,0.0,,,,,0.0,1432000000.0,1.0,937813826.0,934732000,940590000.0,6.82,131094000000.0,0.0,298000000.0,3858000000.0,140.248,
35,AFL,MRQ,2012-09-30,2012-09-30,2012-09-30,2021-09-07,3087000000.0,137840000000.0,,,,,17.099,0.0,2985000000.0,2985000000.0,3932000000.0,1017000000.0,,7.623,4401000000.0,,,4401000000.0,2315000000.0,0.0,0.0,0.028,0.165,1547000000.0,1547000000.0,0.226,1547000000.0,1547000000.0,1480000000.0,1.085,1.08,1.085,15985000000.0,,15985000000.0,23962845597.0,5.0,5.345,4206000000.0,4.499,1.0,2915000000.0,0.426,0.0,67000000.0,139256000000.0,,0.0,121230000000.0,,,121855000000.0,,,22420845597.0,855000000.0,0.0,5000000.0,706000000.0,-149000000.0,1056000000.0,-4441000000.0,-4276000000.0,4206000000.0,34000000.0,1017000000.0,1017000000.0,1017000000.0,0.0,0.0,0.149,1368000000.0,1547000000.0,6591000000.0,0.152,1.403,7.942,7.914,625000000.0,0.0,23.94,0.898,0.896,1005000000.0,16969000000.0,6847000000.0,6847000000.0,0.0,,,,,0.0,1368000000.0,1.0,936543258.0,934844000,939442000.0,7.324,137840000000.0,0.0,463000000.0,3263000000.0,147.447,
36,AFL,MRQ,2012-06-30,2012-06-30,2012-06-30,2021-09-07,2171000000.0,122209000000.0,,,,,15.188,0.0,2130000000.0,2130000000.0,3763000000.0,483000000.0,,7.619,3672000000.0,,,3672000000.0,2068000000.0,0.0,0.0,0.03,0.165,803000000.0,803000000.0,0.136,803000000.0,803000000.0,741000000.0,0.52,0.515,0.52,14179000000.0,,14179000000.0,21670307824.0,5.0,5.311,3689000000.0,3.951,1.0,2139000000.0,0.362,0.0,62000000.0,123751000000.0,,0.0,107125000000.0,,,108030000000.0,,,19916307824.0,-80000000.0,0.0,6000000.0,-338000000.0,-148000000.0,-176000000.0,-3622000000.0,-3672000000.0,3689000000.0,29000000.0,483000000.0,483000000.0,483000000.0,0.0,0.0,0.082,1336000000.0,803000000.0,192000000.0,0.317,1.405,7.835,7.8,603000000.0,0.0,21.295,0.826,0.825,747000000.0,16108000000.0,5902000000.0,5902000000.0,0.0,,,,,0.0,1336000000.0,1.0,935257470.0,933576000,937180000.0,6.322,122209000000.0,0.0,258000000.0,2635000000.0,130.904,
37,AFL,MRQ,2012-03-31,2012-03-31,2012-03-31,2021-09-07,2000000000.0,115552000000.0,,,,,14.642,0.0,2210000000.0,2210000000.0,3646000000.0,785000000.0,,7.47,3964000000.0,,,3964000000.0,1854000000.0,0.0,0.0,0.027,0.165,1259000000.0,1259000000.0,0.202,1259000000.0,1259000000.0,1202000000.0,0.84,0.84,0.84,13643000000.0,,13643000000.0,22517833387.0,6.0,5.978,3556000000.0,3.816,1.0,2594000000.0,0.416,0.0,57000000.0,117306000000.0,,0.0,100894000000.0,,,101909000000.0,,,21481833387.0,-39000000.0,0.0,-5000000.0,748000000.0,-148000000.0,901000000.0,-4436000000.0,-4406000000.0,3556000000.0,-60000000.0,785000000.0,785000000.0,785000000.0,0.0,0.0,0.126,1335000000.0,1259000000.0,193000000.0,0.196,1.575,9.208,9.18,591000000.0,0.0,22.995,0.922,0.92,744000000.0,15779000000.0,6240000000.0,6240000000.0,0.0,,,,,0.0,1335000000.0,1.0,934195842.0,931774000,937066000.0,6.697,115552000000.0,0.0,417000000.0,2599000000.0,124.013,
38,AFL,MRQ,2011-12-31,2011-12-31,2011-12-31,2021-09-07,1965000000.0,116237000000.0,,,,,13.904,0.0,2249000000.0,2249000000.0,3700000000.0,538000000.0,,7.979,3285000000.0,,,3285000000.0,1704000000.0,0.0,0.0,0.028,0.165,874000000.0,874000000.0,0.146,874000000.0,874000000.0,821000000.0,0.58,0.57,0.58,12946000000.0,,12946000000.0,21632235383.0,7.0,6.876,3356000000.0,3.604,1.0,2279000000.0,0.381,0.0,53000000.0,117273000000.0,,0.0,101213000000.0,,,103291000000.0,,,20193235383.0,387000000.0,0.0,-32000000.0,-4000000.0,-148000000.0,79000000.0,-3050000000.0,-3019000000.0,3356000000.0,2000000.0,538000000.0,538000000.0,538000000.0,0.0,0.0,0.09,1405000000.0,874000000.0,838000000.0,0.284,1.56,10.425,10.399,617000000.0,0.0,21.63,0.911,0.91,680000000.0,15148000000.0,5979000000.0,5979000000.0,0.0,,,,,0.0,1405000000.0,1.0,933575376.0,931094000,935446000.0,6.421,116237000000.0,0.0,283000000.0,2308000000.0,124.839,
39,AFL,MRQ,2011-09-30,2011-09-30,2011-09-30,2021-09-07,1682000000.0,114720000000.0,,,,,13.644,0.0,1862000000.0,1862000000.0,3517000000.0,736000000.0,,8.023,3301000000.0,,,3301000000.0,1554000000.0,0.0,0.0,0.034,0.15,1144000000.0,1144000000.0,0.191,1144000000.0,1144000000.0,1092000000.0,0.79,0.785,0.79,12714000000.0,,12714000000.0,18084259929.0,6.0,6.116,3108000000.0,3.335,1.0,2470000000.0,0.413,0.0,52000000.0,116159000000.0,,0.0,98946000000.0,,,102006000000.0,,,16327259929.0,571000000.0,0.0,-54000000.0,163000000.0,-144000000.0,160000000.0,-2745000000.0,-2743000000.0,3108000000.0,48000000.0,736000000.0,736000000.0,736000000.0,0.0,0.0,0.123,1326000000.0,1144000000.0,858000000.0,0.19,1.284,8.971,8.985,626000000.0,0.0,17.475,0.76,0.758,1028000000.0,15191000000.0,5987000000.0,5987000000.0,0.0,,,,,0.0,1326000000.0,1.0,934321026.0,931820000,935586000.0,6.425,114720000000.0,0.0,356000000.0,2212000000.0,123.114,
40,AFL,MRQ,2011-06-30,2011-06-30,2011-06-30,2021-09-07,1547000000.0,106232000000.0,,,,,12.841,0.0,1291000000.0,1291000000.0,3310000000.0,274000000.0,,7.867,3048000000.0,,,3048000000.0,1306000000.0,0.0,0.0,0.025,0.15,490000000.0,490000000.0,0.096,490000000.0,490000000.0,444000000.0,0.295,0.29,0.295,11981000000.0,,11981000000.0,22761458617.0,8.0,7.83,2211000000.0,2.37,1.0,1778000000.0,0.349,0.0,46000000.0,107989000000.0,,0.0,91693000000.0,,,94251000000.0,,,21832458617.0,-797000000.0,0.0,-28000000.0,0.0,-125000000.0,-4000000.0,-3021000000.0,-3011000000.0,2211000000.0,17000000.0,274000000.0,274000000.0,274000000.0,0.0,0.0,0.054,1288000000.0,490000000.0,338000000.0,0.508,1.822,12.307,12.349,611000000.0,0.0,23.34,1.045,1.042,879000000.0,14587000000.0,5088000000.0,5088000000.0,0.0,,,,,0.0,1288000000.0,1.0,935409538.0,932996000,939504000.0,5.453,106232000000.0,0.0,170000000.0,2186000000.0,113.861,
41,AFL,MRQ,2011-03-31,2011-03-31,2011-03-31,2021-09-07,715000000.0,101145000000.0,,,,,11.776,0.0,2088000000.0,2088000000.0,3222000000.0,389000000.0,,8.176,3017000000.0,,,3017000000.0,1232000000.0,0.0,0.0,0.022,0.15,636000000.0,636000000.0,0.124,636000000.0,636000000.0,591000000.0,0.415,0.415,0.415,11023000000.0,,11023000000.0,25734535066.0,8.0,7.707,2167000000.0,2.315,1.0,1895000000.0,0.37,0.0,45000000.0,102074000000.0,,0.0,86353000000.0,,,90122000000.0,,,24817535066.0,-33000000.0,0.0,-168000000.0,-1000000.0,-135000000.0,-171000000.0,-2013000000.0,-1994000000.0,2167000000.0,-16000000.0,389000000.0,389000000.0,389000000.0,0.0,0.0,0.076,1259000000.0,636000000.0,244000000.0,0.361,2.251,11.926,11.914,604000000.0,0.0,26.39,1.194,1.188,738000000.0,14448000000.0,5117000000.0,5117000000.0,0.0,,,,,0.0,1259000000.0,1.0,940414364.0,936024000,944208000.0,5.467,101145000000.0,0.0,202000000.0,1877000000.0,108.058,
42,AFL,MRQ,2010-12-31,2010-12-31,2010-12-31,2021-09-07,862000000.0,101039000000.0,,,,,11.774,0.0,2121000000.0,2121000000.0,3263000000.0,421000000.0,,8.139,3038000000.0,,,3038000000.0,1197000000.0,0.0,0.0,0.02,0.15,687000000.0,687000000.0,0.13,687000000.0,687000000.0,643000000.0,0.445,0.445,0.445,11056000000.0,,11056000000.0,27167283849.0,7.0,7.323,2120000000.0,2.258,1.0,2031000000.0,0.384,0.0,44000000.0,101956000000.0,,0.0,86109000000.0,,,89983000000.0,,,26593283849.0,-313000000.0,0.0,-110000000.0,5000000.0,-140000000.0,-105000000.0,-2352000000.0,-2342000000.0,2120000000.0,24000000.0,421000000.0,421000000.0,421000000.0,0.0,0.0,0.08,1344000000.0,687000000.0,191000000.0,0.337,2.405,11.423,11.377,620000000.0,0.0,28.215,1.283,1.277,661000000.0,14194000000.0,5294000000.0,5294000000.0,0.0,,,,,0.0,1344000000.0,1.0,942522908.0,939024000,947526000.0,5.638,101039000000.0,0.0,222000000.0,1969000000.0,107.6,
43,AFL,MRQ,2010-09-30,2010-09-30,2010-09-30,2021-09-07,1294000000.0,97843000000.0,,,,,11.847,0.0,2434000000.0,2434000000.0,3102000000.0,690000000.0,,7.789,3008000000.0,,,3008000000.0,1118000000.0,0.0,0.0,0.022,0.14,1094000000.0,1094000000.0,0.203,1094000000.0,1094000000.0,1055000000.0,0.735,0.73,0.735,11133000000.0,,11133000000.0,24815074121.0,7.0,7.318,1846000000.0,1.964,1.0,2292000000.0,0.425,0.0,39000000.0,98417000000.0,,0.0,83151000000.0,,,86710000000.0,,,24346074121.0,250000000.0,0.0,3000000.0,294000000.0,-133000000.0,273000000.0,-1904000000.0,-1897000000.0,1846000000.0,35000000.0,690000000.0,690000000.0,690000000.0,0.0,0.0,0.128,1198000000.0,1094000000.0,147000000.0,0.19,2.187,11.277,11.217,610000000.0,0.0,25.855,1.215,1.213,640000000.0,13758000000.0,5394000000.0,5394000000.0,0.0,,,,,0.0,1198000000.0,1.0,941638914.0,939736000,947138000.0,5.74,97843000000.0,0.0,365000000.0,2146000000.0,104.118,
44,AFL,MRQ,2010-06-30,2010-06-30,2010-06-30,2021-09-07,629000000.0,91239000000.0,,,,,10.697,0.0,2184000000.0,2184000000.0,2885000000.0,581000000.0,,8.097,2653000000.0,,,2653000000.0,1002000000.0,0.0,0.0,0.026,0.14,922000000.0,922000000.0,0.185,922000000.0,922000000.0,889000000.0,0.62,0.615,0.62,10030000000.0,,10030000000.0,21009259141.0,7.0,7.318,1745000000.0,1.861,1.0,2095000000.0,0.421,0.0,33000000.0,91708000000.0,,0.0,77348000000.0,,,81209000000.0,,,20036259141.0,573000000.0,0.0,29000000.0,-1000000.0,-131000000.0,16000000.0,-1207000000.0,-1194000000.0,1745000000.0,19000000.0,581000000.0,581000000.0,581000000.0,0.0,0.0,0.117,1173000000.0,922000000.0,636000000.0,0.226,1.998,10.937,10.885,594000000.0,0.0,21.335,1.045,1.044,659000000.0,13340000000.0,4980000000.0,4980000000.0,0.0,,,,,0.0,1173000000.0,1.0,939126278.0,937648000,945078000.0,5.311,91239000000.0,0.0,308000000.0,1964000000.0,97.306,
45,AFL,MRQ,2010-03-31,2010-03-31,2010-03-31,2021-09-07,93000000.0,85178000000.0,,,,,9.603,0.0,1611000000.0,1611000000.0,2857000000.0,636000000.0,,8.478,2584000000.0,,,2584000000.0,937000000.0,0.0,0.0,0.021,0.14,1007000000.0,1007000000.0,0.199,1007000000.0,1007000000.0,974000000.0,0.68,0.675,0.68,8987000000.0,,8987000000.0,25745350171.0,11.0,10.569,1278000000.0,1.366,1.0,2208000000.0,0.436,0.0,33000000.0,86151000000.0,,0.0,72387000000.0,,,76191000000.0,,,25469350171.0,-712000000.0,0.0,2000000.0,-1000000.0,-131000000.0,-23000000.0,-1969000000.0,-1971000000.0,1278000000.0,2000000.0,636000000.0,636000000.0,636000000.0,0.0,0.0,0.126,1201000000.0,1007000000.0,486000000.0,0.206,2.834,16.274,16.206,583000000.0,0.0,27.145,1.377,1.373,671000000.0,12890000000.0,5065000000.0,5065000000.0,0.0,,,,,0.0,1201000000.0,1.0,938270406.0,935852000,944900000.0,5.412,85178000000.0,0.0,338000000.0,1629000000.0,91.017,
46,AFL,MRQ,2009-12-31,2009-12-31,2009-12-31,2021-09-07,29000000.0,84106000000.0,,,,,9.009,0.0,2323000000.0,2323000000.0,2957000000.0,252000000.0,,8.992,2599000000.0,,,2599000000.0,926000000.0,0.0,0.0,0.024,0.14,368000000.0,368000000.0,0.08,368000000.0,368000000.0,342000000.0,0.27,0.265,0.27,8417000000.0,,8417000000.0,22067339711.0,10.0,9.565,1758000000.0,1.882,1.0,1640000000.0,0.357,0.0,26000000.0,84382000000.0,,0.0,70869000000.0,,,75689000000.0,,,21640339711.0,519000000.0,-83000000.0,5000000.0,385000000.0,-131000000.0,353000000.0,-1589000000.0,-1475000000.0,1758000000.0,-3000000.0,252000000.0,252000000.0,252000000.0,0.0,0.0,0.055,1272000000.0,368000000.0,483000000.0,0.519,2.571,14.456,14.408,593000000.0,0.0,23.125,1.186,1.182,764000000.0,12410000000.0,4597000000.0,4597000000.0,0.0,,,,,0.0,1272000000.0,1.0,935798474.0,934244000,942236000.0,4.921,84106000000.0,0.0,90000000.0,1653000000.0,90.026,
47,AFL,MRQ,2009-09-30,2009-09-30,2009-09-30,2021-09-07,-368000000.0,82616000000.0,,,,,8.446,0.0,1804000000.0,1804000000.0,2817000000.0,363000000.0,,9.482,2231000000.0,,,2231000000.0,929000000.0,0.0,0.0,0.025,0.14,574000000.0,574000000.0,0.127,574000000.0,574000000.0,549000000.0,0.39,0.385,0.39,7882000000.0,,7882000000.0,20285030638.0,9.0,9.024,1529000000.0,1.638,1.0,1709000000.0,0.378,0.0,25000000.0,83043000000.0,,0.0,69821000000.0,,,74734000000.0,,,19982030638.0,115000000.0,0.0,0.0,164000000.0,-131000000.0,143000000.0,-1579000000.0,-1585000000.0,1529000000.0,22000000.0,363000000.0,363000000.0,363000000.0,0.0,0.0,0.08,1135000000.0,574000000.0,106000000.0,0.359,2.535,13.848,13.787,599000000.0,0.0,21.37,1.115,1.113,849000000.0,12290000000.0,4526000000.0,4526000000.0,0.0,,,,,0.0,1135000000.0,1.0,935050568.0,933172000,939428000.0,4.85,82616000000.0,0.0,186000000.0,1361000000.0,88.532,
48,AFL,MRQ,2009-06-30,2009-06-30,2009-06-30,2021-09-07,-1652000000.0,76041000000.0,,,,,6.807,0.0,1689000000.0,1689000000.0,2723000000.0,314000000.0,,10.975,1992000000.0,,,1992000000.0,847000000.0,0.0,0.0,0.033,0.14,487000000.0,487000000.0,0.113,487000000.0,487000000.0,473000000.0,0.335,0.335,0.335,6350000000.0,,6350000000.0,14909844002.0,8.0,8.152,1225000000.0,1.313,1.0,1590000000.0,0.369,0.0,14000000.0,76344000000.0,,0.0,63883000000.0,,,69691000000.0,,,14532844002.0,493000000.0,0.0,0.0,297000000.0,-131000000.0,248000000.0,-983000000.0,-997000000.0,1225000000.0,3000000.0,314000000.0,314000000.0,314000000.0,0.0,0.0,0.073,1103000000.0,487000000.0,593000000.0,0.418,2.289,12.316,12.289,579000000.0,0.0,15.545,0.851,0.849,840000000.0,12058000000.0,4313000000.0,4313000000.0,0.0,,,,,0.0,1103000000.0,1.0,934888646.0,932802000,936570000.0,4.624,76041000000.0,0.0,159000000.0,880000000.0,81.519,
49,AFL,MRQ,2009-03-31,2009-03-31,2009-03-31,2021-09-07,-2608000000.0,71815000000.0,,,,,5.577,0.0,1196000000.0,1196000000.0,2811000000.0,569000000.0,,12.813,1573000000.0,,,1573000000.0,824000000.0,0.0,0.0,0.052,0.14,879000000.0,879000000.0,0.182,879000000.0,879000000.0,871000000.0,0.61,0.61,0.61,5199000000.0,,5199000000.0,9830948298.0,5.0,4.706,1649000000.0,1.769,1.0,2007000000.0,0.417,0.0,8000000.0,72192000000.0,,0.0,60533000000.0,,,66616000000.0,,,9050948298.0,255000000.0,0.0,2000000.0,-1000000.0,-131000000.0,-45000000.0,-1325000000.0,-1264000000.0,1649000000.0,-24000000.0,569000000.0,569000000.0,569000000.0,0.0,0.0,0.118,1128000000.0,879000000.0,111000000.0,0.23,1.741,6.709,6.722,570000000.0,0.0,9.68,0.529,0.528,667000000.0,11875000000.0,4818000000.0,4818000000.0,0.0,,,,,0.0,1128000000.0,1.0,935015320.0,932194000,934264000.0,5.168,71815000000.0,0.0,302000000.0,368000000.0,77.039,
50,AFL,MRQ,2008-12-31,2008-12-31,2008-12-31,2021-09-07,-582000000.0,79331000000.0,,,,,7.133,0.0,941000000.0,941000000.0,2835000000.0,197000000.0,,10.949,1721000000.0,,,1721000000.0,874000000.0,0.0,0.0,0.021,0.12,308000000.0,308000000.0,0.072,308000000.0,308000000.0,300000000.0,0.215,0.215,0.215,6639000000.0,,6639000000.0,22421095464.0,12.0,11.539,1317000000.0,1.415,1.0,1425000000.0,0.335,0.0,8000000.0,80111000000.0,,0.0,67609000000.0,,,72692000000.0,,,21367095464.0,427000000.0,0.0,146000000.0,-2000000.0,-107000000.0,109000000.0,-1048000000.0,-1032000000.0,1317000000.0,49000000.0,197000000.0,197000000.0,197000000.0,0.0,0.0,0.046,1117000000.0,308000000.0,1733000000.0,0.558,3.218,17.039,17.298,597000000.0,0.0,22.92,1.291,1.311,920000000.0,11306000000.0,4260000000.0,4260000000.0,0.0,,,,,0.0,1117000000.0,1.0,932246748.0,930784000,937842000.0,4.577,79331000000.0,0.0,103000000.0,1201000000.0,85.23,
51,AFL,MRQ,2008-09-30,2008-09-30,2008-09-30,2021-09-07,-589000000.0,70457000000.0,,,,,6.837,0.0,514000000.0,514000000.0,2551000000.0,100000000.0,,9.84,1568000000.0,,,1568000000.0,781000000.0,0.0,0.0,0.016,0.12,155000000.0,155000000.0,0.042,155000000.0,155000000.0,148000000.0,0.105,0.105,0.105,6500000000.0,,6500000000.0,28129456998.0,13.0,12.625,1194000000.0,1.256,1.0,1140000000.0,0.309,0.0,7000000.0,71511000000.0,,0.0,60213000000.0,,,63957000000.0,,,27977456998.0,-873000000.0,0.0,-819000000.0,-1000000.0,-109000000.0,-651000000.0,-1421000000.0,-1406000000.0,1194000000.0,5000000.0,100000000.0,100000000.0,100000000.0,0.0,0.0,0.027,985000000.0,155000000.0,1332000000.0,1.143,4.304,19.429,19.518,542000000.0,0.0,29.375,1.715,1.712,823000000.0,11352000000.0,3691000000.0,3691000000.0,0.0,,,,,0.0,985000000.0,1.0,952424068.0,950714000,961490000.0,3.882,70457000000.0,0.0,48000000.0,1440000000.0,74.11,
52,AFL,MRQ,2008-06-30,2008-06-30,2008-06-30,2021-09-07,9000000.0,70552000000.0,,,,,8.326,0.0,1387000000.0,1387000000.0,2575000000.0,483000000.0,,7.932,1539000000.0,,,1539000000.0,745000000.0,0.0,0.0,0.014,0.12,747000000.0,747000000.0,0.172,747000000.0,747000000.0,740000000.0,0.51,0.5,0.51,7899000000.0,,7899000000.0,30549202724.0,11.0,11.227,1258000000.0,1.326,1.0,1761000000.0,0.406,0.0,7000000.0,70704000000.0,,0.0,59505000000.0,,,62653000000.0,,,29851202724.0,479000000.0,0.0,-30000000.0,-1000000.0,-109000000.0,-52000000.0,-712000000.0,-697000000.0,1258000000.0,-15000000.0,483000000.0,483000000.0,483000000.0,0.0,0.0,0.111,1014000000.0,747000000.0,1540000000.0,0.235,3.779,16.961,17.158,529000000.0,0.0,31.4,1.811,1.808,1002000000.0,11366000000.0,4336000000.0,4336000000.0,0.0,,,,,0.0,1014000000.0,1.0,950675246.0,948766000,961656000.0,4.57,70552000000.0,0.0,257000000.0,2053000000.0,74.362,
53,AFL,MRQ,2008-03-31,2008-03-31,2008-03-31,2021-09-07,627000000.0,72269000000.0,,,,,8.506,0.0,908000000.0,908000000.0,2538000000.0,474000000.0,,7.885,1606000000.0,,,1606000000.0,781000000.0,0.0,0.0,0.013,0.12,733000000.0,733000000.0,0.172,733000000.0,733000000.0,726000000.0,0.495,0.49,0.495,8134000000.0,,8134000000.0,30737333873.0,12.0,11.754,1196000000.0,1.251,1.0,1729000000.0,0.405,0.0,7000000.0,72967000000.0,,0.0,61880000000.0,,,64135000000.0,,,30835333873.0,-655000000.0,0.0,-755000000.0,-1000000.0,-109000000.0,-789000000.0,-1102000000.0,-1086000000.0,1196000000.0,40000000.0,474000000.0,474000000.0,474000000.0,0.0,0.0,0.111,996000000.0,733000000.0,991000000.0,0.242,3.791,18.224,18.61,548000000.0,0.0,32.475,1.938,1.952,665000000.0,10997000000.0,4267000000.0,4267000000.0,0.0,,,,,0.0,996000000.0,1.0,949509896.0,956276000,968834000.0,4.462,72269000000.0,0.0,252000000.0,2097000000.0,75.573,
54,AFL,MRQ,2007-12-31,2007-12-31,2007-12-31,2021-09-07,934000000.0,65805000000.0,,,,,9.048,0.0,1563000000.0,1563000000.0,2430000000.0,383000000.0,,6.482,1465000000.0,,,1465000000.0,693000000.0,0.0,0.0,0.013,0.102,593000000.0,593000000.0,0.148,593000000.0,593000000.0,586000000.0,0.395,0.39,0.395,8795000000.0,,8795000000.0,30677843554.0,12.0,12.145,1314000000.0,1.352,1.0,1587000000.0,0.395,0.0,7000000.0,65707000000.0,,0.0,55493000000.0,,,57010000000.0,,,30551843554.0,235000000.0,0.0,-117000000.0,-1000000.0,-96000000.0,-145000000.0,-940000000.0,-919000000.0,1314000000.0,6000000.0,383000000.0,383000000.0,383000000.0,0.0,0.0,0.095,994000000.0,593000000.0,808000000.0,0.258,3.474,18.698,18.696,496000000.0,0.0,31.315,1.985,1.985,732000000.0,10637000000.0,4017000000.0,4017000000.0,0.0,,,,,0.0,994000000.0,1.0,975629684.0,971994000,984438000.0,4.133,65805000000.0,0.0,203000000.0,2531000000.0,67.701,
55,AFL,MRQ,2007-09-30,2007-09-30,2007-09-30,2021-09-07,792000000.0,63576000000.0,,,,,8.675,0.0,1328000000.0,1328000000.0,2331000000.0,420000000.0,,6.523,1454000000.0,,,1454000000.0,682000000.0,0.0,0.0,0.013,0.102,648000000.0,648000000.0,0.168,648000000.0,648000000.0,642000000.0,0.43,0.425,0.43,8451000000.0,,8451000000.0,27858117834.0,11.0,11.389,1013000000.0,1.04,1.0,1530000000.0,0.396,0.0,6000000.0,63702000000.0,,0.0,53745000000.0,,,55125000000.0,,,27872117834.0,-78000000.0,0.0,-110000000.0,-1000000.0,-95000000.0,-135000000.0,-972000000.0,-958000000.0,1013000000.0,16000000.0,420000000.0,420000000.0,420000000.0,0.0,0.0,0.109,882000000.0,648000000.0,656000000.0,0.237,3.298,17.596,17.659,480000000.0,0.0,28.52,1.85,1.844,688000000.0,10354000000.0,3861000000.0,3861000000.0,0.0,,,,,0.0,882000000.0,1.0,977283234.0,974130000,985638000.0,3.964,63576000000.0,0.0,222000000.0,2260000000.0,65.264,
56,AFL,MRQ,2007-06-30,2007-06-30,2007-06-30,2021-09-07,785000000.0,60114000000.0,,,,,8.393,0.0,1406000000.0,1406000000.0,2266000000.0,415000000.0,,6.34,1392000000.0,,,1392000000.0,631000000.0,0.0,0.0,0.013,0.102,641000000.0,641000000.0,0.17,641000000.0,641000000.0,635000000.0,0.425,0.42,0.425,8190000000.0,,8190000000.0,25741870941.0,11.0,10.912,1153000000.0,1.182,1.0,1498000000.0,0.398,0.0,6000000.0,60100000000.0,,0.0,50791000000.0,,,51924000000.0,,,25141870941.0,572000000.0,0.0,-99000000.0,-2000000.0,-96000000.0,-116000000.0,-454000000.0,-443000000.0,1153000000.0,-11000000.0,415000000.0,415000000.0,415000000.0,0.0,0.0,0.11,857000000.0,641000000.0,1082000000.0,0.24,3.07,16.422,16.527,457000000.0,0.0,25.7,1.69,1.686,523000000.0,10034000000.0,3764000000.0,3764000000.0,0.0,,,,,0.0,857000000.0,1.0,978282916.0,975800000,988454000.0,3.857,60114000000.0,0.0,220000000.0,2360000000.0,61.605,
57,AFL,MRQ,2007-03-31,2007-03-31,2007-03-31,2021-09-07,1357000000.0,61192000000.0,,,,,8.652,0.0,834000000.0,834000000.0,2258000000.0,416000000.0,,6.208,1434000000.0,,,1434000000.0,655000000.0,0.0,0.0,0.013,0.092,644000000.0,644000000.0,0.172,644000000.0,644000000.0,636000000.0,0.425,0.42,0.425,8489000000.0,,8489000000.0,23370672654.0,10.0,9.958,1176000000.0,1.199,1.0,1493000000.0,0.398,0.0,8000000.0,61792000000.0,,0.0,52434000000.0,,,52703000000.0,,,23147672654.0,-369000000.0,0.0,-233000000.0,-1000000.0,-86000000.0,-259000000.0,-1288000000.0,-1279000000.0,1176000000.0,2000000.0,416000000.0,416000000.0,416000000.0,0.0,0.0,0.111,849000000.0,644000000.0,989000000.0,0.216,2.727,15.189,15.279,471000000.0,0.0,23.53,1.563,1.559,502000000.0,9720000000.0,3751000000.0,3751000000.0,0.0,,,,,0.0,849000000.0,1.0,983751494.0,981108000,993316000.0,3.823,61192000000.0,0.0,220000000.0,2475000000.0,62.37,
58,AFL,MRQ,2006-12-31,2006-12-31,2006-12-31,2021-09-07,1426000000.0,59805000000.0,,,,,8.467,0.0,1203000000.0,1203000000.0,2301000000.0,333000000.0,,6.17,1426000000.0,,,1426000000.0,645000000.0,0.0,0.0,0.012,0.08,513000000.0,513000000.0,0.139,513000000.0,513000000.0,508000000.0,0.335,0.33,0.335,8341000000.0,,8341000000.0,22808181056.0,10.0,9.99,1153000000.0,1.17,1.0,1386000000.0,0.376,0.0,5000000.0,60028000000.0,,0.0,50769000000.0,,,51464000000.0,,,22747181056.0,-175000000.0,0.0,-130000000.0,-17000000.0,-75000000.0,-151000000.0,-1173000000.0,-1162000000.0,1153000000.0,-4000000.0,333000000.0,333000000.0,333000000.0,0.0,0.0,0.09,873000000.0,513000000.0,807000000.0,0.239,2.727,15.339,15.385,458000000.0,0.0,23.0,1.556,1.56,535000000.0,9304000000.0,3687000000.0,3687000000.0,0.0,,,,,0.0,873000000.0,1.0,989007872.0,985156000,997060000.0,3.743,59805000000.0,0.0,175000000.0,2462000000.0,60.706,
59,AFL,MRQ,2006-09-30,2006-09-30,2006-09-30,2021-09-07,1312000000.0,58353000000.0,,,,,8.109,0.0,1378000000.0,1378000000.0,2291000000.0,367000000.0,,6.27,1439000000.0,,,1439000000.0,639000000.0,0.0,0.0,0.011,0.065,561000000.0,561000000.0,0.153,561000000.0,561000000.0,557000000.0,0.37,0.365,0.37,8027000000.0,,8027000000.0,22857346356.0,10.0,9.789,1065000000.0,1.076,1.0,1381000000.0,0.376,0.0,4000000.0,58414000000.0,,0.0,49308000000.0,,,50326000000.0,,,22710346356.0,454000000.0,0.0,-124000000.0,381000000.0,-60000000.0,243000000.0,-847000000.0,-844000000.0,1065000000.0,-7000000.0,367000000.0,367000000.0,367000000.0,0.0,0.0,0.1,820000000.0,561000000.0,440000000.0,0.176,2.829,15.0,15.053,450000000.0,0.0,22.88,1.567,1.562,522000000.0,9005000000.0,3672000000.0,3672000000.0,0.0,,,,,0.0,820000000.0,1.0,992585068.0,989846000,1001904000.0,3.71,58353000000.0,0.0,190000000.0,2260000000.0,58.952,
60,AFL,MRQ,2006-06-30,2006-06-30,2006-06-30,2021-09-07,656000000.0,57432000000.0,,,,,7.213,0.0,924000000.0,924000000.0,2243000000.0,408000000.0,,7.011,1071000000.0,,,1071000000.0,628000000.0,0.0,0.0,0.01,0.065,629000000.0,629000000.0,0.17,629000000.0,629000000.0,624000000.0,0.41,0.405,0.41,7169000000.0,,7169000000.0,23356376560.0,10.0,9.631,1156000000.0,1.163,1.0,1454000000.0,0.393,0.0,5000000.0,57579000000.0,,0.0,48871000000.0,,,50263000000.0,,,23111376560.0,-231000000.0,0.0,-91000000.0,-357000000.0,-61000000.0,-446000000.0,-949000000.0,-942000000.0,1156000000.0,8000000.0,408000000.0,408000000.0,408000000.0,0.0,0.0,0.11,825000000.0,629000000.0,966000000.0,0.159,3.224,14.427,14.439,454000000.0,0.0,23.175,1.595,1.589,508000000.0,8701000000.0,3697000000.0,3697000000.0,0.0,,,,,0.0,825000000.0,1.0,997254652.0,993902000,1006572000.0,3.72,57432000000.0,0.0,216000000.0,1927000000.0,57.784,
61,AFL,MRQ,2006-03-31,2006-03-31,2006-03-31,2021-09-07,1346000000.0,56136000000.0,,,,,7.606,0.0,1155000000.0,1155000000.0,2181000000.0,375000000.0,,6.41,1400000000.0,,,1400000000.0,614000000.0,0.0,0.0,0.01,0.065,580000000.0,580000000.0,0.163,580000000.0,580000000.0,575000000.0,0.375,0.37,0.375,7576000000.0,,7576000000.0,22580532010.0,10.0,9.741,1023000000.0,1.027,1.0,1378000000.0,0.387,0.0,5000000.0,56381000000.0,,0.0,47710000000.0,,,48560000000.0,,,22482532010.0,-142000000.0,0.0,-83000000.0,-2000000.0,-62000000.0,-80000000.0,-1088000000.0,-1083000000.0,1023000000.0,3000000.0,375000000.0,375000000.0,375000000.0,0.0,0.0,0.105,798000000.0,580000000.0,467000000.0,0.173,2.968,14.694,14.748,447000000.0,0.0,22.565,1.565,1.565,402000000.0,8358000000.0,3559000000.0,3559000000.0,0.0,,,,,0.0,798000000.0,1.0,996345314.0,996074000,1009148000.0,3.573,56136000000.0,0.0,200000000.0,2132000000.0,56.357,
62,AFL,MRQ,2005-12-31,2005-12-31,2005-12-31,2021-09-07,1957000000.0,56361000000.0,,,,,7.941,0.0,1297000000.0,1297000000.0,2157000000.0,364000000.0,,6.11,1395000000.0,,,1395000000.0,594000000.0,0.0,0.0,0.009,0.055,565000000.0,565000000.0,0.158,565000000.0,565000000.0,559000000.0,0.365,0.36,0.365,7927000000.0,,7927000000.0,23065105816.0,10.0,10.256,969000000.0,0.971,1.0,1410000000.0,0.395,0.0,6000000.0,56459000000.0,,0.0,47692000000.0,,,48434000000.0,,,23227105816.0,-565000000.0,0.0,-110000000.0,-263000000.0,-51000000.0,-342000000.0,-1181000000.0,-1184000000.0,969000000.0,-11000000.0,364000000.0,364000000.0,364000000.0,0.0,0.0,0.102,845000000.0,565000000.0,622000000.0,0.151,2.93,15.662,15.682,448000000.0,0.0,23.21,1.617,1.619,584000000.0,8048000000.0,3567000000.0,3567000000.0,0.0,,,,,0.0,845000000.0,1.0,1000737002.0,998182000,1012132000.0,3.573,56361000000.0,0.0,195000000.0,2577000000.0,56.464,
63,AFL,MRQ,2005-09-30,2005-09-30,2005-09-30,2021-09-07,2276000000.0,57453000000.0,,,,,7.997,0.0,1862000000.0,1862000000.0,2237000000.0,455000000.0,,6.176,1700000000.0,,,1700000000.0,595000000.0,0.0,0.0,0.009,0.055,651000000.0,651000000.0,0.177,651000000.0,651000000.0,645000000.0,0.455,0.45,0.455,8006000000.0,,8006000000.0,22668019468.0,11.0,10.632,1108000000.0,1.107,1.0,1432000000.0,0.39,0.0,6000000.0,57291000000.0,,0.0,48055000000.0,,,49447000000.0,,,22727019468.0,434000000.0,0.0,-80000000.0,358000000.0,-53000000.0,300000000.0,-968000000.0,-957000000.0,1108000000.0,-6000000.0,455000000.0,455000000.0,455000000.0,0.0,0.0,0.124,781000000.0,651000000.0,322000000.0,0.121,2.839,14.864,14.901,466000000.0,0.0,22.65,1.596,1.592,695000000.0,7738000000.0,3669000000.0,3669000000.0,0.0,,,,,0.0,781000000.0,1.0,1003400418.0,1001114000,1014646000.0,3.665,57453000000.0,0.0,190000000.0,2670000000.0,57.389,
64,AFL,MRQ,2005-06-30,2005-06-30,2005-06-30,2021-09-07,3074000000.0,57995000000.0,,,,,8.435,0.0,1428000000.0,1428000000.0,2229000000.0,336000000.0,,5.856,1369000000.0,,,1369000000.0,578000000.0,0.0,0.0,0.009,0.055,522000000.0,522000000.0,0.146,522000000.0,522000000.0,516000000.0,0.335,0.33,0.335,8459000000.0,,8459000000.0,22119464554.0,11.0,11.414,1182000000.0,1.179,1.0,1338000000.0,0.375,0.0,6000000.0,57936000000.0,,0.0,49119000000.0,,,49536000000.0,,,21713464554.0,436000000.0,0.0,-95000000.0,-2000000.0,-52000000.0,-58000000.0,-669000000.0,-664000000.0,1182000000.0,-19000000.0,336000000.0,336000000.0,336000000.0,0.0,0.0,0.094,816000000.0,522000000.0,901000000.0,0.164,2.567,15.884,15.97,477000000.0,0.0,21.64,1.563,1.562,579000000.0,7339000000.0,3567000000.0,3567000000.0,0.0,,,,,0.0,816000000.0,1.0,1003394850.0,1002852000,1016004000.0,3.557,57995000000.0,0.0,180000000.0,3049000000.0,57.83,
65,AFL,MRQ,2005-03-31,2005-03-31,2005-03-31,2021-09-07,2615000000.0,57041000000.0,,,,,7.734,0.0,992000000.0,992000000.0,2266000000.0,328000000.0,,6.336,1398000000.0,,,1398000000.0,586000000.0,0.0,0.0,0.011,0.055,512000000.0,512000000.0,0.144,512000000.0,512000000.0,506000000.0,0.325,0.32,0.325,7776000000.0,,7776000000.0,16315121063.0,9.0,8.891,1174000000.0,1.168,1.0,1293000000.0,0.363,0.0,6000000.0,57447000000.0,,0.0,48763000000.0,,,49265000000.0,,,18699121063.0,-2821000000.0,0.0,-103000000.0,-2000000.0,-53000000.0,-96000000.0,-3874000000.0,-3871000000.0,1174000000.0,-25000000.0,328000000.0,328000000.0,328000000.0,0.0,0.0,0.092,781000000.0,512000000.0,507000000.0,0.169,2.405,14.507,14.612,491000000.0,0.0,18.63,1.379,1.381,436000000.0,7058000000.0,3559000000.0,3559000000.0,0.0,,,,,0.0,781000000.0,1.0,1003710202.0,1005412000,1018898000.0,3.54,57041000000.0,0.0,178000000.0,2623000000.0,56.734,
66,AFL,MRQ,2004-12-31,2004-12-31,2004-12-31,2021-09-07,2611000000.0,59326000000.0,,,,,7.509,0.0,3813000000.0,3813000000.0,2212000000.0,410000000.0,,6.831,1429000000.0,,,1429000000.0,593000000.0,0.0,0.0,0.01,0.048,447000000.0,447000000.0,0.13,447000000.0,447000000.0,441000000.0,0.405,0.4,0.405,7576000000.0,,7576000000.0,20140400488.0,11.0,11.214,956000000.0,0.948,1.0,1235000000.0,0.358,0.0,6000000.0,56942000000.0,,0.0,48142000000.0,,,51750000000.0,,,20158400488.0,2425000000.0,0.0,-108000000.0,-2000000.0,-45000000.0,-98000000.0,1532000000.0,1544000000.0,956000000.0,35000000.0,410000000.0,410000000.0,410000000.0,0.0,0.0,0.119,788000000.0,447000000.0,2887000000.0,0.119,2.661,15.923,16.0,515000000.0,0.0,19.92,1.518,1.522,418000000.0,6785000000.0,3447000000.0,3447000000.0,0.0,,,,,0.0,788000000.0,1.0,1011967896.0,1008948000,1025822000.0,3.416,59326000000.0,0.0,31000000.0,2445000000.0,58.8,
67,AFL,MRQ,2004-09-30,2004-09-30,2004-09-30,2021-09-07,2558000000.0,52913000000.0,,,,,7.153,0.0,1388000000.0,1388000000.0,2124000000.0,293000000.0,,6.301,1370000000.0,,,1370000000.0,553000000.0,0.0,0.0,0.009,0.048,457000000.0,457000000.0,0.138,457000000.0,457000000.0,451000000.0,0.29,0.285,0.29,7247000000.0,,7247000000.0,20208390239.0,14.0,14.102,1281000000.0,1.264,1.0,1197000000.0,0.36,0.0,6000000.0,52895000000.0,,0.0,44645000000.0,,,45666000000.0,,,19885390239.0,316000000.0,0.0,-92000000.0,-3000000.0,-45000000.0,-83000000.0,-867000000.0,-865000000.0,1281000000.0,-15000000.0,293000000.0,293000000.0,293000000.0,0.0,0.0,0.088,740000000.0,457000000.0,237000000.0,0.166,2.744,22.095,22.028,490000000.0,0.0,19.605,1.568,1.566,415000000.0,6622000000.0,3321000000.0,3321000000.0,0.0,,,,,0.0,740000000.0,1.0,1014301976.0,1013198000,1031152000.0,3.278,52913000000.0,0.0,158000000.0,2649000000.0,52.224,
68,AFL,MRQ,2004-06-30,2004-06-30,2004-06-30,2021-09-07,1662000000.0,52130000000.0,,,,,6.077,0.0,1072000000.0,1072000000.0,2068000000.0,258000000.0,,7.437,1395000000.0,,,1395000000.0,542000000.0,0.0,0.0,0.009,0.048,419000000.0,419000000.0,0.13,419000000.0,419000000.0,413000000.0,0.255,0.25,0.255,6179000000.0,,6179000000.0,21009866873.0,16.0,15.528,1029000000.0,1.012,1.0,1165000000.0,0.36,0.0,6000000.0,52453000000.0,,0.0,44066000000.0,,,45951000000.0,,,20755866873.0,-97000000.0,0.0,-43000000.0,-3000000.0,-46000000.0,-26000000.0,-1084000000.0,-1077000000.0,1029000000.0,-16000000.0,258000000.0,258000000.0,258000000.0,0.0,0.0,0.08,746000000.0,419000000.0,1033000000.0,0.188,3.359,24.592,24.584,505000000.0,0.0,20.405,1.689,1.688,470000000.0,6369000000.0,3233000000.0,3233000000.0,0.0,,,,,0.0,746000000.0,1.0,1017195142.0,1016706000,1035720000.0,3.18,52130000000.0,0.0,155000000.0,2096000000.0,51.273,
69,AFL,MRQ,2004-03-31,2004-03-31,2004-03-31,2021-09-07,2669000000.0,53289000000.0,,,,,6.857,0.0,1169000000.0,1169000000.0,2078000000.0,304000000.0,,6.62,1423000000.0,,,1423000000.0,540000000.0,0.0,0.0,0.008,0.048,472000000.0,472000000.0,0.144,472000000.0,472000000.0,466000000.0,0.3,0.295,0.3,6993000000.0,,6993000000.0,20865728394.0,16.0,15.855,1220000000.0,1.196,1.0,1202000000.0,0.366,0.0,6000000.0,53543000000.0,,0.0,45210000000.0,,,46296000000.0,,,20508728394.0,117000000.0,0.0,-110000000.0,-4000000.0,-46000000.0,-106000000.0,-999000000.0,-993000000.0,1220000000.0,2000000.0,304000000.0,304000000.0,304000000.0,0.0,0.0,0.093,730000000.0,472000000.0,895000000.0,0.16,2.933,24.591,24.626,521000000.0,0.0,20.07,1.721,1.717,442000000.0,6152000000.0,3280000000.0,3280000000.0,0.0,,,,,0.0,730000000.0,1.0,1021859910.0,1019848000,1038710000.0,3.216,53289000000.0,0.0,162000000.0,2449000000.0,52.252,
70,AFL,MRQ,2003-12-31,2003-12-31,2003-12-31,2021-09-07,2493000000.0,50964000000.0,,,,,6.5,0.0,1052000000.0,1052000000.0,2029000000.0,45000000.0,,6.668,1409000000.0,,,1409000000.0,516000000.0,0.0,0.0,0.008,0.04,85000000.0,85000000.0,0.03,85000000.0,85000000.0,79000000.0,0.045,0.045,0.045,6646000000.0,,6646000000.0,18754187265.0,15.0,15.372,783000000.0,0.766,1.0,818000000.0,0.287,0.0,6000000.0,51321000000.0,,0.0,42998000000.0,,,44318000000.0,,,18554187265.0,-124000000.0,0.0,-118000000.0,-9000000.0,-39000000.0,-127000000.0,-810000000.0,-801000000.0,783000000.0,30000000.0,45000000.0,45000000.0,45000000.0,0.0,0.0,0.016,733000000.0,85000000.0,374000000.0,0.889,2.792,24.159,24.12,518000000.0,0.0,18.09,1.621,1.622,547000000.0,5885000000.0,2847000000.0,2847000000.0,0.0,,,,,0.0,733000000.0,1.0,1025659882.0,1022432000,1040346000.0,2.785,50964000000.0,0.0,34000000.0,2189000000.0,49.846,
71,AFL,MRQ,2003-09-30,2003-09-30,2003-09-30,2021-09-07,2441000000.0,49236000000.0,,,,,6.493,0.0,1176000000.0,1176000000.0,1872000000.0,237000000.0,,6.385,1376000000.0,,,1376000000.0,489000000.0,0.0,0.0,0.009,0.04,377000000.0,377000000.0,0.129,377000000.0,377000000.0,371000000.0,0.23,0.225,0.23,6667000000.0,,6667000000.0,16180291546.0,11.0,11.275,1017000000.0,0.99,1.0,1059000000.0,0.361,0.0,6000000.0,49436000000.0,,0.0,41535000000.0,,,42569000000.0,,,16603291546.0,-559000000.0,0.0,-59000000.0,-3000000.0,-39000000.0,-27000000.0,-1600000000.0,-1587000000.0,1017000000.0,51000000.0,237000000.0,237000000.0,237000000.0,0.0,0.0,0.081,682000000.0,377000000.0,729000000.0,0.174,2.49,18.286,18.249,503000000.0,0.0,16.15,1.474,1.472,495000000.0,5854000000.0,2931000000.0,2931000000.0,0.0,,,,,0.0,682000000.0,1.0,1028067588.0,1026770000,1042424000.0,2.855,49236000000.0,0.0,134000000.0,2312000000.0,47.952,
72,AFL,MRQ,2003-06-30,2003-06-30,2003-06-30,2021-09-07,3492000000.0,47830000000.0,,,,,7.365,0.0,1735000000.0,1735000000.0,1827000000.0,248000000.0,,5.321,1312000000.0,,,1312000000.0,454000000.0,0.0,0.0,0.008,0.035,382000000.0,382000000.0,0.134,382000000.0,382000000.0,377000000.0,0.24,0.24,0.24,7567000000.0,,7567000000.0,16112147672.0,11.0,11.347,614000000.0,0.598,1.0,1034000000.0,0.361,0.0,5000000.0,47407000000.0,,0.0,39921000000.0,,,40263000000.0,,,15786147672.0,750000000.0,0.0,-89000000.0,-4000000.0,-34000000.0,-93000000.0,232000000.0,233000000.0,614000000.0,-3000000.0,248000000.0,248000000.0,248000000.0,0.0,0.0,0.087,652000000.0,382000000.0,1263000000.0,0.146,2.086,17.328,17.373,472000000.0,0.0,15.375,1.43,1.431,463000000.0,5658000000.0,2861000000.0,2861000000.0,0.0,,,,,0.0,652000000.0,1.0,1026741312.0,1027456000,1045426000.0,2.785,47830000000.0,0.0,129000000.0,2750000000.0,46.552,
73,AFL,MRQ,2003-03-31,2003-03-31,2003-03-31,2021-09-07,3077000000.0,45341000000.0,,,,,6.814,0.0,985000000.0,985000000.0,1800000000.0,237000000.0,,5.466,1311000000.0,,,1311000000.0,444000000.0,0.0,0.0,0.008,0.035,375000000.0,375000000.0,0.134,375000000.0,375000000.0,370000000.0,0.23,0.225,0.23,7012000000.0,,7012000000.0,16431720217.0,12.0,12.038,975000000.0,0.947,1.0,1007000000.0,0.359,0.0,5000000.0,45667000000.0,,0.0,38430000000.0,,,38329000000.0,,,16498720217.0,-394000000.0,0.0,-44000000.0,-4000000.0,-34000000.0,-51000000.0,-1322000000.0,-1318000000.0,975000000.0,4000000.0,237000000.0,237000000.0,237000000.0,0.0,0.0,0.084,632000000.0,375000000.0,102000000.0,0.152,2.353,18.856,18.853,478000000.0,0.0,16.025,1.543,1.542,405000000.0,5445000000.0,2807000000.0,2807000000.0,0.0,,,,,0.0,632000000.0,1.0,1029561324.0,1029130000,1048936000.0,2.728,45341000000.0,0.0,133000000.0,2721000000.0,44.058,
74,AFL,MRQ,2002-12-31,2002-12-31,2002-12-31,2021-09-07,2630000000.0,45058000000.0,,,,,6.2,0.0,1379000000.0,1379000000.0,1711000000.0,186000000.0,,6.047,1312000000.0,,,1312000000.0,428000000.0,0.0,0.0,0.008,0.03,301000000.0,301000000.0,0.113,301000000.0,301000000.0,295000000.0,0.185,0.175,0.185,6394000000.0,,6394000000.0,15551302564.0,12.0,12.159,603000000.0,0.585,1.0,955000000.0,0.358,0.0,6000000.0,44991000000.0,,0.0,37768000000.0,,,38664000000.0,,,15547302564.0,88000000.0,0.0,-69000000.0,-3000000.0,-29000000.0,-86000000.0,-453000000.0,-434000000.0,603000000.0,24000000.0,186000000.0,186000000.0,186000000.0,0.0,0.0,0.07,654000000.0,301000000.0,1323000000.0,0.162,2.432,18.937,18.943,482000000.0,0.0,15.06,1.516,1.52,435000000.0,5244000000.0,2666000000.0,2666000000.0,0.0,,,,,0.0,614000000.0,1.0,1032357408.0,1031314000,1052380000.0,2.585,45058000000.0,0.0,109000000.0,2364000000.0,43.69,
75,AFL,MRQ,2002-09-30,2002-09-30,2002-09-30,2021-09-07,2437000000.0,42893000000.0,,,,,5.903,0.0,1291000000.0,1291000000.0,1735000000.0,240000000.0,,6.027,1295000000.0,,,1295000000.0,413000000.0,0.0,0.0,0.007,0.03,362000000.0,362000000.0,0.134,362000000.0,362000000.0,357000000.0,0.23,0.225,0.23,6104000000.0,,6104000000.0,16396721919.0,13.0,13.159,989000000.0,0.957,1.0,972000000.0,0.359,0.0,5000000.0,42897000000.0,,0.0,35976000000.0,,,36789000000.0,,,15873721919.0,530000000.0,0.0,-82000000.0,29000000.0,-29000000.0,-61000000.0,-408000000.0,-395000000.0,989000000.0,10000000.0,240000000.0,240000000.0,240000000.0,0.0,0.0,0.089,610000000.0,362000000.0,839000000.0,0.13,2.601,19.917,20.059,469000000.0,0.0,15.345,1.588,1.587,401000000.0,5089000000.0,2707000000.0,2707000000.0,0.0,,,,,0.0,610000000.0,1.0,1034455648.0,1033968000,1055816000.0,2.618,42893000000.0,0.0,117000000.0,2346000000.0,41.484,
76,AFL,MRQ,2002-06-30,2002-06-30,2002-06-30,2021-09-07,2303000000.0,41941000000.0,,,,,5.63,0.0,761000000.0,761000000.0,1610000000.0,212000000.0,,6.189,1284000000.0,,,1284000000.0,417000000.0,0.0,0.0,0.007,0.03,327000000.0,327000000.0,0.13,327000000.0,327000000.0,322000000.0,0.205,0.2,0.205,5834000000.0,,5834000000.0,17253442688.0,15.0,14.584,572000000.0,0.552,1.0,903000000.0,0.359,0.0,5000000.0,42464000000.0,,0.0,35583000000.0,,,36107000000.0,,,16578442688.0,238000000.0,0.0,-34000000.0,-3000000.0,-30000000.0,-41000000.0,-348000000.0,-341000000.0,572000000.0,55000000.0,212000000.0,212000000.0,212000000.0,0.0,0.0,0.084,576000000.0,327000000.0,269000000.0,0.146,2.842,22.105,22.222,489000000.0,0.0,16.0,1.703,1.703,376000000.0,4880000000.0,2513000000.0,2513000000.0,0.0,,,,,0.0,576000000.0,1.0,1036152668.0,1036154000,1059212000.0,2.425,41941000000.0,0.0,110000000.0,2229000000.0,40.478,
77,AFL,MRQ,2002-03-31,2002-03-31,2002-03-31,2021-09-07,1925000000.0,37379000000.0,,,,,5.098,0.0,523000000.0,523000000.0,1534000000.0,183000000.0,,6.057,1198000000.0,,,1198000000.0,371000000.0,0.0,0.0,0.007,0.025,289000000.0,289000000.0,0.122,289000000.0,289000000.0,285000000.0,0.175,0.17,0.175,5297000000.0,,5297000000.0,15624498746.0,14.0,14.076,874000000.0,0.841,1.0,837000000.0,0.353,0.0,4000000.0,38054000000.0,,0.0,31767000000.0,,,32082000000.0,,,15269498746.0,-329000000.0,0.0,-126000000.0,-3000000.0,-24000000.0,-132000000.0,-1065000000.0,-1061000000.0,874000000.0,-6000000.0,183000000.0,183000000.0,183000000.0,0.0,0.0,0.077,548000000.0,289000000.0,9000000.0,0.143,2.883,22.098,22.348,448000000.0,0.0,14.75,1.596,1.601,344000000.0,4699000000.0,2371000000.0,2371000000.0,0.0,,,,,0.0,548000000.0,1.0,1035220254.0,1038946000,1059254000.0,2.282,37379000000.0,0.0,102000000.0,2142000000.0,35.978,
78,AFL,MRQ,2001-12-31,2001-12-31,2001-12-31,2021-09-07,2091000000.0,37860000000.0,,,,,5.194,0.0,852000000.0,852000000.0,1583000000.0,162000000.0,,5.979,1207000000.0,,,1207000000.0,352000000.0,0.0,0.0,0.008,0.025,268000000.0,268000000.0,0.111,268000000.0,268000000.0,264000000.0,0.155,0.155,0.155,5425000000.0,,5425000000.0,13284536117.0,12.0,12.077,672000000.0,0.643,1.0,821000000.0,0.342,0.0,4000000.0,38215000000.0,,0.0,31940000000.0,,,32435000000.0,,,12824536117.0,25000000.0,0.0,-62000000.0,-3000000.0,-24000000.0,-79000000.0,-496000000.0,-524000000.0,672000000.0,-72000000.0,162000000.0,162000000.0,162000000.0,0.0,0.0,0.067,553000000.0,268000000.0,765000000.0,0.161,2.364,18.667,18.748,456000000.0,0.0,12.28,1.336,1.344,341000000.0,4542000000.0,2404000000.0,2404000000.0,0.0,,,,,0.0,553000000.0,1.0,1044343332.0,1044406000,1065226000.0,2.302,37860000000.0,0.0,102000000.0,2091000000.0,36.25,
79,AFL,MRQ,2001-09-30,2001-09-30,2001-09-30,2021-09-07,2308000000.0,40050000000.0,,,,,5.302,0.0,827000000.0,827000000.0,1584000000.0,193000000.0,,6.205,1287000000.0,,,1287000000.0,364000000.0,0.0,0.0,0.007,0.025,299000000.0,299000000.0,0.122,299000000.0,299000000.0,294000000.0,0.185,0.18,0.185,5559000000.0,,5559000000.0,14787352115.0,14.0,13.517,758000000.0,0.723,1.0,862000000.0,0.352,0.0,5000000.0,40510000000.0,,0.0,33909000000.0,,,34491000000.0,,,14167352115.0,91000000.0,0.0,-69000000.0,-107000000.0,-25000000.0,-174000000.0,-519000000.0,-498000000.0,758000000.0,26000000.0,193000000.0,193000000.0,193000000.0,0.0,0.0,0.079,563000000.0,299000000.0,495000000.0,0.135,2.549,20.532,20.455,492000000.0,0.0,13.5,1.464,1.463,442000000.0,4406000000.0,2446000000.0,2446000000.0,0.0,,,,,0.0,563000000.0,1.0,1049433490.0,1048532000,1072086000.0,2.333,40050000000.0,0.0,101000000.0,2259000000.0,38.196,
80,AFL,MRQ,2001-06-30,2001-06-30,2001-06-30,2021-09-07,2291000000.0,38793000000.0,,,,,5.169,0.0,736000000.0,736000000.0,1550000000.0,153000000.0,,6.136,1356000000.0,,,1356000000.0,348000000.0,0.0,0.0,0.006,0.025,254000000.0,254000000.0,0.108,254000000.0,254000000.0,249000000.0,0.145,0.14,0.145,5436000000.0,,5436000000.0,16517846080.0,16.0,15.701,432000000.0,0.411,1.0,798000000.0,0.34,0.0,5000000.0,39413000000.0,,0.0,33069000000.0,,,33357000000.0,,,16557846080.0,-339000000.0,0.0,-32000000.0,330000000.0,-25000000.0,343000000.0,-1163000000.0,-1110000000.0,432000000.0,49000000.0,153000000.0,153000000.0,153000000.0,0.0,0.0,0.065,544000000.0,254000000.0,797000000.0,0.172,3.046,25.088,24.992,474000000.0,0.0,15.745,1.707,1.707,297000000.0,4239000000.0,2348000000.0,2348000000.0,0.0,,,,,0.0,544000000.0,1.0,1051625664.0,1051572000,1078302000.0,2.233,38793000000.0,0.0,96000000.0,2177000000.0,36.89,
81,AFL,MRQ,2001-03-31,2001-03-31,2001-03-31,2021-09-07,2179000000.0,37641000000.0,,,,,4.94,0.0,1075000000.0,1075000000.0,1586000000.0,178000000.0,,6.214,1035000000.0,,,1035000000.0,360000000.0,0.0,0.0,0.006,0.021,279000000.0,279000000.0,0.116,279000000.0,279000000.0,274000000.0,0.17,0.165,0.17,5218000000.0,,5218000000.0,15021230430.0,14.0,14.144,987000000.0,0.934,1.0,815000000.0,0.339,0.0,5000000.0,37601000000.0,,0.0,31692000000.0,,,32423000000.0,,,14551230430.0,466000000.0,0.0,-149000000.0,-3000000.0,-21000000.0,-132000000.0,-295000000.0,-277000000.0,987000000.0,-94000000.0,178000000.0,178000000.0,178000000.0,0.0,0.0,0.074,536000000.0,279000000.0,417000000.0,0.124,2.789,20.524,20.4,463000000.0,0.0,13.77,1.499,1.499,324000000.0,4112000000.0,2401000000.0,2401000000.0,0.0,,,,,0.0,536000000.0,1.0,1056734236.0,1056360000,1083534000.0,2.273,37641000000.0,0.0,96000000.0,2199000000.0,35.633,
82,AFL,MRQ,2000-12-31,2000-12-31,2000-12-31,2021-09-07,1668000000.0,37231000000.0,,,,,4.429,0.0,609000000.0,609000000.0,1663000000.0,166000000.0,,6.932,1079000000.0,,,1079000000.0,355000000.0,0.0,0.0,0.005,0.021,262000000.0,262000000.0,0.106,262000000.0,262000000.0,257000000.0,0.16,0.15,0.16,4694000000.0,,4694000000.0,19253165578.0,19.0,18.674,658000000.0,0.621,1.0,816000000.0,0.329,0.0,5000000.0,37701000000.0,,0.0,31558000000.0,,,32537000000.0,,,19147165578.0,-199000000.0,0.0,-59000000.0,261000000.0,-21000000.0,194000000.0,-1019000000.0,-1007000000.0,658000000.0,-32000000.0,166000000.0,166000000.0,166000000.0,0.0,0.0,0.067,554000000.0,262000000.0,127000000.0,0.131,4.079,27.871,27.765,481000000.0,0.0,18.047,1.973,1.974,300000000.0,3956000000.0,2479000000.0,2479000000.0,0.0,,,,,0.0,554000000.0,1.0,1060931740.0,1059828000,1091708000.0,2.339,37231000000.0,0.0,91000000.0,1894000000.0,35.129,
83,AFL,MRQ,2000-09-30,2000-09-30,2000-09-30,2021-09-07,1169000000.0,37904000000.0,,,,,3.87,0.0,808000000.0,808000000.0,1673000000.0,163000000.0,,8.236,914000000.0,,,914000000.0,361000000.0,0.0,0.0,0.005,0.021,257000000.0,257000000.0,0.104,257000000.0,257000000.0,252000000.0,0.155,0.15,0.155,4104000000.0,,4104000000.0,17268282224.0,19.0,18.508,985000000.0,0.929,1.0,799000000.0,0.323,0.0,5000000.0,38010000000.0,,0.0,31989000000.0,,,33800000000.0,,,17138282224.0,-159000000.0,0.0,-35000000.0,-164000000.0,-22000000.0,-205000000.0,-919000000.0,-911000000.0,985000000.0,-19000000.0,163000000.0,163000000.0,163000000.0,0.0,0.0,0.066,542000000.0,257000000.0,397000000.0,0.135,4.176,27.509,27.714,491000000.0,0.0,16.157,1.787,1.787,313000000.0,3812000000.0,2472000000.0,2472000000.0,0.0,,,,,0.0,542000000.0,1.0,1060701360.0,1060360000,1088784000.0,2.331,37904000000.0,0.0,89000000.0,1660000000.0,35.746,
84,AFL,MRQ,2000-06-30,2000-06-30,2000-06-30,2021-09-07,1337000000.0,38794000000.0,,,,,3.917,0.0,967000000.0,967000000.0,1647000000.0,202000000.0,,8.323,1097000000.0,,,1097000000.0,362000000.0,0.0,0.0,0.007,0.021,264000000.0,264000000.0,0.112,264000000.0,264000000.0,259000000.0,0.19,0.185,0.19,4161000000.0,,4161000000.0,12574384945.0,14.0,13.956,693000000.0,0.652,1.0,708000000.0,0.301,0.0,5000000.0,38924000000.0,,0.0,32690000000.0,,,34633000000.0,,,12194384945.0,275000000.0,0.0,-39000000.0,14000000.0,-21000000.0,-29000000.0,-397000000.0,-383000000.0,693000000.0,7000000.0,202000000.0,202000000.0,202000000.0,0.0,0.0,0.086,444000000.0,264000000.0,999000000.0,0.111,2.931,20.189,20.436,497000000.0,0.0,11.485,1.309,1.31,286000000.0,3672000000.0,2355000000.0,2355000000.0,0.0,,,,,0.0,545000000.0,1.0,1061766212.0,1062286000,1089722000.0,2.217,38794000000.0,0.0,57000000.0,1705000000.0,36.519,
85,AFL,MRQ,2000-03-31,2000-03-31,2000-03-31,2021-09-07,1389000000.0,37391000000.0,,,,,3.828,0.0,692000000.0,692000000.0,1620000000.0,156000000.0,,8.194,1072000000.0,,,1072000000.0,360000000.0,0.0,0.0,0.007,0.019,248000000.0,248000000.0,0.103,248000000.0,248000000.0,243000000.0,0.145,0.145,0.145,4067000000.0,,4067000000.0,12572374609.0,15.0,14.985,909000000.0,0.856,1.0,778000000.0,0.324,0.0,5000000.0,37771000000.0,,0.0,31759000000.0,,,33324000000.0,,,12077374609.0,76000000.0,0.0,-75000000.0,-4000000.0,-18000000.0,-90000000.0,-724000000.0,-723000000.0,909000000.0,-19000000.0,156000000.0,156000000.0,156000000.0,0.0,0.0,0.065,530000000.0,248000000.0,340000000.0,0.131,2.97,22.702,23.01,492000000.0,0.0,11.39,1.343,1.346,262000000.0,3493000000.0,2398000000.0,2398000000.0,0.0,,,,,0.0,530000000.0,1.0,1060348956.0,1062398000,1089046000.0,2.257,37391000000.0,0.0,87000000.0,1727000000.0,35.195,
86,AFL,MRQ,1999-12-31,1999-12-31,1999-12-31,2021-09-07,1264000000.0,37041000000.0,,,,,3.635,0.0,616000000.0,616000000.0,1608000000.0,102000000.0,,8.576,1018000000.0,,,1018000000.0,361000000.0,0.0,0.0,0.006,0.019,164000000.0,164000000.0,0.069,164000000.0,164000000.0,159000000.0,0.093,0.095,0.093,3868000000.0,,3868000000.0,13103113375.0,16.0,16.461,610000000.0,0.573,1.0,757000000.0,0.32,0.0,5000000.0,37443000000.0,,0.0,31408000000.0,,,33173000000.0,,,12558113375.0,82000000.0,0.0,-34000000.0,-16000000.0,-19000000.0,-57000000.0,-505000000.0,-493000000.0,610000000.0,34000000.0,102000000.0,102000000.0,102000000.0,0.0,0.0,0.043,593000000.0,164000000.0,0.0,0.204,3.247,21.993,22.051,509000000.0,0.0,11.797,1.453,1.452,270000000.0,3356000000.0,2365000000.0,2365000000.0,0.0,,,,,0.0,529000000.0,1.0,1064472420.0,1064032000,1097844000.0,2.223,37041000000.0,0.0,57000000.0,1511000000.0,34.812,
87,AFL,MRQ,1999-09-30,1999-09-30,1999-09-30,2021-09-07,1228000000.0,35225000000.0,,,,,3.551,0.0,534000000.0,534000000.0,1498000000.0,144000000.0,,8.339,1079000000.0,,,1079000000.0,335000000.0,0.0,0.0,0.007,0.019,225000000.0,225000000.0,0.102,225000000.0,225000000.0,220000000.0,0.135,0.13,0.135,3772000000.0,,3772000000.0,11783831755.0,14.0,15.107,925000000.0,0.871,1.0,698000000.0,0.318,0.0,5000000.0,35770000000.0,,0.0,29875000000.0,,,31453000000.0,,,11133831755.0,156000000.0,0.0,-28000000.0,-75000000.0,-18000000.0,-122000000.0,-686000000.0,-680000000.0,925000000.0,39000000.0,144000000.0,144000000.0,144000000.0,0.0,0.0,0.066,473000000.0,225000000.0,75000000.0,0.141,2.952,19.0,19.036,493000000.0,0.0,10.47,1.354,1.353,398000000.0,3274000000.0,2196000000.0,2196000000.0,0.0,,,,,0.0,473000000.0,1.0,1063403224.0,1062160000,1097988000.0,2.067,35225000000.0,0.0,76000000.0,1624000000.0,33.164,
88,AFL,MRQ,1999-06-30,1999-06-30,1999-06-30,2021-09-07,1248000000.0,31602000000.0,,,,,3.434,0.0,378000000.0,378000000.0,1380000000.0,130000000.0,,7.656,1028000000.0,,,1028000000.0,304000000.0,0.0,0.0,0.006,0.019,202000000.0,202000000.0,0.099,202000000.0,202000000.0,197000000.0,0.122,0.117,0.122,3651000000.0,,3651000000.0,13097603224.0,17.0,17.723,569000000.0,0.535,1.0,652000000.0,0.321,0.0,5000000.0,32252000000.0,,0.0,26872000000.0,,,27951000000.0,,,12793603224.0,109000000.0,0.0,-122000000.0,446000000.0,-18000000.0,313000000.0,-769000000.0,-763000000.0,569000000.0,-4000000.0,130000000.0,130000000.0,130000000.0,0.0,0.0,0.064,450000000.0,202000000.0,458000000.0,0.156,3.504,23.261,23.243,449000000.0,0.0,11.97,1.656,1.648,355000000.0,3151000000.0,2032000000.0,2032000000.0,0.0,,,,,0.0,450000000.0,1.0,1068805616.0,1063272000,1103876000.0,1.911,31602000000.0,0.0,67000000.0,1540000000.0,29.721,
89,AFL,MRQ,1999-03-31,1999-03-31,1999-03-31,2021-09-07,1457000000.0,31349000000.0,,,,,3.625,0.0,269000000.0,269000000.0,1400000000.0,196000000.0,,7.124,573000000.0,,,573000000.0,306000000.0,0.0,0.0,0.005,0.016,207000000.0,207000000.0,0.101,207000000.0,207000000.0,203000000.0,0.185,0.177,0.185,3859000000.0,,3859000000.0,14728172117.0,21.0,20.832,699000000.0,0.657,1.0,648000000.0,0.316,0.0,4000000.0,31653000000.0,,0.0,26948000000.0,,,27490000000.0,,,14506172117.0,-105000000.0,0.0,-1000000.0,-3000000.0,-17000000.0,-17000000.0,-778000000.0,-775000000.0,699000000.0,-9000000.0,196000000.0,196000000.0,196000000.0,0.0,0.0,0.096,441000000.0,207000000.0,437000000.0,0.086,3.759,27.736,27.889,450000000.0,0.0,13.61,1.961,1.959,255000000.0,3040000000.0,2048000000.0,2048000000.0,0.0,,,,,0.0,441000000.0,1.0,1065846592.0,1064460000,1107076000.0,1.924,31349000000.0,0.0,7000000.0,1733000000.0,29.451,
90,AFL,MRQ,1998-12-31,1998-12-31,1998-12-31,2021-09-07,1551000000.0,31222000000.0,,,,,3.552,0.0,374000000.0,374000000.0,1222000000.0,116000000.0,,7.282,596000000.0,,,596000000.0,309000000.0,-34000000.0,0.0,0.006,0.016,180000000.0,146000000.0,0.075,146000000.0,180000000.0,176000000.0,0.108,0.105,0.108,3770000000.0,,3770000000.0,11852543225.0,21.0,21.015,665000000.0,0.627,1.0,722000000.0,0.371,0.0,4000000.0,31444000000.0,,0.0,26620000000.0,,,27452000000.0,,,11640638225.0,84000000.0,0.0,-4000000.0,7000000.0,-13000000.0,-7000000.0,-615000000.0,-593000000.0,665000000.0,41000000.0,116000000.0,116000000.0,116000000.0,0.0,0.0,0.06,542000000.0,180000000.0,0.0,0.148,3.088,23.903,24.11,466000000.0,0.0,10.97,1.639,1.645,272000000.0,2862000000.0,1944000000.0,1944000000.0,0.0,,,,,0.0,431000000.0,1.0,1061133840.0,1061324000,1101384000.0,1.832,31222000000.0,0.0,60000000.0,1865000000.0,29.418,
91,AFL,MRQ,1998-09-30,1998-09-30,1998-09-30,2021-09-07,1463791000.0,28366449000.0,,,,,3.357,0.0,290178000.0,290178000.0,1160000000.0,108000000.0,,6.943,502083000.0,,,502083000.0,270593000.0,20000000.0,0.0,0.009,0.016,164000000.0,184000000.0,0.108,184000000.0,164000000.0,161000000.0,0.1,0.098,0.1,3571267000.0,,3571267000.0,7802738542.0,15.0,13.796,723000000.0,0.68,1.0,540000000.0,0.318,0.0,3000000.0,28578354000.0,,0.0,24458348000.0,,,24795182000.0,,,7624521542.0,-54000000.0,0.0,-60000000.0,-43000000.0,-18000000.0,-119000000.0,-671000000.0,-658000000.0,723000000.0,13000000.0,108000000.0,108000000.0,108000000.0,0.0,0.0,0.064,376000000.0,164000000.0,182453000.0,0.16,2.135,16.328,16.414,371999000.0,0.0,7.14,1.104,1.1,236443000.0,2763063000.0,1700000000.0,1700000000.0,0.0,,,,,0.0,376000000.0,1.0,1067860160.0,1063712000,1101148000.0,1.598,28366449000.0,0.0,53000000.0,1743224000.0,26.667,
92,AFL,MRQ,1998-06-30,1998-06-30,1998-06-30,2021-09-07,1458501000.0,26306741000.0,,,,,3.308,0.0,344380000.0,344380000.0,1171000000.0,103000000.0,,6.441,522597000.0,,,522597000.0,263901000.0,7000000.0,0.0,0.008,0.016,163000000.0,170000000.0,0.1,170000000.0,163000000.0,160000000.0,0.095,0.092,0.095,3535182000.0,,3535182000.0,8479663974.0,16.0,15.689,491000000.0,0.46,1.0,533000000.0,0.313,0.0,3000000.0,26484958000.0,,0.0,22457078000.0,,,22771559000.0,,,8113872974.0,199000000.0,0.0,-34000000.0,40000000.0,-18000000.0,-10000000.0,-262000000.0,-255000000.0,491000000.0,-20000000.0,103000000.0,103000000.0,103000000.0,0.0,0.0,0.06,370000000.0,163000000.0,107036000.0,0.168,2.295,17.831,17.956,367276000.0,0.0,7.577,1.16,1.157,244368000.0,2672850000.0,1704000000.0,1704000000.0,0.0,,,,,0.0,370000000.0,1.0,1070784952.0,1068552000,1106296000.0,1.595,26306741000.0,0.0,57000000.0,1663750000.0,24.619,
93,AFL,MRQ,1998-03-31,1998-03-31,1998-03-31,2021-09-07,1431757000.0,27528228000.0,,,,,3.236,0.0,145395000.0,145395000.0,1325000000.0,160000000.0,,6.971,511186000.0,,,511186000.0,277768000.0,7000000.0,0.0,0.007,0.014,56000000.0,63000000.0,0.036,63000000.0,56000000.0,53000000.0,0.15,0.145,0.15,3453697000.0,,3453697000.0,8735944468.0,11.0,11.065,621000000.0,0.582,1.0,432000000.0,0.246,0.0,3000000.0,27894019000.0,,0.0,23853250000.0,,,24074531000.0,,,8448410468.0,-91000000.0,0.0,3000000.0,-5000000.0,-14000000.0,-15000000.0,-697000000.0,-691000000.0,621000000.0,0.0,160000000.0,160000000.0,160000000.0,0.0,0.0,0.091,376000000.0,56000000.0,9519000.0,0.093,2.446,12.901,13.068,380755000.0,0.0,7.906,1.157,1.156,214142000.0,2587529000.0,1757000000.0,1757000000.0,0.0,,,,,0.0,376000000.0,1.0,1068573656.0,1067324000,1105176000.0,1.646,27528228000.0,0.0,-107000000.0,1694185000.0,25.792,
94,AFL,MRQ,1997-12-31,1997-12-31,1997-12-31,2021-09-07,1559000000.0,29454000000.0,,,,,3.195,0.0,236000000.0,236000000.0,1200161000.0,95971000.0,,7.587,523000000.0,,,523000000.0,277000000.0,0.0,0.0,0.009,0.014,148562000.0,148562000.0,0.085,148562000.0,148562000.0,145110000.0,0.09,0.088,0.09,3430000000.0,,3430000000.0,7353291248.0,8.0,8.366,650053000.0,0.606,1.0,544989000.0,0.312,0.0,3452000.0,29741000000.0,,0.0,25678000000.0,,,26024000000.0,,,6941646248.0,11312000.0,367000.0,-158864000.0,141737000.0,-11950000.0,-25401000.0,-601658000.0,-597145000.0,650053000.0,-11682000.0,95971000.0,95971000.0,95971000.0,0.0,0.0,0.055,396427000.0,148562000.0,216000000.0,0.156,2.024,11.866,11.902,386000000.0,0.0,6.391,0.957,0.959,216000000.0,2442000000.0,1745150000.0,1745150000.0,0.0,,,,,0.0,396427000.0,1.0,1086117152.0,1073512000,1109788000.0,1.626,29454000000.0,0.0,49139000.0,1827000000.0,27.437,
95,AFL,MRQ,1997-09-30,1997-09-30,1997-09-30,2021-09-07,860335000.0,29808634000.0,,,,,2.562,0.0,1866000.0,1866000.0,1241090000.0,96079000.0,,9.67,413511000.0,,,413511000.0,278577000.0,0.0,0.0,0.008,0.014,158911000.0,158911000.0,0.089,158911000.0,158911000.0,155810000.0,0.087,0.085,0.087,2793775000.0,,2793775000.0,7969098546.0,8.0,8.071,762988000.0,0.7,1.0,548530000.0,0.307,0.0,3101000.0,30220279000.0,,0.0,26144154000.0,,,27014859000.0,,,7429849546.0,-316822000.0,0.0,-61558000.0,-100834000.0,-15632000.0,-175731000.0,-885532000.0,-883501000.0,762988000.0,-18547000.0,96079000.0,96079000.0,96079000.0,0.0,0.0,0.054,389619000.0,158911000.0,93444000.0,0.161,2.659,11.937,11.793,420292000.0,0.0,6.781,1.01,1.005,231697000.0,2361773000.0,1789620000.0,1789620000.0,0.0,,,,,0.0,389619000.0,1.0,1095646016.0,1090420000,1129800000.0,1.641,29808634000.0,0.0,59731000.0,1353690000.0,27.337,
96,AFL,MRQ,1997-06-30,1997-06-30,1997-06-30,2021-09-07,731711000.0,30190120000.0,,,,,2.42,0.0,0.0,0.0,1204680000.0,302793000.0,,10.417,539249000.0,,,539249000.0,291516000.0,0.0,0.0,0.009,0.014,419074000.0,419074000.0,0.209,419074000.0,419074000.0,414961000.0,0.278,0.268,0.278,2644301000.0,,2644301000.0,6937400921.0,7.0,7.043,580899000.0,0.532,1.0,804007000.0,0.4,0.0,4113000.0,30729369000.0,,0.0,26382437000.0,,,27545819000.0,,,6450945921.0,-377847000.0,350633000.0,-7768000.0,394000.0,-15718000.0,-22041000.0,-956372000.0,-1305713000.0,580899000.0,19667000.0,302793000.0,302793000.0,302793000.0,0.0,0.0,0.151,384933000.0,419074000.0,228044000.0,0.05,2.44,10.495,10.454,444382000.0,0.0,5.906,0.878,0.879,229573000.0,2281326000.0,2008687000.0,2008687000.0,0.0,,,,,0.0,384933000.0,1.0,1092223648.0,1092888000,1131492000.0,1.838,30190120000.0,0.0,112168000.0,1451651000.0,27.624,
97,AFL,MRQ,1997-03-31,1997-03-31,1997-03-31,2021-09-07,665033000.0,27107769000.0,,,,,2.094,0.0,9698000.0,9698000.0,1187069000.0,90157000.0,,10.801,496153000.0,,,496153000.0,279398000.0,0.0,0.0,0.011,0.013,152453000.0,152453000.0,0.089,152453000.0,152453000.0,149119000.0,0.083,0.08,0.083,2297056000.0,,2297056000.0,5476504450.0,8.0,7.668,615060000.0,0.561,1.0,520474000.0,0.305,60383000.0,3334000.0,27533841000.0,,0.0,23549734000.0,,,24810713000.0,,,5122971450.0,710357000.0,0.0,-60810000.0,164703000.0,-13700000.0,91173000.0,9562000.0,10359000.0,615060000.0,-5438000.0,90157000.0,90157000.0,90157000.0,0.0,0.0,0.053,368021000.0,152453000.0,142825000.0,0.157,2.23,12.884,12.985,442581000.0,0.0,4.688,0.724,0.727,217131000.0,1994251000.0,1707543000.0,1707543000.0,0.0,,,,,0.0,368021000.0,1.0,1092900576.0,1097020000,1134528000.0,1.557,27047386000.0,0.0,58962000.0,1268752000.0,24.655,
98,AFL,MRQ,1996-12-31,1996-12-31,1996-12-31,2021-09-07,509936000.0,25020384000.0,,,,,2.108,8997000.0,209095000.0,209095000.0,1244356000.0,133385000.0,,10.771,353533000.0,,,353533000.0,288976000.0,48000000.0,0.0,0.009,0.013,208938000.0,256938000.0,0.139,256938000.0,208938000.0,205614000.0,0.127,,0.127,2125569000.0,,2125569000.0,,,,714374000.0,0.709,1.0,608488000.0,0.328,60933000.0,3324000.0,25103889000.0,,0.0,21108923000.0,,,22894815000.0,,,5840187453.0,3725000.0,99000000.0,-46920000.0,-5043000.0,-13676000.0,-63722000.0,-626917000.0,-724914000.0,705377000.0,-11013000.0,133385000.0,133385000.0,133385000.0,0.0,0.0,0.072,399550000.0,208938000.0,99408000.0,0.102,2.748,14.823,15.181,471907000.0,0.0,5.344,0.823,0.844,226981000.0,1917794000.0,1852844000.0,1852844000.0,0.0,,,,,0.0,399550000.0,1.0,1092900576.0,1008248000,,1.838,24959451000.0,0.0,72229000.0,1181121000.0,24.755,
99,AFL,MRQ,1996-09-30,1996-09-30,1996-09-30,2021-09-07,,,,,,,,-3871000.0,,,1234584000.0,88345000.0,,,,,,,,0.0,,0.011,0.013,156598000.0,156598000.0,0.088,156598000.0,156598000.0,152961000.0,0.077,,0.077,,,,,,,718463000.0,0.626,1.0,540995000.0,0.305,,3637000.0,,,,,,,,,,,15719000.0,0.0,-65983000.0,-41012000.0,-13952000.0,-120445000.0,-585607000.0,-581736000.0,722334000.0,-563000.0,88345000.0,88345000.0,88345000.0,0.0,0.0,0.05,384397000.0,156598000.0,,0.169,,,,,0.0,4.438,,,,,1775579000.0,1775579000.0,0.0,,,,,0.0,384397000.0,1.0,,1147864000,,1.547,,,64616000.0,,,
100,AFL,MRQ,1996-06-30,1996-06-30,1996-06-30,2021-09-07,,,,,,,,-759000.0,,,1208051000.0,85747000.0,,,,,,,,0.0,,0.012,0.013,148195000.0,148195000.0,0.085,148195000.0,148195000.0,144242000.0,0.074,,0.074,,,,,,,615055000.0,0.531,1.0,533606000.0,0.306,,3953000.0,,,,,,,,,,,-2930000.0,0.0,-52864000.0,-15245000.0,-14043000.0,-80811000.0,-537237000.0,-536478000.0,615814000.0,-696000.0,85747000.0,85747000.0,85747000.0,0.0,0.0,0.049,385411000.0,148195000.0,,0.176,,,,,0.0,3.734,,,,,1741657000.0,1741657000.0,0.0,,,,,0.0,385411000.0,1.0,,1159032000,,1.503,,,58495000.0,,,
101,AFL,MRQ,1996-03-31,1996-03-31,1996-03-31,2021-09-07,,,,,,,,-4367000.0,,,1209009000.0,86523000.0,,,,,,,,0.0,,0.011,0.011,152269000.0,152269000.0,0.088,152269000.0,152269000.0,147183000.0,0.074,,0.074,,,,,,,646108000.0,0.552,1.0,520911000.0,0.301,,5086000.0,,,,,,,,,,,2486000.0,0.0,-3233000.0,121300000.0,-12329000.0,107978000.0,-755239000.0,-750872000.0,650475000.0,-728000.0,86523000.0,86523000.0,86523000.0,0.0,0.0,0.05,368642000.0,152269000.0,,0.149,,,,,0.0,3.875,,,,,1729920000.0,1729920000.0,0.0,,,,,0.0,368642000.0,1.0,,1170928000,,1.477,,,60660000.0,,,
102,AFL,MRQ,1995-12-31,1995-12-31,1995-12-31,2021-09-07,696106000.0,25216509000.0,,,,,1.831,,4139000.0,4139000.0,,,,10.816,327268000.0,,,327268000.0,301452000.0,,0.0,0.012,0.011,,,,,,,,,,2134141000.0,,2134141000.0,,,,,,1.0,,,104546000.0,,25435092000.0,,0.0,21419022000.0,,,23082368000.0,,,,,,,,,,,,,,,,,,,,,,80014000.0,,,,12.083,552061000.0,,3.625,,0.588,199634000.0,1577605000.0,,,,,,,,,,1.0,,1165416000,,,25111963000.0,0.0,,1397709000.0,21.548,
0,AFL,MRT,2021-06-30,2021-06-30,2021-06-30,2021-09-07,8019000000.0,161492000000.0,161422500000.0,,,0.143,49.753,0.0,5469000000.0,5469000000.0,11347000000.0,5806000000.0,,3.787,8121000000.0,,,8121000000.0,3005000000.0,0.0,0.0,0.023,1.22,5594000000.0,5594000000.0,0.243,5594000000.0,5594000000.0,5346000000.0,8.32,8.29,8.32,33735000000.0,32969000000.0,33735000000.0,39568943776.0,7.0,7.073,5685000000.0,8.384,1.0,11664000000.0,0.507,0.0,248000000.0,164144000000.0,164115000000.0,0.0,43449000000.0,,,127757000000.0,,,36470943776.0,-59000000.0,0.0,-2024000000.0,453000000.0,-811000000.0,-2408000000.0,-3338000000.0,-3197000000.0,5685000000.0,2000000.0,5806000000.0,5806000000.0,5806000000.0,0.0,0.0,0.252,6070000000.0,5594000000.0,3133000000.0,0.147,1.081,6.282,6.45,563000000.0,0.0,53.66,1.585,1.581,788000000.0,40162000000.0,23011000000.0,23011000000.0,0.0,0.036,0.176,0.034,0.243,0.0,6070000000.0,1.0,679667234.0,678050000,680920000.0,33.937,161492000000.0,0.0,-460000000.0,4451000000.0,238.171,
1,AFL,MRT,2021-03-31,2021-03-31,2021-03-31,2021-09-07,6807000000.0,158157000000.0,160321250000.0,,,0.143,46.598,0.0,4990000000.0,4990000000.0,11591000000.0,5506000000.0,,3.927,8088000000.0,,,8088000000.0,3194000000.0,0.0,0.0,0.023,1.17,5292000000.0,5292000000.0,0.232,5292000000.0,5292000000.0,5043000000.0,7.81,7.79,7.81,32103000000.0,31890250000.0,32103000000.0,37999886908.0,7.0,7.181,5910000000.0,8.578,1.0,11263000000.0,0.493,0.0,249000000.0,161255000000.0,162911500000.0,0.0,41908000000.0,,,126054000000.0,,,35241886908.0,842000000.0,0.0,-1704000000.0,1400000000.0,-793000000.0,-1139000000.0,-3872000000.0,-3630000000.0,5910000000.0,-57000000.0,5506000000.0,5506000000.0,5506000000.0,0.0,0.0,0.241,5971000000.0,5292000000.0,1896000000.0,0.15,1.098,6.401,6.553,578000000.0,0.0,51.18,1.542,1.543,777000000.0,39277000000.0,22854000000.0,22854000000.0,0.0,0.034,0.173,0.032,0.232,0.0,5971000000.0,1.0,688587083.0,688938000,691940000.0,33.173,158157000000.0,0.0,-463000000.0,4350000000.0,229.566,
2,AFL,MRT,2020-12-31,2020-12-31,2020-12-31,2021-09-07,8934000000.0,165086000000.0,158686000000.0,,,0.14,47.021,0.0,5141000000.0,5141000000.0,11796000000.0,4778000000.0,,3.919,7899000000.0,,,7899000000.0,3597000000.0,0.0,0.0,0.025,1.12,4401000000.0,4401000000.0,0.199,4401000000.0,4401000000.0,4159000000.0,6.69,6.67,6.69,33559000000.0,30465000000.0,33559000000.0,33499740045.0,8.0,7.612,5958000000.0,8.348,1.0,10351000000.0,0.467,0.0,242000000.0,167844000000.0,161154250000.0,0.0,43326000000.0,,,131527000000.0,,,31237740045.0,245000000.0,0.0,-1503000000.0,1195000000.0,-769000000.0,-1115000000.0,-4619000000.0,-4354000000.0,5958000000.0,21000000.0,4778000000.0,4778000000.0,4778000000.0,0.0,0.0,0.216,5950000000.0,4401000000.0,964000000.0,0.167,0.931,6.538,6.647,601000000.0,0.0,44.47,1.41,1.433,796000000.0,37984000000.0,22147000000.0,22147000000.0,0.0,0.03,0.157,0.027,0.199,0.0,5950000000.0,1.0,702445245.0,713702000,716192000.0,31.031,165086000000.0,0.0,-619000000.0,4661000000.0,231.309,
3,AFL,MRT,2020-09-30,2020-09-30,2020-09-30,2021-09-07,7917000000.0,160955000000.0,155606500000.0,,,0.14,45.636,0.0,5563000000.0,5563000000.0,11805000000.0,4608000000.0,,3.956,7825000000.0,,,7825000000.0,3729000000.0,0.0,0.0,0.031,1.11,4238000000.0,4238000000.0,0.194,4238000000.0,4238000000.0,4000000000.0,6.42,6.4,6.42,32479000000.0,29315000000.0,32479000000.0,28157364940.0,7.0,6.644,5793000000.0,8.14,1.0,10032000000.0,0.459,0.0,238000000.0,163217000000.0,157803500000.0,0.0,140566000000.0,,,128476000000.0,,,25914364940.0,1347000000.0,0.0,-1469000000.0,1542000000.0,-772000000.0,-715000000.0,-3736000000.0,-3413000000.0,5793000000.0,5000000.0,4608000000.0,4608000000.0,4608000000.0,0.0,0.0,0.211,5794000000.0,4238000000.0,1495000000.0,0.173,0.798,5.624,5.662,584000000.0,0.0,36.35,1.187,1.185,824000000.0,37460000000.0,21837000000.0,21837000000.0,0.0,0.03,0.157,0.027,0.194,0.0,5794000000.0,1.0,712912378.0,711698000,713793000.0,30.683,160955000000.0,0.0,-608000000.0,4278000000.0,226.156,
4,AFL,MRT,2020-06-30,2020-06-30,2020-06-30,2021-09-07,6750000000.0,157087000000.0,153902000000.0,,,0.141,40.981,0.0,5528000000.0,5528000000.0,11847000000.0,2929000000.0,,4.339,7771000000.0,,,7771000000.0,3854000000.0,0.0,0.0,0.031,1.1,4115000000.0,4115000000.0,0.19,4115000000.0,4115000000.0,3883000000.0,4.02,4.0,4.02,29420000000.0,28554750000.0,29420000000.0,28461810322.0,7.0,6.917,5699000000.0,7.939,1.0,9861000000.0,0.454,0.0,232000000.0,159330000000.0,156037750000.0,0.0,136705000000.0,,,127667000000.0,,,25851810322.0,2509000000.0,0.0,-1373000000.0,1542000000.0,-770000000.0,-583000000.0,-2564000000.0,-2197000000.0,5699000000.0,-43000000.0,2929000000.0,2929000000.0,2929000000.0,0.0,0.0,0.135,5746000000.0,4115000000.0,2275000000.0,0.274,0.879,8.826,8.963,584000000.0,0.0,36.03,1.191,1.192,894000000.0,35204000000.0,21708000000.0,21708000000.0,0.0,0.019,0.103,0.026,0.19,0.0,5746000000.0,1.0,717507919.0,717889000,719764000.0,30.239,157087000000.0,0.0,954000000.0,5228000000.0,218.818,
5,AFL,MRT,2020-03-31,2020-03-31,2020-03-31,2021-09-07,4188000000.0,151616000000.0,152480250000.0,,,0.143,36.448,0.0,4148000000.0,4148000000.0,11914000000.0,2941000000.0,,4.743,6758000000.0,,,6758000000.0,4044000000.0,0.0,0.0,0.032,1.09,4148000000.0,4148000000.0,0.19,4148000000.0,4148000000.0,3922000000.0,4.0,3.97,4.0,26402000000.0,28260000000.0,26402000000.0,26412108768.0,6.0,6.367,5325000000.0,7.351,1.0,9898000000.0,0.454,0.0,226000000.0,154226000000.0,154858250000.0,0.0,132819000000.0,,,125214000000.0,,,24739108768.0,256000000.0,0.0,-1540000000.0,810000000.0,-771000000.0,-1473000000.0,-3596000000.0,-3433000000.0,5325000000.0,0.0,2941000000.0,2941000000.0,2941000000.0,0.0,0.0,0.135,5750000000.0,4148000000.0,2969000000.0,0.273,0.937,8.412,8.56,586000000.0,0.0,34.24,1.134,1.137,813000000.0,34599000000.0,21812000000.0,21812000000.0,0.0,0.019,0.104,0.027,0.19,0.0,5750000000.0,1.0,722520700.0,724366000,727512000.0,30.112,151616000000.0,0.0,981000000.0,4610000000.0,209.309,
6,AFL,MRT,2019-12-31,2019-12-31,2019-12-31,2021-09-07,6615000000.0,152768000000.0,150996000000.0,,,0.148,39.007,0.0,4896000000.0,4896000000.0,11942000000.0,3304000000.0,,4.275,6569000000.0,,,6569000000.0,4243000000.0,0.0,0.0,0.02,1.08,4673000000.0,4673000000.0,0.209,4673000000.0,4673000000.0,4445000000.0,4.45,4.43,4.45,28959000000.0,28171750000.0,28959000000.0,40846552729.0,9.0,8.741,5455000000.0,7.348,1.0,10365000000.0,0.465,0.0,228000000.0,154441000000.0,153223500000.0,0.0,133195000000.0,,,123809000000.0,,,38829552729.0,559000000.0,0.0,-1578000000.0,615000000.0,-771000000.0,-1713000000.0,-3171000000.0,-3048000000.0,5455000000.0,-12000000.0,3304000000.0,3304000000.0,3304000000.0,0.0,0.0,0.148,5692000000.0,4673000000.0,1876000000.0,0.243,1.341,11.752,11.888,581000000.0,0.0,52.9,1.741,1.761,828000000.0,34291000000.0,22307000000.0,22307000000.0,0.0,0.022,0.117,0.03,0.209,0.0,5692000000.0,1.0,734018010.0,742414000,746430000.0,30.047,152768000000.0,0.0,1141000000.0,5370000000.0,205.772,
7,AFL,MRT,2019-09-30,2019-09-30,2019-09-30,2021-09-07,7251000000.0,154137000000.0,147905500000.0,,,0.148,39.784,0.0,4216000000.0,4216000000.0,11883000000.0,3047000000.0,,4.236,6233000000.0,,,6233000000.0,4544000000.0,0.0,0.0,0.02,1.07,4339000000.0,4339000000.0,0.199,4339000000.0,4339000000.0,4109000000.0,4.07,4.05,4.07,29438000000.0,26797500000.0,29438000000.0,41948856087.0,10.0,9.668,5618000000.0,7.592,1.0,9947000000.0,0.456,0.0,230000000.0,156154000000.0,150075000000.0,0.0,135294000000.0,,,124699000000.0,,,38736856087.0,787000000.0,0.0,-1475000000.0,738000000.0,-777000000.0,-1532000000.0,-3356000000.0,-3359000000.0,5618000000.0,57000000.0,3047000000.0,3047000000.0,3047000000.0,0.0,0.0,0.14,5608000000.0,4339000000.0,2189000000.0,0.263,1.316,12.713,12.855,562000000.0,0.0,52.32,1.774,1.773,908000000.0,33710000000.0,21830000000.0,21830000000.0,0.0,0.021,0.114,0.029,0.199,0.0,5608000000.0,1.0,740383335.0,739946000,743842000.0,29.502,154137000000.0,0.0,1062000000.0,5737000000.0,208.308,
8,AFL,MRT,2019-06-30,2019-06-30,2019-06-30,2021-09-07,6364000000.0,151400000000.0,143856500000.0,,,0.152,37.9,0.0,3019000000.0,3019000000.0,11858000000.0,3115000000.0,,4.361,6231000000.0,,,6231000000.0,4763000000.0,0.0,0.0,0.019,1.06,4445000000.0,4445000000.0,0.203,4445000000.0,4445000000.0,4219000000.0,4.12,4.1,4.12,28241000000.0,25246500000.0,28241000000.0,42867162412.0,10.0,9.644,5564000000.0,7.467,1.0,10013000000.0,0.458,0.0,226000000.0,154612000000.0,145984250000.0,0.0,133578000000.0,,,123159000000.0,,,40859162412.0,-828000000.0,0.0,-1475000000.0,738000000.0,-786000000.0,-1606000000.0,-4866000000.0,-5094000000.0,5564000000.0,80000000.0,3115000000.0,3115000000.0,3115000000.0,0.0,0.0,0.142,5568000000.0,4445000000.0,1557000000.0,0.257,1.447,13.117,13.303,562000000.0,0.0,54.81,1.868,1.867,883000000.0,33130000000.0,21871000000.0,21871000000.0,0.0,0.022,0.123,0.03,0.203,0.0,5568000000.0,1.0,745469119.0,745153000,748849000.0,29.351,151400000000.0,0.0,1104000000.0,5243000000.0,203.18,
9,AFL,MRT,2019-03-31,2019-03-31,2019-03-31,2021-09-07,4481000000.0,145679000000.0,141503000000.0,,,0.155,34.666,0.0,3892000000.0,3892000000.0,11925000000.0,3130000000.0,,4.592,5900000000.0,,,5900000000.0,4859000000.0,0.0,0.0,0.021,1.05,4464000000.0,4464000000.0,0.203,4464000000.0,4464000000.0,4241000000.0,4.1,4.08,4.1,26049000000.0,24136250000.0,26049000000.0,38957618750.0,9.0,8.727,6320000000.0,8.411,1.0,10024000000.0,0.457,0.0,223000000.0,147687000000.0,143194750000.0,0.0,127546000000.0,,,119630000000.0,,,37516618750.0,-188000000.0,0.0,-1439000000.0,468000000.0,-793000000.0,-1829000000.0,-4674000000.0,-4869000000.0,6320000000.0,-5000000.0,3130000000.0,3130000000.0,3130000000.0,0.0,0.0,0.143,5560000000.0,4464000000.0,1969000000.0,0.256,1.44,11.986,12.195,559000000.0,0.0,50.0,1.709,1.712,858000000.0,32513000000.0,21949000000.0,21949000000.0,0.0,0.022,0.13,0.031,0.203,0.0,5560000000.0,1.0,750332375.0,751423000,755790000.0,29.21,145679000000.0,0.0,1111000000.0,5182000000.0,193.871,
10,AFL,MRT,2018-12-31,2018-12-31,2018-12-31,2021-09-07,2151000000.0,140406000000.0,141922250000.0,,,0.153,30.486,0.0,4337000000.0,4337000000.0,12000000000.0,2920000000.0,,4.984,5778000000.0,,,5778000000.0,5090000000.0,0.0,0.0,0.023,1.04,4205000000.0,4205000000.0,0.193,4205000000.0,4205000000.0,3983000000.0,3.79,3.77,3.79,23462000000.0,23695750000.0,23462000000.0,36533886958.0,9.0,8.688,6014000000.0,7.815,1.0,9758000000.0,0.448,0.0,222000000.0,141847000000.0,143435000000.0,0.0,121906000000.0,,,116944000000.0,,,34683886958.0,846000000.0,0.0,-1243000000.0,470000000.0,-793000000.0,-1616000000.0,-3582000000.0,-3758000000.0,6014000000.0,30000000.0,2920000000.0,2920000000.0,2920000000.0,0.0,0.0,0.134,5553000000.0,4205000000.0,1052000000.0,0.274,1.478,11.878,12.021,443000000.0,0.0,45.56,1.594,1.611,851000000.0,31788000000.0,21758000000.0,21758000000.0,0.0,0.021,0.123,0.029,0.193,0.0,5553000000.0,1.0,761279345.0,769588000,774650000.0,28.272,140406000000.0,0.0,1063000000.0,4020000000.0,182.443,
11,AFL,MRT,2018-09-30,2018-09-30,2018-09-30,2021-09-07,1909000000.0,137941000000.0,141125000000.0,,,0.156,30.29,0.0,3429000000.0,3429000000.0,12082000000.0,4977000000.0,,4.937,5279000000.0,,,5279000000.0,5224000000.0,0.0,0.0,0.021,1.005,4480000000.0,4480000000.0,0.203,4480000000.0,4480000000.0,4258000000.0,6.37,6.32,6.37,23234000000.0,23979750000.0,23234000000.0,37608358144.0,8.0,8.395,6191000000.0,8.071,1.0,9972000000.0,0.452,0.0,222000000.0,139791000000.0,142727000000.0,0.0,120785000000.0,,,114707000000.0,,,36140358144.0,-1498000000.0,0.0,-1175000000.0,15000000.0,-765000000.0,-1965000000.0,-5716000000.0,-5894000000.0,6191000000.0,-8000000.0,4977000000.0,4977000000.0,4977000000.0,0.0,0.0,0.226,5492000000.0,4480000000.0,1970000000.0,0.158,1.555,7.261,7.389,435000000.0,0.0,47.07,1.639,1.637,784000000.0,31461000000.0,22054000000.0,22054000000.0,0.0,0.035,0.208,0.031,0.203,0.0,5492000000.0,1.0,767800258.0,767049000,772070000.0,28.752,137941000000.0,0.0,-719000000.0,3887000000.0,179.833,
12,AFL,MRT,2018-06-30,2018-06-30,2018-06-30,2021-09-07,2852000000.0,141986000000.0,140660500000.0,,,0.156,30.791,0.0,3847000000.0,3847000000.0,12163000000.0,4848000000.0,,4.966,5315000000.0,,,5315000000.0,5600000000.0,0.0,0.0,0.022,0.96,4415000000.0,4415000000.0,0.201,4415000000.0,4415000000.0,4187000000.0,6.18,6.13,6.18,23800000000.0,23665500000.0,23800000000.0,34596666663.0,8.0,7.836,5770000000.0,7.465,1.0,9820000000.0,0.447,0.0,228000000.0,143454000000.0,141880250000.0,0.0,124074000000.0,,,118186000000.0,,,33304666663.0,-417000000.0,0.0,-1111000000.0,11000000.0,-729000000.0,-1822000000.0,-4357000000.0,-4404000000.0,5770000000.0,-8000000.0,4848000000.0,4848000000.0,4848000000.0,0.0,0.0,0.221,5405000000.0,4415000000.0,3712000000.0,0.155,1.399,6.87,6.961,448000000.0,0.0,43.02,1.515,1.513,892000000.0,30809000000.0,21983000000.0,21983000000.0,0.0,0.034,0.205,0.031,0.201,0.0,5405000000.0,1.0,774167054.0,772949000,777807000.0,28.44,141986000000.0,0.0,-661000000.0,4069000000.0,183.694,
13,AFL,MRT,2018-03-31,2018-03-31,2018-03-31,2021-09-07,3685000000.0,147356000000.0,139012500000.0,,,0.157,31.195,0.0,4080000000.0,4080000000.0,12171000000.0,4729000000.0,,5.067,5372000000.0,,,5372000000.0,6084000000.0,0.0,0.0,0.021,0.915,4336000000.0,4336000000.0,0.199,4336000000.0,4336000000.0,4101000000.0,6.0,5.95,6.0,24287000000.0,23091250000.0,24287000000.0,35903054672.0,8.0,8.28,5609000000.0,7.204,1.0,9651000000.0,0.442,0.0,235000000.0,148648000000.0,140112250000.0,0.0,128591000000.0,,,123069000000.0,,,34105054672.0,-125000000.0,0.0,-1001000000.0,11000000.0,-690000000.0,-1662000000.0,-4103000000.0,-4024000000.0,5609000000.0,31000000.0,4729000000.0,4729000000.0,4729000000.0,0.0,0.0,0.217,5315000000.0,4336000000.0,5368000000.0,0.152,1.404,7.212,7.293,448000000.0,0.0,43.76,1.563,1.561,906000000.0,30183000000.0,21822000000.0,21822000000.0,0.0,0.034,0.205,0.031,0.199,0.0,5315000000.0,1.0,779365966.0,778550000,783852000.0,28.029,147356000000.0,0.0,-628000000.0,4407000000.0,189.27,
14,AFL,MRT,2017-12-31,2017-12-31,2017-12-31,2021-09-07,4028000000.0,137217000000.0,135586000000.0,,,0.16,31.056,0.0,3491000000.0,3491000000.0,12181000000.0,4604000000.0,,4.578,5289000000.0,,,5289000000.0,5959000000.0,0.0,0.0,0.02,0.87,4258000000.0,4258000000.0,0.197,4258000000.0,4258000000.0,4018000000.0,5.81,5.77,5.81,24598000000.0,22104500000.0,24598000000.0,34831673644.0,8.0,8.18,6128000000.0,7.737,1.0,9486000000.0,0.438,0.0,240000000.0,139015000000.0,136624000000.0,0.0,120168000000.0,,,112619000000.0,,,34510673644.0,-1368000000.0,0.0,-1318000000.0,-121000000.0,-661000000.0,-2065000000.0,-5431000000.0,-5363000000.0,6128000000.0,0.0,4604000000.0,4604000000.0,4604000000.0,0.0,0.0,0.212,5228000000.0,4258000000.0,606000000.0,0.15,1.403,7.496,7.554,434000000.0,0.0,43.89,1.593,1.604,827000000.0,29895000000.0,21667000000.0,21667000000.0,0.0,0.034,0.208,0.031,0.197,0.0,5228000000.0,1.0,786299240.0,792042000,797861000.0,27.356,137217000000.0,0.0,-586000000.0,4745000000.0,173.245,
15,AFL,MRT,2017-09-30,2017-09-30,2017-09-30,2021-09-07,3531000000.0,136083000000.0,133736500000.0,,,0.166,27.856,0.0,4927000000.0,4927000000.0,12436000000.0,2772000000.0,,5.192,5248000000.0,,,5248000000.0,6262000000.0,0.0,0.0,0.021,0.86,4425000000.0,4425000000.0,0.199,4425000000.0,4425000000.0,4171000000.0,3.47,3.435,3.47,21977000000.0,21075500000.0,21977000000.0,33155696368.0,7.0,7.493,6463000000.0,8.192,1.0,9762000000.0,0.44,0.0,254000000.0,136404000000.0,134450250000.0,0.0,117562000000.0,,,114106000000.0,,,32167696368.0,-343000000.0,0.0,-1221000000.0,-516000000.0,-657000000.0,-2397000000.0,-4104000000.0,-4026000000.0,6463000000.0,-305000000.0,2772000000.0,2772000000.0,2772000000.0,0.0,0.0,0.125,5337000000.0,4425000000.0,522000000.0,0.248,1.464,11.605,11.728,439000000.0,0.0,40.695,1.449,1.446,937000000.0,27489000000.0,22198000000.0,22198000000.0,0.0,0.021,0.132,0.033,0.199,0.0,5337000000.0,1.0,790458198.0,788958000,794762000.0,28.136,136083000000.0,0.0,1399000000.0,6195000000.0,172.484,
16,AFL,MRT,2017-06-30,2017-06-30,2017-06-30,2021-09-07,3401000000.0,135394000000.0,135741000000.0,,,0.165,27.121,0.0,4264000000.0,4264000000.0,12731000000.0,2685000000.0,,5.297,5252000000.0,,,5252000000.0,6547000000.0,0.0,0.0,0.022,0.85,4319000000.0,4319000000.0,0.193,4319000000.0,4319000000.0,4059000000.0,3.33,3.3,3.33,21503000000.0,21277500000.0,21503000000.0,31872042179.0,7.0,7.379,6298000000.0,7.943,1.0,9677000000.0,0.432,0.0,260000000.0,136382000000.0,136498250000.0,0.0,117632000000.0,,,113891000000.0,,,30827042179.0,564000000.0,0.0,-1177000000.0,245000000.0,-656000000.0,-1569000000.0,-3943000000.0,-3858000000.0,6298000000.0,-222000000.0,2685000000.0,2685000000.0,2685000000.0,0.0,0.0,0.12,5358000000.0,4319000000.0,663000000.0,0.255,1.434,11.481,11.664,442000000.0,0.0,38.84,1.376,1.374,871000000.0,26942000000.0,22408000000.0,22408000000.0,0.0,0.02,0.126,0.032,0.193,0.0,5358000000.0,1.0,793693156.0,792865000,798695000.0,28.262,135394000000.0,0.0,1374000000.0,6057000000.0,170.766,
17,AFL,MRT,2017-03-31,2017-03-31,2017-03-31,2021-09-07,2632000000.0,133650000000.0,137214250000.0,,,0.163,25.353,0.0,4205000000.0,4205000000.0,12946000000.0,2520000000.0,,5.571,5250000000.0,,,5250000000.0,6825000000.0,0.0,0.0,0.023,0.84,4113000000.0,4113000000.0,0.183,4113000000.0,4113000000.0,3848000000.0,3.095,3.07,3.095,20340000000.0,21539250000.0,20340000000.0,29572333201.0,7.0,7.19,6413000000.0,7.994,1.0,9471000000.0,0.422,0.0,265000000.0,134695000000.0,138051750000.0,0.0,116298000000.0,,,113310000000.0,,,29071333201.0,756000000.0,0.0,-1370000000.0,246000000.0,-657000000.0,-1729000000.0,-3895000000.0,-3955000000.0,6413000000.0,-33000000.0,2520000000.0,2520000000.0,2520000000.0,0.0,0.0,0.112,5358000000.0,4113000000.0,1482000000.0,0.271,1.429,11.536,11.7,444000000.0,0.0,36.21,1.297,1.296,618000000.0,26400000000.0,22417000000.0,22417000000.0,0.0,0.018,0.117,0.03,0.183,0.0,5358000000.0,1.0,802853720.0,802259000,808138000.0,27.942,133650000000.0,0.0,1328000000.0,5626000000.0,166.592,
18,AFL,MRT,2016-12-31,2016-12-31,2016-12-31,2021-09-07,2630000000.0,129819000000.0,135743250000.0,,,0.166,24.889,0.0,4859000000.0,4859000000.0,12919000000.0,2659000000.0,,5.338,5360000000.0,,,5360000000.0,6916000000.0,0.0,0.0,0.024,0.83,4335000000.0,4335000000.0,0.192,4335000000.0,4335000000.0,4067000000.0,3.23,3.21,3.23,20482000000.0,21459500000.0,20482000000.0,28898905325.0,7.0,6.666,5987000000.0,7.275,1.0,9640000000.0,0.427,0.0,268000000.0,130320000000.0,136703250000.0,0.0,111502000000.0,,,109337000000.0,,,28403905325.0,509000000.0,0.0,-1376000000.0,376000000.0,-658000000.0,-1619000000.0,-3855000000.0,-3779000000.0,5987000000.0,-4000000.0,2659000000.0,2659000000.0,2659000000.0,0.0,0.0,0.118,5305000000.0,4335000000.0,526000000.0,0.257,1.387,10.682,10.774,433000000.0,0.0,34.8,1.259,1.269,669000000.0,25981000000.0,22559000000.0,22559000000.0,0.0,0.02,0.124,0.032,0.192,0.0,5305000000.0,1.0,816204176.0,822942000,827841000.0,27.413,129819000000.0,0.0,1408000000.0,5387000000.0,157.75,
19,AFL,MRT,2016-09-30,2016-09-30,2016-09-30,2021-09-07,5364000000.0,144101000000.0,132852500000.0,,,0.165,27.887,0.0,5270000000.0,5270000000.0,12587000000.0,2638000000.0,,5.324,5765000000.0,,,5765000000.0,8401000000.0,0.0,0.0,0.023,0.82,4285000000.0,4285000000.0,0.195,4285000000.0,4285000000.0,4024000000.0,3.165,3.15,3.165,22785000000.0,20766000000.0,22785000000.0,30745173289.0,7.0,7.175,6126000000.0,7.498,1.0,9336000000.0,0.426,0.0,261000000.0,144596000000.0,133842500000.0,0.0,123665000000.0,,,121316000000.0,,,29436173289.0,1750000000.0,-40000000.0,-1411000000.0,756000000.0,-659000000.0,-1196000000.0,-3452000000.0,-3301000000.0,6126000000.0,272000000.0,2638000000.0,2638000000.0,2638000000.0,0.0,0.0,0.12,5051000000.0,4285000000.0,1053000000.0,0.259,1.292,11.159,11.354,476000000.0,0.0,35.935,1.343,1.339,689000000.0,25404000000.0,21923000000.0,21923000000.0,0.0,0.02,0.127,0.032,0.195,0.0,5051000000.0,1.0,819150502.0,817038000,822280000.0,26.832,144101000000.0,0.0,1386000000.0,6247000000.0,176.37,
20,AFL,MRT,2016-06-30,2016-06-30,2016-06-30,2021-09-07,5432000000.0,141287000000.0,126191000000.0,,,0.168,27.376,0.0,3700000000.0,3700000000.0,12136000000.0,2576000000.0,,5.265,5009000000.0,,,5009000000.0,8726000000.0,0.0,0.0,0.022,0.81,4188000000.0,4188000000.0,0.197,4188000000.0,4188000000.0,3925000000.0,3.055,3.045,3.055,22550000000.0,19383500000.0,22550000000.0,31408304301.0,7.0,7.5,6527000000.0,7.924,1.0,9111000000.0,0.429,0.0,263000000.0,142596000000.0,127429500000.0,0.0,122283000000.0,,,118737000000.0,,,29873304301.0,597000000.0,-40000000.0,-1446000000.0,-423000000.0,-658000000.0,-2381000000.0,-3760000000.0,-3628000000.0,6527000000.0,211000000.0,2576000000.0,2576000000.0,2576000000.0,0.0,0.0,0.121,4923000000.0,4188000000.0,826000000.0,0.265,1.325,11.597,11.81,467000000.0,0.0,36.08,1.406,1.399,758000000.0,24944000000.0,21247000000.0,21247000000.0,0.0,0.02,0.133,0.033,0.197,0.0,4923000000.0,1.0,827974066.0,823706000,828652000.0,25.794,141287000000.0,0.0,1349000000.0,6714000000.0,171.526,
21,AFL,MRT,2016-03-31,2016-03-31,2016-03-31,2021-09-07,2936000000.0,127766000000.0,119764500000.0,,,0.176,23.906,0.0,3449000000.0,3449000000.0,11819000000.0,2601000000.0,,5.382,4984000000.0,,,4984000000.0,8286000000.0,0.0,0.0,0.025,0.8,4236000000.0,4236000000.0,0.201,4236000000.0,4236000000.0,3965000000.0,3.055,3.045,3.055,20021000000.0,18000500000.0,20021000000.0,27179887007.0,6.0,6.416,6647000000.0,7.937,1.0,9278000000.0,0.44,0.0,271000000.0,129301000000.0,121256250000.0,0.0,110871000000.0,,,107745000000.0,,,26518887007.0,-914000000.0,-40000000.0,-1287000000.0,-1263000000.0,-658000000.0,-3275000000.0,-4306000000.0,-3961000000.0,6647000000.0,20000000.0,2601000000.0,2601000000.0,2601000000.0,0.0,0.0,0.123,5042000000.0,4236000000.0,830000000.0,0.262,1.325,10.196,10.334,443000000.0,0.0,31.57,1.257,1.253,723000000.0,24565000000.0,21097000000.0,21097000000.0,0.0,0.022,0.144,0.035,0.201,0.0,5042000000.0,1.0,840002756.0,837496000,841840000.0,25.191,127766000000.0,0.0,1364000000.0,5106000000.0,152.557,
22,AFL,MRT,2015-12-31,2015-12-31,2015-12-31,2021-09-07,625000000.0,118256000000.0,118173250000.0,,,0.177,20.559,0.0,4350000000.0,4350000000.0,11746000000.0,2533000000.0,,5.678,4971000000.0,,,4971000000.0,7857000000.0,0.0,0.0,0.026,0.79,4151000000.0,4151000000.0,0.199,4151000000.0,4151000000.0,3862000000.0,2.94,2.925,2.94,17708000000.0,17654500000.0,17708000000.0,27050646872.0,7.0,6.517,6776000000.0,7.867,1.0,9126000000.0,0.437,0.0,289000000.0,118877000000.0,119761000000.0,0.0,101547000000.0,,,100548000000.0,,,25561646872.0,-308000000.0,-40000000.0,-1279000000.0,-274000000.0,-656000000.0,-2187000000.0,-4897000000.0,-4771000000.0,6776000000.0,0.0,2533000000.0,2533000000.0,2533000000.0,0.0,0.0,0.121,4975000000.0,4151000000.0,941000000.0,0.269,1.444,10.091,10.187,427000000.0,0.0,29.95,1.225,1.236,705000000.0,24007000000.0,20872000000.0,20872000000.0,0.0,0.021,0.143,0.035,0.199,0.0,4975000000.0,1.0,853477358.0,861308000,866344000.0,24.233,118256000000.0,0.0,1329000000.0,4340000000.0,137.298,
23,AFL,MRT,2015-09-30,2015-09-30,2015-09-30,2021-09-07,528000000.0,117455000000.0,118551000000.0,,,0.178,20.123,0.0,3520000000.0,3520000000.0,11885000000.0,2506000000.0,,5.807,5009000000.0,,,5009000000.0,8121000000.0,0.0,0.0,0.027,0.78,4129000000.0,4129000000.0,0.196,4129000000.0,4129000000.0,3826000000.0,2.875,2.86,2.875,17255000000.0,17814250000.0,17255000000.0,27358248149.0,7.0,6.626,6743000000.0,7.864,1.0,9182000000.0,0.436,0.0,303000000.0,118944000000.0,120139500000.0,0.0,101380000000.0,,,100200000000.0,,,25036248149.0,854000000.0,0.0,-1557000000.0,476000000.0,-657000000.0,-1651000000.0,-4180000000.0,-4169000000.0,6743000000.0,-58000000.0,2506000000.0,2506000000.0,2506000000.0,0.0,0.0,0.119,5053000000.0,4129000000.0,907000000.0,0.271,1.451,9.991,10.11,430000000.0,0.0,29.065,1.188,1.183,762000000.0,23451000000.0,21067000000.0,21067000000.0,0.0,0.021,0.141,0.034,0.196,0.0,5053000000.0,1.0,861388204.0,857470000,862204000.0,24.569,117455000000.0,0.0,1320000000.0,4474000000.0,136.979,
24,AFL,MRT,2015-06-30,2015-06-30,2015-06-30,2021-09-07,507000000.0,115581000000.0,121000500000.0,,,0.18,19.712,0.0,3103000000.0,3103000000.0,12313000000.0,2645000000.0,,5.792,5425000000.0,,,5425000000.0,8102000000.0,0.0,0.0,0.025,0.77,4349000000.0,4349000000.0,0.2,4349000000.0,4349000000.0,4036000000.0,2.995,2.98,2.995,17018000000.0,17963750000.0,17018000000.0,28906605139.0,7.0,6.647,6521000000.0,7.553,1.0,9450000000.0,0.434,0.0,313000000.0,117903000000.0,122689750000.0,0.0,100177000000.0,,,98563000000.0,,,26987605139.0,851000000.0,0.0,-1504000000.0,563000000.0,-658000000.0,-1435000000.0,-4213000000.0,-4332000000.0,6521000000.0,-22000000.0,2645000000.0,2645000000.0,2645000000.0,0.0,0.0,0.122,5101000000.0,4349000000.0,1023000000.0,0.257,1.586,10.203,10.384,422000000.0,0.0,31.1,1.24,1.234,839000000.0,23052000000.0,21763000000.0,21763000000.0,0.0,0.022,0.147,0.035,0.2,0.0,5101000000.0,1.0,867768654.0,863344000,868514000.0,25.208,115581000000.0,0.0,1391000000.0,4697000000.0,133.876,
25,AFL,MRT,2015-03-31,2015-03-31,2015-03-31,2021-09-07,2332000000.0,121401000000.0,124073000000.0,,,0.18,21.309,0.0,4363000000.0,4363000000.0,12669000000.0,2882000000.0,,5.514,6282000000.0,,,6282000000.0,8460000000.0,0.0,0.0,0.024,0.76,4720000000.0,4720000000.0,0.212,4720000000.0,4720000000.0,4400000000.0,3.225,3.21,3.225,18637000000.0,18098750000.0,18637000000.0,28718191080.0,6.0,6.084,6395000000.0,7.312,1.0,9645000000.0,0.432,0.0,320000000.0,123320000000.0,125850000000.0,0.0,104348000000.0,,,102764000000.0,,,28094191080.0,2369000000.0,0.0,-1369000000.0,1404000000.0,-656000000.0,207000000.0,-4196000000.0,-4307000000.0,6395000000.0,-37000000.0,2882000000.0,2882000000.0,2882000000.0,0.0,0.0,0.129,4925000000.0,4720000000.0,2615000000.0,0.236,1.507,9.748,9.924,428000000.0,0.0,32.005,1.259,1.254,700000000.0,22648000000.0,22314000000.0,22314000000.0,0.0,0.023,0.159,0.038,0.212,0.0,4925000000.0,1.0,877806314.0,874612000,879854000.0,25.513,121401000000.0,0.0,1518000000.0,5322000000.0,138.806,
26,AFL,MRT,2014-12-31,2014-12-31,2014-12-31,2021-09-07,1979000000.0,119767000000.0,124545750000.0,,,0.182,20.331,0.0,4658000000.0,4658000000.0,12937000000.0,2951000000.0,,5.528,5282000000.0,,,5282000000.0,8626000000.0,0.0,0.0,0.025,0.75,4808000000.0,4808000000.0,0.212,4808000000.0,4808000000.0,4491000000.0,3.27,3.25,3.27,18347000000.0,17358500000.0,18347000000.0,29418335577.0,6.0,6.119,6550000000.0,7.258,1.0,9791000000.0,0.431,0.0,317000000.0,120391000000.0,126572750000.0,0.0,102683000000.0,,,101420000000.0,,,27526335577.0,2115000000.0,0.0,-1177000000.0,415000000.0,-654000000.0,-147000000.0,-4241000000.0,-4271000000.0,6550000000.0,-47000000.0,2951000000.0,2951000000.0,2951000000.0,0.0,0.0,0.13,4983000000.0,4808000000.0,2193000000.0,0.229,1.5,9.328,9.341,429000000.0,0.0,30.545,1.211,1.213,842000000.0,22156000000.0,22728000000.0,22728000000.0,0.0,0.024,0.17,0.038,0.212,0.0,4983000000.0,1.0,901173206.0,902408000,908000000.0,25.186,119767000000.0,0.0,1540000000.0,5293000000.0,132.719,
27,AFL,MRT,2014-09-30,2014-09-30,2014-09-30,2021-09-07,1500000000.0,127253000000.0,124930750000.0,,,0.184,19.782,0.0,2666000000.0,2666000000.0,13264000000.0,2923000000.0,,6.128,4558000000.0,,,4558000000.0,9742000000.0,0.0,0.0,0.025,0.74,4764000000.0,4764000000.0,0.207,4764000000.0,4764000000.0,4444000000.0,3.21,3.195,3.21,17853000000.0,16426750000.0,17853000000.0,29062922044.0,6.0,6.101,7965000000.0,8.826,1.0,9751000000.0,0.424,0.0,320000000.0,129145000000.0,127390250000.0,0.0,112025000000.0,,,109400000000.0,,,26389922044.0,-83000000.0,0.0,-1150000000.0,-335000000.0,-649000000.0,-319000000.0,-7714000000.0,-7169000000.0,7965000000.0,-15000000.0,2923000000.0,2923000000.0,2923000000.0,0.0,0.0,0.127,4987000000.0,4764000000.0,7025000000.0,0.231,1.478,9.028,9.073,449000000.0,0.0,29.125,1.147,1.142,870000000.0,21628000000.0,23015000000.0,23015000000.0,0.0,0.023,0.178,0.037,0.207,0.0,4987000000.0,1.0,906091744.0,902492000,907962000.0,25.502,127253000000.0,0.0,1521000000.0,4469000000.0,141.002,
28,AFL,MRT,2014-06-30,2014-06-30,2014-06-30,2021-09-07,1606000000.0,127871000000.0,123097000000.0,,,0.188,19.399,0.0,2252000000.0,2252000000.0,13394000000.0,2919000000.0,,6.283,4925000000.0,,,4925000000.0,10715000000.0,0.0,0.0,0.023,0.73,4753000000.0,4753000000.0,0.205,4753000000.0,4753000000.0,4439000000.0,3.185,3.165,3.185,17558000000.0,15628000000.0,17558000000.0,31189466428.0,7.0,6.562,7981000000.0,8.818,1.0,9771000000.0,0.422,0.0,314000000.0,130544000000.0,125634500000.0,0.0,112482000000.0,,,110313000000.0,,,28270466428.0,-136000000.0,0.0,-978000000.0,0.0,-644000000.0,811000000.0,-8875000000.0,-8765000000.0,7981000000.0,-53000000.0,2919000000.0,2919000000.0,2919000000.0,0.0,0.0,0.126,5018000000.0,4753000000.0,2972000000.0,0.229,1.61,9.685,9.772,482000000.0,0.0,31.125,1.22,1.216,884000000.0,21089000000.0,23165000000.0,23165000000.0,0.0,0.024,0.187,0.038,0.205,0.0,5018000000.0,1.0,908288078.0,905118000,910760000.0,25.593,127871000000.0,0.0,1520000000.0,4917000000.0,141.276,
29,AFL,MRT,2014-03-31,2014-03-31,2014-03-31,2021-09-07,307000000.0,123292000000.0,120207500000.0,,,0.194,17.237,0.0,1994000000.0,1994000000.0,13512000000.0,2998000000.0,,6.865,4913000000.0,,,4913000000.0,10779000000.0,0.0,0.0,0.023,0.72,4861000000.0,4861000000.0,0.208,4861000000.0,4861000000.0,4559000000.0,3.245,3.225,3.245,15676000000.0,14662500000.0,15676000000.0,31088589073.0,6.0,6.396,8330000000.0,9.159,1.0,9859000000.0,0.422,0.0,302000000.0,126211000000.0,122716250000.0,0.0,108499000000.0,,,107616000000.0,,,28734589073.0,-602000000.0,0.0,-993000000.0,700000000.0,-639000000.0,1260000000.0,-10129000000.0,-10082000000.0,8330000000.0,-63000000.0,2998000000.0,2998000000.0,2998000000.0,0.0,0.0,0.128,4998000000.0,4861000000.0,3313000000.0,0.222,1.833,9.585,9.713,481000000.0,0.0,31.52,1.229,1.227,732000000.0,20447000000.0,23371000000.0,23371000000.0,0.0,0.025,0.204,0.04,0.208,0.0,4998000000.0,1.0,911630364.0,909462000,915398000.0,25.698,123292000000.0,0.0,1561000000.0,4258000000.0,135.566,
30,AFL,MRT,2013-12-31,2013-12-31,2013-12-31,2021-09-07,-563000000.0,121307000000.0,119519000000.0,,,0.2,15.737,0.0,2543000000.0,2543000000.0,13813000000.0,3158000000.0,,7.297,4897000000.0,,,4897000000.0,10642000000.0,0.0,0.0,0.021,0.71,5109000000.0,5109000000.0,0.213,5109000000.0,5109000000.0,4816000000.0,3.4,3.38,3.4,14620000000.0,14627250000.0,14620000000.0,33338831906.0,7.0,6.526,10547000000.0,11.353,1.0,10126000000.0,0.423,0.0,293000000.0,123661000000.0,121719750000.0,0.0,105916000000.0,,,106687000000.0,,,31134831906.0,502000000.0,0.0,-725000000.0,700000000.0,-635000000.0,1136000000.0,-11091000000.0,-11056000000.0,10547000000.0,-90000000.0,3158000000.0,3158000000.0,3158000000.0,0.0,0.0,0.132,5017000000.0,5109000000.0,5820000000.0,0.209,2.13,9.859,9.824,481000000.0,0.0,33.4,1.301,1.296,1165000000.0,19885000000.0,23939000000.0,23939000000.0,0.0,0.026,0.216,0.042,0.213,0.0,5017000000.0,1.0,932180596.0,929004000,934816000.0,25.768,121307000000.0,0.0,1658000000.0,3718000000.0,130.577,
31,AFL,MRT,2013-09-30,2013-09-30,2013-09-30,2021-09-07,-461000000.0,119918000000.0,121965750000.0,,,0.201,15.784,0.0,2749000000.0,2749000000.0,14406000000.0,3064000000.0,,7.181,4953000000.0,,,4953000000.0,11601000000.0,0.0,0.0,0.023,0.7,4953000000.0,4953000000.0,0.202,4953000000.0,4953000000.0,4667000000.0,3.285,3.27,3.285,14658000000.0,14966750000.0,14658000000.0,31389071615.0,6.0,6.337,10660000000.0,11.479,1.0,10107000000.0,0.412,0.0,286000000.0,122122000000.0,124155750000.0,0.0,103963000000.0,,,105260000000.0,,,28831071615.0,-236000000.0,0.0,-340000000.0,749000000.0,-630000000.0,1297000000.0,-11974000000.0,-13159000000.0,10660000000.0,-219000000.0,3064000000.0,3064000000.0,3064000000.0,0.0,0.0,0.125,5154000000.0,4953000000.0,628000000.0,0.213,1.967,9.41,9.435,510000000.0,0.0,30.995,1.176,1.174,950000000.0,19380000000.0,24513000000.0,24513000000.0,0.0,0.025,0.205,0.04,0.202,0.0,5154000000.0,1.0,930184598.0,928648000,934782000.0,26.396,119918000000.0,0.0,1603000000.0,3255000000.0,129.132,
32,AFL,MRT,2013-06-30,2013-06-30,2013-06-30,2021-09-07,-840000000.0,116313000000.0,126446250000.0,,,0.201,14.72,0.0,2388000000.0,2388000000.0,14853000000.0,3379000000.0,,7.492,4946000000.0,,,4946000000.0,11551000000.0,0.0,0.0,0.024,0.69,5360000000.0,5360000000.0,0.21,5360000000.0,5360000000.0,5078000000.0,3.615,3.6,3.615,13696000000.0,15298500000.0,13696000000.0,28784054132.0,5.0,5.37,13405000000.0,14.407,1.0,10621000000.0,0.417,0.0,282000000.0,118871000000.0,128439250000.0,0.0,101548000000.0,,,102617000000.0,,,27097054132.0,258000000.0,0.0,-335000000.0,1455000000.0,-622000000.0,1746000000.0,-14704000000.0,-15163000000.0,13405000000.0,-189000000.0,3379000000.0,3379000000.0,3379000000.0,0.0,0.0,0.133,5261000000.0,5360000000.0,1506000000.0,0.191,1.978,8.019,8.039,510000000.0,0.0,29.06,1.064,1.061,889000000.0,18841000000.0,25474000000.0,25474000000.0,0.0,0.027,0.221,0.042,0.21,0.0,5261000000.0,1.0,932451966.0,930426000,935950000.0,27.379,116313000000.0,0.0,1699000000.0,3363000000.0,125.01,
33,AFL,MRT,2013-03-31,2013-03-31,2013-03-31,2021-09-07,1651000000.0,120538000000.0,127920250000.0,,,0.198,16.652,0.0,2596000000.0,2596000000.0,15205000000.0,2973000000.0,,6.759,4283000000.0,,,4283000000.0,11963000000.0,0.0,0.0,0.026,0.68,4736000000.0,4736000000.0,0.187,4736000000.0,4736000000.0,4461000000.0,3.18,3.165,3.18,15535000000.0,15419250000.0,15535000000.0,26642812431.0,6.0,5.626,15228000000.0,16.323,1.0,10127000000.0,0.4,0.0,275000000.0,122225000000.0,129659250000.0,0.0,104804000000.0,,,105003000000.0,,,24331812431.0,386000000.0,0.0,-218000000.0,417000000.0,-614000000.0,888000000.0,-15601000000.0,-16142000000.0,15228000000.0,-129000000.0,2973000000.0,2973000000.0,2973000000.0,0.0,0.0,0.117,5391000000.0,4736000000.0,207000000.0,0.214,1.566,8.184,8.179,527000000.0,0.0,26.01,0.961,0.958,1710000000.0,18114000000.0,25332000000.0,25332000000.0,0.0,0.023,0.193,0.037,0.187,0.0,5391000000.0,1.0,935479140.0,932924000,938248000.0,27.153,120538000000.0,0.0,1488000000.0,3799000000.0,129.205,
34,AFL,MRT,2012-12-31,2012-12-31,2012-12-31,2021-09-07,2715000000.0,131094000000.0,126673750000.0,,,0.2,17.112,0.0,2041000000.0,2041000000.0,15330000000.0,2866000000.0,,7.205,4352000000.0,,,4352000000.0,11904000000.0,0.0,0.0,0.025,0.67,4563000000.0,4563000000.0,0.18,4563000000.0,4563000000.0,4302000000.0,3.07,3.055,3.07,15978000000.0,14946250000.0,15978000000.0,26324335219.0,6.0,5.769,14952000000.0,16.013,1.0,10034000000.0,0.396,0.0,261000000.0,133405000000.0,128429500000.0,0.0,116178000000.0,,,115116000000.0,,,24908335219.0,-208000000.0,0.0,-86000000.0,1165000000.0,-603000000.0,1945000000.0,-16952000000.0,-17472000000.0,14952000000.0,-153000000.0,2866000000.0,2866000000.0,2866000000.0,0.0,0.0,0.113,5471000000.0,4563000000.0,6277000000.0,0.218,1.559,8.691,8.651,564000000.0,0.0,26.56,0.982,0.978,976000000.0,17387000000.0,25364000000.0,25364000000.0,0.0,0.023,0.192,0.036,0.18,0.0,5471000000.0,1.0,937813826.0,933736000,938574000.0,27.164,131094000000.0,0.0,1436000000.0,3858000000.0,140.397,
35,AFL,MRT,2012-09-30,2012-09-30,2012-09-30,2021-09-07,3087000000.0,137840000000.0,122959500000.0,,,0.203,17.099,0.0,2985000000.0,2985000000.0,15041000000.0,2823000000.0,,7.623,4401000000.0,,,4401000000.0,2315000000.0,0.0,0.0,0.028,0.66,4483000000.0,4483000000.0,0.18,4483000000.0,4483000000.0,4244000000.0,3.025,3.005,3.025,15985000000.0,14188250000.0,15985000000.0,23962845597.0,5.0,5.345,14807000000.0,15.839,1.0,9927000000.0,0.398,0.0,239000000.0,139256000000.0,124396500000.0,0.0,121230000000.0,,,121855000000.0,,,22420845597.0,1123000000.0,0.0,-26000000.0,1112000000.0,-593000000.0,1860000000.0,-15549000000.0,-15373000000.0,14807000000.0,5000000.0,2823000000.0,2823000000.0,2823000000.0,0.0,0.0,0.113,5444000000.0,4483000000.0,6591000000.0,0.218,1.403,7.942,7.914,625000000.0,0.0,23.94,0.898,0.896,1005000000.0,16969000000.0,24968000000.0,24968000000.0,0.0,0.023,0.199,0.036,0.18,0.0,5444000000.0,1.0,936543258.0,934844000,939442000.0,26.708,137840000000.0,0.0,1421000000.0,3263000000.0,147.447,
36,AFL,MRT,2012-06-30,2012-06-30,2012-06-30,2021-09-07,2171000000.0,122209000000.0,117179500000.0,,,0.206,15.188,0.0,2130000000.0,2130000000.0,14626000000.0,2542000000.0,,7.619,3672000000.0,,,3672000000.0,2068000000.0,0.0,0.0,0.03,0.645,4080000000.0,4080000000.0,0.169,4080000000.0,4080000000.0,3856000000.0,2.73,2.71,2.73,14179000000.0,13370500000.0,14179000000.0,21670307824.0,5.0,5.311,13709000000.0,14.684,1.0,9482000000.0,0.393,0.0,224000000.0,123751000000.0,118622250000.0,0.0,107125000000.0,,,108030000000.0,,,19916307824.0,839000000.0,0.0,-85000000.0,569000000.0,-588000000.0,964000000.0,-13853000000.0,-13840000000.0,13709000000.0,19000000.0,2542000000.0,2542000000.0,2542000000.0,0.0,0.0,0.105,5402000000.0,4080000000.0,192000000.0,0.236,1.405,7.835,7.8,603000000.0,0.0,21.295,0.826,0.825,747000000.0,16108000000.0,24108000000.0,24108000000.0,0.0,0.022,0.19,0.034,0.169,0.0,5402000000.0,1.0,935257470.0,933576000,937180000.0,25.823,122209000000.0,0.0,1314000000.0,2635000000.0,130.904,
37,AFL,MRT,2012-03-31,2012-03-31,2012-03-31,2021-09-07,2000000000.0,115552000000.0,113185250000.0,,,0.206,14.642,0.0,2210000000.0,2210000000.0,14173000000.0,2333000000.0,,7.47,3964000000.0,,,3964000000.0,1854000000.0,0.0,0.0,0.027,0.63,3767000000.0,3767000000.0,0.162,3767000000.0,3767000000.0,3559000000.0,2.505,2.485,2.505,13643000000.0,12821000000.0,13643000000.0,22517833387.0,6.0,5.978,12231000000.0,13.127,1.0,9121000000.0,0.392,0.0,208000000.0,117306000000.0,114681750000.0,0.0,100894000000.0,,,101909000000.0,,,21481833387.0,122000000.0,0.0,-119000000.0,907000000.0,-565000000.0,1136000000.0,-13252000000.0,-13179000000.0,12231000000.0,7000000.0,2333000000.0,2333000000.0,2333000000.0,0.0,0.0,0.1,5354000000.0,3767000000.0,193000000.0,0.251,1.575,9.208,9.18,591000000.0,0.0,22.995,0.922,0.92,744000000.0,15779000000.0,23294000000.0,23294000000.0,0.0,0.021,0.182,0.033,0.162,0.0,5354000000.0,1.0,934195842.0,931774000,937066000.0,25.0,115552000000.0,0.0,1226000000.0,2599000000.0,124.013,
38,AFL,MRT,2011-12-31,2011-12-31,2011-12-31,2021-09-07,1965000000.0,116237000000.0,109583500000.0,,,0.202,13.875,0.0,2249000000.0,2249000000.0,13749000000.0,1937000000.0,,7.979,3285000000.0,,,3285000000.0,1704000000.0,0.0,0.0,0.028,0.615,3146000000.0,3146000000.0,0.142,3146000000.0,3146000000.0,2950000000.0,2.08,2.06,2.08,12946000000.0,12166000000.0,12946000000.0,21632235383.0,7.0,6.876,10842000000.0,11.62,1.0,8422000000.0,0.38,0.0,196000000.0,117273000000.0,110873750000.0,0.0,101213000000.0,,,103291000000.0,,,20193235383.0,128000000.0,0.0,-282000000.0,158000000.0,-552000000.0,64000000.0,-10829000000.0,-10767000000.0,10842000000.0,51000000.0,1937000000.0,1937000000.0,1937000000.0,0.0,0.0,0.087,5276000000.0,3146000000.0,838000000.0,0.296,1.56,10.425,10.399,617000000.0,0.0,21.63,0.911,0.91,680000000.0,15148000000.0,22171000000.0,22171000000.0,0.0,0.018,0.159,0.028,0.142,0.0,5276000000.0,1.0,933575376.0,933038000,938740000.0,23.762,116237000000.0,0.0,1013000000.0,2308000000.0,124.579,
39,AFL,MRT,2011-09-30,2011-09-30,2011-09-30,2021-09-07,1682000000.0,114720000000.0,105784000000.0,,,0.203,13.644,0.0,1862000000.0,1862000000.0,13312000000.0,1820000000.0,,8.023,3301000000.0,,,3301000000.0,1554000000.0,0.0,0.0,0.034,0.6,2957000000.0,2957000000.0,0.138,2957000000.0,2957000000.0,2770000000.0,1.945,1.935,1.945,12714000000.0,11693500000.0,12714000000.0,18084259929.0,6.0,6.116,9606000000.0,10.309,1.0,8174000000.0,0.38,0.0,187000000.0,116159000000.0,107044500000.0,0.0,98946000000.0,,,102006000000.0,,,16327259929.0,-572000000.0,0.0,-360000000.0,167000000.0,-544000000.0,-120000000.0,-10131000000.0,-10090000000.0,9606000000.0,73000000.0,1820000000.0,1820000000.0,1820000000.0,0.0,0.0,0.085,5217000000.0,2957000000.0,858000000.0,0.308,1.284,8.971,8.985,626000000.0,0.0,17.475,0.76,0.758,1028000000.0,15191000000.0,21486000000.0,21486000000.0,0.0,0.017,0.156,0.028,0.138,0.0,5217000000.0,1.0,934321026.0,931820000,935586000.0,23.058,114720000000.0,0.0,950000000.0,2212000000.0,123.114,
40,AFL,MRT,2011-06-30,2011-06-30,2011-06-30,2021-09-07,1547000000.0,106232000000.0,101564750000.0,,,0.206,12.841,0.0,1291000000.0,1291000000.0,12897000000.0,1774000000.0,,7.867,3048000000.0,,,3048000000.0,1306000000.0,0.0,0.0,0.025,0.59,2907000000.0,2907000000.0,0.139,2907000000.0,2907000000.0,2733000000.0,1.89,1.88,1.89,11981000000.0,11298250000.0,11981000000.0,22761458617.0,8.0,7.83,8344000000.0,8.943,1.0,7996000000.0,0.383,0.0,174000000.0,107989000000.0,102609000000.0,0.0,91693000000.0,,,94251000000.0,,,21832458617.0,-893000000.0,0.0,-303000000.0,298000000.0,-533000000.0,-7000000.0,-9290000000.0,-9244000000.0,8344000000.0,60000000.0,1774000000.0,1774000000.0,1774000000.0,0.0,0.0,0.085,5089000000.0,2907000000.0,338000000.0,0.312,1.822,12.307,12.349,611000000.0,0.0,23.34,1.045,1.042,879000000.0,14587000000.0,20893000000.0,20893000000.0,0.0,0.017,0.157,0.028,0.139,0.0,5089000000.0,1.0,935409538.0,932996000,939504000.0,22.393,106232000000.0,0.0,959000000.0,2186000000.0,113.861,
41,AFL,MRT,2011-03-31,2011-03-31,2011-03-31,2021-09-07,715000000.0,101145000000.0,97816500000.0,,,0.212,11.776,0.0,2088000000.0,2088000000.0,12472000000.0,2081000000.0,,8.176,3017000000.0,,,3017000000.0,1232000000.0,0.0,0.0,0.022,0.58,3339000000.0,3339000000.0,0.161,3339000000.0,3339000000.0,3178000000.0,2.215,2.205,2.215,11023000000.0,10810500000.0,11023000000.0,25734535066.0,8.0,7.707,7878000000.0,8.416,1.0,8313000000.0,0.4,0.0,161000000.0,102074000000.0,98538750000.0,0.0,86353000000.0,,,90122000000.0,,,24817535066.0,477000000.0,0.0,-246000000.0,297000000.0,-539000000.0,13000000.0,-7476000000.0,-7427000000.0,7878000000.0,62000000.0,2081000000.0,2081000000.0,2081000000.0,0.0,0.0,0.1,4974000000.0,3339000000.0,244000000.0,0.262,2.251,11.926,11.914,604000000.0,0.0,26.39,1.194,1.188,738000000.0,14448000000.0,20785000000.0,20785000000.0,0.0,0.021,0.192,0.034,0.161,0.0,4974000000.0,1.0,940414364.0,936024000,944208000.0,22.206,101145000000.0,0.0,1097000000.0,1877000000.0,108.058,
42,AFL,MRT,2010-12-31,2010-12-31,2010-12-31,2021-09-07,862000000.0,101039000000.0,93824750000.0,,,0.221,11.786,0.0,2121000000.0,2121000000.0,12106000000.0,2328000000.0,,8.139,3038000000.0,,,3038000000.0,1197000000.0,0.0,0.0,0.02,0.57,3710000000.0,3710000000.0,0.179,3710000000.0,3710000000.0,3561000000.0,2.48,2.46,2.48,11056000000.0,10301500000.0,11056000000.0,27167283849.0,7.0,7.323,6989000000.0,7.45,1.0,8626000000.0,0.416,0.0,149000000.0,101956000000.0,94558000000.0,0.0,86109000000.0,,,89983000000.0,,,26593283849.0,-202000000.0,0.0,-76000000.0,297000000.0,-535000000.0,161000000.0,-7432000000.0,-7404000000.0,6989000000.0,80000000.0,2328000000.0,2328000000.0,2328000000.0,0.0,0.0,0.112,4916000000.0,3710000000.0,191000000.0,0.23,2.405,11.423,11.377,620000000.0,0.0,28.215,1.283,1.277,661000000.0,14194000000.0,20732000000.0,20732000000.0,0.0,0.025,0.226,0.039,0.179,0.0,4916000000.0,1.0,942522908.0,938076000,946170000.0,22.101,101039000000.0,0.0,1233000000.0,1969000000.0,107.709,
43,AFL,MRT,2010-09-30,2010-09-30,2010-09-30,2021-09-07,1294000000.0,97843000000.0,89591500000.0,,,0.224,11.847,0.0,2434000000.0,2434000000.0,11801000000.0,2159000000.0,,7.789,3008000000.0,,,3008000000.0,1118000000.0,0.0,0.0,0.022,0.56,3391000000.0,3391000000.0,0.169,3391000000.0,3391000000.0,3260000000.0,2.305,2.285,2.305,11133000000.0,9641750000.0,11133000000.0,24815074121.0,7.0,7.318,6627000000.0,7.052,1.0,8235000000.0,0.411,0.0,131000000.0,98417000000.0,90164500000.0,0.0,83151000000.0,,,86710000000.0,,,24346074121.0,630000000.0,-83000000.0,39000000.0,677000000.0,-526000000.0,619000000.0,-6669000000.0,-6537000000.0,6627000000.0,53000000.0,2159000000.0,2159000000.0,2159000000.0,0.0,0.0,0.108,4844000000.0,3391000000.0,147000000.0,0.243,2.187,11.277,11.217,610000000.0,0.0,25.855,1.215,1.213,640000000.0,13758000000.0,20036000000.0,20036000000.0,0.0,0.024,0.224,0.038,0.169,0.0,4844000000.0,1.0,941638914.0,939736000,947138000.0,21.321,97843000000.0,0.0,1101000000.0,2146000000.0,104.118,
44,AFL,MRT,2010-06-30,2010-06-30,2010-06-30,2021-09-07,629000000.0,91239000000.0,85784750000.0,,,0.223,10.697,0.0,2184000000.0,2184000000.0,11516000000.0,1832000000.0,,8.097,2653000000.0,,,2653000000.0,1002000000.0,0.0,0.0,0.026,0.56,2871000000.0,2871000000.0,0.15,2871000000.0,2871000000.0,2754000000.0,1.96,1.94,1.96,10030000000.0,8829000000.0,10030000000.0,21009259141.0,7.0,7.318,6310000000.0,6.73,1.0,7652000000.0,0.399,0.0,117000000.0,91708000000.0,86321000000.0,0.0,77348000000.0,,,81209000000.0,,,20036259141.0,495000000.0,-83000000.0,36000000.0,547000000.0,-524000000.0,489000000.0,-6344000000.0,-6225000000.0,6310000000.0,40000000.0,1832000000.0,1832000000.0,1832000000.0,0.0,0.0,0.096,4781000000.0,2871000000.0,636000000.0,0.286,1.998,10.937,10.885,594000000.0,0.0,21.335,1.045,1.044,659000000.0,13340000000.0,19168000000.0,19168000000.0,0.0,0.021,0.207,0.033,0.15,0.0,4781000000.0,1.0,939126278.0,937648000,945078000.0,20.443,91239000000.0,0.0,922000000.0,1964000000.0,97.306,
45,AFL,MRT,2010-03-31,2010-03-31,2010-03-31,2021-09-07,93000000.0,85178000000.0,81985250000.0,,,0.226,9.603,0.0,1611000000.0,1611000000.0,11354000000.0,1565000000.0,,8.478,2584000000.0,,,2584000000.0,937000000.0,0.0,0.0,0.021,0.56,2436000000.0,2436000000.0,0.132,2436000000.0,2436000000.0,2338000000.0,1.675,1.66,1.675,8987000000.0,7909000000.0,8987000000.0,25745350171.0,11.0,10.569,5790000000.0,6.187,1.0,7147000000.0,0.386,0.0,98000000.0,86151000000.0,82480000000.0,0.0,72387000000.0,,,76191000000.0,,,25469350171.0,415000000.0,-83000000.0,7000000.0,845000000.0,-524000000.0,721000000.0,-6120000000.0,-6028000000.0,5790000000.0,24000000.0,1565000000.0,1565000000.0,1565000000.0,0.0,0.0,0.085,4711000000.0,2436000000.0,486000000.0,0.334,2.834,16.274,16.206,583000000.0,0.0,27.145,1.377,1.373,671000000.0,12890000000.0,18501000000.0,18501000000.0,0.0,0.019,0.198,0.03,0.132,0.0,4711000000.0,1.0,938270406.0,935852000,944900000.0,19.769,85178000000.0,0.0,773000000.0,1629000000.0,91.017,
46,AFL,MRT,2009-12-31,2009-12-31,2009-12-31,2021-09-07,29000000.0,84106000000.0,78644500000.0,,,0.232,9.02,0.0,2323000000.0,2323000000.0,11308000000.0,1497000000.0,,8.992,2599000000.0,,,2599000000.0,926000000.0,0.0,0.0,0.024,0.56,2307000000.0,2307000000.0,0.126,2307000000.0,2307000000.0,2235000000.0,1.605,1.595,1.605,8417000000.0,6962000000.0,8417000000.0,22067339711.0,10.0,9.565,6161000000.0,6.603,1.0,6946000000.0,0.381,0.0,72000000.0,84382000000.0,78990250000.0,0.0,70869000000.0,,,75689000000.0,,,21640339711.0,1382000000.0,-83000000.0,7000000.0,845000000.0,-524000000.0,699000000.0,-5476000000.0,-5321000000.0,6161000000.0,-2000000.0,1497000000.0,1497000000.0,1497000000.0,0.0,0.0,0.082,4639000000.0,2307000000.0,483000000.0,0.349,2.571,14.456,14.408,593000000.0,0.0,23.125,1.186,1.182,764000000.0,12410000000.0,18254000000.0,18254000000.0,0.0,0.019,0.215,0.029,0.126,0.0,4639000000.0,1.0,935798474.0,933104000,938126000.0,19.563,84106000000.0,0.0,738000000.0,1653000000.0,90.136,
47,AFL,MRT,2009-09-30,2009-09-30,2009-09-30,2021-09-07,-368000000.0,82616000000.0,77450750000.0,,,0.231,8.446,0.0,1804000000.0,1804000000.0,11186000000.0,1443000000.0,,9.482,2231000000.0,,,2231000000.0,929000000.0,0.0,0.0,0.025,0.54,2248000000.0,2248000000.0,0.125,2248000000.0,2248000000.0,2193000000.0,1.55,1.545,1.55,7882000000.0,6517500000.0,7882000000.0,20285030638.0,9.0,9.024,5720000000.0,6.13,1.0,6731000000.0,0.376,0.0,55000000.0,83043000000.0,77922500000.0,0.0,69821000000.0,,,74734000000.0,,,19982030638.0,1290000000.0,0.0,148000000.0,458000000.0,-500000000.0,455000000.0,-4935000000.0,-4878000000.0,5720000000.0,50000000.0,1443000000.0,1443000000.0,1443000000.0,0.0,0.0,0.081,4483000000.0,2248000000.0,106000000.0,0.348,2.535,13.848,13.787,599000000.0,0.0,21.37,1.115,1.113,849000000.0,12290000000.0,17917000000.0,17917000000.0,0.0,0.019,0.221,0.029,0.125,0.0,4483000000.0,1.0,935050568.0,933172000,939428000.0,19.2,82616000000.0,0.0,750000000.0,1361000000.0,88.532,
48,AFL,MRT,2009-06-30,2009-06-30,2009-06-30,2021-09-07,-1652000000.0,76041000000.0,74411000000.0,,,0.23,6.807,0.0,1689000000.0,1689000000.0,10920000000.0,1180000000.0,,10.975,1992000000.0,,,1992000000.0,847000000.0,0.0,0.0,0.033,0.52,1829000000.0,1829000000.0,0.107,1829000000.0,1829000000.0,1792000000.0,1.265,1.265,1.265,6350000000.0,6172000000.0,6350000000.0,14909844002.0,8.0,8.152,5385000000.0,5.773,1.0,6162000000.0,0.361,0.0,37000000.0,76344000000.0,75039500000.0,0.0,63883000000.0,,,69691000000.0,,,14532844002.0,302000000.0,0.0,-671000000.0,293000000.0,-478000000.0,-339000000.0,-4777000000.0,-4699000000.0,5385000000.0,33000000.0,1180000000.0,1180000000.0,1180000000.0,0.0,0.0,0.069,4333000000.0,1829000000.0,593000000.0,0.411,2.289,12.316,12.289,579000000.0,0.0,15.545,0.851,0.849,840000000.0,12058000000.0,17082000000.0,17082000000.0,0.0,0.016,0.191,0.024,0.107,0.0,4333000000.0,1.0,934888646.0,932802000,936570000.0,18.313,76041000000.0,0.0,612000000.0,880000000.0,81.519,
49,AFL,MRT,2009-03-31,2009-03-31,2009-03-31,2021-09-07,-2608000000.0,71815000000.0,73038750000.0,,,0.234,5.577,0.0,1196000000.0,1196000000.0,10772000000.0,1349000000.0,,12.813,1573000000.0,,,1573000000.0,824000000.0,0.0,0.0,0.052,0.5,2089000000.0,2089000000.0,0.122,2089000000.0,2089000000.0,2059000000.0,1.44,1.43,1.44,5199000000.0,6559250000.0,5199000000.0,9830948298.0,5.0,4.706,5418000000.0,5.812,1.0,6333000000.0,0.37,0.0,30000000.0,72192000000.0,73629500000.0,0.0,60533000000.0,,,66616000000.0,,,9050948298.0,288000000.0,0.0,-701000000.0,-5000000.0,-456000000.0,-639000000.0,-4506000000.0,-4399000000.0,5418000000.0,15000000.0,1349000000.0,1349000000.0,1349000000.0,0.0,0.0,0.079,4244000000.0,2089000000.0,111000000.0,0.347,1.741,6.709,6.722,570000000.0,0.0,9.68,0.529,0.528,667000000.0,11875000000.0,17105000000.0,17105000000.0,0.0,0.018,0.206,0.028,0.122,0.0,4244000000.0,1.0,935015320.0,932194000,934264000.0,18.349,71815000000.0,0.0,710000000.0,368000000.0,77.039,
50,AFL,MRT,2008-12-31,2008-12-31,2008-12-31,2021-09-07,-582000000.0,79331000000.0,73152250000.0,,,0.226,7.012,0.0,941000000.0,941000000.0,10499000000.0,1254000000.0,,10.949,1721000000.0,,,1721000000.0,874000000.0,0.0,0.0,0.021,0.48,1943000000.0,1943000000.0,0.117,1943000000.0,1943000000.0,1914000000.0,1.325,1.31,1.325,6639000000.0,7293000000.0,6639000000.0,22421095464.0,12.0,11.539,4965000000.0,5.244,1.0,6055000000.0,0.366,0.0,29000000.0,80111000000.0,73823250000.0,0.0,67609000000.0,,,72692000000.0,,,21367095464.0,-622000000.0,0.0,-1458000000.0,-5000000.0,-434000000.0,-1383000000.0,-4283000000.0,-4221000000.0,4965000000.0,79000000.0,1254000000.0,1254000000.0,1254000000.0,0.0,0.0,0.076,4112000000.0,1943000000.0,1733000000.0,0.362,3.218,17.039,17.298,597000000.0,0.0,22.92,1.291,1.311,920000000.0,11306000000.0,16554000000.0,16554000000.0,0.0,0.017,0.172,0.026,0.117,0.0,4112000000.0,1.0,932246748.0,946810000,957630000.0,17.484,79331000000.0,0.0,660000000.0,1201000000.0,83.788,
51,AFL,MRT,2008-09-30,2008-09-30,2008-09-30,2021-09-07,-589000000.0,70457000000.0,69770750000.0,,,0.234,6.837,0.0,514000000.0,514000000.0,10094000000.0,1440000000.0,,9.84,1568000000.0,,,1568000000.0,781000000.0,0.0,0.0,0.016,0.462,2228000000.0,2228000000.0,0.137,2228000000.0,2228000000.0,2200000000.0,1.505,1.485,1.505,6500000000.0,7832000000.0,6500000000.0,28129456998.0,13.0,12.625,4962000000.0,5.219,1.0,6217000000.0,0.381,0.0,28000000.0,71511000000.0,70222250000.0,0.0,60213000000.0,,,63957000000.0,,,27977456998.0,-814000000.0,0.0,-1721000000.0,-4000000.0,-423000000.0,-1637000000.0,-4175000000.0,-4108000000.0,4962000000.0,36000000.0,1440000000.0,1440000000.0,1440000000.0,0.0,0.0,0.088,3989000000.0,2228000000.0,1332000000.0,0.307,4.304,19.429,19.518,542000000.0,0.0,29.375,1.715,1.712,823000000.0,11352000000.0,16311000000.0,16311000000.0,0.0,0.021,0.184,0.032,0.137,0.0,3989000000.0,1.0,952424068.0,950714000,961490000.0,17.157,70457000000.0,0.0,760000000.0,1440000000.0,74.11,
52,AFL,MRT,2008-06-30,2008-06-30,2008-06-30,2021-09-07,9000000.0,70552000000.0,68050500000.0,,,0.242,8.326,0.0,1387000000.0,1387000000.0,9874000000.0,1760000000.0,,7.932,1539000000.0,,,1539000000.0,745000000.0,0.0,0.0,0.014,0.445,2721000000.0,2721000000.0,0.165,2721000000.0,2721000000.0,2694000000.0,1.83,1.805,1.83,7899000000.0,8319750000.0,7899000000.0,30549202724.0,11.0,11.227,4781000000.0,5.039,1.0,6607000000.0,0.401,0.0,27000000.0,70704000000.0,68270000000.0,0.0,59505000000.0,,,62653000000.0,,,29851202724.0,-19000000.0,0.0,-1012000000.0,-4000000.0,-409000000.0,-1121000000.0,-3726000000.0,-3660000000.0,4781000000.0,47000000.0,1760000000.0,1760000000.0,1760000000.0,0.0,0.0,0.107,3886000000.0,2721000000.0,1540000000.0,0.243,3.779,16.961,17.158,529000000.0,0.0,31.4,1.811,1.808,1002000000.0,11366000000.0,16481000000.0,16481000000.0,0.0,0.026,0.212,0.04,0.165,0.0,3886000000.0,1.0,950675246.0,948766000,961656000.0,17.371,70552000000.0,0.0,934000000.0,2053000000.0,74.362,
53,AFL,MRT,2008-03-31,2008-03-31,2008-03-31,2021-09-07,627000000.0,72269000000.0,65441000000.0,,,0.243,8.506,0.0,908000000.0,908000000.0,9565000000.0,1692000000.0,,7.885,1606000000.0,,,1606000000.0,781000000.0,0.0,0.0,0.013,0.427,2615000000.0,2615000000.0,0.164,2615000000.0,2615000000.0,2589000000.0,1.745,1.725,1.745,8134000000.0,8392500000.0,8134000000.0,30737333873.0,12.0,11.754,4676000000.0,4.89,1.0,6344000000.0,0.399,0.0,26000000.0,72967000000.0,65619000000.0,0.0,61880000000.0,,,64135000000.0,,,30835333873.0,74000000.0,0.0,-1081000000.0,-5000000.0,-396000000.0,-1185000000.0,-3468000000.0,-3406000000.0,4676000000.0,51000000.0,1692000000.0,1692000000.0,1692000000.0,0.0,0.0,0.106,3729000000.0,2615000000.0,991000000.0,0.245,3.791,18.224,18.61,548000000.0,0.0,32.475,1.938,1.952,665000000.0,10997000000.0,15909000000.0,15909000000.0,0.0,0.026,0.202,0.04,0.164,0.0,3729000000.0,1.0,949509896.0,956276000,968834000.0,16.636,72269000000.0,0.0,897000000.0,2097000000.0,75.573,
54,AFL,MRT,2007-12-31,2007-12-31,2007-12-31,2021-09-07,934000000.0,65805000000.0,62671750000.0,,,0.246,9.014,0.0,1563000000.0,1563000000.0,9285000000.0,1634000000.0,,6.482,1465000000.0,,,1465000000.0,693000000.0,0.0,0.0,0.013,0.4,2526000000.0,2526000000.0,0.164,2526000000.0,2526000000.0,2499000000.0,1.675,1.655,1.675,8795000000.0,8481250000.0,8795000000.0,30677843554.0,12.0,12.145,4656000000.0,4.772,1.0,6108000000.0,0.397,0.0,27000000.0,65707000000.0,62825250000.0,0.0,55493000000.0,,,57010000000.0,,,30551843554.0,360000000.0,0.0,-559000000.0,-5000000.0,-373000000.0,-655000000.0,-3654000000.0,-3599000000.0,4656000000.0,13000000.0,1634000000.0,1634000000.0,1634000000.0,0.0,0.0,0.106,3582000000.0,2526000000.0,808000000.0,0.239,3.474,18.698,18.696,496000000.0,0.0,31.315,1.985,1.985,732000000.0,10637000000.0,15393000000.0,15393000000.0,0.0,0.026,0.193,0.04,0.164,0.0,3582000000.0,1.0,975629684.0,975738000,987942000.0,15.776,65805000000.0,0.0,865000000.0,2531000000.0,67.441,
55,AFL,MRT,2007-09-30,2007-09-30,2007-09-30,2021-09-07,792000000.0,63576000000.0,61171750000.0,,,0.246,8.675,0.0,1328000000.0,1328000000.0,9156000000.0,1584000000.0,,6.523,1454000000.0,,,1454000000.0,682000000.0,0.0,0.0,0.013,0.378,2446000000.0,2446000000.0,0.162,2446000000.0,2446000000.0,2421000000.0,1.615,1.595,1.615,8451000000.0,8367750000.0,8451000000.0,27858117834.0,11.0,11.389,4495000000.0,4.614,1.0,5907000000.0,0.392,0.0,25000000.0,63702000000.0,61405500000.0,0.0,53745000000.0,,,55125000000.0,,,27872117834.0,-50000000.0,0.0,-572000000.0,-21000000.0,-352000000.0,-661000000.0,-3887000000.0,-3842000000.0,4495000000.0,3000000.0,1584000000.0,1584000000.0,1584000000.0,0.0,0.0,0.105,3461000000.0,2446000000.0,656000000.0,0.234,3.298,17.596,17.659,480000000.0,0.0,28.52,1.85,1.844,688000000.0,10354000000.0,15063000000.0,15063000000.0,0.0,0.026,0.189,0.04,0.162,0.0,3461000000.0,1.0,977283234.0,974130000,985638000.0,15.463,63576000000.0,0.0,837000000.0,2260000000.0,65.264,
56,AFL,MRT,2007-06-30,2007-06-30,2007-06-30,2021-09-07,785000000.0,60114000000.0,59866000000.0,,,0.248,8.393,0.0,1406000000.0,1406000000.0,9116000000.0,1531000000.0,,6.34,1392000000.0,,,1392000000.0,631000000.0,0.0,0.0,0.013,0.34,2359000000.0,2359000000.0,0.159,2359000000.0,2359000000.0,2336000000.0,1.555,1.535,1.555,8190000000.0,8261750000.0,8190000000.0,25741870941.0,11.0,10.912,4547000000.0,4.66,1.0,5758000000.0,0.387,0.0,23000000.0,60100000000.0,60083500000.0,0.0,50791000000.0,,,51924000000.0,,,25141870941.0,482000000.0,0.0,-586000000.0,361000000.0,-317000000.0,-283000000.0,-3762000000.0,-3728000000.0,4547000000.0,-20000000.0,1531000000.0,1531000000.0,1531000000.0,0.0,0.0,0.103,3399000000.0,2359000000.0,1082000000.0,0.219,3.07,16.422,16.527,457000000.0,0.0,25.7,1.69,1.686,523000000.0,10034000000.0,14874000000.0,14874000000.0,0.0,0.026,0.185,0.039,0.159,0.0,3399000000.0,1.0,978282916.0,975800000,988454000.0,15.243,60114000000.0,0.0,805000000.0,2360000000.0,61.605,
57,AFL,MRT,2007-03-31,2007-03-31,2007-03-31,2021-09-07,1357000000.0,61192000000.0,59195500000.0,,,0.25,8.652,0.0,834000000.0,834000000.0,9093000000.0,1524000000.0,,6.208,1434000000.0,,,1434000000.0,655000000.0,0.0,0.0,0.013,0.302,2347000000.0,2347000000.0,0.159,2347000000.0,2347000000.0,2325000000.0,1.54,1.52,1.54,8489000000.0,8006500000.0,8489000000.0,23370672654.0,10.0,9.958,4550000000.0,4.638,1.0,5714000000.0,0.386,0.0,22000000.0,61792000000.0,59453250000.0,0.0,52434000000.0,,,52703000000.0,,,23147672654.0,-321000000.0,0.0,-578000000.0,6000000.0,-282000000.0,-613000000.0,-4257000000.0,-4227000000.0,4550000000.0,-1000000.0,1524000000.0,1524000000.0,1524000000.0,0.0,0.0,0.103,3367000000.0,2347000000.0,989000000.0,0.196,2.727,15.189,15.279,471000000.0,0.0,23.53,1.563,1.559,502000000.0,9720000000.0,14807000000.0,14807000000.0,0.0,0.026,0.19,0.039,0.159,0.0,3367000000.0,1.0,983751494.0,981108000,993316000.0,15.092,61192000000.0,0.0,801000000.0,2475000000.0,62.37,
58,AFL,MRT,2006-12-31,2006-12-31,2006-12-31,2021-09-07,1426000000.0,59805000000.0,57931500000.0,,,0.252,8.415,0.0,1203000000.0,1203000000.0,9016000000.0,1483000000.0,,6.17,1426000000.0,,,1426000000.0,645000000.0,0.0,0.0,0.012,0.275,2283000000.0,2283000000.0,0.156,2283000000.0,2283000000.0,2264000000.0,1.495,1.475,1.495,8341000000.0,7778250000.0,8341000000.0,22808181056.0,10.0,9.99,4397000000.0,4.436,1.0,5600000000.0,0.383,0.0,19000000.0,60028000000.0,58100500000.0,0.0,50769000000.0,,,51464000000.0,,,22747181056.0,-94000000.0,0.0,-428000000.0,5000000.0,-258000000.0,-434000000.0,-4057000000.0,-4031000000.0,4397000000.0,0.0,1483000000.0,1483000000.0,1483000000.0,0.0,0.0,0.101,3317000000.0,2283000000.0,807000000.0,0.184,2.727,15.339,15.385,458000000.0,0.0,23.0,1.556,1.56,535000000.0,9304000000.0,14616000000.0,14616000000.0,0.0,0.026,0.191,0.039,0.156,0.0,3317000000.0,1.0,989007872.0,991228000,1003654000.0,14.745,59805000000.0,0.0,781000000.0,2462000000.0,60.334,
59,AFL,MRT,2006-09-30,2006-09-30,2006-09-30,2021-09-07,1312000000.0,58353000000.0,57070500000.0,,,0.254,8.109,0.0,1378000000.0,1378000000.0,8872000000.0,1514000000.0,,6.27,1439000000.0,,,1439000000.0,639000000.0,0.0,0.0,0.011,0.25,2335000000.0,2335000000.0,0.161,2335000000.0,2335000000.0,2315000000.0,1.52,1.5,1.52,8027000000.0,7674750000.0,8027000000.0,22857346356.0,10.0,9.789,4213000000.0,4.256,1.0,5623000000.0,0.388,0.0,20000000.0,58414000000.0,57208250000.0,0.0,49308000000.0,,,50326000000.0,,,22710346356.0,-484000000.0,0.0,-408000000.0,-241000000.0,-234000000.0,-625000000.0,-4065000000.0,-4053000000.0,4213000000.0,-7000000.0,1514000000.0,1514000000.0,1514000000.0,0.0,0.0,0.104,3288000000.0,2335000000.0,440000000.0,0.164,2.829,15.0,15.053,450000000.0,0.0,22.88,1.567,1.562,522000000.0,9005000000.0,14495000000.0,14495000000.0,0.0,0.027,0.197,0.041,0.161,0.0,3288000000.0,1.0,992585068.0,989846000,1001904000.0,14.644,58353000000.0,0.0,801000000.0,2260000000.0,58.952,
60,AFL,MRT,2006-06-30,2006-06-30,2006-06-30,2021-09-07,656000000.0,57432000000.0,56845500000.0,,,0.255,7.213,0.0,924000000.0,924000000.0,8818000000.0,1602000000.0,,7.011,1071000000.0,,,1071000000.0,628000000.0,0.0,0.0,0.01,0.24,2425000000.0,2425000000.0,0.167,2425000000.0,2425000000.0,2403000000.0,1.605,1.585,1.605,7169000000.0,7669500000.0,7169000000.0,23356376560.0,10.0,9.631,4256000000.0,4.282,1.0,5674000000.0,0.392,0.0,22000000.0,57579000000.0,56927500000.0,0.0,48871000000.0,,,50263000000.0,,,23111376560.0,-504000000.0,0.0,-364000000.0,-264000000.0,-227000000.0,-568000000.0,-4186000000.0,-4166000000.0,4256000000.0,-6000000.0,1602000000.0,1602000000.0,1602000000.0,0.0,0.0,0.111,3249000000.0,2425000000.0,966000000.0,0.15,3.224,14.427,14.439,454000000.0,0.0,23.175,1.595,1.589,508000000.0,8701000000.0,14492000000.0,14492000000.0,0.0,0.028,0.209,0.043,0.167,0.0,3249000000.0,1.0,997254652.0,993902000,1006572000.0,14.581,57432000000.0,0.0,801000000.0,1927000000.0,57.784,
61,AFL,MRT,2006-03-31,2006-03-31,2006-03-31,2021-09-07,1346000000.0,56136000000.0,56986250000.0,,,0.252,7.606,0.0,1155000000.0,1155000000.0,8804000000.0,1530000000.0,,6.41,1400000000.0,,,1400000000.0,614000000.0,0.0,0.0,0.01,0.23,2318000000.0,2318000000.0,0.161,2318000000.0,2318000000.0,2295000000.0,1.53,1.51,1.53,7576000000.0,7992000000.0,7576000000.0,22580532010.0,10.0,9.741,4282000000.0,4.299,1.0,5558000000.0,0.387,0.0,23000000.0,56381000000.0,57016750000.0,0.0,47710000000.0,,,48560000000.0,,,22482532010.0,163000000.0,0.0,-368000000.0,91000000.0,-218000000.0,-180000000.0,-3906000000.0,-3888000000.0,4282000000.0,-33000000.0,1530000000.0,1530000000.0,1530000000.0,0.0,0.0,0.107,3240000000.0,2318000000.0,467000000.0,0.15,2.968,14.694,14.748,447000000.0,0.0,22.565,1.565,1.565,402000000.0,8358000000.0,14362000000.0,14362000000.0,0.0,0.027,0.191,0.041,0.161,0.0,3240000000.0,1.0,996345314.0,996074000,1009148000.0,14.419,56136000000.0,0.0,765000000.0,2132000000.0,56.357,
62,AFL,MRT,2005-12-31,2005-12-31,2005-12-31,2021-09-07,1957000000.0,56361000000.0,57212500000.0,,,0.251,7.912,0.0,1297000000.0,1297000000.0,8890000000.0,1483000000.0,,6.11,1395000000.0,,,1395000000.0,594000000.0,0.0,0.0,0.009,0.22,2249000000.0,2249000000.0,0.157,2249000000.0,2249000000.0,2226000000.0,1.48,1.46,1.48,7927000000.0,8042000000.0,7927000000.0,23065105816.0,10.0,10.256,4433000000.0,4.425,1.0,5473000000.0,0.381,0.0,23000000.0,56459000000.0,57283250000.0,0.0,47692000000.0,,,48434000000.0,,,23227105816.0,-2516000000.0,0.0,-388000000.0,91000000.0,-209000000.0,-196000000.0,-6692000000.0,-6676000000.0,4433000000.0,-61000000.0,1483000000.0,1483000000.0,1483000000.0,0.0,0.0,0.103,3224000000.0,2249000000.0,622000000.0,0.149,2.93,15.662,15.682,448000000.0,0.0,23.21,1.617,1.619,584000000.0,8048000000.0,14363000000.0,14363000000.0,0.0,0.026,0.184,0.039,0.157,0.0,3224000000.0,1.0,1000737002.0,1001878000,1015408000.0,14.336,56361000000.0,0.0,743000000.0,2577000000.0,56.255,
63,AFL,MRT,2005-09-30,2005-09-30,2005-09-30,2021-09-07,2276000000.0,57453000000.0,57953750000.0,,,0.246,7.997,0.0,1862000000.0,1862000000.0,8944000000.0,1529000000.0,,6.176,1700000000.0,,,1700000000.0,595000000.0,0.0,0.0,0.009,0.213,2132000000.0,2132000000.0,0.15,2132000000.0,2132000000.0,2108000000.0,1.52,1.5,1.52,8006000000.0,7954250000.0,8006000000.0,22668019468.0,11.0,10.632,4420000000.0,4.415,1.0,5298000000.0,0.372,0.0,24000000.0,57291000000.0,57404000000.0,0.0,48055000000.0,,,49447000000.0,,,22727019468.0,474000000.0,0.0,-386000000.0,352000000.0,-203000000.0,48000000.0,-3979000000.0,-3948000000.0,4420000000.0,-15000000.0,1529000000.0,1529000000.0,1529000000.0,0.0,0.0,0.107,3166000000.0,2132000000.0,322000000.0,0.14,2.839,14.864,14.901,466000000.0,0.0,22.65,1.596,1.592,695000000.0,7738000000.0,14242000000.0,14242000000.0,0.0,0.026,0.192,0.037,0.15,0.0,3166000000.0,1.0,1003400418.0,1001114000,1014646000.0,14.226,57453000000.0,0.0,579000000.0,2670000000.0,57.389,
64,AFL,MRT,2005-06-30,2005-06-30,2005-06-30,2021-09-07,3074000000.0,57995000000.0,56818750000.0,,,0.245,8.435,0.0,1428000000.0,1428000000.0,8831000000.0,1367000000.0,,5.856,1369000000.0,,,1369000000.0,578000000.0,0.0,0.0,0.009,0.205,1938000000.0,1938000000.0,0.139,1938000000.0,1938000000.0,1914000000.0,1.355,1.335,1.355,8459000000.0,7764500000.0,8459000000.0,22119464554.0,11.0,11.414,4593000000.0,4.58,1.0,5063000000.0,0.364,0.0,24000000.0,57936000000.0,56305000000.0,0.0,49119000000.0,,,49536000000.0,,,21713464554.0,356000000.0,0.0,-398000000.0,-9000000.0,-195000000.0,-335000000.0,-3878000000.0,-3856000000.0,4593000000.0,-24000000.0,1367000000.0,1367000000.0,1367000000.0,0.0,0.0,0.098,3125000000.0,1938000000.0,901000000.0,0.151,2.567,15.884,15.97,477000000.0,0.0,21.64,1.563,1.562,579000000.0,7339000000.0,13894000000.0,13894000000.0,0.0,0.024,0.176,0.034,0.139,0.0,3125000000.0,1.0,1003394850.0,1002852000,1016004000.0,13.854,57995000000.0,0.0,547000000.0,3049000000.0,57.83,
65,AFL,MRT,2005-03-31,2005-03-31,2005-03-31,2021-09-07,2615000000.0,57041000000.0,55352500000.0,,,0.245,7.734,0.0,992000000.0,992000000.0,8670000000.0,1289000000.0,,6.336,1398000000.0,,,1398000000.0,586000000.0,0.0,0.0,0.011,0.198,1835000000.0,1835000000.0,0.135,1835000000.0,1835000000.0,1811000000.0,1.275,1.255,1.275,7776000000.0,7194500000.0,7776000000.0,16315121063.0,9.0,8.891,4440000000.0,4.416,1.0,4890000000.0,0.361,0.0,24000000.0,57447000000.0,54934250000.0,0.0,48763000000.0,,,49265000000.0,,,18699121063.0,-177000000.0,0.0,-346000000.0,-10000000.0,-189000000.0,-303000000.0,-4293000000.0,-4269000000.0,4440000000.0,-21000000.0,1289000000.0,1289000000.0,1289000000.0,0.0,0.0,0.095,3055000000.0,1835000000.0,507000000.0,0.155,2.405,14.507,14.612,491000000.0,0.0,18.63,1.379,1.381,436000000.0,7058000000.0,13560000000.0,13560000000.0,0.0,0.023,0.179,0.033,0.135,0.0,3055000000.0,1.0,1003710202.0,1005412000,1018898000.0,13.487,57041000000.0,0.0,522000000.0,2623000000.0,56.734,
66,AFL,MRT,2004-12-31,2004-12-31,2004-12-31,2021-09-07,2611000000.0,59326000000.0,54414500000.0,,,0.244,7.466,0.0,3813000000.0,3813000000.0,8482000000.0,1266000000.0,,6.831,1429000000.0,,,1429000000.0,593000000.0,0.0,0.0,0.01,0.19,1796000000.0,1796000000.0,0.135,1796000000.0,1796000000.0,1773000000.0,1.245,1.225,1.245,7576000000.0,6998750000.0,7576000000.0,20140400488.0,11.0,11.214,4486000000.0,4.421,1.0,4799000000.0,0.361,0.0,23000000.0,56942000000.0,53958250000.0,0.0,48142000000.0,,,51750000000.0,,,20158400488.0,2761000000.0,0.0,-353000000.0,-12000000.0,-182000000.0,-313000000.0,-1418000000.0,-1391000000.0,4486000000.0,6000000.0,1266000000.0,1266000000.0,1266000000.0,0.0,0.0,0.095,3003000000.0,1796000000.0,2887000000.0,0.153,2.661,15.923,16.0,515000000.0,0.0,19.92,1.518,1.522,418000000.0,6785000000.0,13281000000.0,13281000000.0,0.0,0.023,0.181,0.033,0.135,0.0,3003000000.0,1.0,1011967896.0,1014666000,1032842000.0,13.089,59326000000.0,0.0,507000000.0,2445000000.0,58.469,
67,AFL,MRT,2004-09-30,2004-09-30,2004-09-30,2021-09-07,2558000000.0,52913000000.0,52324000000.0,,,0.242,7.153,0.0,1388000000.0,1388000000.0,8299000000.0,900000000.0,,6.301,1370000000.0,,,1370000000.0,553000000.0,0.0,0.0,0.009,0.183,1433000000.0,1433000000.0,0.113,1433000000.0,1433000000.0,1409000000.0,0.89,0.875,0.89,7247000000.0,6766250000.0,7247000000.0,20208390239.0,14.0,14.102,4313000000.0,4.257,1.0,4382000000.0,0.346,0.0,24000000.0,52895000000.0,52553000000.0,0.0,44645000000.0,,,45666000000.0,,,19885390239.0,212000000.0,0.0,-363000000.0,-19000000.0,-176000000.0,-342000000.0,-3760000000.0,-3736000000.0,4313000000.0,1000000.0,900000000.0,900000000.0,900000000.0,0.0,0.0,0.071,2949000000.0,1433000000.0,237000000.0,0.206,2.744,22.095,22.028,490000000.0,0.0,19.605,1.568,1.566,415000000.0,6622000000.0,12681000000.0,12681000000.0,0.0,0.017,0.133,0.027,0.113,0.0,2949000000.0,1.0,1014301976.0,1013198000,1031152000.0,12.516,52913000000.0,0.0,509000000.0,2649000000.0,52.224,
68,AFL,MRT,2004-06-30,2004-06-30,2004-06-30,2021-09-07,1662000000.0,52130000000.0,51404750000.0,,,0.239,6.077,0.0,1072000000.0,1072000000.0,8047000000.0,844000000.0,,7.437,1395000000.0,,,1395000000.0,542000000.0,0.0,0.0,0.009,0.175,1353000000.0,1353000000.0,0.11,1353000000.0,1353000000.0,1329000000.0,0.83,0.815,0.83,6179000000.0,6621250000.0,6179000000.0,21009866873.0,16.0,15.528,4049000000.0,3.982,1.0,4244000000.0,0.345,0.0,24000000.0,52453000000.0,51688250000.0,0.0,44066000000.0,,,45951000000.0,,,20755866873.0,-663000000.0,0.0,-330000000.0,-19000000.0,-170000000.0,-286000000.0,-4493000000.0,-4458000000.0,4049000000.0,67000000.0,844000000.0,844000000.0,844000000.0,0.0,0.0,0.069,2891000000.0,1353000000.0,1033000000.0,0.211,3.359,24.592,24.584,505000000.0,0.0,20.405,1.689,1.688,470000000.0,6369000000.0,12291000000.0,12291000000.0,0.0,0.016,0.127,0.026,0.11,0.0,2891000000.0,1.0,1017195142.0,1016706000,1035720000.0,12.089,52130000000.0,0.0,485000000.0,2096000000.0,51.273,
69,AFL,MRT,2004-03-31,2004-03-31,2004-03-31,2021-09-07,2669000000.0,53289000000.0,50329750000.0,,,0.237,6.857,0.0,1169000000.0,1169000000.0,7806000000.0,834000000.0,,6.62,1423000000.0,,,1423000000.0,540000000.0,0.0,0.0,0.008,0.163,1316000000.0,1316000000.0,0.11,1316000000.0,1316000000.0,1293000000.0,0.815,0.805,0.815,6993000000.0,6968250000.0,6993000000.0,20865728394.0,16.0,15.855,3634000000.0,3.563,1.0,4113000000.0,0.345,0.0,23000000.0,53543000000.0,50426750000.0,0.0,45210000000.0,,,46296000000.0,,,20508728394.0,184000000.0,0.0,-376000000.0,-20000000.0,-158000000.0,-353000000.0,-3177000000.0,-3148000000.0,3634000000.0,80000000.0,834000000.0,834000000.0,834000000.0,0.0,0.0,0.07,2797000000.0,1316000000.0,895000000.0,0.2,2.933,24.591,24.626,521000000.0,0.0,20.07,1.721,1.717,442000000.0,6152000000.0,11919000000.0,11919000000.0,0.0,0.017,0.12,0.026,0.11,0.0,2797000000.0,1.0,1021859910.0,1019848000,1038710000.0,11.687,53289000000.0,0.0,459000000.0,2449000000.0,52.252,
70,AFL,MRT,2003-12-31,2003-12-31,2003-12-31,2021-09-07,2493000000.0,50964000000.0,48342750000.0,,,0.237,6.475,0.0,1052000000.0,1052000000.0,7529000000.0,768000000.0,,6.668,1409000000.0,,,1409000000.0,516000000.0,0.0,0.0,0.008,0.15,1220000000.0,1220000000.0,0.107,1220000000.0,1220000000.0,1198000000.0,0.75,0.735,0.75,6646000000.0,6973000000.0,6646000000.0,18754187265.0,15.0,15.372,3389000000.0,3.302,1.0,3918000000.0,0.342,0.0,22000000.0,51321000000.0,48457750000.0,0.0,42998000000.0,,,44318000000.0,,,18554187265.0,-327000000.0,0.0,-310000000.0,-20000000.0,-146000000.0,-298000000.0,-3500000000.0,-3473000000.0,3389000000.0,82000000.0,768000000.0,768000000.0,768000000.0,0.0,0.0,0.067,2698000000.0,1220000000.0,374000000.0,0.2,2.792,24.159,24.12,518000000.0,0.0,18.09,1.621,1.622,547000000.0,5885000000.0,11447000000.0,11447000000.0,0.0,0.016,0.11,0.025,0.107,0.0,2698000000.0,1.0,1025659882.0,1026440000,1044276000.0,11.152,50964000000.0,0.0,430000000.0,2189000000.0,49.651,
71,AFL,MRT,2003-09-30,2003-09-30,2003-09-30,2021-09-07,2441000000.0,49236000000.0,46866250000.0,,,0.24,6.493,0.0,1176000000.0,1176000000.0,7210000000.0,908000000.0,,6.385,1376000000.0,,,1376000000.0,489000000.0,0.0,0.0,0.009,0.14,1435000000.0,1435000000.0,0.127,1435000000.0,1435000000.0,1413000000.0,0.885,0.865,0.885,6667000000.0,6910000000.0,6667000000.0,16180291546.0,11.0,11.275,3209000000.0,3.125,1.0,4055000000.0,0.36,0.0,22000000.0,49436000000.0,46875250000.0,0.0,41535000000.0,,,42569000000.0,,,16603291546.0,-115000000.0,0.0,-261000000.0,-14000000.0,-136000000.0,-257000000.0,-3143000000.0,-3106000000.0,3209000000.0,76000000.0,908000000.0,908000000.0,908000000.0,0.0,0.0,0.081,2620000000.0,1435000000.0,729000000.0,0.158,2.49,18.286,18.249,503000000.0,0.0,16.15,1.474,1.472,495000000.0,5854000000.0,11265000000.0,11265000000.0,0.0,0.019,0.131,0.031,0.127,0.0,2580000000.0,1.0,1028067588.0,1026770000,1042424000.0,10.971,49236000000.0,0.0,505000000.0,2312000000.0,47.952,
72,AFL,MRT,2003-06-30,2003-06-30,2003-06-30,2021-09-07,3492000000.0,47830000000.0,45280500000.0,,,0.244,7.365,0.0,1735000000.0,1735000000.0,7073000000.0,911000000.0,,5.321,1312000000.0,,,1312000000.0,454000000.0,0.0,0.0,0.008,0.13,1420000000.0,1420000000.0,0.129,1420000000.0,1420000000.0,1399000000.0,0.885,0.865,0.885,7567000000.0,6769250000.0,7567000000.0,16112147672.0,11.0,11.347,3181000000.0,3.096,1.0,3968000000.0,0.359,0.0,21000000.0,47407000000.0,45240500000.0,0.0,39921000000.0,,,40263000000.0,,,15786147672.0,974000000.0,0.0,-284000000.0,18000000.0,-126000000.0,-291000000.0,-1951000000.0,-1914000000.0,3181000000.0,35000000.0,911000000.0,911000000.0,911000000.0,0.0,0.0,0.083,2548000000.0,1420000000.0,1263000000.0,0.147,2.086,17.328,17.373,472000000.0,0.0,15.375,1.43,1.431,463000000.0,5658000000.0,11041000000.0,11041000000.0,0.0,0.02,0.135,0.031,0.129,0.0,2508000000.0,1.0,1026741312.0,1027456000,1045426000.0,10.746,47830000000.0,0.0,488000000.0,2750000000.0,46.552,
73,AFL,MRT,2003-03-31,2003-03-31,2003-03-31,2021-09-07,3077000000.0,45341000000.0,43808250000.0,,,0.244,6.814,0.0,985000000.0,985000000.0,6856000000.0,875000000.0,,5.466,1311000000.0,,,1311000000.0,444000000.0,0.0,0.0,0.008,0.125,1365000000.0,1365000000.0,0.128,1365000000.0,1365000000.0,1344000000.0,0.85,0.825,0.85,7012000000.0,6336000000.0,7012000000.0,16431720217.0,12.0,12.038,3139000000.0,3.05,1.0,3837000000.0,0.359,0.0,21000000.0,45667000000.0,44004750000.0,0.0,38430000000.0,,,38329000000.0,,,16498720217.0,462000000.0,0.0,-229000000.0,19000000.0,-122000000.0,-239000000.0,-2531000000.0,-2488000000.0,3139000000.0,93000000.0,875000000.0,875000000.0,875000000.0,0.0,0.0,0.082,2472000000.0,1365000000.0,102000000.0,0.147,2.353,18.856,18.853,478000000.0,0.0,16.025,1.543,1.542,405000000.0,5445000000.0,10693000000.0,10693000000.0,0.0,0.02,0.138,0.031,0.128,0.0,2432000000.0,1.0,1029561324.0,1029130000,1048936000.0,10.39,45341000000.0,0.0,469000000.0,2721000000.0,44.058,
74,AFL,MRT,2002-12-31,2002-12-31,2002-12-31,2021-09-07,2630000000.0,45058000000.0,41817750000.0,,,0.245,6.177,0.0,1379000000.0,1379000000.0,6589000000.0,821000000.0,,6.047,1312000000.0,,,1312000000.0,428000000.0,0.0,0.0,0.008,0.115,1279000000.0,1279000000.0,0.125,1279000000.0,1279000000.0,1259000000.0,0.795,0.775,0.795,6394000000.0,5907250000.0,6394000000.0,15551302564.0,12.0,12.159,3038000000.0,2.935,1.0,3668000000.0,0.358,0.0,20000000.0,44991000000.0,42101500000.0,0.0,37768000000.0,,,38664000000.0,,,15547302564.0,527000000.0,0.0,-311000000.0,20000000.0,-112000000.0,-320000000.0,-2274000000.0,-2231000000.0,3038000000.0,83000000.0,821000000.0,821000000.0,821000000.0,0.0,0.0,0.08,2389000000.0,1279000000.0,1323000000.0,0.145,2.432,18.937,18.943,482000000.0,0.0,15.06,1.516,1.52,435000000.0,5244000000.0,10257000000.0,10257000000.0,0.0,0.02,0.139,0.03,0.125,0.0,2349000000.0,1.0,1032357408.0,1035082000,1056652000.0,9.909,45058000000.0,0.0,438000000.0,2364000000.0,43.531,
75,AFL,MRT,2002-09-30,2002-09-30,2002-09-30,2021-09-07,2437000000.0,42893000000.0,40018250000.0,,,0.25,5.903,0.0,1291000000.0,1291000000.0,6462000000.0,797000000.0,,6.027,1295000000.0,,,1295000000.0,413000000.0,0.0,0.0,0.007,0.11,1246000000.0,1246000000.0,0.125,1246000000.0,1246000000.0,1228000000.0,0.765,0.75,0.765,6104000000.0,5665000000.0,6104000000.0,16396721919.0,13.0,13.159,3107000000.0,3.005,1.0,3533000000.0,0.353,0.0,18000000.0,42897000000.0,40407500000.0,0.0,35976000000.0,,,36789000000.0,,,15873721919.0,464000000.0,0.0,-304000000.0,20000000.0,-107000000.0,-313000000.0,-2317000000.0,-2321000000.0,3107000000.0,-13000000.0,797000000.0,797000000.0,797000000.0,0.0,0.0,0.08,2287000000.0,1246000000.0,839000000.0,0.144,2.601,19.917,20.059,469000000.0,0.0,15.345,1.588,1.587,401000000.0,5089000000.0,9995000000.0,9995000000.0,0.0,0.02,0.141,0.031,0.125,0.0,2287000000.0,1.0,1034455648.0,1033968000,1055816000.0,9.667,42893000000.0,0.0,431000000.0,2346000000.0,41.484,
76,AFL,MRT,2002-06-30,2002-06-30,2002-06-30,2021-09-07,2303000000.0,41941000000.0,39307500000.0,,,0.248,5.63,0.0,761000000.0,761000000.0,6311000000.0,750000000.0,,6.189,1284000000.0,,,1284000000.0,417000000.0,0.0,0.0,0.007,0.105,1183000000.0,1183000000.0,0.122,1183000000.0,1183000000.0,1165000000.0,0.72,0.705,0.72,5834000000.0,5528750000.0,5834000000.0,17253442688.0,15.0,14.584,2876000000.0,2.776,1.0,3423000000.0,0.352,0.0,18000000.0,42464000000.0,39810750000.0,0.0,35583000000.0,,,36107000000.0,,,16578442688.0,25000000.0,0.0,-291000000.0,-116000000.0,-103000000.0,-426000000.0,-2428000000.0,-2424000000.0,2876000000.0,3000000.0,750000000.0,750000000.0,750000000.0,0.0,0.0,0.077,2240000000.0,1183000000.0,269000000.0,0.146,2.842,22.105,22.222,489000000.0,0.0,16.0,1.703,1.703,376000000.0,4880000000.0,9734000000.0,9734000000.0,0.0,0.019,0.136,0.03,0.122,0.0,2240000000.0,1.0,1036152668.0,1036154000,1059212000.0,9.394,41941000000.0,0.0,415000000.0,2229000000.0,40.478,
77,AFL,MRT,2002-03-31,2002-03-31,2002-03-31,2021-09-07,1925000000.0,37379000000.0,38520500000.0,,,0.248,5.098,0.0,523000000.0,523000000.0,6251000000.0,691000000.0,,6.057,1198000000.0,,,1198000000.0,371000000.0,0.0,0.0,0.007,0.1,1110000000.0,1110000000.0,0.116,1110000000.0,1110000000.0,1092000000.0,0.66,0.645,0.66,5297000000.0,5429250000.0,5297000000.0,15624498746.0,14.0,14.076,2736000000.0,2.633,1.0,3318000000.0,0.347,0.0,18000000.0,38054000000.0,39048000000.0,0.0,31767000000.0,,,32082000000.0,,,15269498746.0,-552000000.0,0.0,-289000000.0,217000000.0,-98000000.0,-42000000.0,-3243000000.0,-3193000000.0,2736000000.0,-3000000.0,691000000.0,691000000.0,691000000.0,0.0,0.0,0.072,2208000000.0,1110000000.0,9000000.0,0.152,2.883,22.098,22.348,448000000.0,0.0,14.75,1.596,1.601,344000000.0,4699000000.0,9569000000.0,9569000000.0,0.0,0.018,0.127,0.028,0.116,0.0,2208000000.0,1.0,1035220254.0,1038946000,1059254000.0,9.21,37379000000.0,0.0,401000000.0,2142000000.0,35.978,
78,AFL,MRT,2001-12-31,2001-12-31,2001-12-31,2021-09-07,2091000000.0,37860000000.0,38586000000.0,,,0.249,5.166,0.0,852000000.0,852000000.0,6303000000.0,687000000.0,,5.979,1207000000.0,,,1207000000.0,352000000.0,0.0,0.0,0.008,0.096,1100000000.0,1100000000.0,0.115,1100000000.0,1100000000.0,1081000000.0,0.655,0.64,0.655,5425000000.0,5409500000.0,5425000000.0,13284536117.0,12.0,12.077,2849000000.0,2.713,1.0,3295000000.0,0.343,0.0,19000000.0,38215000000.0,38934750000.0,0.0,31940000000.0,,,32435000000.0,,,12824536117.0,243000000.0,0.0,-312000000.0,217000000.0,-95000000.0,-42000000.0,-2473000000.0,-2409000000.0,2849000000.0,-91000000.0,687000000.0,687000000.0,687000000.0,0.0,0.0,0.072,2195000000.0,1100000000.0,765000000.0,0.147,2.364,18.667,18.748,456000000.0,0.0,12.28,1.336,1.344,341000000.0,4542000000.0,9598000000.0,9598000000.0,0.0,0.018,0.127,0.028,0.115,0.0,2195000000.0,1.0,1044343332.0,1050196000,1074766000.0,9.139,37860000000.0,0.0,394000000.0,2091000000.0,36.05,
79,AFL,MRT,2001-09-30,2001-09-30,2001-09-30,2021-09-07,2308000000.0,40050000000.0,38428750000.0,,,0.252,5.302,0.0,827000000.0,827000000.0,6383000000.0,690000000.0,,6.205,1287000000.0,,,1287000000.0,364000000.0,0.0,0.0,0.007,0.093,1094000000.0,1094000000.0,0.113,1094000000.0,1094000000.0,1074000000.0,0.66,0.635,0.66,5559000000.0,5226750000.0,5559000000.0,14787352115.0,14.0,13.517,2835000000.0,2.704,1.0,3291000000.0,0.34,0.0,20000000.0,40510000000.0,38806250000.0,0.0,33909000000.0,,,34491000000.0,,,14167352115.0,19000000.0,0.0,-309000000.0,481000000.0,-92000000.0,231000000.0,-2996000000.0,-2892000000.0,2835000000.0,-51000000.0,690000000.0,690000000.0,690000000.0,0.0,0.0,0.071,2197000000.0,1094000000.0,495000000.0,0.141,2.549,20.532,20.455,492000000.0,0.0,13.5,1.464,1.463,442000000.0,4406000000.0,9674000000.0,9674000000.0,0.0,0.018,0.132,0.028,0.113,0.0,2197000000.0,1.0,1049433490.0,1048532000,1072086000.0,9.226,40050000000.0,0.0,384000000.0,2259000000.0,38.196,
80,AFL,MRT,2001-06-30,2001-06-30,2001-06-30,2021-09-07,2291000000.0,38793000000.0,37892250000.0,,,0.256,5.169,0.0,736000000.0,736000000.0,6472000000.0,660000000.0,,6.136,1356000000.0,,,1356000000.0,348000000.0,0.0,0.0,0.006,0.089,1052000000.0,1052000000.0,0.108,1052000000.0,1052000000.0,1032000000.0,0.63,0.605,0.63,5436000000.0,4863000000.0,5436000000.0,16517846080.0,16.0,15.701,3062000000.0,2.912,1.0,3228000000.0,0.333,0.0,20000000.0,39413000000.0,38181250000.0,0.0,33069000000.0,,,33357000000.0,,,16557846080.0,-231000000.0,0.0,-275000000.0,424000000.0,-89000000.0,200000000.0,-3396000000.0,-3305000000.0,3062000000.0,-96000000.0,660000000.0,660000000.0,660000000.0,0.0,0.0,0.068,2176000000.0,1052000000.0,797000000.0,0.141,3.046,25.088,24.992,474000000.0,0.0,15.745,1.707,1.707,297000000.0,4239000000.0,9700000000.0,9700000000.0,0.0,0.017,0.136,0.028,0.108,0.0,2176000000.0,1.0,1051625664.0,1051572000,1078302000.0,9.224,38793000000.0,0.0,372000000.0,2177000000.0,36.89,
81,AFL,MRT,2001-03-31,2001-03-31,2001-03-31,2021-09-07,2179000000.0,37641000000.0,37892500000.0,,,0.256,4.94,0.0,1075000000.0,1075000000.0,6569000000.0,709000000.0,,6.214,1035000000.0,,,1035000000.0,360000000.0,0.0,0.0,0.006,0.085,1062000000.0,1062000000.0,0.109,1062000000.0,1062000000.0,1042000000.0,0.675,0.65,0.675,5218000000.0,4544250000.0,5218000000.0,15021230430.0,14.0,14.144,3323000000.0,3.146,1.0,3138000000.0,0.323,0.0,20000000.0,37601000000.0,38059000000.0,0.0,31692000000.0,,,32423000000.0,,,14551230430.0,383000000.0,0.0,-282000000.0,108000000.0,-85000000.0,-172000000.0,-2630000000.0,-2578000000.0,3323000000.0,-138000000.0,709000000.0,709000000.0,709000000.0,0.0,0.0,0.073,2076000000.0,1062000000.0,417000000.0,0.126,2.789,20.524,20.4,463000000.0,0.0,13.77,1.499,1.499,324000000.0,4112000000.0,9707000000.0,9707000000.0,0.0,0.019,0.156,0.028,0.109,0.0,2177000000.0,1.0,1056734236.0,1056360000,1083534000.0,9.189,37641000000.0,0.0,333000000.0,2199000000.0,35.633,
82,AFL,MRT,2000-12-31,2000-12-31,2000-12-31,2021-09-07,1668000000.0,37231000000.0,37830000000.0,,,0.256,4.423,0.0,609000000.0,609000000.0,6601000000.0,687000000.0,,6.932,1079000000.0,,,1079000000.0,355000000.0,0.0,0.0,0.005,0.083,1031000000.0,1031000000.0,0.106,1031000000.0,1031000000.0,1012000000.0,0.65,0.63,0.65,4694000000.0,4256500000.0,4694000000.0,19253165578.0,19.0,18.674,3245000000.0,3.058,1.0,3102000000.0,0.32,0.0,19000000.0,37701000000.0,38101500000.0,0.0,31558000000.0,,,32537000000.0,,,19147165578.0,-7000000.0,0.0,-208000000.0,107000000.0,-82000000.0,-130000000.0,-3059000000.0,-3024000000.0,3245000000.0,-63000000.0,687000000.0,687000000.0,687000000.0,0.0,0.0,0.071,2071000000.0,1031000000.0,127000000.0,0.128,4.079,27.871,27.765,481000000.0,0.0,18.047,1.973,1.974,300000000.0,3956000000.0,9703000000.0,9703000000.0,0.0,0.018,0.161,0.027,0.106,0.0,2172000000.0,1.0,1060931740.0,1061214000,1089812000.0,9.143,37231000000.0,0.0,325000000.0,1894000000.0,35.083,
83,AFL,MRT,2000-09-30,2000-09-30,2000-09-30,2021-09-07,1169000000.0,37904000000.0,37782500000.0,,,0.254,3.87,0.0,808000000.0,808000000.0,6548000000.0,623000000.0,,8.236,914000000.0,,,914000000.0,361000000.0,0.0,0.0,0.005,0.08,933000000.0,933000000.0,0.097,933000000.0,933000000.0,913000000.0,0.583,0.575,0.583,4104000000.0,4050000000.0,4104000000.0,17268282224.0,19.0,18.508,3197000000.0,3.015,1.0,3042000000.0,0.317,0.0,20000000.0,38010000000.0,38037000000.0,0.0,31989000000.0,,,33800000000.0,,,17138282224.0,274000000.0,0.0,-183000000.0,-170000000.0,-80000000.0,-381000000.0,-2545000000.0,-2510000000.0,3197000000.0,3000000.0,623000000.0,623000000.0,623000000.0,0.0,0.0,0.065,2109000000.0,933000000.0,397000000.0,0.137,4.176,27.509,27.714,491000000.0,0.0,16.157,1.787,1.787,313000000.0,3812000000.0,9590000000.0,9590000000.0,0.0,0.016,0.154,0.025,0.097,0.0,2146000000.0,1.0,1060701360.0,1060360000,1088784000.0,9.044,37904000000.0,0.0,290000000.0,1660000000.0,35.746,
84,AFL,MRT,2000-06-30,2000-06-30,2000-06-30,2021-09-07,1337000000.0,38794000000.0,37112750000.0,,,0.251,3.917,0.0,967000000.0,967000000.0,6373000000.0,604000000.0,,8.323,1097000000.0,,,1097000000.0,362000000.0,0.0,0.0,0.007,0.077,901000000.0,901000000.0,0.097,901000000.0,901000000.0,881000000.0,0.562,0.555,0.562,4161000000.0,3967000000.0,4161000000.0,12574384945.0,14.0,13.956,3137000000.0,2.953,1.0,2941000000.0,0.316,0.0,20000000.0,38924000000.0,37477000000.0,0.0,32690000000.0,,,34633000000.0,,,12194384945.0,589000000.0,0.0,-176000000.0,-81000000.0,-76000000.0,-298000000.0,-2312000000.0,-2279000000.0,3137000000.0,61000000.0,604000000.0,604000000.0,604000000.0,0.0,0.0,0.065,2040000000.0,901000000.0,999000000.0,0.137,2.931,20.189,20.436,497000000.0,0.0,11.485,1.309,1.31,286000000.0,3672000000.0,9314000000.0,9314000000.0,0.0,0.016,0.152,0.024,0.097,0.0,2077000000.0,1.0,1061766212.0,1062286000,1089722000.0,8.768,38794000000.0,0.0,277000000.0,1705000000.0,36.519,
85,AFL,MRT,2000-03-31,2000-03-31,2000-03-31,2021-09-07,1389000000.0,37391000000.0,35314750000.0,,,0.255,3.828,0.0,692000000.0,692000000.0,6106000000.0,532000000.0,,8.194,1072000000.0,,,1072000000.0,360000000.0,0.0,0.0,0.007,0.075,839000000.0,839000000.0,0.093,839000000.0,839000000.0,819000000.0,0.495,0.487,0.495,4067000000.0,3839500000.0,4067000000.0,12572374609.0,15.0,14.985,3013000000.0,2.836,1.0,2885000000.0,0.321,0.0,20000000.0,37771000000.0,35809000000.0,0.0,31759000000.0,,,33324000000.0,,,12077374609.0,423000000.0,0.0,-259000000.0,351000000.0,-73000000.0,44000000.0,-2684000000.0,-2659000000.0,3013000000.0,50000000.0,532000000.0,532000000.0,532000000.0,0.0,0.0,0.059,2046000000.0,839000000.0,340000000.0,0.152,2.97,22.702,23.01,492000000.0,0.0,11.39,1.343,1.346,262000000.0,3493000000.0,8991000000.0,8991000000.0,0.0,0.015,0.139,0.023,0.093,0.0,1982000000.0,1.0,1060348956.0,1062398000,1089046000.0,8.463,37391000000.0,0.0,287000000.0,1727000000.0,35.195,
86,AFL,MRT,1999-12-31,1999-12-31,1999-12-31,2021-09-07,1264000000.0,37041000000.0,33804250000.0,,,0.256,3.637,0.0,616000000.0,616000000.0,5885000000.0,571000000.0,,8.576,1018000000.0,,,1018000000.0,361000000.0,0.0,0.0,0.006,0.072,796000000.0,796000000.0,0.092,796000000.0,796000000.0,778000000.0,0.535,0.52,0.535,3868000000.0,3787500000.0,3868000000.0,13103113375.0,16.0,16.461,2803000000.0,2.636,1.0,2755000000.0,0.319,0.0,18000000.0,37443000000.0,34279500000.0,0.0,31408000000.0,,,33173000000.0,,,12558113375.0,242000000.0,0.0,-185000000.0,352000000.0,-72000000.0,117000000.0,-2738000000.0,-2711000000.0,2803000000.0,60000000.0,571000000.0,571000000.0,571000000.0,0.0,0.0,0.066,1959000000.0,796000000.0,0.0,0.135,3.247,21.993,22.051,509000000.0,0.0,11.797,1.453,1.452,270000000.0,3356000000.0,8640000000.0,8640000000.0,0.0,0.017,0.151,0.023,0.092,0.0,1895000000.0,1.0,1064472420.0,1063474000,1101690000.0,8.124,37041000000.0,0.0,207000000.0,1511000000.0,34.83,
87,AFL,MRT,1999-09-30,1999-09-30,1999-09-30,2021-09-07,1228000000.0,35225000000.0,32349500000.0,,,0.254,3.551,0.0,534000000.0,534000000.0,5500000000.0,586000000.0,,8.339,1079000000.0,,,1079000000.0,335000000.0,-34000000.0,0.0,0.007,0.07,814000000.0,780000000.0,0.095,780000000.0,814000000.0,796000000.0,0.55,0.53,0.55,3772000000.0,3763000000.0,3772000000.0,11783831755.0,14.0,15.107,2858000000.0,2.691,1.0,2720000000.0,0.331,0.0,18000000.0,35770000000.0,32779750000.0,0.0,29875000000.0,,,31453000000.0,,,11133831755.0,244000000.0,0.0,-155000000.0,375000000.0,-66000000.0,167000000.0,-2848000000.0,-2811000000.0,2858000000.0,67000000.0,586000000.0,586000000.0,586000000.0,0.0,0.0,0.071,1906000000.0,814000000.0,75000000.0,0.127,2.952,19.0,19.036,493000000.0,0.0,10.47,1.354,1.353,398000000.0,3274000000.0,8220000000.0,8220000000.0,0.0,0.018,0.156,0.025,0.099,0.0,1795000000.0,1.0,1063403224.0,1062160000,1097988000.0,7.739,35225000000.0,0.0,210000000.0,1624000000.0,33.164,
88,AFL,MRT,1999-06-30,1999-06-30,1999-06-30,2021-09-07,1248000000.0,31602000000.0,30634862250.0,,,0.252,3.434,0.0,378000000.0,378000000.0,5162000000.0,550000000.0,,7.656,1028000000.0,,,1028000000.0,304000000.0,-14000000.0,0.0,0.006,0.068,753000000.0,739000000.0,0.096,739000000.0,753000000.0,737000000.0,0.515,0.497,0.515,3651000000.0,3712816750.0,3651000000.0,13097603224.0,17.0,17.723,2656000000.0,2.498,1.0,2562000000.0,0.332,0.0,16000000.0,32252000000.0,30981838500.0,0.0,26872000000.0,,,27951000000.0,,,12793603224.0,34000000.0,0.0,-187000000.0,407000000.0,-66000000.0,170000000.0,-2833000000.0,-2789000000.0,2656000000.0,41000000.0,550000000.0,550000000.0,550000000.0,0.0,0.0,0.071,1809000000.0,753000000.0,458000000.0,0.132,3.504,23.261,23.243,449000000.0,0.0,11.97,1.656,1.648,355000000.0,3151000000.0,7724000000.0,7724000000.0,0.0,0.018,0.148,0.024,0.097,0.0,1698000000.0,1.0,1068805616.0,1063272000,1103876000.0,7.264,31602000000.0,0.0,187000000.0,1540000000.0,29.721,
89,AFL,MRT,1999-03-31,1999-03-31,1999-03-31,2021-09-07,1457000000.0,31349000000.0,29311047500.0,,,0.252,3.625,0.0,269000000.0,269000000.0,4953000000.0,523000000.0,,7.124,573000000.0,,,573000000.0,306000000.0,-7000000.0,0.0,0.005,0.065,714000000.0,707000000.0,0.096,707000000.0,714000000.0,700000000.0,0.488,0.473,0.488,3859000000.0,3683862250.0,3859000000.0,14728172117.0,21.0,20.832,2578000000.0,2.422,1.0,2443000000.0,0.33,0.0,14000000.0,31653000000.0,29540078000.0,0.0,26948000000.0,,,27490000000.0,,,14506172117.0,124000000.0,0.0,-99000000.0,1000000.0,-66000000.0,-153000000.0,-2326000000.0,-2281000000.0,2578000000.0,25000000.0,523000000.0,523000000.0,523000000.0,0.0,0.0,0.071,1729000000.0,714000000.0,437000000.0,0.133,3.759,27.736,27.889,450000000.0,0.0,13.61,1.961,1.959,255000000.0,3040000000.0,7396000000.0,7396000000.0,0.0,0.018,0.142,0.024,0.097,0.0,1618000000.0,1.0,1065846592.0,1064460000,1107076000.0,6.948,31349000000.0,0.0,177000000.0,1733000000.0,29.451,
90,AFL,MRT,1998-12-31,1998-12-31,1998-12-31,2021-09-07,1551000000.0,31222000000.0,28355854500.0,,,0.251,3.539,0.0,374000000.0,374000000.0,4877000000.0,487000000.0,,7.282,596000000.0,,,596000000.0,309000000.0,0.0,0.0,0.006,0.063,564000000.0,564000000.0,0.079,564000000.0,564000000.0,551000000.0,0.455,0.44,0.455,3770000000.0,3582536500.0,3770000000.0,11852543225.0,21.0,21.015,2500000000.0,2.347,1.0,2227000000.0,0.313,0.0,13000000.0,31444000000.0,28600332750.0,0.0,26620000000.0,,,27452000000.0,,,11640638225.0,138000000.0,0.0,-95000000.0,-1000000.0,-63000000.0,-151000000.0,-2245000000.0,-2197000000.0,2500000000.0,34000000.0,487000000.0,487000000.0,487000000.0,0.0,0.0,0.069,1663000000.0,564000000.0,0.0,0.138,3.088,23.903,24.11,466000000.0,0.0,10.97,1.639,1.645,272000000.0,2862000000.0,7104000000.0,7104000000.0,0.0,0.017,0.136,0.02,0.079,0.0,1552000000.0,1.0,1061133840.0,1065218000,1103490000.0,6.669,31222000000.0,0.0,64000000.0,1865000000.0,29.31,
91,AFL,MRT,1998-09-30,1998-09-30,1998-09-30,2021-09-07,1463791000.0,28366449000.0,27913854500.0,,,0.247,3.357,0.0,290178000.0,290178000.0,4856161000.0,466971000.0,,6.943,502083000.0,,,502083000.0,270593000.0,34000000.0,0.0,0.009,0.061,531562000.0,565562000.0,0.082,565562000.0,531562000.0,519110000.0,0.435,0.422,0.435,3571267000.0,3497536500.0,3571267000.0,7802738542.0,15.0,13.796,2485053000.0,2.336,1.0,2049989000.0,0.297,0.0,12452000.0,28578354000.0,28174582750.0,0.0,24458348000.0,,,24795182000.0,,,7624521542.0,65312000.0,367000.0,-249864000.0,133737000.0,-61950000.0,-169401000.0,-2231658000.0,-2201145000.0,2485053000.0,-18682000.0,466971000.0,466971000.0,466971000.0,0.0,0.0,0.068,1518427000.0,531562000.0,182453000.0,0.14,2.135,16.328,16.414,371999000.0,0.0,7.14,1.104,1.1,236443000.0,2763063000.0,6906150000.0,6906150000.0,0.0,0.017,0.134,0.019,0.077,0.0,1518427000.0,1.0,1067860160.0,1063712000,1101148000.0,6.492,28366449000.0,0.0,52139000.0,1743224000.0,26.667,
92,AFL,MRT,1998-06-30,1998-06-30,1998-06-30,2021-09-07,1458501000.0,26306741000.0,28274400750.0,,,0.247,3.308,0.0,344380000.0,344380000.0,4937251000.0,455050000.0,,6.441,522597000.0,,,522597000.0,263901000.0,14000000.0,0.0,0.008,0.059,526473000.0,540473000.0,0.077,540473000.0,526473000.0,513920000.0,0.422,0.41,0.422,3535182000.0,3303163500.0,3535182000.0,8479663974.0,16.0,15.689,2525041000.0,2.363,1.0,2058519000.0,0.294,0.0,12553000.0,26484958000.0,28585064000.0,0.0,22457078000.0,,,22771559000.0,,,8113872974.0,-197510000.0,367000.0,-251422000.0,75903000.0,-59582000.0,-226132000.0,-2446190000.0,-2426646000.0,2525041000.0,-50229000.0,455050000.0,455050000.0,455050000.0,0.0,0.0,0.065,1532046000.0,526473000.0,107036000.0,0.14,2.295,17.831,17.956,367276000.0,0.0,7.577,1.16,1.157,244368000.0,2672850000.0,6995770000.0,6995770000.0,0.0,0.016,0.138,0.018,0.075,0.0,1532046000.0,1.0,1070784952.0,1068552000,1106296000.0,6.547,26306741000.0,0.0,58870000.0,1663750000.0,24.619,
93,AFL,MRT,1998-03-31,1998-03-31,1998-03-31,2021-09-07,1431757000.0,27528228000.0,29245245500.0,,,0.25,3.236,0.0,145395000.0,145395000.0,4970931000.0,654843000.0,,6.971,511186000.0,,,511186000.0,277768000.0,7000000.0,0.0,0.007,0.058,782547000.0,789547000.0,0.108,789547000.0,782547000.0,768881000.0,0.605,0.585,0.605,3453697000.0,3080443250.0,3453697000.0,8735944468.0,11.0,11.065,2614940000.0,2.45,1.0,2329526000.0,0.319,0.0,13666000.0,27894019000.0,29646166750.0,0.0,23853250000.0,,,24074531000.0,,,8448410468.0,-774357000.0,351000000.0,-225190000.0,36297000.0,-57300000.0,-238173000.0,-3140562000.0,-3477359000.0,2614940000.0,-10562000.0,654843000.0,654843000.0,654843000.0,0.0,0.0,0.09,1546979000.0,782547000.0,9519000.0,0.096,2.446,12.901,13.068,380755000.0,0.0,7.906,1.157,1.156,214142000.0,2587529000.0,7300457000.0,7300457000.0,0.0,0.022,0.213,0.026,0.107,0.0,1546979000.0,1.0,1068573656.0,1067324000,1105176000.0,6.84,27528228000.0,0.0,114038000.0,1694185000.0,25.792,
94,AFL,MRT,1997-12-31,1997-12-31,1997-12-31,2021-09-07,1559000000.0,29454000000.0,29140130750.0,,,0.249,3.151,0.0,236000000.0,236000000.0,4833000000.0,585000000.0,,7.587,523000000.0,,,523000000.0,277000000.0,0.0,0.0,0.009,0.056,879000000.0,879000000.0,0.121,879000000.0,879000000.0,865000000.0,0.537,0.52,0.537,3430000000.0,2791283000.0,3430000000.0,7353291248.0,8.0,8.366,2609000000.0,2.397,1.0,2418000000.0,0.333,0.0,14000000.0,29741000000.0,29556122250.0,0.0,25678000000.0,,,26024000000.0,,,6941646248.0,27000000.0,351000000.0,-289000000.0,206000000.0,-57000000.0,-132000000.0,-2434000000.0,-2776000000.0,2609000000.0,-16000000.0,585000000.0,585000000.0,585000000.0,0.0,0.0,0.081,1539000000.0,879000000.0,216000000.0,0.104,2.024,11.866,11.902,386000000.0,0.0,6.391,0.957,0.959,216000000.0,2442000000.0,7251000000.0,7251000000.0,0.0,0.02,0.21,0.03,0.121,0.0,1539000000.0,1.0,1086117152.0,1088440000,1126384000.0,6.662,29454000000.0,0.0,280000000.0,1827000000.0,27.061,
95,AFL,MRT,1997-09-30,1997-09-30,1997-09-30,2021-09-07,860335000.0,29808634000.0,28031726750.0,,,0.263,2.562,8997000.0,1866000.0,1866000.0,4877195000.0,622414000.0,,9.67,413511000.0,,,413511000.0,278577000.0,48000000.0,0.0,0.008,0.054,939376000.0,987376000.0,0.134,987376000.0,939376000.0,925504000.0,0.575,,0.575,2793775000.0,2465175250.0,2793775000.0,7969098546.0,8.0,8.071,2673321000.0,2.452,1.0,2481499000.0,0.337,0.0,13872000.0,30220279000.0,28396844500.0,0.0,26144154000.0,,,27014859000.0,,,7429849546.0,19413000.0,449633000.0,-177056000.0,59220000.0,-58726000.0,-170321000.0,-2459259000.0,-2903769000.0,2664324000.0,-15331000.0,622414000.0,622414000.0,622414000.0,0.0,0.0,0.085,1542123000.0,939376000.0,93444000.0,0.094,2.659,11.937,11.793,420292000.0,0.0,6.781,1.01,1.005,231697000.0,2361773000.0,7358694000.0,7358694000.0,0.0,0.022,0.252,0.033,0.128,0.0,1542123000.0,1.0,1095646016.0,1090420000,,6.748,29808634000.0,0.0,303090000.0,1353690000.0,27.337,
96,AFL,MRT,1997-06-30,1997-06-30,1997-06-30,2021-09-07,731711000.0,30190120000.0,,,,,2.42,5126000.0,0.0,0.0,4870689000.0,614680000.0,,10.417,539249000.0,,,539249000.0,291516000.0,48000000.0,0.0,0.009,0.052,937063000.0,985063000.0,0.134,985063000.0,937063000.0,922655000.0,0.565,,0.565,2644301000.0,,2644301000.0,6937400921.0,7.0,7.043,2628796000.0,2.405,1.0,2473964000.0,0.337,0.0,14408000.0,30729369000.0,,0.0,26382437000.0,,,27545819000.0,,,6450945921.0,351954000.0,449633000.0,-181481000.0,119042000.0,-57046000.0,-115035000.0,-2159334000.0,-2602004000.0,2623670000.0,2653000.0,614680000.0,614680000.0,614680000.0,0.0,0.0,0.084,1536901000.0,937063000.0,228044000.0,0.092,2.44,10.495,10.454,444382000.0,0.0,5.906,0.878,0.879,229573000.0,2281326000.0,7344653000.0,7344653000.0,0.0,,,,0.128,0.0,1536901000.0,1.0,1092223648.0,1092888000,,6.72,30190120000.0,0.0,307975000.0,1451651000.0,27.624,
97,AFL,MRT,1997-03-31,1997-03-31,1997-03-31,2021-09-07,665033000.0,27107769000.0,,,,,2.094,4367000.0,9698000.0,9698000.0,4874060000.0,397634000.0,,10.801,496153000.0,,,496153000.0,279398000.0,48000000.0,0.0,0.011,0.05,666184000.0,714184000.0,0.101,714184000.0,666184000.0,651936000.0,0.361,,0.361,2297056000.0,,2297056000.0,5476504450.0,8.0,7.668,2662952000.0,2.427,1.0,2203563000.0,0.311,60383000.0,14248000.0,27533841000.0,,0.0,23549734000.0,,,24810713000.0,,,5122971450.0,726871000.0,99000000.0,-226577000.0,103403000.0,-55371000.0,-173805000.0,-1740199000.0,-1832769000.0,2658585000.0,-17710000.0,397634000.0,397634000.0,397634000.0,0.0,0.0,0.056,1537379000.0,666184000.0,142825000.0,0.139,2.23,12.884,12.985,442581000.0,0.0,4.688,0.724,0.727,217131000.0,1994251000.0,7077623000.0,7077623000.0,0.0,,,,0.094,0.0,1537379000.0,1.0,1092900576.0,1097020000,,6.452,27047386000.0,0.0,254302000.0,1268752000.0,24.655,
98,AFL,MRT,1996-12-31,1996-12-31,1996-12-31,2021-09-07,509936000.0,25020384000.0,25118446500.0,,,0.283,1.895,0.0,209095000.0,209095000.0,4896000000.0,394000000.0,,10.771,353533000.0,,,353533000.0,288976000.0,48000000.0,0.0,0.009,0.048,666000000.0,714000000.0,0.101,714000000.0,666000000.0,650000000.0,0.352,0.34,0.352,2125569000.0,2129855000.0,2125569000.0,,,,2694000000.0,2.402,1.0,2204000000.0,0.31,60933000.0,16000000.0,25103889000.0,25269490500.0,0.0,21108923000.0,,,22894815000.0,,,5840187453.0,19000000.0,99000000.0,-169000000.0,60000000.0,-54000000.0,-157000000.0,-2505000000.0,-2594000000.0,2694000000.0,-13000000.0,394000000.0,394000000.0,394000000.0,0.0,0.0,0.055,1538000000.0,666000000.0,99408000.0,0.136,2.748,14.823,15.181,471907000.0,0.0,5.344,0.823,0.844,226981000.0,1917794000.0,7100000000.0,7100000000.0,0.0,0.016,0.185,0.026,0.094,0.0,1538000000.0,1.0,1092900576.0,1121408000,1155688000.0,6.331,24959451000.0,0.0,256000000.0,1181121000.0,22.257,
99,AFL,MRT,1996-09-30,1996-09-30,1996-09-30,2021-09-07,,,,,,,,,,,,,,,,,,,,,,0.011,0.047,,,,,,,,,,,,,,,,,,1.0,,,,,,,,,,,,,,,,,,,,,,,,,,,,,,,,,,,,,,,,4.438,,,,,,,,,,,,,,1.0,,1147864000,,,,,,,,
100,AFL,MRT,1996-06-30,1996-06-30,1996-06-30,2021-09-07,,,,,,,,,,,,,,,,,,,,,,0.012,0.045,,,,,,,,,,,,,,,,,,1.0,,,,,,,,,,,,,,,,,,,,,,,,,,,,,,,,,,,,,,,,3.734,,,,,,,,,,,,,,1.0,,1159032000,,,,,,,,
101,AFL,MRT,1996-03-31,1996-03-31,1996-03-31,2021-09-07,,,,,,,,,,,,,,,,,,,,,,0.011,0.043,,,,,,,,,,,,,,,,,,1.0,,,,,,,,,,,,,,,,,,,,,,,,,,,,,,,,,,,,,,,,3.875,,,,,,,,,,,,,,1.0,,1170928000,,,,,,,,
102,AFL,MRT,1995-12-31,1995-12-31,1995-12-31,2021-09-07,696106000.0,25216509000.0,,,,,1.831,0.0,4139000.0,4139000.0,5034266000.0,349057000.0,,10.816,327268000.0,,,327268000.0,301452000.0,0.0,0.0,0.012,0.042,616606000.0,616606000.0,0.086,616606000.0,616606000.0,600995000.0,0.3,0.291,0.3,2134141000.0,,2134141000.0,,,,2944098000.0,2.526,1.0,2156354000.0,0.3,104546000.0,15611000.0,25435092000.0,,0.0,21419022000.0,,,23082368000.0,,,,-106704000.0,0.0,-214511000.0,166849000.0,-48939000.0,-93366000.0,-2959124000.0,-2941733000.0,2944098000.0,1688000.0,349057000.0,349057000.0,349057000.0,0.0,0.0,0.049,1539748000.0,616606000.0,80014000.0,0.14,,,12.083,552061000.0,0.0,3.625,,0.588,199634000.0,1577605000.0,7190620000.0,7190620000.0,0.0,,,,0.086,0.0,1539748000.0,1.0,,1165416000,1195936000.0,6.17,25111963000.0,0.0,251938000.0,1397709000.0,21.548,
103,AFL,MRT,1994-12-31,1994-12-31,1994-12-31,2021-09-07,,,,,,,,0.0,,,4256541000.0,292790000.0,,,,,,,,0.0,,0.014,0.037,515413000.0,515413000.0,0.084,515413000.0,515413000.0,504336000.0,0.236,0.236,0.236,,,,,,,2369246000.0,1.915,1.0,1854217000.0,0.303,,11077000.0,,,,,,,,,,,-5770000.0,0.0,-128973000.0,41319000.0,-44928000.0,-130419000.0,-2246906000.0,-2061511000.0,2369246000.0,2309000.0,292790000.0,292790000.0,292790000.0,0.0,0.0,0.048,1338804000.0,515413000.0,,0.157,,,11.299,,0.0,2.667,,0.54,,,6110758000.0,6110758000.0,0.0,,,,0.084,0.0,1338804000.0,1.0,,1237216000,1237216000.0,4.939,,,211546000.0,,,
