None,ticker,dimension,calendardate,datekey,reportperiod,lastupdated,accoci,assets,assetsavg,assetsc,assetsnc,assetturnover,bvps,capex,cashneq,cashnequsd,cor,consolinc,currentratio,de,debt,debtc,debtnc,debtusd,deferredrev,depamor,deposits,divyield,dps,ebit,ebitda,ebitdamargin,ebitdausd,ebitusd,ebt,eps,epsdil,epsusd,equity,equityavg,equityusd,ev,evebit,evebitda,fcf,fcfps,fxusd,gp,grossmargin,intangibles,intexp,invcap,invcapavg,inventory,investments,investmentsc,investmentsnc,liabilities,liabilitiesc,liabilitiesnc,marketcap,ncf,ncfbus,ncfcommon,ncfdebt,ncfdiv,ncff,ncfi,ncfinv,ncfo,ncfx,netinc,netinccmn,netinccmnusd,netincdis,netincnci,netmargin,opex,opinc,payables,payoutratio,pb,pe,pe1,ppnenet,prefdivis,price,ps,ps1,receivables,retearn,revenue,revenueusd,rnd,roa,roe,roic,ros,sbcomp,sgna,sharefactor,sharesbas,shareswa,shareswadil,sps,tangibles,taxassets,taxexp,taxliabilities,tbvps,workingcapital
0,BCR,MRY,2016-12-31,2016-12-31,2016-12-31,2021-09-13,-235500000.0,5306100000.0,5262975000.0,2316400000.0,2989700000.0,0.706,22.782,-100300000.0,1106500000.0,1106500000.0,1371700000.0,531400000.0,2.089,2.168,1641700000.0,0.0,1641700000.0,1641700000.0,0.0,213400000.0,0.0,0.004,1.0,718200000.0,931600000.0,0.251,931600000.0,718200000.0,663700000.0,7.15,7.03,7.15,1675100000.0,1621225000.0,1675100000.0,17009723950.0,24.0,18.259,446300000.0,6.07,1.0,2342300000.0,0.631,2270500000.0,54500000.0,2461900000.0,2442925000.0,483000000.0,0.0,0.0,0.0,3631000000.0,1108900000.0,2522100000.0,16518423950.0,-45500000.0,-202800000.0,-356000000.0,245600000.0,-74600000.0,-149800000.0,-423900000.0,0.0,546600000.0,-18400000.0,531400000.0,531400000.0,531400000.0,0.0,0.0,0.143,1624100000.0,718200000.0,96000000.0,0.14,9.861,31.085,31.421,489500000.0,0.0,224.66,4.448,4.448,477300000.0,-454400000.0,3714000000.0,3714000000.0,292800000.0,0.101,0.328,0.294,0.193,90000000.0,1101900000.0,1.0,73526324.0,73526324.0,,50.513,3035600000.0,64400000.0,132300000.0,36200000.0,41.286,1207500000.0
1,BCR,MRY,2015-12-31,2015-12-31,2015-12-31,2021-09-13,-208000000.0,4844000000.0,4960150000.0,1969300000.0,2874700000.0,0.689,19.697,-102900000.0,1030900000.0,1030900000.0,1301200000.0,135400000.0,1.562,2.329,1394300000.0,250200000.0,1144100000.0,1394300000.0,0.0,193100000.0,0.0,0.005,0.92,394300000.0,587400000.0,0.172,587400000.0,394300000.0,349400000.0,1.8,1.77,1.8,1455300000.0,1585175000.0,1455300000.0,14330980890.0,36.0,24.397,695200000.0,9.409,1.0,2114800000.0,0.619,2159700000.0,44900000.0,1787000000.0,2091925000.0,413700000.0,0.0,0.0,0.0,3388700000.0,1260700000.0,2128000000.0,13996980890.0,-9600000.0,-97400000.0,-440000000.0,-82000000.0,-69400000.0,-554100000.0,-211400000.0,21000000.0,798100000.0,-42200000.0,135400000.0,135400000.0,135400000.0,0.0,0.0,0.04,1720500000.0,394300000.0,70700000.0,0.511,9.618,103.375,105.244,472400000.0,0.0,189.44,4.097,4.097,445100000.0,-503500000.0,3416000000.0,3416000000.0,259200000.0,0.027,0.085,0.188,0.115,81800000.0,1012100000.0,1.0,73886090.0,73886090.0,,46.233,2684300000.0,50500000.0,214000000.0,70200000.0,36.33,708600000.0
2,BCR,MRY,2014-12-31,2014-12-31,2014-12-31,2021-09-13,-88800000.0,5092600000.0,5050625000.0,2047100000.0,3045500000.0,0.658,24.098,-126600000.0,1007600000.0,1007600000.0,1258600000.0,294500000.0,3.331,1.822,1479900000.0,78000000.0,1401900000.0,1479900000.0,0.0,174100000.0,0.0,0.005,0.86,490600000.0,664700000.0,0.2,664700000.0,490600000.0,445800000.0,3.83,3.76,3.83,1804900000.0,1842675000.0,1804900000.0,12842728225.0,26.0,19.321,533400000.0,7.122,1.0,2065000000.0,0.621,2145100000.0,44800000.0,2805200000.0,2677875000.0,376200000.0,0.0,0.0,0.0,3287700000.0,614600000.0,2673100000.0,12479628225.0,-106800000.0,0.0,-561200000.0,78000000.0,-66200000.0,-584400000.0,-163300000.0,7100000.0,660000000.0,-19100000.0,294500000.0,294500000.0,294500000.0,0.0,0.0,0.089,1574400000.0,490600000.0,81900000.0,0.225,6.914,42.376,43.504,446400000.0,0.0,166.62,3.755,3.755,455200000.0,-70300000.0,3323600000.0,3323600000.0,302000000.0,0.058,0.16,0.183,0.148,71400000.0,981500000.0,1.0,74898741.0,74898741.0,,44.375,2947500000.0,104800000.0,151300000.0,150300000.0,39.353,1432500000.0
3,BCR,MRY,2013-12-31,2013-12-31,2013-12-31,2021-09-13,-20900000.0,5041100000.0,4377700000.0,2090400000.0,2950700000.0,0.697,26.81,-69100000.0,1083200000.0,1083200000.0,1194400000.0,689800000.0,3.564,1.414,1405700000.0,0.0,1405700000.0,1405700000.0,0.0,146400000.0,0.0,0.006,0.82,1258400000.0,1404800000.0,0.461,1404800000.0,1258400000.0,1213400000.0,8.54,8.39,8.54,2088200000.0,1763150000.0,2088200000.0,11135926246.0,9.0,7.927,1054200000.0,13.534,1.0,1855100000.0,0.608,2264400000.0,45000000.0,2512700000.0,2491825000.0,356200000.0,0.0,0.0,0.0,2952900000.0,586500000.0,2366400000.0,10432626246.0,170600000.0,-197200000.0,-616100000.0,0.0,-66500000.0,-663300000.0,-288300000.0,0.0,1123300000.0,-1100000.0,689800000.0,689800000.0,689800000.0,0.0,0.0,0.226,596700000.0,1258400000.0,83000000.0,0.096,4.996,15.124,15.684,391200000.0,0.0,133.94,3.421,3.421,479600000.0,360100000.0,3049500000.0,3049500000.0,295700000.0,0.158,0.391,0.505,0.413,61500000.0,920300000.0,1.0,77890296.0,77890296.0,,39.151,2776700000.0,82100000.0,523600000.0,226100000.0,35.649,1503900000.0
4,BCR,MRY,2012-12-31,2012-12-31,2012-12-31,2021-09-13,-81200000.0,4151300000.0,3988600000.0,1847200000.0,2304100000.0,0.742,23.395,-72600000.0,921300000.0,921300000.0,1125300000.0,530100000.0,4.127,1.156,1409600000.0,0.0,1409600000.0,1409600000.0,0.0,136300000.0,0.0,0.008,0.78,772000000.0,908300000.0,0.307,908300000.0,772000000.0,732400000.0,6.24,6.16,6.24,1925700000.0,1904250000.0,1925700000.0,8501471068.0,11.0,9.36,588600000.0,7.151,1.0,1832800000.0,0.62,1836200000.0,39600000.0,2355800000.0,1995825000.0,328500000.0,0.0,0.0,0.0,2225600000.0,447600000.0,1778000000.0,8045171068.0,299900000.0,-139900000.0,-389100000.0,189600000.0,-66700000.0,-263200000.0,-98200000.0,0.0,661200000.0,100000.0,530100000.0,530100000.0,530100000.0,0.0,0.0,0.179,1060800000.0,772000000.0,56200000.0,0.125,4.178,15.177,15.663,359300000.0,0.0,97.74,2.72,2.72,480900000.0,473200000.0,2958100000.0,2958100000.0,203200000.0,0.133,0.278,0.387,0.261,52100000.0,817300000.0,1.0,82311961.0,82311961.0,,35.938,2315100000.0,52600000.0,202300000.0,36700000.0,28.126,1399600000.0
5,BCR,MRY,2011-12-31,2011-12-31,2011-12-31,2021-09-13,-66600000.0,3931400000.0,3565550000.0,1688900000.0,2242500000.0,0.812,20.648,-71400000.0,743500000.0,743500000.0,1097300000.0,328000000.0,1.845,1.22,1213200000.0,304500000.0,908700000.0,1213200000.0,0.0,115100000.0,0.0,0.009,0.74,547200000.0,662300000.0,0.229,662300000.0,547200000.0,510800000.0,3.75,3.69,3.75,1771200000.0,1836600000.0,1771200000.0,7275997508.0,13.0,10.986,650100000.0,7.578,1.0,1799100000.0,0.621,1768000000.0,36400000.0,1717700000.0,1871125000.0,319200000.0,0.0,0.0,0.0,2160200000.0,915400000.0,1244800000.0,7334397508.0,-45000000.0,-539300000.0,-178400000.0,224000000.0,-64600000.0,3900000.0,-772300000.0,0.0,721500000.0,1900000.0,328000000.0,328000000.0,328000000.0,0.0,0.0,0.113,1251900000.0,547200000.0,86400000.0,0.197,4.141,22.361,22.8,355400000.0,0.0,85.5,2.532,2.532,488900000.0,466800000.0,2896400000.0,2896400000.0,185400000.0,0.092,0.179,0.292,0.189,55500000.0,794600000.0,1.0,85782427.0,85782427.0,,33.764,2163400000.0,78200000.0,182800000.0,36200000.0,25.22,773500000.0
6,BCR,MRY,2010-12-31,2010-12-31,2010-12-31,2021-09-13,-56200000.0,3171500000.0,3027550000.0,1529300000.0,1642200000.0,0.898,17.561,-51200000.0,641400000.0,641400000.0,1020000000.0,509600000.0,3.845,0.944,977400000.0,80500000.0,896900000.0,977400000.0,0.0,104900000.0,0.0,0.008,0.7,730000000.0,834900000.0,0.307,834900000.0,730000000.0,717300000.0,5.39,5.32,5.39,1631500000.0,2057950000.0,1631500000.0,8229275732.0,11.0,9.857,586600000.0,6.314,1.0,1700200000.0,0.625,1147700000.0,12700000.0,1962100000.0,1389625000.0,308900000.0,0.0,0.0,0.0,1540000000.0,397700000.0,1142300000.0,8525675732.0,-33000000.0,-290300000.0,-1037800000.0,826800000.0,-66900000.0,-310600000.0,-355100000.0,0.0,637800000.0,-5100000.0,509200000.0,509200000.0,509200000.0,0.0,400000.0,0.187,969800000.0,730400000.0,51400000.0,0.13,5.226,16.743,17.026,327900000.0,0.0,91.77,3.134,3.134,460800000.0,520000000.0,2720200000.0,2720200000.0,185400000.0,0.168,0.247,0.525,0.268,58200000.0,759800000.0,1.0,92902645.0,92902645.0,,29.28,2023800000.0,121100000.0,208100000.0,16900000.0,21.784,1131600000.0
7,BCR,MRY,2009-12-31,2009-12-31,2009-12-31,2021-09-13,-24700000.0,2906900000.0,2801325000.0,1491800000.0,1415100000.0,0.905,22.85,-48100000.0,674400000.0,674400000.0,959000000.0,461400000.0,5.296,0.318,149800000.0,0.0,149800000.0,149800000.0,0.0,93500000.0,0.0,0.008,0.66,682000000.0,775500000.0,0.306,775500000.0,682000000.0,670200000.0,4.66,4.6,4.66,2205900000.0,2137925000.0,2205900000.0,7037870136.0,10.0,9.075,571200000.0,5.917,1.0,1575900000.0,0.622,913800000.0,11800000.0,1186800000.0,1187350000.0,295400000.0,0.0,0.0,0.0,701000000.0,281700000.0,419300000.0,7520170136.0,82300000.0,-112600000.0,-323700000.0,0.0,-65400000.0,-378400000.0,-189200000.0,0.0,619300000.0,30600000.0,460100000.0,460100000.0,460100000.0,0.0,1300000.0,0.182,892600000.0,683300000.0,50800000.0,0.142,3.409,16.345,16.717,333100000.0,0.0,77.9,2.967,2.967,442100000.0,1133400000.0,2534900000.0,2534900000.0,179600000.0,0.164,0.215,0.574,0.269,52400000.0,682500000.0,1.0,96536202.0,96536202.0,,26.259,1993100000.0,127200000.0,210100000.0,35400000.0,20.646,1210100000.0
8,BCR,MRY,2008-12-31,2008-12-31,2008-12-31,2021-09-13,-94400000.0,2665700000.0,2574700000.0,1354200000.0,1311500000.0,0.952,20.042,-50600000.0,592100000.0,592100000.0,949300000.0,419300000.0,4.959,0.341,149800000.0,0.0,149800000.0,149800000.0,0.0,90900000.0,0.0,0.007,0.62,562000000.0,652900000.0,0.266,652900000.0,562000000.0,549900000.0,4.13,4.05,4.13,1988200000.0,1915475000.0,1988200000.0,7972820733.0,14.0,12.211,465600000.0,4.694,1.0,1502800000.0,0.613,822400000.0,12100000.0,1127900000.0,1108275000.0,275100000.0,0.0,0.0,0.0,677500000.0,273100000.0,404400000.0,8358620733.0,103700000.0,-166200000.0,-181000000.0,0.0,-62200000.0,-216000000.0,-151900000.0,82100000.0,516200000.0,-44600000.0,416500000.0,416500000.0,416500000.0,0.0,2800000.0,0.17,938000000.0,564800000.0,53500000.0,0.15,4.204,20.069,20.402,333400000.0,0.0,84.26,3.409,3.409,394100000.0,1080200000.0,2452100000.0,2452100000.0,199100000.0,0.162,0.217,0.507,0.229,53100000.0,709500000.0,1.0,99200341.0,99200341.0,,24.719,1843300000.0,130400000.0,133400000.0,29200000.0,18.582,1081100000.0
9,BCR,MRY,2007-12-31,2007-12-31,2007-12-31,2021-09-13,42500000.0,2475500000.0,2461025000.0,1242000000.0,1233500000.0,0.895,17.994,-50700000.0,488400000.0,488400000.0,862400000.0,408500000.0,4.409,0.34,150600000.0,800000.0,149800000.0,150600000.0,0.0,79800000.0,0.0,0.006,0.58,589200000.0,669000000.0,0.304,669000000.0,589200000.0,577300000.0,3.91,3.82,3.91,1848000000.0,1861300000.0,1848000000.0,9339626784.0,16.0,13.961,496700000.0,4.836,1.0,1339600000.0,0.608,773000000.0,11900000.0,1083000000.0,1116000000.0,244700000.0,82200000.0,82200000.0,0.0,627500000.0,281700000.0,345800000.0,9659826784.0,72200000.0,-42900000.0,-363100000.0,0.0,-60100000.0,-386700000.0,-112500000.0,18600000.0,547400000.0,18700000.0,406400000.0,406400000.0,406400000.0,0.0,2100000.0,0.185,748300000.0,591300000.0,50200000.0,0.148,5.227,23.769,24.246,344600000.0,0.0,94.8,4.387,4.421,362000000.0,956300000.0,2202000000.0,2202000000.0,135800000.0,0.165,0.218,0.528,0.268,51200000.0,644800000.0,1.0,101896907.0,102700000.0,105900000.0,21.441,1702500000.0,80900000.0,170900000.0,32600000.0,16.577,960300000.0
10,BCR,MRY,2006-12-31,2006-12-31,2006-12-31,2021-09-13,-14300000.0,2277200000.0,2287700000.0,1133900000.0,1143300000.0,0.865,16.406,-70400000.0,416200000.0,416200000.0,767600000.0,272100000.0,3.919,0.341,150600000.0,0.0,150600000.0,150600000.0,0.0,70800000.0,0.0,0.007,0.54,369100000.0,439900000.0,0.222,439900000.0,369100000.0,352200000.0,2.63,2.55,2.63,1698000000.0,1669350000.0,1698000000.0,8286309383.0,22.0,18.837,262900000.0,2.54,1.0,1212000000.0,0.612,721900000.0,16900000.0,1000400000.0,843875000.0,224300000.0,101000000.0,101000000.0,0.0,579200000.0,289300000.0,289900000.0,8544509383.0,-338000000.0,-170400000.0,-145900000.0,-150800000.0,-56300000.0,-328400000.0,-357500000.0,-98100000.0,333300000.0,14600000.0,272100000.0,272100000.0,272100000.0,42400000.0,0.0,0.137,800500000.0,411500000.0,57800000.0,0.205,5.032,31.402,31.548,342700000.0,0.0,82.97,4.316,4.338,334100000.0,1026800000.0,1979600000.0,1979600000.0,144900000.0,0.119,0.163,0.437,0.186,47000000.0,615200000.0,1.0,102983119.0,103500000.0,106900000.0,19.127,1555300000.0,60700000.0,80100000.0,58200000.0,15.027,844600000.0
11,BCR,MRY,2005-12-31,2005-12-31,2005-12-31,2021-09-13,2600000.0,2265600000.0,2131050000.0,1264100000.0,1001500000.0,0.83,14.657,-97100000.0,754200000.0,754200000.0,678600000.0,337100000.0,1.973,0.475,301400000.0,300600000.0,800000.0,301400000.0,0.0,59900000.0,0.0,0.008,0.5,462600000.0,522500000.0,0.295,522500000.0,462600000.0,450400000.0,3.22,3.12,3.22,1536100000.0,1509175000.0,1536100000.0,6471977597.0,14.0,12.387,304000000.0,2.901,1.0,1089800000.0,0.616,591300000.0,12200000.0,580900000.0,671100000.0,169600000.0,4000000.0,4000000.0,0.0,729500000.0,640600000.0,88900000.0,6912877597.0,213400000.0,-10200000.0,-99300000.0,149400000.0,-52700000.0,-2600000.0,-166100000.0,10200000.0,401100000.0,-17100000.0,337100000.0,337100000.0,337100000.0,3300000.0,0.0,0.191,623900000.0,465900000.0,52500000.0,0.155,4.5,20.507,20.472,310000000.0,0.0,65.92,3.909,3.907,267700000.0,986000000.0,1768400000.0,1768400000.0,113700000.0,0.158,0.223,0.689,0.262,9300000.0,532600000.0,1.0,104867682.0,104800000.0,108000000.0,16.874,1674300000.0,37200000.0,113300000.0,106100000.0,15.976,623500000.0
12,BCR,MRY,2004-12-31,2004-12-31,2004-12-31,2021-09-13,46200000.0,2009100000.0,1889900000.0,1054000000.0,955100000.0,0.876,13.028,-70000000.0,540800000.0,540800000.0,660300000.0,302800000.0,2.7,0.477,151500000.0,100000.0,151400000.0,151500000.0,0.0,54700000.0,0.0,0.007,0.47,426900000.0,481600000.0,0.291,481600000.0,426900000.0,414200000.0,2.9,2.82,2.9,1360100000.0,1243225000.0,1360100000.0,6366406424.0,15.0,13.219,207200000.0,1.985,1.0,995800000.0,0.601,600200000.0,12700000.0,629300000.0,608100000.0,156700000.0,4600000.0,4600000.0,0.0,649000000.0,390300000.0,258700000.0,6695506424.0,123400000.0,19200000.0,-22300000.0,-16600000.0,-49200000.0,-88100000.0,-86900000.0,6200000.0,277200000.0,19300000.0,302800000.0,302800000.0,302800000.0,0.0,0.0,0.183,568900000.0,426900000.0,52200000.0,0.162,4.923,22.112,22.062,260800000.0,0.0,63.98,4.043,4.033,290100000.0,858100000.0,1656100000.0,1656100000.0,111600000.0,0.16,0.244,0.702,0.258,8000000.0,521000000.0,1.0,104649991.0,104400000.0,107200000.0,15.863,1408900000.0,37000000.0,111400000.0,116400000.0,13.495,663700000.0
13,BCR,MRY,2003-12-31,2003-12-31,2003-12-31,2021-09-13,100000.0,1692000000.0,1586425000.0,875100000.0,816900000.0,0.903,10.113,-70600000.0,417400000.0,417400000.0,609400000.0,168500000.0,2.074,0.618,168100000.0,16600000.0,151500000.0,168100000.0,0.0,44700000.0,0.0,0.011,0.45,235700000.0,280400000.0,0.196,280400000.0,235700000.0,223200000.0,1.63,1.6,1.63,1045700000.0,1001350000.0,1045700000.0,4002155062.0,17.0,14.273,193000000.0,1.867,1.0,823700000.0,0.575,491800000.0,12500000.0,529000000.0,538275000.0,156500000.0,4600000.0,4600000.0,0.0,646300000.0,421900000.0,224400000.0,4213655062.0,43700000.0,-70500000.0,-22900000.0,14600000.0,-46800000.0,-55100000.0,-185600000.0,0.0,263600000.0,20800000.0,168500000.0,168500000.0,168500000.0,0.0,0.0,0.118,588000000.0,235700000.0,56100000.0,0.276,4.03,25.007,24.923,222700000.0,0.0,40.625,2.94,2.931,224100000.0,703200000.0,1433100000.0,1433100000.0,87400000.0,0.106,0.168,0.438,0.164,10500000.0,448100000.0,1.0,103720740.0,103400000.0,105200000.0,13.86,1200200000.0,71300000.0,54700000.0,94400000.0,11.607,453200000.0
14,BCR,MRY,2002-12-31,2002-12-31,2002-12-31,2021-09-13,-54500000.0,1416700000.0,1298950000.0,758000000.0,658700000.0,0.981,8.465,-41000000.0,373700000.0,373700000.0,582700000.0,155000000.0,2.392,0.609,153100000.0,900000.0,152200000.0,153100000.0,0.0,42300000.0,0.0,0.015,0.43,223600000.0,265900000.0,0.209,265900000.0,223600000.0,211000000.0,1.49,1.47,1.49,880400000.0,842350000.0,880400000.0,2819248394.0,13.0,10.603,220600000.0,2.121,1.0,691100000.0,0.543,381300000.0,12600000.0,497900000.0,492525000.0,147100000.0,9500000.0,9500000.0,0.0,536300000.0,316900000.0,219400000.0,2997648394.0,111400000.0,-4000000.0,-54700000.0,-4000000.0,-45000000.0,-103700000.0,-54400000.0,0.0,261600000.0,7900000.0,155000000.0,155000000.0,155000000.0,0.0,0.0,0.122,467500000.0,223600000.0,46900000.0,0.289,3.405,19.34,19.463,168000000.0,0.0,29.0,2.353,2.368,183400000.0,640700000.0,1273800000.0,1273800000.0,61700000.0,0.119,0.184,0.454,0.176,9900000.0,377200000.0,1.0,103367186.0,104000000.0,105600000.0,12.248,1035400000.0,61800000.0,56000000.0,88400000.0,9.956,441100000.0
15,BCR,MRY,2001-12-31,2001-12-31,2001-12-31,2021-09-13,-76400000.0,1279900000.0,1165850000.0,669700000.0,610200000.0,1.013,7.702,-27400000.0,30800000.0,30800000.0,550500000.0,143200000.0,2.403,0.623,157200000.0,800000.0,156400000.0,157200000.0,0.0,53200000.0,0.0,0.013,0.42,219100000.0,272300000.0,0.231,272300000.0,219100000.0,204900000.0,1.4,1.375,1.4,788700000.0,701325000.0,788700000.0,3260068050.0,15.0,11.972,229300000.0,2.239,1.0,630800000.0,0.534,368900000.0,14200000.0,758700000.0,625325000.0,182000000.0,240200000.0,240200000.0,0.0,491200000.0,278700000.0,212500000.0,3296268050.0,148200000.0,-31600000.0,57200000.0,-47900000.0,-43100000.0,-33800000.0,-72100000.0,0.0,256700000.0,-2600000.0,143200000.0,143200000.0,143200000.0,0.0,0.0,0.121,411700000.0,219100000.0,43600000.0,0.3,4.179,23.019,23.036,157900000.0,0.0,32.25,2.79,2.796,176800000.0,602100000.0,1181300000.0,1181300000.0,53400000.0,0.123,0.204,0.35,0.185,5700000.0,364200000.0,1.0,102209862.0,102400000.0,104000000.0,11.536,911000000.0,0.0,61700000.0,77100000.0,8.896,391000000.0
16,BCR,MRY,2000-12-31,2000-12-31,2000-12-31,2021-09-13,-80200000.0,1089200000.0,1103575000.0,526600000.0,562600000.0,0.996,6.054,-19400000.0,21300000.0,21300000.0,499300000.0,106900000.0,2.346,0.774,205100000.0,800000.0,204300000.0,205100000.0,0.0,49600000.0,0.0,0.018,0.41,173300000.0,222900000.0,0.203,222900000.0,173300000.0,154000000.0,1.055,1.045,1.055,613900000.0,600775000.0,613900000.0,2498257497.0,14.0,11.208,204100000.0,2.013,1.0,599500000.0,0.546,356200000.0,19300000.0,692300000.0,622000000.0,193500000.0,98400000.0,98400000.0,0.0,475300000.0,224500000.0,250800000.0,2366957497.0,21400000.0,-20100000.0,-200000.0,-83000000.0,-41800000.0,-125000000.0,-70700000.0,0.0,223500000.0,-6400000.0,106900000.0,106900000.0,106900000.0,0.0,0.0,0.097,441600000.0,157900000.0,56000000.0,0.389,3.856,22.142,22.066,155500000.0,0.0,23.28,2.154,2.148,195800000.0,519400000.0,1098800000.0,1098800000.0,53200000.0,0.097,0.178,0.279,0.158,5800000.0,352000000.0,1.0,101673432.0,101400000.0,102400000.0,10.836,733000000.0,0.0,47100000.0,31500000.0,7.229,302100000.0
17,BCR,MRY,1999-12-31,1999-12-31,1999-12-31,2021-09-13,-48600000.0,1126400000.0,1102775000.0,529100000.0,597300000.0,0.94,5.61,-26100000.0,17300000.0,17300000.0,462300000.0,118100000.0,1.501,0.961,288700000.0,130300000.0,158400000.0,288700000.0,0.0,49100000.0,0.0,0.015,0.39,192600000.0,241700000.0,0.233,241700000.0,192600000.0,173300000.0,1.155,1.14,1.155,574300000.0,561875000.0,574300000.0,2909342069.0,15.0,12.037,64400000.0,0.629,1.0,574200000.0,0.554,337000000.0,19300000.0,708300000.0,630525000.0,204000000.0,78600000.0,78600000.0,0.0,552100000.0,352500000.0,199600000.0,2713042069.0,51500000.0,9000000.0,-60200000.0,127500000.0,-40100000.0,27200000.0,-64800000.0,0.0,90500000.0,-1400000.0,118100000.0,118100000.0,118100000.0,0.0,0.0,0.114,390800000.0,183400000.0,54300000.0,0.338,4.724,22.972,22.944,169700000.0,0.0,26.5,2.618,2.618,212900000.0,473500000.0,1036500000.0,1036500000.0,53800000.0,0.107,0.21,0.305,0.186,6000000.0,330500000.0,1.0,102378946.0,102378946.0,,10.124,789400000.0,0.0,55200000.0,32100000.0,7.711,176600000.0
18,BCR,MRY,1998-12-31,1998-12-31,1998-12-31,2021-09-13,-23100000.0,1079800000.0,1226075000.0,488500000.0,591300000.0,0.95,5.295,-43800000.0,25600000.0,25600000.0,554100000.0,252300000.0,1.613,0.902,162000000.0,2000000.0,160000000.0,162000000.0,0.0,58700000.0,0.0,0.015,0.37,490800000.0,549500000.0,0.472,549500000.0,490800000.0,464400000.0,2.27,2.255,2.27,567600000.0,572200000.0,567600000.0,3046337858.0,6.0,5.544,164400000.0,1.534,1.0,610600000.0,0.524,358900000.0,26400000.0,554500000.0,778400000.0,182500000.0,16800000.0,16800000.0,0.0,512200000.0,302800000.0,209400000.0,2653337858.0,4800000.0,431800000.0,-235300000.0,-281800000.0,-41500000.0,-558600000.0,356000000.0,0.0,208200000.0,-800000.0,252300000.0,252300000.0,252300000.0,0.0,0.0,0.217,449000000.0,161600000.0,67400000.0,0.163,4.675,10.517,10.903,172700000.0,0.0,24.75,2.278,2.278,217800000.0,453600000.0,1164700000.0,1164700000.0,72700000.0,0.206,0.441,0.631,0.421,3600000.0,379200000.0,1.0,107205570.0,107205570.0,,10.864,720900000.0,0.0,212100000.0,46000000.0,6.724,185700000.0
19,BCR,MRY,1997-12-31,1997-12-31,1997-12-31,2021-09-13,-38500000.0,1279300000.0,1301300000.0,563500000.0,715800000.0,0.933,5.035,-32800000.0,8000000.0,8000000.0,572800000.0,72300000.0,1.814,1.232,443700000.0,103000000.0,340700000.0,443700000.0,0.0,57300000.0,0.0,0.022,0.35,137800000.0,195100000.0,0.161,195100000.0,137800000.0,104900000.0,0.635,0.63,0.635,573100000.0,584150000.0,573100000.0,2183542108.0,16.0,11.192,65700000.0,0.577,1.0,640700000.0,0.528,424400000.0,32900000.0,980000000.0,961750000.0,241700000.0,52700000.0,52700000.0,0.0,706200000.0,310600000.0,395600000.0,1781742108.0,-27200000.0,22500000.0,-17000000.0,-40300000.0,-40000000.0,-97300000.0,-25600000.0,0.0,98500000.0,-2800000.0,72300000.0,72300000.0,72300000.0,0.0,0.0,0.06,502900000.0,137800000.0,60400000.0,0.551,3.109,24.644,24.654,206400000.0,0.0,15.655,1.468,1.468,240600000.0,506700000.0,1213500000.0,1213500000.0,85800000.0,0.056,0.124,0.143,0.114,2800000.0,390500000.0,1.0,113812974.0,113812974.0,,10.662,854900000.0,0.0,32600000.0,18400000.0,7.511,252900000.0
20,BCR,MRY,1996-12-31,1996-12-31,1996-12-31,2021-09-13,0.0,1332500000.0,1211750000.0,576900000.0,755600000.0,0.986,5.275,-41600000.0,11300000.0,11300000.0,581300000.0,92500000.0,1.716,1.215,491000000.0,148200000.0,342800000.0,491000000.0,0.0,57400000.0,0.0,0.024,0.33,129100000.0,186500000.0,0.156,186500000.0,129100000.0,102700000.0,0.81,0.805,0.81,601500000.0,583050000.0,601500000.0,,,,80900000.0,0.71,1.0,613100000.0,0.513,447200000.0,26400000.0,1028800000.0,893500000.0,245000000.0,66700000.0,66700000.0,0.0,731000000.0,336200000.0,394800000.0,1596328076.0,26200000.0,-199400000.0,-15700000.0,236200000.0,-37700000.0,182800000.0,-278700000.0,0.0,122500000.0,-400000.0,92500000.0,92500000.0,92500000.0,0.0,0.0,0.077,484000000.0,129100000.0,59200000.0,0.407,2.654,17.258,17.284,226100000.0,0.0,14.0,1.337,1.337,245400000.0,506700000.0,1194400000.0,1194400000.0,77300000.0,0.076,0.159,0.144,0.108,2200000.0,365800000.0,1.0,114023434.0,114023434.0,,10.475,885300000.0,0.0,10200000.0,7300000.0,7.764,240700000.0
21,BCR,MRY,1995-12-31,1995-12-31,1995-12-31,2021-09-13,0.0,1091000000.0,,503900000.0,587100000.0,,,-39600000.0,9300000.0,9300000.0,550000000.0,86800000.0,1.844,0.932,265300000.0,66900000.0,198400000.0,265300000.0,0.0,50600000.0,0.0,0.019,0.31,147700000.0,198300000.0,0.174,198300000.0,147700000.0,123500000.0,0.765,0.76,0.765,564600000.0,,564600000.0,,,,77100000.0,,1.0,587800000.0,0.517,315500000.0,24200000.0,758200000.0,,228200000.0,42000000.0,42000000.0,0.0,526400000.0,273300000.0,253100000.0,,2900000.0,-300000.0,7400000.0,-29400000.0,-33100000.0,-55100000.0,-58500000.0,0.0,116700000.0,-200000.0,86800000.0,86800000.0,86800000.0,0.0,0.0,0.076,440100000.0,147700000.0,62700000.0,0.405,,,21.078,214200000.0,0.0,16.125,,,215700000.0,478900000.0,1137800000.0,1137800000.0,75600000.0,,,,0.13,2000000.0,354600000.0,1.0,,,,,775500000.0,0.0,36700000.0,12300000.0,,230600000.0
22,BCR,MRY,1994-12-31,1994-12-31,1994-12-31,2021-09-13,,,,,,,,-37100000.0,,,513500000.0,75600000.0,,,,,,,,43400000.0,,0.021,0.29,120400000.0,163800000.0,0.154,163800000.0,120400000.0,104100000.0,0.67,,0.67,,,,,,,34100000.0,,1.0,551100000.0,0.518,,16300000.0,,,,,,,,,,,0.0,-122200000.0,-6100000.0,104200000.0,-30100000.0,68000000.0,-184800000.0,0.0,71200000.0,4300000.0,75600000.0,75600000.0,75600000.0,0.0,0.0,0.071,430700000.0,120400000.0,,0.433,,,20.149,,0.0,13.5,,,,,1064600000.0,1064600000.0,71600000.0,,,,0.113,1400000.0,326500000.0,1.0,,,,,,,28500000.0,,,
0,BCR,MRQ,2017-09-30,2017-09-30,2017-09-30,2021-09-13,-162000000.0,5572500000.0,,2586100000.0,2986400000.0,,27.767,-23400000.0,1300500000.0,1300500000.0,379200000.0,94100000.0,1.724,1.762,1643300000.0,499800000.0,1143500000.0,1643300000.0,0.0,52200000.0,0.0,0.003,0.26,130300000.0,182500000.0,0.184,182500000.0,130300000.0,115400000.0,1.28,1.25,1.28,2017900000.0,,2017900000.0,23818128890.0,32.0,24.946,186400000.0,2.565,1.0,610600000.0,0.617,2213500000.0,14900000.0,2201800000.0,,529300000.0,0.0,0.0,0.0,3554600000.0,1500000000.0,2054600000.0,23291228890.0,170500000.0,0.0,17500000.0,-14000000.0,-19200000.0,-16100000.0,-34000000.0,0.0,209800000.0,10800000.0,94100000.0,94100000.0,94100000.0,0.0,0.0,0.095,480300000.0,130300000.0,81000000.0,0.203,11.542,40.755,41.355,505600000.0,0.0,320.5,6.01,6.01,503000000.0,-318000000.0,989800000.0,989800000.0,71700000.0,,,,,15600000.0,281200000.0,1.0,72671541.0,72671541.0,,13.62,3359000000.0,105700000.0,21300000.0,39800000.0,46.222,1086100000.0
1,BCR,MRQ,2017-06-30,2017-06-30,2017-06-30,2021-09-13,-195100000.0,5353800000.0,,2391900000.0,2961900000.0,,25.609,-24600000.0,1130000000.0,1130000000.0,361300000.0,139700000.0,1.579,1.887,1656900000.0,513600000.0,1143300000.0,1656900000.0,0.0,52300000.0,0.0,0.003,0.26,183900000.0,236200000.0,0.241,236200000.0,183900000.0,168800000.0,1.9,1.86,1.9,1854500000.0,,1854500000.0,23574294770.0,32.0,24.747,151800000.0,2.096,1.0,618400000.0,0.631,2237200000.0,15100000.0,2129100000.0,,514800000.0,0.0,0.0,0.0,3499300000.0,1514400000.0,1984900000.0,22891794770.0,60200000.0,5400000.0,26100000.0,-96000000.0,-19000000.0,-89400000.0,-36700000.0,0.0,176400000.0,9900000.0,139700000.0,139700000.0,139700000.0,0.0,0.0,0.143,434500000.0,183900000.0,93200000.0,0.137,12.344,39.895,40.683,499800000.0,0.0,316.11,5.981,5.981,476700000.0,-412100000.0,979700000.0,979700000.0,74500000.0,,,,,23600000.0,287300000.0,1.0,72417180.0,72417180.0,,13.529,3116600000.0,60500000.0,29100000.0,28000000.0,43.037,877500000.0
2,BCR,MRQ,2017-03-31,2017-03-31,2017-03-31,2021-09-13,-222100000.0,5244600000.0,,2300800000.0,2943800000.0,,23.21,-22700000.0,1069800000.0,1069800000.0,354200000.0,178100000.0,1.475,2.137,1752300000.0,609300000.0,1143000000.0,1752300000.0,0.0,51000000.0,0.0,0.004,0.26,216600000.0,267600000.0,0.285,267600000.0,216600000.0,201500000.0,2.42,2.37,2.42,1671800000.0,,1671800000.0,18437542662.0,24.0,18.586,117900000.0,1.637,1.0,584600000.0,0.623,2245100000.0,15100000.0,2122300000.0,,497200000.0,0.0,0.0,0.0,3572800000.0,1559700000.0,2013100000.0,17902342662.0,-36700000.0,-5400000.0,-241400000.0,110000000.0,-19300000.0,-150800000.0,-28300000.0,0.0,140600000.0,1800000.0,178100000.0,178100000.0,178100000.0,0.0,0.0,0.19,368000000.0,216600000.0,102000000.0,0.107,10.708,30.174,31.029,494400000.0,0.0,248.54,4.737,4.737,450000000.0,-513500000.0,938800000.0,938800000.0,70000000.0,,,,,27200000.0,285400000.0,1.0,72030026.0,72030026.0,,13.033,2999500000.0,38700000.0,23400000.0,43800000.0,41.642,741100000.0
3,BCR,MRQ,2016-12-31,2016-12-31,2016-12-31,2021-09-13,-235500000.0,5306100000.0,,2316400000.0,2989700000.0,,22.782,-35700000.0,1106500000.0,1106500000.0,348100000.0,159600000.0,2.089,2.168,1641700000.0,0.0,1641700000.0,1641700000.0,0.0,52700000.0,0.0,0.004,0.26,215800000.0,268500000.0,0.278,268500000.0,215800000.0,200900000.0,2.15,2.11,2.15,1675100000.0,,1675100000.0,17009723950.0,24.0,18.259,166700000.0,2.267,1.0,619000000.0,0.64,2270500000.0,14900000.0,2461900000.0,,483000000.0,0.0,0.0,0.0,3631000000.0,1108900000.0,2522100000.0,16518423950.0,-91400000.0,0.0,-174000000.0,0.0,-19300000.0,-191700000.0,-82800000.0,0.0,202400000.0,-19300000.0,159600000.0,159600000.0,159600000.0,0.0,0.0,0.165,403200000.0,215800000.0,96000000.0,0.121,9.861,31.085,31.421,489500000.0,0.0,224.66,4.448,4.448,477300000.0,-454400000.0,967100000.0,967100000.0,79000000.0,,,,,21700000.0,280200000.0,1.0,73526324.0,73526324.0,,13.153,3035600000.0,64400000.0,41300000.0,36200000.0,41.286,1207500000.0
4,BCR,MRQ,2016-09-30,2016-09-30,2016-09-30,2021-09-13,-210600000.0,5310700000.0,,2302400000.0,3008300000.0,,23.444,-26200000.0,1149900000.0,1149900000.0,352200000.0,96400000.0,2.631,2.084,1641200000.0,0.0,1641200000.0,1641200000.0,0.0,53200000.0,0.0,0.004,0.26,127100000.0,180300000.0,0.191,180300000.0,127100000.0,112200000.0,1.3,1.27,1.3,1722100000.0,,1722100000.0,17097301052.0,25.0,19.376,161900000.0,2.204,1.0,589700000.0,0.626,2318900000.0,14900000.0,2608000000.0,,487700000.0,0.0,0.0,0.0,3588600000.0,875100000.0,2713500000.0,16474401052.0,132300000.0,0.0,-11500000.0,0.0,-19500000.0,-20500000.0,-26400000.0,0.0,188100000.0,-8900000.0,96400000.0,96400000.0,96400000.0,0.0,0.0,0.102,462600000.0,127100000.0,95700000.0,0.2,9.566,32.424,32.934,476900000.0,0.0,224.28,4.554,4.554,455800000.0,-400500000.0,941900000.0,941900000.0,74200000.0,,,,,19000000.0,272600000.0,1.0,73454615.0,73454615.0,,12.823,2991800000.0,136900000.0,15800000.0,132600000.0,40.73,1427300000.0
5,BCR,MRQ,2016-06-30,2016-06-30,2016-06-30,2021-09-13,-199400000.0,5258200000.0,,2185200000.0,3073000000.0,,22.202,-17900000.0,1017600000.0,1017600000.0,351000000.0,159200000.0,2.359,2.23,1640500000.0,0.0,1640500000.0,1640500000.0,0.0,54500000.0,0.0,0.004,0.24,221100000.0,275600000.0,0.296,275600000.0,221100000.0,207700000.0,2.14,2.11,2.14,1627800000.0,,1627800000.0,17936122905.0,36.0,25.269,71000000.0,0.968,1.0,580500000.0,0.623,2355100000.0,13400000.0,2599600000.0,,470500000.0,0.0,0.0,0.0,3630400000.0,926400000.0,2704000000.0,17241622905.0,42000000.0,0.0,3400000.0,-30000000.0,-17800000.0,-40200000.0,-18100000.0,0.0,88900000.0,11400000.0,159200000.0,159200000.0,159200000.0,0.0,0.0,0.171,359400000.0,221100000.0,91500000.0,0.112,10.592,52.937,54.06,471600000.0,0.0,235.16,4.868,4.868,467200000.0,-455000000.0,931500000.0,931500000.0,71300000.0,,,,,23100000.0,278500000.0,1.0,73318689.0,73318689.0,,12.705,2903100000.0,137700000.0,48500000.0,169000000.0,39.596,1258800000.0
6,BCR,MRQ,2016-03-31,2016-03-31,2016-03-31,2021-09-13,-213900000.0,5176900000.0,,2074900000.0,3102000000.0,,19.799,-20500000.0,975600000.0,975600000.0,320400000.0,116200000.0,1.489,2.546,1670100000.0,525600000.0,1144500000.0,1670100000.0,0.0,53000000.0,0.0,0.005,0.24,154200000.0,207200000.0,0.237,207200000.0,154200000.0,142900000.0,1.56,1.54,1.56,1459900000.0,,1459900000.0,15310931916.0,43.0,27.707,46700000.0,0.633,1.0,553100000.0,0.633,2375600000.0,11300000.0,2102200000.0,,439700000.0,0.0,0.0,0.0,3717000000.0,1393600000.0,2323400000.0,14943831916.0,-55300000.0,-202800000.0,-173900000.0,275600000.0,-18000000.0,102600000.0,-223500000.0,0.0,67200000.0,-1600000.0,116200000.0,116200000.0,116200000.0,0.0,0.0,0.133,398900000.0,154200000.0,96800000.0,0.154,10.236,133.666,137.871,473900000.0,0.0,202.67,4.307,4.307,458100000.0,-554500000.0,873500000.0,873500000.0,68300000.0,,,,,26200000.0,270600000.0,1.0,73734800.0,73734800.0,,11.847,2801300000.0,126100000.0,26700000.0,171800000.0,37.992,681300000.0
7,BCR,MRQ,2015-12-31,2015-12-31,2015-12-31,2021-09-13,-208000000.0,4844000000.0,,1969300000.0,2874700000.0,,19.697,-23600000.0,1030900000.0,1030900000.0,320000000.0,136300000.0,1.562,2.329,1394300000.0,250200000.0,1144100000.0,1394300000.0,0.0,50100000.0,0.0,0.005,0.24,169200000.0,219300000.0,0.252,219300000.0,169200000.0,158000000.0,1.81,1.78,1.81,1455300000.0,,1455300000.0,14330980890.0,36.0,24.397,93200000.0,1.261,1.0,550800000.0,0.633,2159700000.0,11200000.0,1787000000.0,,413700000.0,0.0,0.0,0.0,3388700000.0,1260700000.0,2128000000.0,13996980890.0,-51200000.0,-22900000.0,-104300000.0,0.0,-17800000.0,-109900000.0,-42700000.0,21000000.0,116800000.0,-15400000.0,136300000.0,136300000.0,136300000.0,0.0,0.0,0.157,381600000.0,169200000.0,70700000.0,0.133,9.618,103.375,105.244,472400000.0,0.0,189.44,4.097,4.097,445100000.0,-503500000.0,870800000.0,870800000.0,69400000.0,,,,,20700000.0,279300000.0,1.0,73886090.0,73886090.0,,11.786,2684300000.0,50500000.0,21700000.0,70200000.0,36.33,708600000.0
8,BCR,MRQ,2015-09-30,2015-09-30,2015-09-30,2021-09-13,-155900000.0,4972400000.0,,2106100000.0,2866300000.0,,19.922,-21700000.0,1065100000.0,1065100000.0,336300000.0,-86000000.0,1.621,2.364,1399100000.0,251400000.0,1147700000.0,1399100000.0,0.0,48900000.0,0.0,0.005,0.24,-41200000.0,7700000.0,0.009,7700000.0,-41200000.0,-52400000.0,-1.16,-1.16,-1.16,1478200000.0,,1478200000.0,14108142332.0,34.0,23.498,152200000.0,2.051,1.0,529400000.0,0.612,2151300000.0,11200000.0,1855600000.0,,381100000.0,0.0,0.0,0.0,3494200000.0,1299500000.0,2194700000.0,13824042332.0,-96700000.0,-74500000.0,-113000000.0,-4000000.0,-18100000.0,-122600000.0,-142400000.0,0.0,173900000.0,-5600000.0,-86000000.0,-86000000.0,-86000000.0,0.0,0.0,-0.099,570600000.0,-41200000.0,73300000.0,-0.207,9.352,103.706,109.594,466800000.0,0.0,186.31,4.051,4.051,441900000.0,-491600000.0,865700000.0,865700000.0,65200000.0,,,,,17000000.0,247100000.0,1.0,74199143.0,74199143.0,,11.667,2821100000.0,151600000.0,33600000.0,214400000.0,38.021,806600000.0
9,BCR,MRQ,2015-06-30,2015-06-30,2015-06-30,2021-09-13,-145700000.0,4967500000.0,,2173100000.0,2794400000.0,,22.337,-28400000.0,1115900000.0,1115900000.0,333700000.0,-54700000.0,1.958,1.995,1400000000.0,252500000.0,1147500000.0,1400000000.0,0.0,48000000.0,0.0,0.005,0.22,70400000.0,118400000.0,0.138,118400000.0,70400000.0,59200000.0,-0.74,-0.74,-0.74,1658400000.0,,1658400000.0,13278447135.0,21.0,16.058,365000000.0,4.916,1.0,526100000.0,0.612,2071500000.0,11200000.0,2070100000.0,,383600000.0,0.0,0.0,0.0,3309100000.0,1110000000.0,2199100000.0,12673747135.0,94200000.0,0.0,-23800000.0,-231000000.0,-16700000.0,-272500000.0,-23000000.0,0.0,393400000.0,-3700000.0,-54700000.0,-54700000.0,-54700000.0,0.0,0.0,-0.064,455700000.0,70400000.0,69900000.0,-0.297,7.642,36.149,37.19,461300000.0,0.0,170.7,3.753,3.753,453700000.0,-256100000.0,859800000.0,859800000.0,64000000.0,,,,,21100000.0,250000000.0,1.0,74245736.0,74245736.0,,11.58,2896000000.0,141300000.0,113900000.0,226800000.0,39.006,1063100000.0
10,BCR,MRQ,2015-03-31,2015-03-31,2015-03-31,2021-09-13,-140500000.0,5056700000.0,,2036800000.0,3019900000.0,,23.549,-29200000.0,1027300000.0,1027300000.0,311200000.0,139800000.0,2.256,1.892,1632000000.0,484600000.0,1147400000.0,1632000000.0,0.0,46100000.0,0.0,0.005,0.22,195900000.0,242000000.0,0.295,242000000.0,195900000.0,184600000.0,1.85,1.82,1.85,1748800000.0,,1748800000.0,12899905795.0,26.0,19.268,84800000.0,1.142,1.0,508500000.0,0.62,2103400000.0,11300000.0,2655000000.0,,377800000.0,0.0,0.0,0.0,3307900000.0,903000000.0,2404900000.0,12427605795.0,44100000.0,0.0,-198900000.0,153000000.0,-16800000.0,-49100000.0,-3300000.0,0.0,114000000.0,-17500000.0,139800000.0,139800000.0,139800000.0,0.0,0.0,0.171,312600000.0,195900000.0,78800000.0,0.119,7.106,43.468,44.746,452600000.0,0.0,167.35,3.716,3.716,436500000.0,-134400000.0,819700000.0,819700000.0,60600000.0,,,,,23000000.0,235700000.0,1.0,74261164.0,74261164.0,,11.038,2953300000.0,80800000.0,44800000.0,151500000.0,39.769,1133800000.0
11,BCR,MRQ,2014-12-31,2014-12-31,2014-12-31,2021-09-13,-88800000.0,5092600000.0,,2047100000.0,3045500000.0,,24.098,-36600000.0,1007600000.0,1007600000.0,319500000.0,134200000.0,3.331,1.822,1479900000.0,78000000.0,1401900000.0,1479900000.0,0.0,46400000.0,0.0,0.005,0.22,185900000.0,232300000.0,0.268,232300000.0,185900000.0,174700000.0,1.75,1.72,1.75,1804900000.0,,1804900000.0,12842728225.0,26.0,19.321,85000000.0,1.135,1.0,547700000.0,0.632,2145100000.0,11200000.0,2805200000.0,,376200000.0,0.0,0.0,0.0,3287700000.0,614600000.0,2673100000.0,12479628225.0,-11600000.0,0.0,-107600000.0,78000000.0,-16800000.0,-98600000.0,-18300000.0,0.0,121600000.0,-16300000.0,134200000.0,134200000.0,134200000.0,0.0,0.0,0.155,361800000.0,185900000.0,81900000.0,0.126,6.914,42.376,43.504,446400000.0,0.0,166.62,3.755,3.755,455200000.0,-70300000.0,867200000.0,867200000.0,79200000.0,,,,,18400000.0,257500000.0,1.0,74898741.0,74898741.0,,11.578,2947500000.0,104800000.0,40500000.0,150300000.0,39.353,1432500000.0
12,BCR,MRQ,2014-09-30,2014-09-30,2014-09-30,2021-09-13,-29300000.0,5113700000.0,,2031100000.0,3082600000.0,,24.548,-34400000.0,1039700000.0,1039700000.0,308900000.0,131300000.0,3.149,1.791,1402800000.0,0.0,1402800000.0,1402800000.0,0.0,42700000.0,0.0,0.006,0.22,191500000.0,234200000.0,0.282,234200000.0,191500000.0,180300000.0,1.73,1.69,1.73,1832200000.0,,1832200000.0,11231200849.0,8.0,7.078,220000000.0,2.948,1.0,521100000.0,0.628,2183500000.0,11200000.0,2648400000.0,,379900000.0,0.0,0.0,0.0,3281500000.0,644900000.0,2636600000.0,10651300849.0,-24400000.0,0.0,22900000.0,-181500000.0,-16700000.0,-171400000.0,-102800000.0,0.0,254400000.0,-4600000.0,131300000.0,131300000.0,131300000.0,0.0,0.0,0.158,329600000.0,191500000.0,81300000.0,0.127,5.813,12.867,13.869,430300000.0,0.0,142.71,3.28,3.28,443300000.0,-37600000.0,830000000.0,830000000.0,73100000.0,,,,,16300000.0,242000000.0,1.0,74635981.0,74635981.0,,11.121,2930200000.0,73800000.0,49000000.0,150400000.0,39.26,1386200000.0
13,BCR,MRQ,2014-06-30,2014-06-30,2014-06-30,2021-09-13,-12600000.0,5118300000.0,,2025800000.0,3092500000.0,,21.997,-32900000.0,1005700000.0,1005700000.0,320700000.0,-119400000.0,2.591,2.051,1585600000.0,181500000.0,1404100000.0,1585600000.0,0.0,42500000.0,0.0,0.006,0.21,-81500000.0,-39000000.0,-0.047,-39000000.0,-81500000.0,-92800000.0,-1.59,-1.59,-1.59,1677400000.0,,1677400000.0,11355321722.0,8.0,7.479,136800000.0,1.794,1.0,506400000.0,0.612,2213600000.0,11300000.0,2702600000.0,,374300000.0,0.0,0.0,0.0,3440900000.0,782000000.0,2658900000.0,10905521722.0,56200000.0,0.0,-256200000.0,181500000.0,-16100000.0,-87600000.0,-27700000.0,0.0,169700000.0,1800000.0,-119400000.0,-119400000.0,-119400000.0,0.0,0.0,-0.144,587900000.0,-81500000.0,84400000.0,-0.132,6.501,13.81,14.698,413600000.0,0.0,143.01,3.434,3.434,454000000.0,-168900000.0,827100000.0,827100000.0,85400000.0,,,,,17200000.0,245200000.0,1.0,76257057.0,76257057.0,,10.846,2904700000.0,80300000.0,26600000.0,144900000.0,38.091,1243800000.0
14,BCR,MRQ,2014-03-31,2014-03-31,2014-03-31,2021-09-13,-17900000.0,4877900000.0,,1941200000.0,2936700000.0,,26.504,-22700000.0,955000000.0,955000000.0,309500000.0,148400000.0,3.651,1.372,1404800000.0,0.0,1404800000.0,1404800000.0,0.0,42500000.0,0.0,0.006,0.21,194700000.0,237200000.0,0.297,237200000.0,194700000.0,183600000.0,1.89,1.86,1.89,2056200000.0,,2056200000.0,11802778633.0,9.0,8.042,91600000.0,1.181,1.0,489800000.0,0.613,2240700000.0,11100000.0,2555300000.0,,364200000.0,0.0,0.0,0.0,2821700000.0,531700000.0,2290000000.0,11480278633.0,-127000000.0,0.0,-220300000.0,0.0,-16600000.0,-226800000.0,-14500000.0,7100000.0,114300000.0,0.0,148400000.0,148400000.0,148400000.0,0.0,0.0,0.186,295100000.0,194700000.0,90400000.0,0.111,5.583,15.358,15.929,395800000.0,0.0,147.98,3.693,3.693,452600000.0,253300000.0,799300000.0,799300000.0,64300000.0,,,,,19500000.0,236800000.0,1.0,77579934.0,77579934.0,,10.303,2637200000.0,79700000.0,35200000.0,186200000.0,33.993,1409500000.0
15,BCR,MRQ,2013-12-31,2013-12-31,2013-12-31,2021-09-13,-20900000.0,5041100000.0,,2090400000.0,2950700000.0,,26.81,-21800000.0,1083200000.0,1083200000.0,310600000.0,667500000.0,3.564,1.414,1405700000.0,0.0,1405700000.0,1405700000.0,0.0,40400000.0,0.0,0.006,0.21,1114000000.0,1154400000.0,1.459,1154400000.0,1114000000.0,1102700000.0,8.26,8.12,8.26,2088200000.0,,2088200000.0,11135926246.0,9.0,7.927,684500000.0,8.788,1.0,480700000.0,0.607,2264400000.0,11300000.0,2512700000.0,,356200000.0,0.0,0.0,0.0,2952900000.0,586500000.0,2366400000.0,10432626246.0,285200000.0,-162200000.0,-143600000.0,-97500000.0,-16700000.0,-247500000.0,-180400000.0,0.0,706300000.0,6800000.0,667500000.0,667500000.0,667500000.0,0.0,0.0,0.844,-633300000.0,1114000000.0,83000000.0,0.025,4.996,15.124,15.684,391200000.0,0.0,133.94,3.421,3.421,479600000.0,360100000.0,791300000.0,791300000.0,70900000.0,,,,,16800000.0,253700000.0,1.0,77890296.0,77890296.0,,10.159,2776700000.0,82100000.0,435200000.0,226100000.0,35.649,1503900000.0
16,BCR,MRQ,2013-09-30,2013-09-30,2013-09-30,2021-09-13,-73700000.0,4165000000.0,,1751300000.0,2413700000.0,,19.002,-16700000.0,800700000.0,800700000.0,291900000.0,93200000.0,3.472,1.769,1504000000.0,97500000.0,1406500000.0,1504000000.0,0.0,35400000.0,0.0,0.007,0.21,130200000.0,165600000.0,0.218,165600000.0,130200000.0,119000000.0,1.17,1.15,1.17,1504100000.0,,1504100000.0,9733279283.0,29.0,20.565,184600000.0,2.332,1.0,466100000.0,0.615,1812000000.0,11200000.0,2551900000.0,,332100000.0,0.0,0.0,0.0,2660900000.0,504400000.0,2156500000.0,9118479283.0,-77700000.0,-32000000.0,-196400000.0,21000000.0,-16900000.0,-188200000.0,-89200000.0,0.0,201300000.0,-1600000.0,93200000.0,93200000.0,93200000.0,0.0,0.0,0.123,335900000.0,130200000.0,72800000.0,0.179,6.062,60.588,65.085,360500000.0,0.0,115.2,3.019,3.019,456500000.0,-89700000.0,758000000.0,758000000.0,99400000.0,,,,,16200000.0,223900000.0,1.0,79153466.0,79153466.0,,9.576,2353000000.0,43900000.0,25800000.0,27100000.0,29.727,1246900000.0
17,BCR,MRQ,2013-06-30,2013-06-30,2013-06-30,2021-09-13,-82700000.0,4227600000.0,,1830800000.0,2396800000.0,,19.404,-17400000.0,868300000.0,868300000.0,296600000.0,-161600000.0,3.64,1.707,1483100000.0,76500000.0,1406600000.0,1483100000.0,0.0,35200000.0,0.0,0.007,0.2,-124800000.0,-89600000.0,-0.118,-89600000.0,-124800000.0,-135900000.0,-2.03,-2.03,-2.03,1561700000.0,,1561700000.0,9250068327.0,24.0,17.479,57300000.0,0.712,1.0,463300000.0,0.61,1784900000.0,11100000.0,2554600000.0,,324600000.0,0.0,0.0,0.0,2665900000.0,502900000.0,2163000000.0,8746768327.0,-19900000.0,0.0,-153800000.0,76500000.0,-16200000.0,-90900000.0,-600000.0,0.0,74700000.0,-3100000.0,-161600000.0,-161600000.0,-161600000.0,0.0,0.0,-0.213,588100000.0,-124800000.0,91900000.0,-0.099,5.601,46.874,51.264,356200000.0,0.0,108.68,2.93,2.93,467600000.0,40400000.0,759900000.0,759900000.0,66100000.0,,,,,12700000.0,226300000.0,1.0,80481858.0,80481858.0,,9.442,2442700000.0,71200000.0,25700000.0,45500000.0,30.351,1327900000.0
18,BCR,MRQ,2013-03-31,2013-03-31,2013-03-31,2021-09-13,-77900000.0,4077100000.0,,1795900000.0,2281200000.0,,23.212,-13200000.0,905300000.0,905300000.0,295300000.0,90700000.0,4.321,1.147,1408600000.0,0.0,1408600000.0,1408600000.0,0.0,35400000.0,0.0,0.008,0.2,139000000.0,174400000.0,0.236,174400000.0,139000000.0,127600000.0,1.09,1.08,1.09,1898600000.0,,1898600000.0,8731523205.0,12.0,10.292,127800000.0,1.562,1.0,445000000.0,0.601,1816700000.0,11400000.0,2348100000.0,,332600000.0,0.0,0.0,0.0,2178500000.0,415600000.0,1762900000.0,8243223205.0,-17000000.0,-3000000.0,-122300000.0,0.0,-16700000.0,-136700000.0,-18100000.0,0.0,141000000.0,-3200000.0,90700000.0,90700000.0,90700000.0,0.0,0.0,0.123,306000000.0,139000000.0,94100000.0,0.183,4.342,17.099,17.65,356600000.0,0.0,100.78,2.777,2.777,448600000.0,409500000.0,740300000.0,740300000.0,59300000.0,,,,,15800000.0,216400000.0,1.0,81794237.0,81794237.0,,9.051,2260400000.0,46500000.0,36900000.0,43200000.0,27.635,1380300000.0
19,BCR,MRQ,2012-12-31,2012-12-31,2012-12-31,2021-09-13,-81200000.0,4151300000.0,,1847200000.0,2304100000.0,,23.395,-17100000.0,921300000.0,921300000.0,287600000.0,128200000.0,4.127,1.156,1409600000.0,0.0,1409600000.0,1409600000.0,0.0,34900000.0,0.0,0.008,0.2,188000000.0,222900000.0,0.292,222900000.0,188000000.0,177300000.0,1.54,1.52,1.54,1925700000.0,,1925700000.0,8501471068.0,11.0,9.36,216900000.0,2.635,1.0,475000000.0,0.623,1836200000.0,10700000.0,2355800000.0,,328500000.0,0.0,0.0,0.0,2225600000.0,447600000.0,1778000000.0,8045171068.0,87200000.0,-139900000.0,-86800000.0,112600000.0,-16800000.0,6600000.0,-158200000.0,-10000000.0,234000000.0,4800000.0,128200000.0,128200000.0,128200000.0,0.0,0.0,0.168,287000000.0,188000000.0,56200000.0,0.13,4.178,15.177,15.663,359300000.0,0.0,97.74,2.72,2.72,480900000.0,473200000.0,762600000.0,762600000.0,52700000.0,,,,,13100000.0,213000000.0,1.0,82311961.0,82311961.0,,9.265,2315100000.0,52600000.0,49100000.0,36700000.0,28.126,1399600000.0
20,BCR,MRQ,2012-09-30,2012-09-30,2012-09-30,2021-09-13,-83600000.0,3932500000.0,,1785400000.0,2147100000.0,,22.639,-13200000.0,836600000.0,836600000.0,272600000.0,129300000.0,2.275,1.072,1292900000.0,381500000.0,911400000.0,1292900000.0,0.0,33600000.0,0.0,0.007,0.2,187900000.0,221500000.0,0.306,221500000.0,187900000.0,178200000.0,1.52,1.5,1.52,1897800000.0,,1897800000.0,9217226931.0,13.0,10.626,180300000.0,2.151,1.0,450300000.0,0.623,1694100000.0,9700000.0,1910000000.0,,335900000.0,0.0,0.0,0.0,2034700000.0,784700000.0,1250000000.0,8772726931.0,95100000.0,0.0,-177500000.0,78000000.0,-17200000.0,-113500000.0,6900000.0,10000000.0,193500000.0,8200000.0,129300000.0,129300000.0,129300000.0,0.0,0.0,0.179,262400000.0,187900000.0,64800000.0,0.132,4.623,17.011,17.413,354300000.0,0.0,104.65,2.976,2.976,475000000.0,480100000.0,722900000.0,722900000.0,52200000.0,,,,,11500000.0,196600000.0,1.0,83829211.0,83829211.0,,8.623,2238400000.0,66900000.0,48900000.0,26200000.0,26.702,1000700000.0
21,BCR,MRQ,2012-06-30,2012-06-30,2012-06-30,2021-09-13,-100400000.0,3916600000.0,,1745200000.0,2171400000.0,,22.895,-22700000.0,769400000.0,769400000.0,285700000.0,133900000.0,2.372,1.038,1213900000.0,303500000.0,910400000.0,1213900000.0,0.0,34400000.0,0.0,0.007,0.19,195200000.0,229600000.0,0.309,229600000.0,195200000.0,185500000.0,1.56,1.54,1.56,1921500000.0,,1921500000.0,9451993270.0,13.0,10.932,45300000.0,0.54,1.0,456900000.0,0.615,1719400000.0,9700000.0,1906000000.0,,330500000.0,0.0,0.0,0.0,1995100000.0,735700000.0,1259400000.0,9017193270.0,39400000.0,0.0,-21700000.0,-27000000.0,-16200000.0,-62800000.0,50400000.0,0.0,68000000.0,-16200000.0,133900000.0,133900000.0,133900000.0,0.0,0.0,0.18,261700000.0,195200000.0,71200000.0,0.122,4.693,17.458,17.997,354900000.0,0.0,107.44,3.063,3.063,505900000.0,554900000.0,742600000.0,742600000.0,50100000.0,,,,,13600000.0,205400000.0,1.0,83927711.0,83927711.0,,8.848,2197200000.0,72200000.0,51600000.0,19500000.0,26.18,1009500000.0
22,BCR,MRQ,2012-03-31,2012-03-31,2012-03-31,2021-09-13,-57900000.0,3954000000.0,,1746200000.0,2207800000.0,,22.27,-19600000.0,804400000.0,804400000.0,279400000.0,138700000.0,2.11,1.112,1239200000.0,330500000.0,908700000.0,1239200000.0,0.0,33400000.0,0.0,0.008,0.19,200900000.0,234300000.0,0.321,234300000.0,200900000.0,191400000.0,1.62,1.6,1.62,1872000000.0,,1872000000.0,8767969237.0,16.0,12.984,146100000.0,1.738,1.0,450600000.0,0.617,1749600000.0,9500000.0,1811500000.0,,323900000.0,0.0,0.0,0.0,2082000000.0,827700000.0,1254300000.0,8298269237.0,78200000.0,0.0,-103100000.0,26000000.0,-16500000.0,-93500000.0,2700000.0,0.0,165700000.0,3300000.0,138700000.0,138700000.0,138700000.0,0.0,0.0,0.19,249700000.0,200900000.0,77200000.0,0.117,4.433,24.786,25.575,361400000.0,0.0,98.72,2.836,2.836,505300000.0,509000000.0,730000000.0,730000000.0,48200000.0,,,,,13900000.0,202300000.0,1.0,84058643.0,84058643.0,,8.684,2204400000.0,69800000.0,52700000.0,31700000.0,26.225,918500000.0
23,BCR,MRQ,2011-12-31,2011-12-31,2011-12-31,2021-09-13,-66600000.0,3931400000.0,,1688900000.0,2242500000.0,,20.648,-21500000.0,743500000.0,743500000.0,282100000.0,113800000.0,1.845,1.22,1213200000.0,304500000.0,908700000.0,1213200000.0,0.0,30700000.0,0.0,0.009,0.19,151300000.0,182000000.0,0.242,182000000.0,151300000.0,142000000.0,1.31,1.29,1.31,1771200000.0,,1771200000.0,7275997508.0,13.0,10.986,150600000.0,1.756,1.0,469800000.0,0.625,1768000000.0,9300000.0,1717700000.0,,319200000.0,0.0,0.0,0.0,2160200000.0,915400000.0,1244800000.0,7334397508.0,-170600000.0,-539300000.0,-119400000.0,304500000.0,-16400000.0,170000000.0,-505500000.0,0.0,172100000.0,-7200000.0,113800000.0,113800000.0,113800000.0,0.0,0.0,0.151,318500000.0,151300000.0,86400000.0,0.145,4.141,22.361,22.8,355400000.0,0.0,85.5,2.532,2.532,488900000.0,466800000.0,751900000.0,751900000.0,43600000.0,,,,,18800000.0,214200000.0,1.0,85782427.0,85782427.0,,8.765,2163400000.0,78200000.0,28200000.0,36200000.0,25.22,773500000.0
24,BCR,MRQ,2011-09-30,2011-09-30,2011-09-30,2021-09-13,-14500000.0,3539300000.0,,1900200000.0,1639100000.0,,21.34,-18200000.0,967300000.0,967300000.0,274900000.0,130100000.0,3.745,0.914,908900000.0,0.0,908900000.0,908900000.0,0.0,27600000.0,0.0,0.008,0.19,191100000.0,218700000.0,0.304,218700000.0,191100000.0,182100000.0,1.48,1.46,1.48,1849000000.0,,1849000000.0,7574217715.0,13.0,11.001,221800000.0,2.56,1.0,444300000.0,0.618,1124600000.0,9000000.0,1848900000.0,,329800000.0,0.0,0.0,0.0,1690300000.0,507400000.0,1182900000.0,7585017715.0,-144900000.0,0.0,-140500000.0,0.0,-16800000.0,-153300000.0,-226100000.0,0.0,240000000.0,-5500000.0,130100000.0,130100000.0,130100000.0,0.0,0.0,0.181,253200000.0,191100000.0,78900000.0,0.128,4.102,21.647,22.275,341200000.0,0.0,87.54,2.651,2.651,476500000.0,517400000.0,719200000.0,719200000.0,46900000.0,,,,,11100000.0,189300000.0,1.0,86646307.0,86646307.0,,8.3,2414700000.0,132800000.0,52000000.0,44200000.0,27.868,1392800000.0
25,BCR,MRQ,2011-06-30,2011-06-30,2011-06-30,2021-09-13,-4400000.0,3503200000.0,,1873400000.0,1629800000.0,,21.884,-15400000.0,911900000.0,911900000.0,275500000.0,-47800000.0,4.142,0.869,901100000.0,0.0,901100000.0,901100000.0,0.0,28600000.0,0.0,0.007,0.18,11700000.0,40300000.0,0.056,40300000.0,11700000.0,2700000.0,-0.55,-0.55,-0.55,1874500000.0,,1874500000.0,9557096202.0,17.0,13.972,116300000.0,1.358,1.0,449500000.0,0.62,1132900000.0,9000000.0,1907200000.0,,331600000.0,0.0,0.0,0.0,1628700000.0,452300000.0,1176400000.0,9410096202.0,163600000.0,0.0,50200000.0,0.0,-15900000.0,47500000.0,-21000000.0,0.0,131700000.0,5400000.0,-47800000.0,-47800000.0,-47800000.0,0.0,0.0,-0.066,437800000.0,11700000.0,59500000.0,-0.327,5.02,27.056,28.911,335900000.0,0.0,109.86,3.336,3.336,474200000.0,571600000.0,725000000.0,725000000.0,46900000.0,,,,,11500000.0,196800000.0,1.0,85655345.0,85655345.0,,8.464,2370300000.0,120900000.0,50500000.0,16900000.0,27.673,1421100000.0
26,BCR,MRQ,2011-03-31,2011-03-31,2011-03-31,2021-09-13,-26900000.0,3288300000.0,,1642400000.0,1645900000.0,,21.774,-16300000.0,748300000.0,748300000.0,264800000.0,131900000.0,5.737,0.776,895300000.0,0.0,895300000.0,895300000.0,0.0,28200000.0,0.0,0.007,0.18,193100000.0,221300000.0,0.316,221300000.0,193100000.0,184000000.0,1.52,1.49,1.52,1851700000.0,,1851700000.0,8785921464.0,12.0,10.284,161400000.0,1.898,1.0,435500000.0,0.622,1138300000.0,9100000.0,2010700000.0,,327600000.0,0.0,0.0,0.0,1436600000.0,286300000.0,1150300000.0,8449921464.0,106900000.0,0.0,31300000.0,-80500000.0,-15500000.0,-60300000.0,-19700000.0,0.0,177700000.0,9200000.0,131900000.0,131900000.0,131900000.0,0.0,0.0,0.188,242400000.0,193100000.0,67500000.0,0.118,4.563,16.244,17.555,332600000.0,0.0,99.36,3.051,3.051,459700000.0,651900000.0,700300000.0,700300000.0,48000000.0,,,,,14100000.0,194300000.0,1.0,85043493.0,85043493.0,,8.235,2150000000.0,113000000.0,52100000.0,24600000.0,25.281,1356100000.0
27,BCR,MRQ,2010-12-31,2010-12-31,2010-12-31,2021-09-13,-56200000.0,3171500000.0,,1529300000.0,1642200000.0,,17.561,-17900000.0,641400000.0,641400000.0,263700000.0,136200000.0,3.845,0.944,977400000.0,80500000.0,896900000.0,977400000.0,0.0,27600000.0,0.0,0.008,0.18,180600000.0,208200000.0,0.29,208200000.0,180600000.0,176800000.0,1.48,1.46,1.48,1631500000.0,,1631500000.0,8229275732.0,11.0,9.857,156200000.0,1.681,1.0,453400000.0,0.632,1147700000.0,3800000.0,1962100000.0,,308900000.0,0.0,0.0,0.0,1540000000.0,397700000.0,1142300000.0,8525675732.0,-20800000.0,-4200000.0,-753300000.0,610800000.0,-17000000.0,-167900000.0,-32100000.0,0.0,174100000.0,5100000.0,136200000.0,136200000.0,136200000.0,0.0,0.0,0.19,272800000.0,180600000.0,51400000.0,0.122,5.226,16.743,17.026,327900000.0,0.0,91.77,3.134,3.134,460800000.0,520000000.0,717100000.0,717100000.0,52200000.0,,,,,19200000.0,204700000.0,1.0,92902645.0,92902645.0,,7.719,2023800000.0,121100000.0,40600000.0,16900000.0,21.784,1131600000.0
28,BCR,MRQ,2010-09-30,2010-09-30,2010-09-30,2021-09-13,-79200000.0,3159600000.0,,1519900000.0,1639700000.0,,23.824,-13000000.0,662200000.0,662200000.0,251900000.0,127500000.0,2.931,0.416,365800000.0,216000000.0,149800000.0,365800000.0,0.0,27800000.0,0.0,0.008,0.18,186400000.0,214200000.0,0.316,214200000.0,186400000.0,183200000.0,1.35,1.34,1.35,2231100000.0,,2231100000.0,7212645484.0,10.0,8.824,155400000.0,1.659,1.0,426500000.0,0.629,1151700000.0,3200000.0,1193000000.0,,315300000.0,0.0,0.0,0.0,928500000.0,518500000.0,410000000.0,7625745484.0,69300000.0,-210200000.0,-63700000.0,186000000.0,-17000000.0,105800000.0,-212800000.0,12600000.0,168400000.0,7900000.0,127500000.0,127500000.0,127500000.0,0.0,0.0,0.188,240100000.0,186400000.0,62400000.0,0.133,3.418,15.923,16.286,322400000.0,0.0,81.43,2.845,2.845,435000000.0,1171900000.0,678400000.0,678400000.0,47500000.0,,,,,11500000.0,185900000.0,1.0,93647863.0,93647863.0,,7.244,2007900000.0,142800000.0,55700000.0,25000000.0,21.441,1001400000.0
29,BCR,MRQ,2010-06-30,2010-06-30,2010-06-30,2021-09-13,-100600000.0,2856900000.0,,1403600000.0,1453300000.0,,22.506,-11100000.0,592900000.0,592900000.0,251700000.0,124700000.0,4.97,0.335,179800000.0,30000000.0,149800000.0,179800000.0,0.0,25200000.0,0.0,0.009,0.17,185400000.0,210600000.0,0.313,210600000.0,185400000.0,182600000.0,1.31,1.29,1.31,2140300000.0,,2140300000.0,6802278318.0,9.0,8.353,102800000.0,1.081,1.0,422200000.0,0.627,952000000.0,2800000.0,1209400000.0,,281800000.0,12600000.0,12600000.0,0.0,716600000.0,282400000.0,434200000.0,7372878318.0,-127500000.0,-75900000.0,-129600000.0,30000000.0,-16400000.0,-144900000.0,-87100000.0,800000.0,113900000.0,-9400000.0,124600000.0,124600000.0,124600000.0,0.0,100000.0,0.185,236700000.0,185500000.0,50700000.0,0.13,3.445,15.331,15.6,319200000.0,0.0,77.53,2.794,2.794,420800000.0,1114500000.0,673900000.0,673900000.0,45100000.0,,,,,12800000.0,189500000.0,1.0,95097102.0,95097102.0,,7.086,1904900000.0,161100000.0,58000000.0,36300000.0,20.031,1121200000.0
30,BCR,MRQ,2010-03-31,2010-03-31,2010-03-31,2021-09-13,-59200000.0,2922200000.0,,1525600000.0,1396600000.0,,23.301,-9200000.0,720400000.0,720400000.0,252700000.0,121200000.0,5.774,0.311,149800000.0,0.0,149800000.0,149800000.0,0.0,24300000.0,0.0,0.008,0.17,177600000.0,201900000.0,0.31,201900000.0,177600000.0,174700000.0,1.25,1.24,1.25,2228900000.0,,2228900000.0,7761260879.0,11.0,9.781,172200000.0,1.8,1.0,398100000.0,0.612,893400000.0,2900000.0,1194000000.0,,279100000.0,13400000.0,13400000.0,0.0,693300000.0,264200000.0,429100000.0,8285860879.0,46000000.0,0.0,-91200000.0,0.0,-16500000.0,-103600000.0,-23100000.0,-13400000.0,181400000.0,-8700000.0,120900000.0,120900000.0,120900000.0,0.0,300000.0,0.186,220200000.0,177900000.0,54900000.0,0.136,3.717,17.686,18.084,325200000.0,0.0,86.62,3.2,3.2,430800000.0,1156700000.0,650800000.0,650800000.0,40600000.0,,,,,14700000.0,179700000.0,1.0,95657595.0,95657595.0,,6.803,2028800000.0,153500000.0,53800000.0,70200000.0,21.209,1261400000.0
31,BCR,MRQ,2009-12-31,2009-12-31,2009-12-31,2021-09-13,-24700000.0,2906900000.0,,1491800000.0,1415100000.0,,22.85,-10600000.0,674400000.0,674400000.0,255200000.0,105800000.0,5.296,0.318,149800000.0,0.0,149800000.0,149800000.0,0.0,24400000.0,0.0,0.008,0.17,166300000.0,190700000.0,0.282,190700000.0,166300000.0,163500000.0,1.09,1.08,1.09,2205900000.0,,2205900000.0,7037870136.0,10.0,9.075,174000000.0,1.802,1.0,421700000.0,0.623,913800000.0,2800000.0,1186800000.0,,295400000.0,0.0,0.0,0.0,701000000.0,281700000.0,419300000.0,7520170136.0,42300000.0,-50300000.0,-61700000.0,0.0,-16500000.0,-73500000.0,-76200000.0,0.0,184600000.0,7400000.0,105900000.0,105900000.0,105900000.0,0.0,-100000.0,0.156,255500000.0,166200000.0,50800000.0,0.156,3.409,16.345,16.717,333100000.0,0.0,77.9,2.967,2.967,442100000.0,1133400000.0,676900000.0,676900000.0,58500000.0,,,,,14700000.0,184000000.0,1.0,96536202.0,96536202.0,,7.012,1993100000.0,127200000.0,57600000.0,35400000.0,20.646,1210100000.0
32,BCR,MRQ,2009-09-30,2009-09-30,2009-09-30,2021-09-13,-34500000.0,2807500000.0,,1454400000.0,1353100000.0,,22.153,-11500000.0,632100000.0,632100000.0,240900000.0,130000000.0,5.883,0.298,149800000.0,0.0,149800000.0,149800000.0,0.0,23500000.0,0.0,0.008,0.17,187700000.0,211200000.0,0.332,211200000.0,187700000.0,184700000.0,1.32,1.31,1.32,2162500000.0,,2162500000.0,7215544778.0,11.0,9.295,155700000.0,1.595,1.0,396100000.0,0.622,857800000.0,3000000.0,1220200000.0,,311100000.0,0.0,0.0,0.0,645000000.0,247200000.0,397800000.0,7673644778.0,24200000.0,-20100000.0,-93500000.0,0.0,-16800000.0,-109300000.0,-40200000.0,0.0,167200000.0,39900000.0,129500000.0,129500000.0,129500000.0,0.0,500000.0,0.203,207900000.0,188200000.0,56100000.0,0.129,3.549,15.238,15.536,333400000.0,0.0,78.61,3.079,3.079,415800000.0,1130600000.0,637000000.0,637000000.0,43000000.0,,,,,11000000.0,164300000.0,1.0,97616649.0,97616649.0,,6.526,1949700000.0,140100000.0,55200000.0,31800000.0,19.973,1207200000.0
33,BCR,MRQ,2009-06-30,2009-06-30,2009-06-30,2021-09-13,-45100000.0,2762700000.0,,1419300000.0,1343400000.0,,21.165,-14900000.0,607900000.0,607900000.0,238600000.0,112400000.0,5.43,0.315,149800000.0,0.0,149800000.0,149800000.0,0.0,23100000.0,0.0,0.009,0.16,166600000.0,189700000.0,0.304,189700000.0,166600000.0,163600000.0,1.13,1.11,1.13,2101700000.0,,2101700000.0,6875637399.0,10.0,9.146,81700000.0,0.823,1.0,386000000.0,0.618,843900000.0,3000000.0,1199300000.0,,307700000.0,0.0,0.0,0.0,661000000.0,261400000.0,399600000.0,7393037399.0,-59300000.0,-15200000.0,-132100000.0,0.0,-16000000.0,-146600000.0,-32500000.0,0.0,96600000.0,-10200000.0,112200000.0,112200000.0,112200000.0,0.0,200000.0,0.18,219200000.0,166800000.0,62600000.0,0.142,3.518,15.234,15.382,334100000.0,0.0,74.45,2.991,2.991,412700000.0,1097400000.0,624600000.0,624600000.0,41700000.0,,,,,12500000.0,169900000.0,1.0,99302047.0,99302047.0,,6.29,1918800000.0,137000000.0,51400000.0,29300000.0,19.323,1157900000.0
34,BCR,MRQ,2009-03-31,2009-03-31,2009-03-31,2021-09-13,-104500000.0,2728200000.0,,1420300000.0,1307900000.0,,20.935,-11100000.0,667200000.0,667200000.0,224300000.0,113200000.0,5.748,0.311,149800000.0,0.0,149800000.0,149800000.0,0.0,22500000.0,0.0,0.008,0.16,161400000.0,183900000.0,0.308,183900000.0,161400000.0,158400000.0,1.12,1.1,1.12,2081600000.0,,2081600000.0,7484338204.0,12.0,10.585,159800000.0,1.607,1.0,372100000.0,0.624,820600000.0,3000000.0,1143100000.0,,289200000.0,0.0,0.0,0.0,646600000.0,247100000.0,399500000.0,7926638204.0,75100000.0,-27000000.0,-36400000.0,0.0,-16100000.0,-49000000.0,-40300000.0,0.0,170900000.0,-6500000.0,112500000.0,112500000.0,112500000.0,0.0,700000.0,0.189,210000000.0,162100000.0,54900000.0,0.143,3.808,17.576,17.795,331200000.0,0.0,79.72,3.216,3.216,375400000.0,1156400000.0,596400000.0,596400000.0,36400000.0,,,,,14200000.0,164300000.0,1.0,99430986.0,99430986.0,,5.998,1907600000.0,135000000.0,45900000.0,64300000.0,19.185,1173200000.0
35,BCR,MRQ,2008-12-31,2008-12-31,2008-12-31,2021-09-13,-94400000.0,2665700000.0,,1354200000.0,1311500000.0,,20.042,-15200000.0,592100000.0,592100000.0,242600000.0,150300000.0,4.959,0.341,149800000.0,0.0,149800000.0,149800000.0,0.0,22700000.0,0.0,0.007,0.16,168800000.0,191500000.0,0.302,191500000.0,168800000.0,165800000.0,1.49,1.46,1.49,1988200000.0,,1988200000.0,7972820733.0,14.0,12.211,122300000.0,1.233,1.0,391600000.0,0.617,822400000.0,3000000.0,1127900000.0,,275100000.0,0.0,0.0,0.0,677500000.0,273100000.0,404400000.0,8358620733.0,56500000.0,-24100000.0,3400000.0,800000.0,-16000000.0,-8900000.0,-39800000.0,0.0,137500000.0,-32300000.0,149400000.0,149400000.0,149400000.0,0.0,900000.0,0.236,221900000.0,169700000.0,53500000.0,0.107,4.204,20.069,20.402,333400000.0,0.0,84.26,3.409,3.409,394100000.0,1080200000.0,634200000.0,634200000.0,40000000.0,,,,,14900000.0,179200000.0,1.0,99200341.0,99200341.0,,6.393,1843300000.0,130400000.0,16400000.0,29200000.0,18.582,1081100000.0
36,BCR,MRQ,2008-09-30,2008-09-30,2008-09-30,2021-09-13,26600000.0,2622800000.0,,1314900000.0,1307900000.0,,19.703,-11400000.0,535600000.0,535600000.0,238600000.0,112100000.0,4.572,0.34,149800000.0,0.0,149800000.0,149800000.0,0.0,23200000.0,0.0,0.006,0.16,163500000.0,186700000.0,0.303,186700000.0,163500000.0,160400000.0,1.1,1.08,1.1,1957300000.0,,1957300000.0,9146571095.0,17.0,14.323,162400000.0,1.635,1.0,378200000.0,0.613,845000000.0,3100000.0,1104400000.0,,298500000.0,0.0,0.0,0.0,665500000.0,287600000.0,377900000.0,9424371095.0,108000000.0,-1500000.0,-30000000.0,0.0,-16100000.0,-41100000.0,-9200000.0,6600000.0,173800000.0,-15500000.0,111200000.0,111200000.0,111200000.0,0.0,900000.0,0.18,213800000.0,164400000.0,57500000.0,0.145,4.815,25.314,26.135,339800000.0,0.0,94.87,3.925,3.925,385600000.0,965900000.0,616800000.0,616800000.0,35100000.0,,,,,18500000.0,180600000.0,1.0,99339845.0,99339845.0,,6.209,1777800000.0,93300000.0,49200000.0,35000000.0,17.896,1027300000.0
37,BCR,MRQ,2008-06-30,2008-06-30,2008-06-30,2021-09-13,63300000.0,2538100000.0,,1219600000.0,1318500000.0,,19.047,-13600000.0,427600000.0,427600000.0,242900000.0,78600000.0,4.258,0.342,149800000.0,0.0,149800000.0,149800000.0,0.0,23100000.0,0.0,0.007,0.15,121900000.0,145000000.0,0.235,145000000.0,121900000.0,118900000.0,0.77,0.76,0.77,1890900000.0,,1890900000.0,8466530883.0,16.0,13.715,84700000.0,0.853,1.0,374200000.0,0.606,856500000.0,3000000.0,1117400000.0,,283300000.0,6700000.0,6700000.0,0.0,647200000.0,286400000.0,360800000.0,8731430883.0,12900000.0,-64900000.0,-17400000.0,0.0,-14900000.0,-30100000.0,-57700000.0,26600000.0,98300000.0,2400000.0,77900000.0,77900000.0,77900000.0,0.0,700000.0,0.126,251600000.0,122600000.0,53000000.0,0.195,4.618,24.04,24.986,346700000.0,0.0,87.95,3.749,3.749,402900000.0,900800000.0,617100000.0,617100000.0,38200000.0,,,,,9300000.0,180800000.0,1.0,99277213.0,99277213.0,,6.216,1681600000.0,84300000.0,41000000.0,32100000.0,16.938,933200000.0
38,BCR,MRQ,2008-03-31,2008-03-31,2008-03-31,2021-09-13,53200000.0,2472200000.0,,1173400000.0,1298800000.0,,18.194,-10400000.0,414700000.0,414700000.0,225200000.0,78300000.0,3.988,0.354,149800000.0,0.0,149800000.0,149800000.0,0.0,21900000.0,0.0,0.006,0.15,107800000.0,129700000.0,0.222,129700000.0,107800000.0,104800000.0,0.77,0.75,0.77,1825500000.0,,1825500000.0,9334321444.0,17.0,14.709,96200000.0,0.959,1.0,358800000.0,0.614,829700000.0,3000000.0,1083400000.0,,270200000.0,33300000.0,33300000.0,0.0,646700000.0,294200000.0,352500000.0,9672121444.0,-73700000.0,-75700000.0,-137000000.0,-800000.0,-15200000.0,-135900000.0,-45200000.0,48900000.0,106600000.0,800000.0,78000000.0,78000000.0,78000000.0,0.0,300000.0,0.134,250700000.0,108100000.0,63900000.0,0.195,5.298,25.267,26.125,346600000.0,0.0,96.4,4.284,4.284,374100000.0,865400000.0,584000000.0,584000000.0,85800000.0,,,,,10400000.0,168900000.0,1.0,100333210.0,100333210.0,,5.821,1642500000.0,85600000.0,26800000.0,61700000.0,16.37,879200000.0
39,BCR,MRQ,2007-12-31,2007-12-31,2007-12-31,2021-09-13,42500000.0,2475500000.0,,1242000000.0,1233500000.0,,18.207,-14500000.0,488400000.0,488400000.0,225600000.0,107300000.0,4.409,0.34,150600000.0,800000.0,149800000.0,150600000.0,0.0,20700000.0,0.0,0.006,0.15,156500000.0,177200000.0,0.304,177200000.0,156500000.0,153400000.0,0.99,0.99,0.99,1848000000.0,,1848000000.0,9339626784.0,16.0,13.961,153300000.0,1.51,1.0,357700000.0,0.613,773000000.0,3100000.0,1083000000.0,,244700000.0,82200000.0,82200000.0,0.0,627500000.0,281700000.0,345800000.0,9659826784.0,17600000.0,0.0,-149600000.0,0.0,-15300000.0,-160300000.0,-5600000.0,22000000.0,167800000.0,10400000.0,105200000.0,105200000.0,105200000.0,0.0,2100000.0,0.18,199100000.0,158600000.0,50200000.0,0.152,5.227,23.769,24.246,344600000.0,0.0,94.8,4.387,4.421,362000000.0,956300000.0,583300000.0,583300000.0,36600000.0,,,,,10900000.0,169700000.0,1.0,101896907.0,101500000.0,104400000.0,5.747,1702500000.0,80900000.0,48200000.0,32600000.0,16.773,960300000.0
40,BCR,MRQ,2007-09-30,2007-09-30,2007-09-30,2021-09-13,3200000.0,2462800000.0,,1247800000.0,1215000000.0,,18.173,-11000000.0,470800000.0,470800000.0,213700000.0,102100000.0,5.265,0.32,150600000.0,800000.0,149800000.0,150600000.0,0.0,20300000.0,0.0,0.006,0.15,145100000.0,165400000.0,0.304,165400000.0,145100000.0,142200000.0,0.99,0.96,0.99,1866400000.0,,1866400000.0,8768345290.0,19.0,16.024,130300000.0,1.269,1.0,331100000.0,0.608,759700000.0,2900000.0,1145900000.0,,248400000.0,104200000.0,104200000.0,0.0,596400000.0,237000000.0,359400000.0,9115245290.0,-26700000.0,-900000.0,-165300000.0,0.0,-15700000.0,-169900000.0,-1700000.0,18000000.0,141300000.0,3600000.0,102100000.0,102100000.0,102100000.0,0.0,0.0,0.187,186000000.0,145100000.0,46100000.0,0.152,4.884,28.203,28.266,343800000.0,0.0,88.19,4.263,4.235,347200000.0,1040500000.0,544800000.0,544800000.0,34000000.0,,,,,17600000.0,160900000.0,1.0,103359171.0,102700000.0,105900000.0,5.305,1703100000.0,82900000.0,40100000.0,33600000.0,16.583,1010800000.0
41,BCR,MRQ,2007-06-30,2007-06-30,2007-06-30,2021-09-13,-4500000.0,2486700000.0,,1278000000.0,1208700000.0,,18.251,-11400000.0,497500000.0,497500000.0,216600000.0,97500000.0,5.296,0.315,150600000.0,800000.0,149800000.0,150600000.0,0.0,20000000.0,0.0,0.007,0.14,142300000.0,162300000.0,0.297,162300000.0,142300000.0,139300000.0,0.94,0.91,0.94,1890800000.0,,1890800000.0,8183750647.0,19.0,16.407,82600000.0,0.797,1.0,329100000.0,0.603,758800000.0,3000000.0,1139700000.0,,239600000.0,122300000.0,122300000.0,0.0,595900000.0,241300000.0,354600000.0,8552050647.0,-21400000.0,-41800000.0,-58800000.0,0.0,-14600000.0,-58400000.0,-61600000.0,600000.0,94000000.0,4600000.0,97500000.0,97500000.0,97500000.0,0.0,0.0,0.179,186800000.0,142300000.0,53300000.0,0.149,4.523,27.703,27.728,344100000.0,0.0,82.63,4.09,4.094,343400000.0,1119900000.0,545700000.0,545700000.0,35100000.0,,,,,10600000.0,160500000.0,1.0,103498132.0,103600000.0,106900000.0,5.267,1727900000.0,77900000.0,41800000.0,33800000.0,16.679,1036700000.0
42,BCR,MRQ,2007-03-31,2007-03-31,2007-03-31,2021-09-13,-14700000.0,2419100000.0,,1259800000.0,1159300000.0,,17.812,-13800000.0,518900000.0,518900000.0,206500000.0,101600000.0,5.391,0.315,150600000.0,800000.0,149800000.0,150600000.0,0.0,18800000.0,0.0,0.007,0.14,145300000.0,164100000.0,0.311,164100000.0,145300000.0,142400000.0,0.98,0.95,0.98,1840000000.0,,1840000000.0,7945361364.0,20.0,16.766,130500000.0,1.263,1.0,321700000.0,0.609,721700000.0,2900000.0,1095400000.0,,230000000.0,122900000.0,122900000.0,0.0,579100000.0,233700000.0,345400000.0,8210961364.0,102700000.0,-200000.0,10600000.0,0.0,-14500000.0,1900000.0,-43600000.0,-22000000.0,144300000.0,100000.0,101600000.0,101600000.0,101600000.0,100000.0,0.0,0.192,176400000.0,145300000.0,50000000.0,0.143,4.462,28.062,28.095,344700000.0,0.0,79.51,4.021,4.022,330600000.0,1133700000.0,528200000.0,528200000.0,30100000.0,,,,,12100000.0,153700000.0,1.0,103269543.0,103300000.0,106700000.0,5.113,1697400000.0,67100000.0,40800000.0,42100000.0,16.432,1026100000.0
43,BCR,MRQ,2006-12-31,2006-12-31,2006-12-31,2021-09-13,-14300000.0,2277200000.0,,1133900000.0,1143300000.0,,16.406,-17700000.0,416200000.0,416200000.0,201200000.0,22000000.0,3.919,0.341,150600000.0,0.0,150600000.0,150600000.0,0.0,18600000.0,0.0,0.007,0.14,36800000.0,55400000.0,0.107,55400000.0,36800000.0,33100000.0,0.21,0.21,0.21,1698000000.0,,1698000000.0,8286309383.0,22.0,18.837,58100000.0,0.561,1.0,318500000.0,0.613,721900000.0,3700000.0,1000400000.0,,224300000.0,101000000.0,101000000.0,0.0,579200000.0,289300000.0,289900000.0,8544509383.0,-38400000.0,-100000.0,-38700000.0,-45800000.0,-14600000.0,-74500000.0,-44400000.0,-22200000.0,75800000.0,4700000.0,22000000.0,22000000.0,22000000.0,42100000.0,0.0,0.042,239600000.0,78900000.0,57800000.0,0.667,5.032,31.402,31.548,342700000.0,0.0,82.97,4.316,4.338,334100000.0,1026800000.0,519700000.0,519700000.0,38500000.0,,,,,12500000.0,158800000.0,1.0,102983119.0,103500000.0,106900000.0,5.021,1555300000.0,60700000.0,11100000.0,58200000.0,15.027,844600000.0
44,BCR,MRQ,2006-09-30,2006-09-30,2006-09-30,2021-09-13,28000000.0,2321200000.0,,1120000000.0,1201200000.0,,16.677,-15100000.0,454600000.0,454600000.0,193500000.0,87600000.0,2.331,0.349,196400000.0,195600000.0,800000.0,196400000.0,0.0,18300000.0,0.0,0.007,0.14,98700000.0,117000000.0,0.235,117000000.0,98700000.0,94700000.0,0.85,0.82,0.85,1721100000.0,,1721100000.0,7574917300.0,17.0,14.798,109600000.0,1.062,1.0,304000000.0,0.611,773800000.0,4000000.0,808700000.0,,203300000.0,80400000.0,80400000.0,0.0,600100000.0,480500000.0,119600000.0,7763517300.0,34600000.0,-200000.0,-44000000.0,-35000000.0,-14500000.0,-93500000.0,2700000.0,20000000.0,124700000.0,700000.0,87600000.0,87600000.0,87600000.0,200000.0,0.0,0.176,205100000.0,98900000.0,48200000.0,0.165,4.511,23.512,23.511,335100000.0,0.0,75.0,4.067,4.054,306800000.0,1052300000.0,497500000.0,497500000.0,30900000.0,,,,,16400000.0,160800000.0,1.0,103513564.0,103200000.0,106600000.0,4.821,1547400000.0,51000000.0,7100000.0,89100000.0,14.994,639500000.0
45,BCR,MRQ,2006-06-30,2006-06-30,2006-06-30,2021-09-13,26800000.0,2313200000.0,,1101800000.0,1211400000.0,,16.035,-17300000.0,420000000.0,420000000.0,194800000.0,81400000.0,2.074,0.394,231400000.0,230600000.0,800000.0,231400000.0,0.0,18300000.0,0.0,0.007,0.13,119100000.0,137400000.0,0.277,137400000.0,119100000.0,114600000.0,0.79,0.76,0.79,1659600000.0,,1659600000.0,7256409776.0,16.0,13.901,49500000.0,0.478,1.0,301700000.0,0.608,785500000.0,4500000.0,807900000.0,,197900000.0,101400000.0,101400000.0,0.0,653600000.0,531200000.0,122400000.0,7586409776.0,-176400000.0,-161100000.0,-26300000.0,-35000000.0,-13500000.0,-74800000.0,-176100000.0,2400000.0,66800000.0,7700000.0,81400000.0,81400000.0,81400000.0,-300000.0,0.0,0.164,182900000.0,118800000.0,49000000.0,0.165,4.571,22.782,22.894,331200000.0,0.0,73.26,4.09,4.088,313000000.0,1018200000.0,496500000.0,496500000.0,37200000.0,,,,,8600000.0,153300000.0,1.0,103554597.0,103500000.0,107000000.0,4.797,1527700000.0,41300000.0,33200000.0,108000000.0,14.76,570600000.0
46,BCR,MRQ,2006-03-31,2006-03-31,2006-03-31,2021-09-13,4400000.0,2239200000.0,,1221900000.0,1017300000.0,,15.402,-20300000.0,596400000.0,596400000.0,178100000.0,81100000.0,2.213,0.401,266400000.0,265600000.0,800000.0,266400000.0,0.0,15600000.0,0.0,0.008,0.13,114500000.0,130100000.0,0.279,130100000.0,114500000.0,109800000.0,0.78,0.76,0.78,1598700000.0,,1598700000.0,6599949389.0,14.0,12.653,45700000.0,0.44,1.0,287800000.0,0.618,598500000.0,4700000.0,758500000.0,,184400000.0,102400000.0,102400000.0,0.0,640500000.0,552200000.0,88300000.0,7052749389.0,-157800000.0,-9000000.0,-36900000.0,-35000000.0,-13700000.0,-85600000.0,-139700000.0,-98300000.0,66000000.0,1500000.0,81100000.0,81100000.0,81100000.0,400000.0,0.0,0.174,172900000.0,114900000.0,48900000.0,0.167,4.412,20.934,21.059,320600000.0,0.0,67.81,3.906,3.898,275500000.0,1019500000.0,465900000.0,465900000.0,38300000.0,,,,,9500000.0,142300000.0,1.0,104007512.0,103800000.0,107000000.0,4.488,1640700000.0,38500000.0,28700000.0,92700000.0,15.806,669700000.0
47,BCR,MRQ,2005-12-31,2005-12-31,2005-12-31,2021-09-13,2600000.0,2265600000.0,,1264100000.0,1001500000.0,,14.742,-25700000.0,754200000.0,754200000.0,173800000.0,80100000.0,1.973,0.475,301400000.0,300600000.0,800000.0,301400000.0,0.0,11600000.0,0.0,0.008,0.13,115800000.0,127400000.0,0.284,127400000.0,115800000.0,112900000.0,0.77,0.75,0.77,1536100000.0,,1536100000.0,6471977597.0,14.0,12.387,98200000.0,0.942,1.0,275300000.0,0.613,591300000.0,2900000.0,580900000.0,,169600000.0,4000000.0,4000000.0,0.0,729500000.0,640600000.0,88900000.0,6912877597.0,161800000.0,-8100000.0,-59000000.0,149400000.0,-13700000.0,76700000.0,-34200000.0,3500000.0,123900000.0,-4600000.0,80100000.0,80100000.0,80100000.0,3300000.0,0.0,0.178,156200000.0,119100000.0,52500000.0,0.169,4.5,20.507,20.472,310000000.0,0.0,65.92,3.909,3.907,267700000.0,986000000.0,449100000.0,449100000.0,28300000.0,,,,,2100000.0,135300000.0,1.0,104867682.0,104200000.0,107100000.0,4.31,1674300000.0,37200000.0,32800000.0,106100000.0,16.068,623500000.0
48,BCR,MRQ,2005-09-30,2005-09-30,2005-09-30,2021-09-13,17500000.0,2117400000.0,,1115600000.0,1001800000.0,,14.721,-24500000.0,592400000.0,592400000.0,166400000.0,90400000.0,3.298,0.37,151500000.0,100000.0,151400000.0,151500000.0,0.0,15000000.0,0.0,0.007,0.13,112100000.0,127100000.0,0.287,127100000.0,112100000.0,109000000.0,0.86,0.83,0.86,1545700000.0,,1545700000.0,6537815644.0,15.0,12.967,86300000.0,0.822,1.0,276900000.0,0.625,600000000.0,3100000.0,738200000.0,,177500000.0,4100000.0,4100000.0,0.0,571700000.0,338300000.0,233400000.0,6952615644.0,26100000.0,0.0,-38300000.0,0.0,-13700000.0,-52000000.0,-34000000.0,2300000.0,110800000.0,1300000.0,90400000.0,90400000.0,90400000.0,0.0,0.0,0.204,164800000.0,112100000.0,48000000.0,0.151,4.498,21.275,21.163,299100000.0,0.0,66.03,3.988,3.977,280600000.0,996500000.0,443300000.0,443300000.0,29200000.0,,,,,2600000.0,132700000.0,1.0,105294800.0,105000000.0,108300000.0,4.222,1517400000.0,35100000.0,18600000.0,107700000.0,14.451,777300000.0
49,BCR,MRQ,2005-06-30,2005-06-30,2005-06-30,2021-09-13,16100000.0,2073400000.0,,1085600000.0,987800000.0,,14.275,-23600000.0,566300000.0,566300000.0,173500000.0,85300000.0,3.185,0.381,151500000.0,100000.0,151400000.0,151500000.0,0.0,16600000.0,0.0,0.007,0.12,120400000.0,137000000.0,0.306,137000000.0,120400000.0,117300000.0,0.81,0.79,0.81,1501700000.0,,1501700000.0,6587028216.0,14.0,12.241,49100000.0,0.467,1.0,273900000.0,0.612,612700000.0,3100000.0,705000000.0,,176400000.0,4600000.0,4600000.0,0.0,571700000.0,340900000.0,230800000.0,6991128216.0,10700000.0,-200000.0,-11200000.0,0.0,-12700000.0,-23900000.0,-24300000.0,1200000.0,72700000.0,-13800000.0,85300000.0,85300000.0,85300000.0,0.0,0.0,0.191,153500000.0,120400000.0,43500000.0,0.148,4.655,20.635,20.528,283800000.0,0.0,66.51,4.06,4.063,275300000.0,968300000.0,447400000.0,447400000.0,29000000.0,,,,,2500000.0,136000000.0,1.0,105113941.0,105200000.0,108500000.0,4.253,1460700000.0,35900000.0,32000000.0,108800000.0,13.885,744700000.0
50,BCR,MRQ,2005-03-31,2005-03-31,2005-03-31,2021-09-13,45100000.0,2067800000.0,,1078900000.0,988900000.0,,13.853,-23300000.0,555600000.0,555600000.0,164900000.0,81300000.0,2.835,0.423,151500000.0,100000.0,151400000.0,151500000.0,0.0,16700000.0,0.0,0.007,0.12,114300000.0,131000000.0,0.306,131000000.0,114300000.0,111200000.0,0.78,0.75,0.78,1453200000.0,,1453200000.0,6740898880.0,15.0,13.56,70400000.0,0.671,1.0,263700000.0,0.615,622800000.0,3100000.0,660300000.0,,171100000.0,4600000.0,4600000.0,0.0,614600000.0,380600000.0,234000000.0,7130198880.0,14800000.0,-1900000.0,9200000.0,0.0,-12600000.0,-3400000.0,-73600000.0,3200000.0,93700000.0,0.0,81300000.0,81300000.0,81300000.0,0.0,0.0,0.19,149400000.0,114300000.0,55800000.0,0.154,4.907,22.839,22.769,273900000.0,0.0,68.08,4.217,4.224,286400000.0,906300000.0,428600000.0,428600000.0,27200000.0,,,,,2100000.0,128600000.0,1.0,104732651.0,104900000.0,108200000.0,4.086,1445000000.0,37500000.0,29900000.0,129400000.0,13.775,698300000.0
51,BCR,MRQ,2004-12-31,2004-12-31,2004-12-31,2021-09-13,46200000.0,2009100000.0,,1054000000.0,955100000.0,,13.028,-17200000.0,540800000.0,540800000.0,161600000.0,69800000.0,2.7,0.477,151500000.0,100000.0,151400000.0,151500000.0,0.0,11100000.0,0.0,0.007,0.12,98000000.0,109100000.0,0.257,109100000.0,98000000.0,95100000.0,0.67,0.65,0.67,1360100000.0,,1360100000.0,6366406424.0,15.0,13.219,67000000.0,0.642,1.0,262500000.0,0.619,600200000.0,2900000.0,629300000.0,,156700000.0,4600000.0,4600000.0,0.0,649000000.0,390300000.0,258700000.0,6695506424.0,60100000.0,3800000.0,-6500000.0,-100000.0,-12600000.0,-19200000.0,-19300000.0,0.0,84200000.0,14900000.0,69800000.0,69800000.0,69800000.0,0.0,0.0,0.165,164500000.0,98000000.0,52200000.0,0.179,4.923,22.112,22.062,260800000.0,0.0,63.98,4.043,4.033,290100000.0,858100000.0,424100000.0,424100000.0,28200000.0,,,,,4100000.0,139000000.0,1.0,104649991.0,104400000.0,107200000.0,4.062,1408900000.0,37000000.0,25300000.0,116400000.0,13.495,663700000.0
52,BCR,MRQ,2004-09-30,2004-09-30,2004-09-30,2021-09-13,13500000.0,1905600000.0,,970600000.0,935000000.0,,12.154,-18700000.0,480700000.0,480700000.0,168100000.0,102400000.0,2.583,0.499,151600000.0,100000.0,151500000.0,151600000.0,0.0,15900000.0,0.0,0.008,0.12,145100000.0,161000000.0,0.382,161000000.0,145100000.0,141700000.0,0.98,0.95,0.98,1271300000.0,,1271300000.0,5703077684.0,16.0,14.033,66000000.0,0.631,1.0,253800000.0,0.602,597100000.0,3400000.0,603600000.0,,150200000.0,4500000.0,4500000.0,0.0,634300000.0,375800000.0,258500000.0,5936177684.0,35100000.0,79400000.0,-19200000.0,-61000000.0,-12600000.0,-92800000.0,43500000.0,0.0,84700000.0,200000.0,102400000.0,102400000.0,102400000.0,0.0,0.0,0.243,108700000.0,145100000.0,47900000.0,0.122,4.669,23.408,23.305,243300000.0,0.0,56.63,3.68,3.672,269600000.0,822600000.0,421900000.0,421900000.0,28600000.0,,,,,1500000.0,130800000.0,1.0,104823904.0,104600000.0,107400000.0,4.033,1308500000.0,38200000.0,39300000.0,105200000.0,12.51,594800000.0
53,BCR,MRQ,2004-06-30,2004-06-30,2004-06-30,2021-09-13,12000000.0,1858500000.0,,924000000.0,934500000.0,,11.438,-14200000.0,445600000.0,445600000.0,169000000.0,58700000.0,2.345,0.555,212500000.0,61100000.0,151400000.0,212500000.0,0.0,13900000.0,0.0,0.008,0.115,82100000.0,96000000.0,0.231,96000000.0,82100000.0,79100000.0,0.56,0.55,0.56,1195300000.0,,1195300000.0,5604382030.0,20.0,16.891,15600000.0,0.149,1.0,247300000.0,0.594,606400000.0,3000000.0,625000000.0,,158300000.0,4600000.0,4600000.0,0.0,663200000.0,394000000.0,269200000.0,5910782030.0,-12800000.0,-64000000.0,4200000.0,60500000.0,-12100000.0,52600000.0,-90400000.0,6200000.0,29800000.0,-4300000.0,58700000.0,58700000.0,58700000.0,0.0,0.0,0.141,165200000.0,82100000.0,61600000.0,0.205,4.945,29.16,29.051,239800000.0,0.0,56.65,3.806,3.812,254700000.0,762800000.0,416300000.0,416300000.0,31600000.0,,,,,1200000.0,130500000.0,1.0,104338606.0,104500000.0,107500000.0,3.984,1252100000.0,38500000.0,20400000.0,78900000.0,11.982,530000000.0
54,BCR,MRQ,2004-03-31,2004-03-31,2004-03-31,2021-09-13,19800000.0,1786400000.0,,934700000.0,851700000.0,,11.021,-19900000.0,458400000.0,458400000.0,161600000.0,71900000.0,2.411,0.559,152000000.0,600000.0,151400000.0,152000000.0,0.0,13800000.0,0.0,0.009,0.115,101700000.0,115500000.0,0.293,115500000.0,101700000.0,98300000.0,0.69,0.67,0.69,1146200000.0,,1146200000.0,4823007878.0,18.0,15.176,58600000.0,0.563,1.0,232200000.0,0.59,517800000.0,3400000.0,574500000.0,,160000000.0,4600000.0,4600000.0,0.0,640200000.0,387700000.0,252500000.0,5072307878.0,41000000.0,0.0,-800000.0,-16000000.0,-11900000.0,-28700000.0,-20700000.0,0.0,78500000.0,8500000.0,71900000.0,71900000.0,71900000.0,0.0,0.0,0.183,130500000.0,101700000.0,60400000.0,0.167,4.425,26.213,26.107,235200000.0,0.0,48.82,3.402,3.405,242700000.0,739900000.0,393800000.0,393800000.0,23200000.0,,,,,1200000.0,120700000.0,1.0,103898154.0,104000000.0,106600000.0,3.787,1268600000.0,60900000.0,26400000.0,96500000.0,12.198,547000000.0
55,BCR,MRQ,2003-12-31,2003-12-31,2003-12-31,2021-09-13,100000.0,1692000000.0,,875100000.0,816900000.0,,10.113,-26200000.0,417400000.0,417400000.0,155900000.0,20600000.0,2.074,0.618,168100000.0,16600000.0,151500000.0,168100000.0,0.0,11700000.0,0.0,0.011,0.115,22200000.0,33900000.0,0.089,33900000.0,22200000.0,19200000.0,0.2,0.19,0.2,1045700000.0,,1045700000.0,4002155062.0,17.0,14.273,69700000.0,0.674,1.0,225300000.0,0.591,491800000.0,3000000.0,529000000.0,,156500000.0,4600000.0,4600000.0,0.0,646300000.0,421900000.0,224400000.0,4213655062.0,34900000.0,-17700000.0,-6600000.0,-12500000.0,-11900000.0,-31000000.0,-41600000.0,0.0,95900000.0,11600000.0,20600000.0,20600000.0,20600000.0,0.0,0.0,0.054,203100000.0,22200000.0,56100000.0,0.575,4.03,25.007,24.923,222700000.0,0.0,40.625,2.94,2.931,224100000.0,703200000.0,381200000.0,381200000.0,24500000.0,,,,,3000000.0,121800000.0,1.0,103720740.0,103400000.0,105200000.0,3.687,1200200000.0,71300000.0,-1400000.0,94400000.0,11.607,453200000.0
56,BCR,MRQ,2003-09-30,2003-09-30,2003-09-30,2021-09-13,-31100000.0,1600000000.0,,804900000.0,795100000.0,,9.757,-14000000.0,392000000.0,392000000.0,154700000.0,51500000.0,2.214,0.583,180500000.0,29000000.0,151500000.0,180500000.0,0.0,12100000.0,0.0,0.013,0.115,74300000.0,86400000.0,0.239,86400000.0,74300000.0,71100000.0,0.5,0.49,0.5,1010800000.0,,1010800000.0,3460922712.0,12.0,10.679,57600000.0,0.556,1.0,207100000.0,0.572,483200000.0,3200000.0,541800000.0,,156100000.0,0.0,0.0,0.0,589200000.0,363500000.0,225700000.0,3679622712.0,-11100000.0,-1100000.0,-8500000.0,-3900000.0,-12000000.0,-24400000.0,-50800000.0,0.0,71600000.0,-7500000.0,51500000.0,51500000.0,51500000.0,0.0,0.0,0.142,132800000.0,74300000.0,48800000.0,0.23,3.64,18.918,18.833,198500000.0,0.0,35.5,2.659,2.658,212500000.0,709900000.0,361800000.0,361800000.0,21600000.0,,,,,1400000.0,112300000.0,1.0,103651344.0,103600000.0,105200000.0,3.492,1116800000.0,0.0,19600000.0,85800000.0,10.78,441400000.0
57,BCR,MRQ,2003-06-30,2003-06-30,2003-06-30,2021-09-13,-12700000.0,1563300000.0,,829100000.0,734200000.0,,9.699,-15800000.0,403100000.0,403100000.0,152600000.0,49500000.0,2.427,0.559,184400000.0,32600000.0,151800000.0,184400000.0,0.0,10600000.0,0.0,0.012,0.11,71400000.0,82000000.0,0.232,82000000.0,71400000.0,68200000.0,0.48,0.47,0.48,1002900000.0,,1002900000.0,3454776371.0,14.0,11.967,17400000.0,0.168,1.0,201600000.0,0.569,432600000.0,3200000.0,570400000.0,,160800000.0,0.0,0.0,0.0,560400000.0,341600000.0,218800000.0,3711376371.0,-7200000.0,-40600000.0,-5900000.0,31300000.0,-11500000.0,13900000.0,-64100000.0,0.0,33200000.0,9800000.0,49500000.0,49500000.0,49500000.0,0.0,0.0,0.14,130200000.0,71400000.0,49800000.0,0.229,3.701,21.478,21.287,194400000.0,0.0,35.655,2.76,2.742,213600000.0,684800000.0,354200000.0,354200000.0,21800000.0,,,,,1800000.0,109900000.0,1.0,104091330.0,103400000.0,105600000.0,3.426,1130700000.0,0.0,18700000.0,82100000.0,10.935,487500000.0
58,BCR,MRQ,2003-03-31,2003-03-31,2003-03-31,2021-09-13,-35100000.0,1490400000.0,,809100000.0,681300000.0,,9.149,-14600000.0,409600000.0,409600000.0,146200000.0,46900000.0,2.488,0.575,153000000.0,1000000.0,152000000.0,153000000.0,0.0,10300000.0,0.0,0.014,0.11,67800000.0,78100000.0,0.233,78100000.0,67800000.0,64700000.0,0.455,0.445,0.455,946000000.0,,946000000.0,3385133300.0,14.0,12.004,48300000.0,0.467,1.0,189700000.0,0.565,396700000.0,3100000.0,511900000.0,,154300000.0,0.0,0.0,0.0,544400000.0,325200000.0,219200000.0,3255133300.0,27100000.0,-11100000.0,-1900000.0,-300000.0,-11400000.0,-13600000.0,-29100000.0,0.0,62900000.0,6900000.0,46900000.0,46900000.0,46900000.0,0.0,0.0,0.14,121900000.0,67800000.0,50200000.0,0.242,3.441,19.469,19.523,177500000.0,0.0,31.53,2.489,2.493,198200000.0,667800000.0,335900000.0,335900000.0,19500000.0,,,,,4300000.0,104100000.0,1.0,103239242.0,103400000.0,105000000.0,3.249,1093700000.0,0.0,17800000.0,99900000.0,10.577,483900000.0
59,BCR,MRQ,2002-12-31,2002-12-31,2002-12-31,2021-09-13,-54500000.0,1416700000.0,,758000000.0,658700000.0,,8.515,-12300000.0,373700000.0,373700000.0,147000000.0,46600000.0,2.392,0.609,153100000.0,900000.0,152200000.0,153100000.0,0.0,10000000.0,0.0,0.015,0.11,67600000.0,77600000.0,0.234,77600000.0,67600000.0,64500000.0,0.45,0.445,0.45,880400000.0,,880400000.0,2819248394.0,13.0,10.603,76000000.0,0.735,1.0,184700000.0,0.557,381300000.0,3100000.0,497900000.0,,147100000.0,9500000.0,9500000.0,0.0,536300000.0,316900000.0,219400000.0,2997648394.0,48600000.0,-4000000.0,-6300000.0,-3700000.0,-11400000.0,-21400000.0,-19800000.0,0.0,88300000.0,1500000.0,46600000.0,46600000.0,46600000.0,0.0,0.0,0.14,117100000.0,67600000.0,46900000.0,0.244,3.405,19.34,19.463,168000000.0,0.0,29.0,2.353,2.368,183400000.0,640700000.0,331700000.0,331700000.0,17600000.0,,,,,1700000.0,100900000.0,1.0,103367186.0,103400000.0,105000000.0,3.208,1035400000.0,61800000.0,17900000.0,88400000.0,10.014,441100000.0
60,BCR,MRQ,2002-09-30,2002-09-30,2002-09-30,2021-09-13,-54500000.0,1282600000.0,,697600000.0,585000000.0,,8.196,-17900000.0,335200000.0,335200000.0,149200000.0,29800000.0,2.637,0.513,156800000.0,4400000.0,152400000.0,156800000.0,0.0,11200000.0,0.0,0.016,0.11,39800000.0,51000000.0,0.158,51000000.0,39800000.0,36700000.0,0.29,0.285,0.29,847500000.0,,847500000.0,2673211328.0,12.0,10.278,56000000.0,0.542,1.0,173500000.0,0.538,372000000.0,3100000.0,467700000.0,,155900000.0,0.0,0.0,0.0,435100000.0,264500000.0,170600000.0,2816711328.0,34800000.0,0.0,-10400000.0,-100000.0,-11500000.0,-22000000.0,-21100000.0,0.0,73900000.0,4000000.0,29800000.0,29800000.0,29800000.0,0.0,0.0,0.092,133700000.0,39800000.0,46100000.0,0.379,3.324,19.07,19.236,162400000.0,0.0,27.315,2.263,2.269,188200000.0,613900000.0,322700000.0,322700000.0,14900000.0,,,,,1700000.0,95200000.0,1.0,103119580.0,103400000.0,104600000.0,3.121,910600000.0,0.0,6900000.0,30900000.0,8.807,433100000.0
61,BCR,MRQ,2002-06-30,2002-06-30,2002-06-30,2021-09-13,-67400000.0,1248200000.0,,670800000.0,577400000.0,,7.878,-5600000.0,300400000.0,300400000.0,147000000.0,43900000.0,2.852,0.515,156900000.0,900000.0,156000000.0,156900000.0,0.0,10700000.0,0.0,0.015,0.105,64600000.0,75300000.0,0.237,75300000.0,64600000.0,61400000.0,0.42,0.415,0.42,824000000.0,,824000000.0,2830208815.0,12.0,10.214,47500000.0,0.454,1.0,170500000.0,0.537,369200000.0,3200000.0,500300000.0,,162400000.0,0.0,0.0,0.0,424200000.0,235200000.0,189000000.0,2976008815.0,-3900000.0,0.0,-43900000.0,100000.0,-11100000.0,-54900000.0,-6500000.0,0.0,53100000.0,4400000.0,43900000.0,43900000.0,43900000.0,0.0,0.0,0.138,105900000.0,64600000.0,47400000.0,0.25,3.612,19.375,19.115,158500000.0,0.0,28.29,2.439,2.426,191900000.0,611200000.0,317500000.0,317500000.0,14900000.0,,,,,500000.0,92800000.0,1.0,105196494.0,104600000.0,106200000.0,3.035,879000000.0,0.0,17500000.0,35100000.0,8.403,435600000.0
62,BCR,MRQ,2002-03-31,2002-03-31,2002-03-31,2021-09-13,-82300000.0,1248300000.0,,670900000.0,577400000.0,,7.786,-5200000.0,302800000.0,302800000.0,139500000.0,34700000.0,2.945,0.527,157000000.0,800000.0,156200000.0,157000000.0,0.0,10400000.0,0.0,0.014,0.105,51600000.0,62000000.0,0.205,62000000.0,51600000.0,48400000.0,0.33,0.325,0.33,817500000.0,,817500000.0,3227880375.0,15.0,11.986,41100000.0,0.391,1.0,162400000.0,0.538,370500000.0,3200000.0,504200000.0,,171000000.0,0.0,0.0,0.0,430800000.0,227800000.0,203000000.0,3101480375.0,31900000.0,0.0,5900000.0,-300000.0,-11000000.0,-5400000.0,-7000000.0,0.0,46300000.0,-2000000.0,34700000.0,34700000.0,34700000.0,0.0,0.0,0.115,110800000.0,51600000.0,41100000.0,0.318,3.794,21.434,21.014,156400000.0,0.0,29.525,2.588,2.587,183900000.0,625800000.0,301900000.0,301900000.0,14300000.0,,,,,6000000.0,88300000.0,1.0,105045906.0,105000000.0,106400000.0,2.875,877800000.0,0.0,13700000.0,44200000.0,8.36,443100000.0
63,BCR,MRQ,2001-12-31,2001-12-31,2001-12-31,2021-09-13,-76400000.0,1279900000.0,,669700000.0,610200000.0,,7.613,-7100000.0,30800000.0,30800000.0,140300000.0,39300000.0,2.403,0.623,157200000.0,800000.0,156400000.0,157200000.0,0.0,12500000.0,0.0,0.013,0.105,59300000.0,71800000.0,0.237,71800000.0,59300000.0,56300000.0,0.38,0.37,0.38,788700000.0,,788700000.0,3260068050.0,15.0,11.972,82100000.0,0.792,1.0,162500000.0,0.537,368900000.0,3000000.0,758700000.0,,182000000.0,240200000.0,240200000.0,0.0,491200000.0,278700000.0,212500000.0,3296268050.0,76600000.0,-31600000.0,34100000.0,-400000.0,-10900000.0,22800000.0,-34600000.0,17200000.0,89200000.0,-800000.0,39300000.0,39300000.0,39300000.0,0.0,0.0,0.13,103200000.0,59300000.0,43600000.0,0.276,4.179,23.019,23.036,157900000.0,0.0,32.25,2.79,2.796,176800000.0,602100000.0,302800000.0,302800000.0,13100000.0,,,,,1500000.0,91900000.0,1.0,102209862.0,103600000.0,105800000.0,2.923,911000000.0,0.0,17000000.0,77100000.0,8.793,391000000.0
64,BCR,MRQ,2001-09-30,2001-09-30,2001-09-30,2021-09-13,-70400000.0,1165300000.0,,601400000.0,563900000.0,,7.062,-5100000.0,193700000.0,193700000.0,139500000.0,35700000.0,2.552,0.608,157500000.0,800000.0,156700000.0,157500000.0,0.0,13300000.0,0.0,0.016,0.105,54700000.0,68000000.0,0.228,68000000.0,54700000.0,51200000.0,0.35,0.34,0.35,724600000.0,,724600000.0,2687278020.0,15.0,11.823,75600000.0,0.737,1.0,158300000.0,0.532,352600000.0,3500000.0,540800000.0,,194300000.0,0.0,0.0,0.0,440700000.0,235700000.0,205000000.0,2637578020.0,43900000.0,0.0,25600000.0,-47500000.0,-10800000.0,-27000000.0,-8000000.0,-2900000.0,80700000.0,-1800000.0,35700000.0,35700000.0,35700000.0,0.0,0.0,0.12,103600000.0,54700000.0,40200000.0,0.3,3.64,23.508,23.368,156900000.0,0.0,25.705,2.276,2.276,194600000.0,573700000.0,297800000.0,297800000.0,13100000.0,,,,,1100000.0,91200000.0,1.0,102609532.0,102600000.0,104600000.0,2.903,812700000.0,0.0,15500000.0,45200000.0,7.921,365700000.0
65,BCR,MRQ,2001-06-30,2001-06-30,2001-06-30,2021-09-13,-86300000.0,1113400000.0,,549400000.0,564000000.0,,6.455,-8100000.0,149800000.0,149800000.0,138200000.0,35000000.0,2.595,0.701,199500000.0,800000.0,198700000.0,199500000.0,0.0,13800000.0,0.0,0.015,0.105,53700000.0,67500000.0,0.228,67500000.0,53700000.0,50000000.0,0.345,0.34,0.345,654500000.0,,654500000.0,2959030381.0,17.0,13.076,34400000.0,0.339,1.0,157700000.0,0.533,352700000.0,3700000.0,598700000.0,,197200000.0,0.0,0.0,0.0,458900000.0,211700000.0,247200000.0,2886130381.0,19700000.0,0.0,14100000.0,0.0,-10700000.0,-5600000.0,-17200000.0,-9100000.0,42500000.0,0.0,35000000.0,35000000.0,35000000.0,0.0,0.0,0.118,104000000.0,53700000.0,45400000.0,0.304,4.41,26.119,26.244,156300000.0,0.0,28.475,2.54,2.541,184400000.0,548800000.0,295900000.0,295900000.0,13600000.0,,,,,3100000.0,93700000.0,1.0,101356642.0,101400000.0,102800000.0,2.918,760700000.0,0.0,15000000.0,36300000.0,7.502,337700000.0
66,BCR,MRQ,2001-03-31,2001-03-31,2001-03-31,2021-09-13,-71000000.0,1104800000.0,,539100000.0,565700000.0,,6.287,-7100000.0,128400000.0,128400000.0,132500000.0,33200000.0,2.453,0.733,201300000.0,800000.0,200500000.0,201300000.0,0.0,13600000.0,0.0,0.018,0.105,51400000.0,65000000.0,0.228,65000000.0,51400000.0,47400000.0,0.325,0.325,0.325,637500000.0,,637500000.0,2487753434.0,14.0,11.062,37200000.0,0.367,1.0,152300000.0,0.535,354800000.0,4000000.0,603100000.0,,200500000.0,0.0,0.0,0.0,467300000.0,219800000.0,247500000.0,2303953434.0,8000000.0,0.0,-16600000.0,0.0,-10700000.0,-24000000.0,-12300000.0,-5200000.0,44300000.0,0.0,33200000.0,33200000.0,33200000.0,0.0,0.0,0.117,100900000.0,51400000.0,52600000.0,0.323,3.614,21.215,21.215,156800000.0,0.0,22.7,2.066,2.064,192200000.0,525400000.0,284800000.0,284800000.0,13600000.0,,,,,0.0,87400000.0,1.0,101495746.0,101400000.0,102600000.0,2.809,750000000.0,0.0,14200000.0,39700000.0,7.396,319300000.0
67,BCR,MRQ,2000-12-31,2000-12-31,2000-12-31,2021-09-13,-80200000.0,1089200000.0,,526600000.0,562600000.0,,6.036,-7400000.0,21300000.0,21300000.0,128400000.0,8300000.0,2.346,0.774,205100000.0,800000.0,204300000.0,205100000.0,0.0,12100000.0,0.0,0.018,0.105,14700000.0,26800000.0,0.096,26800000.0,14700000.0,10800000.0,0.08,0.08,0.08,613900000.0,,613900000.0,2498257497.0,14.0,11.208,87000000.0,0.855,1.0,151900000.0,0.542,356200000.0,3900000.0,692300000.0,,193500000.0,98400000.0,98400000.0,0.0,475300000.0,224500000.0,250800000.0,2366957497.0,28200000.0,-20100000.0,2400000.0,-20600000.0,-10700000.0,-28900000.0,-30900000.0,27800000.0,94400000.0,-6400000.0,8300000.0,8300000.0,8300000.0,0.0,0.0,0.03,137200000.0,14700000.0,56000000.0,1.312,3.856,22.142,22.066,155500000.0,0.0,23.28,2.154,2.148,195800000.0,519400000.0,280300000.0,280300000.0,12500000.0,,,,,5800000.0,90200000.0,1.0,101673432.0,101712000.0,102586000.0,2.756,733000000.0,0.0,2500000.0,31500000.0,7.207,302100000.0
68,BCR,MRQ,2000-09-30,2000-09-30,2000-09-30,2021-09-13,-76100000.0,1122700000.0,,515400000.0,607300000.0,,6.062,-3600000.0,94500000.0,94500000.0,126100000.0,34000000.0,1.658,0.824,225800000.0,68400000.0,157400000.0,225800000.0,0.0,12800000.0,0.0,0.019,0.105,54200000.0,67000000.0,0.243,67000000.0,54200000.0,49300000.0,0.335,0.33,0.335,615500000.0,,615500000.0,2325580594.0,11.0,8.876,49900000.0,0.491,1.0,149300000.0,0.542,361200000.0,4900000.0,582000000.0,,203500000.0,0.0,0.0,0.0,507200000.0,310800000.0,196400000.0,2144080594.0,26100000.0,0.0,15200000.0,-62400000.0,-10800000.0,-29000000.0,1600000.0,5200000.0,53500000.0,0.0,34000000.0,34000000.0,34000000.0,0.0,0.0,0.123,95100000.0,54200000.0,44800000.0,0.313,3.483,16.268,16.238,156900000.0,0.0,21.11,1.968,1.968,197800000.0,521700000.0,275400000.0,275400000.0,13000000.0,,,,,0.0,87900000.0,1.0,101567058.0,101534000.0,102648000.0,2.712,761500000.0,0.0,15300000.0,49800000.0,7.5,204600000.0
69,BCR,MRQ,2000-06-30,2000-06-30,2000-06-30,2021-09-13,-63600000.0,1105200000.0,,485800000.0,619400000.0,,5.902,-3900000.0,67500000.0,67500000.0,124500000.0,33100000.0,1.558,0.853,249000000.0,90700000.0,158300000.0,249000000.0,0.0,12500000.0,0.0,0.017,0.1,53600000.0,66100000.0,0.241,66100000.0,53600000.0,48400000.0,0.33,0.325,0.33,596400000.0,,596400000.0,2629995747.0,13.0,10.253,25200000.0,0.249,1.0,150100000.0,0.547,367500000.0,5200000.0,607400000.0,,201600000.0,0.0,0.0,0.0,508800000.0,311800000.0,197000000.0,2429695747.0,12100000.0,0.0,0.0,0.0,-10100000.0,-7600000.0,-9400000.0,-5500000.0,29100000.0,0.0,33100000.0,33100000.0,33100000.0,0.0,0.0,0.121,96500000.0,53600000.0,45700000.0,0.303,4.074,18.997,19.103,163800000.0,0.0,24.07,2.264,2.266,198100000.0,500100000.0,274600000.0,274600000.0,14100000.0,,,,,0.0,88400000.0,1.0,100942906.0,101042000.0,101988000.0,2.718,737700000.0,0.0,15300000.0,40900000.0,7.301,174000000.0
70,BCR,MRQ,2000-03-31,2000-03-30,2000-03-30,2021-09-13,-54700000.0,1097200000.0,,471800000.0,625400000.0,,5.704,-4500000.0,52700000.0,52700000.0,120300000.0,31500000.0,1.461,0.901,253000000.0,94900000.0,158100000.0,253000000.0,0.0,12200000.0,0.0,0.021,0.1,50800000.0,63000000.0,0.235,63000000.0,50800000.0,45500000.0,0.31,0.31,0.31,577300000.0,,577300000.0,2196891083.0,11.0,8.43,42000000.0,0.415,1.0,148200000.0,0.552,368300000.0,5300000.0,606300000.0,,205300000.0,0.0,0.0,0.0,519900000.0,322900000.0,197000000.0,1925491083.0,-45000000.0,0.0,-17800000.0,0.0,-10200000.0,-59500000.0,-32000000.0,-27500000.0,46500000.0,0.0,31500000.0,31500000.0,31500000.0,0.0,0.0,0.117,112800000.0,35400000.0,48600000.0,0.323,3.335,15.654,15.718,167400000.0,0.0,18.94,1.823,1.815,196400000.0,482700000.0,268500000.0,268500000.0,13600000.0,,,,,0.0,85500000.0,1.0,101662676.0,101218000.0,102122000.0,2.653,728900000.0,0.0,14000000.0,46100000.0,7.201,148900000.0
71,BCR,MRQ,1999-12-31,1999-12-31,1999-12-31,2021-09-13,-48600000.0,1126400000.0,,529100000.0,597300000.0,,5.61,-5300000.0,17300000.0,17300000.0,122200000.0,33200000.0,1.501,0.961,288700000.0,130300000.0,158400000.0,288700000.0,0.0,12600000.0,0.0,0.015,0.1,53300000.0,65900000.0,0.243,65900000.0,53300000.0,48100000.0,0.325,0.32,0.325,574300000.0,,574300000.0,2909342069.0,15.0,12.037,29000000.0,0.283,1.0,148500000.0,0.549,337000000.0,5200000.0,708300000.0,,204000000.0,78600000.0,78600000.0,0.0,552100000.0,352500000.0,199600000.0,2713042069.0,35200000.0,9000000.0,-800000.0,127500000.0,-10300000.0,3400000.0,-1100000.0,42900000.0,34300000.0,-1400000.0,33200000.0,33200000.0,33200000.0,0.0,0.0,0.123,104400000.0,44100000.0,54300000.0,0.308,4.724,22.972,22.944,169700000.0,0.0,26.5,2.618,2.618,212900000.0,473500000.0,270700000.0,270700000.0,13400000.0,,,,,6000000.0,84500000.0,1.0,102378946.0,102378946.0,,2.644,789400000.0,0.0,14900000.0,32100000.0,7.711,176600000.0
72,BCR,MRQ,1999-09-30,1999-09-30,1999-09-30,2021-09-13,-39500000.0,1117000000.0,,509800000.0,607200000.0,,5.629,-8200000.0,59500000.0,59500000.0,116200000.0,30100000.0,1.481,0.94,255800000.0,97000000.0,158800000.0,255800000.0,0.0,12500000.0,0.0,0.016,0.1,49000000.0,61500000.0,0.237,61500000.0,49000000.0,43900000.0,0.295,0.29,0.295,575900000.0,,575900000.0,2602275151.0,5.0,4.943,47700000.0,0.466,1.0,143300000.0,0.552,349000000.0,5100000.0,620100000.0,,209400000.0,0.0,0.0,0.0,541100000.0,344200000.0,196900000.0,2411275151.0,10400000.0,0.0,-6900000.0,0.0,-10300000.0,-300000.0,-45200000.0,-37000000.0,55900000.0,0.0,30100000.0,30100000.0,30100000.0,0.0,0.0,0.116,94300000.0,49000000.0,47400000.0,0.339,4.187,9.699,10.164,171600000.0,0.0,23.53,2.33,2.326,203600000.0,465500000.0,259500000.0,259500000.0,12100000.0,,,,,0.0,82600000.0,1.0,102476632.0,102304000.0,103342000.0,2.537,768000000.0,0.0,13800000.0,27100000.0,7.507,165600000.0
73,BCR,MRQ,1999-06-30,1999-06-30,1999-06-30,2021-09-13,-45500000.0,1074400000.0,,500100000.0,574300000.0,,5.411,-6100000.0,49600000.0,49600000.0,114500000.0,28200000.0,1.547,0.942,240600000.0,81600000.0,159000000.0,240600000.0,0.0,24000000.0,0.0,0.016,0.095,46200000.0,70200000.0,0.272,70200000.0,46200000.0,41400000.0,0.275,0.275,0.275,553300000.0,,553300000.0,2669471733.0,6.0,5.131,33500000.0,0.328,1.0,143300000.0,0.556,348300000.0,4800000.0,593800000.0,,203900000.0,0.0,0.0,0.0,521100000.0,323300000.0,197800000.0,2457271733.0,1000000.0,0.0,-3200000.0,0.0,-9700000.0,-29800000.0,-8800000.0,-2700000.0,39600000.0,0.0,28200000.0,28200000.0,28200000.0,0.0,0.0,0.109,97100000.0,46200000.0,48800000.0,0.345,4.441,10.154,10.72,170300000.0,0.0,23.905,2.288,2.276,202400000.0,447200000.0,257800000.0,257800000.0,14500000.0,,,,,0.0,82700000.0,1.0,102793212.0,102256000.0,103334000.0,2.521,726100000.0,0.0,13200000.0,29900000.0,7.101,176800000.0
74,BCR,MRQ,1999-03-31,1999-03-31,1999-03-31,2021-09-13,-33100000.0,1093300000.0,,512500000.0,580800000.0,,5.299,-6500000.0,47300000.0,47300000.0,109400000.0,26600000.0,1.459,1.01,259500000.0,100000000.0,159500000.0,259500000.0,0.0,0.0,0.0,0.015,0.095,44100000.0,44100000.0,0.177,44100000.0,44100000.0,39900000.0,0.26,0.255,0.26,544000000.0,,544000000.0,2731414573.0,6.0,4.974,-45800000.0,-0.446,1.0,139100000.0,0.56,354400000.0,4200000.0,599900000.0,,199400000.0,0.0,0.0,0.0,549300000.0,351200000.0,198100000.0,2595014573.0,4900000.0,0.0,-49300000.0,0.0,-9800000.0,53900000.0,-9700000.0,-3200000.0,-39300000.0,0.0,26600000.0,26600000.0,26600000.0,0.0,0.0,0.107,95000000.0,44100000.0,53200000.0,0.365,4.77,10.217,10.918,171300000.0,0.0,25.22,2.323,2.318,220600000.0,430300000.0,248500000.0,248500000.0,13800000.0,,,,,0.0,80700000.0,1.0,102895106.0,102664000.0,104080000.0,2.421,738900000.0,0.0,13300000.0,29100000.0,7.197,161300000.0
75,BCR,MRQ,1998-12-31,1998-12-31,1998-12-31,2021-09-13,-23100000.0,1079800000.0,,488500000.0,591300000.0,,5.295,-9900000.0,25600000.0,25600000.0,123700000.0,163700000.0,1.613,0.902,162000000.0,2000000.0,160000000.0,162000000.0,0.0,15400000.0,0.0,0.015,0.095,335300000.0,350700000.0,1.302,350700000.0,335300000.0,331800000.0,1.485,1.475,1.485,567600000.0,,567600000.0,3046337858.0,6.0,5.544,30400000.0,0.284,1.0,145600000.0,0.541,358900000.0,3500000.0,554500000.0,,182500000.0,16800000.0,16800000.0,0.0,512200000.0,302800000.0,209400000.0,2653337858.0,9000000.0,431800000.0,-155300000.0,-272400000.0,-10300000.0,-438000000.0,407500000.0,17600000.0,40300000.0,-800000.0,163700000.0,163700000.0,163700000.0,0.0,0.0,0.608,139500000.0,6100000.0,67400000.0,0.064,4.675,10.517,10.903,172700000.0,0.0,24.75,2.278,2.278,217800000.0,453600000.0,269300000.0,269300000.0,13800000.0,,,,,3600000.0,92400000.0,1.0,107205570.0,107205570.0,,2.512,720900000.0,0.0,168100000.0,46000000.0,6.724,185700000.0
76,BCR,MRQ,1998-09-30,1998-09-30,1998-09-30,2021-09-13,-43500000.0,1257700000.0,,573700000.0,684000000.0,,4.969,-12200000.0,33300000.0,33300000.0,144900000.0,23500000.0,1.164,1.262,426300000.0,266000000.0,160300000.0,426300000.0,0.0,13600000.0,0.0,0.02,0.095,41700000.0,55300000.0,0.185,55300000.0,41700000.0,34100000.0,0.21,0.21,0.21,555900000.0,,555900000.0,2418306061.0,12.0,9.525,24500000.0,0.219,1.0,153600000.0,0.515,393800000.0,7600000.0,764100000.0,,268700000.0,0.0,0.0,0.0,701800000.0,492800000.0,209000000.0,2070006061.0,-38200000.0,0.0,-58900000.0,11400000.0,-10700000.0,-58200000.0,-16700000.0,-4500000.0,36700000.0,0.0,23500000.0,23500000.0,23500000.0,0.0,0.0,0.079,111900000.0,41700000.0,56100000.0,0.452,3.724,18.416,18.533,216500000.0,0.0,18.44,1.715,1.71,248800000.0,484400000.0,298500000.0,298500000.0,18900000.0,,,,,0.0,94100000.0,1.0,112256294.0,111872000.0,112716000.0,2.668,863900000.0,0.0,10600000.0,22200000.0,7.722,80900000.0
77,BCR,MRQ,1998-06-30,1998-06-30,1998-06-30,2021-09-13,-51400000.0,1283800000.0,,596200000.0,687600000.0,,5.198,-11800000.0,71600000.0,71600000.0,144600000.0,40200000.0,1.633,1.182,419900000.0,139700000.0,280200000.0,419900000.0,0.0,29700000.0,0.0,0.019,0.09,69300000.0,99000000.0,0.329,99000000.0,69300000.0,62200000.0,0.355,0.355,0.355,588300000.0,,588300000.0,2543709017.0,16.0,11.771,64700000.0,0.572,1.0,156000000.0,0.519,398700000.0,7100000.0,868300000.0,,265100000.0,0.0,0.0,0.0,695500000.0,365100000.0,330400000.0,2161409017.0,13300000.0,0.0,-21100000.0,-20800000.0,-10200000.0,-50200000.0,-13000000.0,-1200000.0,76500000.0,0.0,40200000.0,40200000.0,40200000.0,0.0,0.0,0.134,86700000.0,69300000.0,59500000.0,0.254,3.674,25.398,25.373,210300000.0,0.0,19.03,1.793,1.786,236300000.0,530300000.0,300600000.0,300600000.0,20800000.0,,,,,0.0,97400000.0,1.0,113579034.0,113186000.0,113888000.0,2.656,885100000.0,0.0,22000000.0,14700000.0,7.82,231100000.0
78,BCR,MRQ,1998-03-31,1998-03-31,1998-03-31,2021-09-13,-51900000.0,1283000000.0,,575900000.0,707100000.0,,5.078,-9900000.0,57100000.0,57100000.0,140900000.0,24900000.0,1.822,1.224,439400000.0,99100000.0,340300000.0,439400000.0,0.0,0.0,0.0,0.019,0.09,44500000.0,44500000.0,0.15,44500000.0,44500000.0,36300000.0,0.22,0.22,0.22,577000000.0,,577000000.0,2524202096.0,19.0,13.045,44800000.0,0.394,1.0,155400000.0,0.524,422600000.0,8200000.0,926700000.0,,255600000.0,0.0,0.0,0.0,706000000.0,316000000.0,390000000.0,2088502096.0,20700000.0,0.0,0.0,0.0,-10300000.0,-12200000.0,-21800000.0,-11900000.0,54700000.0,0.0,24900000.0,24900000.0,24900000.0,0.0,0.0,0.084,110900000.0,44500000.0,59200000.0,0.409,3.62,29.374,29.4,206700000.0,0.0,18.375,1.727,1.727,238800000.0,521300000.0,296300000.0,296300000.0,19200000.0,,,,,0.0,95300000.0,1.0,113659978.0,113638000.0,114238000.0,2.607,860400000.0,0.0,11400000.0,29100000.0,7.571,259900000.0
79,BCR,MRQ,1997-12-31,1997-12-31,1997-12-31,2021-09-13,-38500000.0,1279300000.0,,563500000.0,715800000.0,,5.035,-7600000.0,8000000.0,8000000.0,146600000.0,23800000.0,1.814,1.232,443700000.0,103000000.0,340700000.0,443700000.0,0.0,12800000.0,0.0,0.022,0.09,42300000.0,55100000.0,0.177,55100000.0,42300000.0,34300000.0,0.21,0.21,0.21,573100000.0,,573100000.0,2183542108.0,16.0,11.192,15100000.0,0.133,1.0,164700000.0,0.529,424400000.0,8000000.0,980000000.0,,241700000.0,52700000.0,52700000.0,0.0,706200000.0,310600000.0,395600000.0,1781742108.0,11200000.0,5000000.0,12600000.0,-6500000.0,-10300000.0,-4200000.0,-4500000.0,13400000.0,22700000.0,-2800000.0,23800000.0,23800000.0,23800000.0,0.0,0.0,0.076,122400000.0,42300000.0,60400000.0,0.429,3.109,24.644,24.654,206400000.0,0.0,15.655,1.468,1.468,240600000.0,506700000.0,311300000.0,311300000.0,21600000.0,,,,,2800000.0,102100000.0,1.0,113812974.0,113812974.0,,2.735,854900000.0,0.0,10500000.0,18400000.0,7.511,252900000.0
80,BCR,MRQ,1997-09-30,1997-09-30,1997-09-30,2021-09-13,0.0,1281000000.0,,548200000.0,732800000.0,,4.923,-7000000.0,40300000.0,40300000.0,139300000.0,-3800000.0,1.669,1.281,442100000.0,101300000.0,340800000.0,442100000.0,0.0,14300000.0,0.0,0.02,0.09,3200000.0,17500000.0,0.059,17500000.0,3200000.0,-5000000.0,-0.035,-0.035,-0.035,561700000.0,,561700000.0,2362548596.0,17.0,11.783,3800000.0,0.033,1.0,158200000.0,0.532,421200000.0,8200000.0,933200000.0,,247900000.0,0.0,0.0,0.0,719300000.0,328400000.0,390900000.0,1952048596.0,-34800000.0,17500000.0,-20900000.0,-37900000.0,-10300000.0,-69100000.0,23500000.0,13000000.0,10800000.0,0.0,-3800000.0,-3800000.0,-3800000.0,0.0,0.0,-0.013,155000000.0,3200000.0,50400000.0,-2.571,3.475,26.027,25.954,217700000.0,0.0,17.0,1.605,1.595,237100000.0,496100000.0,297500000.0,297500000.0,21600000.0,,,,,0.0,97700000.0,1.0,114826388.0,114108000.0,115484000.0,2.607,859800000.0,0.0,-1200000.0,15500000.0,7.535,219800000.0
81,BCR,MRQ,1997-06-30,1997-06-30,1997-06-30,2021-09-13,0.0,1327400000.0,,585000000.0,742400000.0,,5.324,-9400000.0,75700000.0,75700000.0,143700000.0,26200000.0,1.794,1.186,486200000.0,144900000.0,341300000.0,486200000.0,0.0,30200000.0,0.0,0.019,0.085,46200000.0,76400000.0,0.251,76400000.0,46200000.0,37700000.0,0.23,0.225,0.23,607200000.0,,607200000.0,2475370698.0,16.0,11.449,39600000.0,0.347,1.0,160300000.0,0.527,431200000.0,8500000.0,980700000.0,,249600000.0,0.0,0.0,0.0,720200000.0,326000000.0,394200000.0,2077070698.0,25200000.0,0.0,-8000000.0,4100000.0,-9700000.0,-5800000.0,-18000000.0,-8600000.0,49000000.0,0.0,26200000.0,26200000.0,26200000.0,0.0,0.0,0.086,114100000.0,46200000.0,51300000.0,0.37,3.421,23.027,23.025,223200000.0,0.0,18.19,1.71,1.708,247800000.0,530900000.0,304000000.0,304000000.0,21500000.0,,,,,0.0,96600000.0,1.0,114187504.0,114042000.0,115288000.0,2.666,896200000.0,0.0,11500000.0,14800000.0,7.859,259000000.0
82,BCR,MRQ,1997-03-31,1997-03-31,1997-03-31,2021-09-13,0.0,1317500000.0,,574700000.0,742800000.0,,5.213,-8800000.0,84000000.0,84000000.0,143200000.0,26100000.0,1.753,1.216,482300000.0,139600000.0,342700000.0,482300000.0,0.0,0.0,0.0,0.024,0.085,46100000.0,46100000.0,0.153,46100000.0,46100000.0,37900000.0,0.23,0.225,0.23,594600000.0,,594600000.0,2083439599.0,13.0,9.646,7200000.0,0.063,1.0,157500000.0,0.524,434800000.0,8200000.0,953100000.0,,242000000.0,0.0,0.0,0.0,722900000.0,327900000.0,395000000.0,1603739599.0,-28800000.0,0.0,-700000.0,0.0,-9700000.0,-18200000.0,-26600000.0,-17800000.0,16000000.0,0.0,26100000.0,26100000.0,26100000.0,0.0,0.0,0.087,111400000.0,46100000.0,50100000.0,0.37,2.697,17.527,17.581,223500000.0,0.0,14.065,1.33,1.33,237900000.0,522400000.0,300700000.0,300700000.0,21100000.0,,,,,0.0,94100000.0,1.0,114023434.0,114058000.0,114952000.0,2.636,882700000.0,0.0,11800000.0,19600000.0,7.739,246800000.0
83,BCR,MRQ,1996-12-31,1996-12-31,1996-12-31,2021-09-13,0.0,1332500000.0,,576900000.0,755600000.0,,5.275,-17000000.0,11300000.0,11300000.0,150800000.0,26500000.0,1.716,1.215,491000000.0,148200000.0,342800000.0,491000000.0,0.0,14900000.0,0.0,0.024,0.085,45600000.0,60500000.0,0.193,60500000.0,45600000.0,37900000.0,0.23,,0.23,601500000.0,,601500000.0,,,,31900000.0,0.28,1.0,163400000.0,0.52,447200000.0,7700000.0,1028800000.0,,245000000.0,66700000.0,66700000.0,0.0,731000000.0,336200000.0,394800000.0,1596328076.0,8200000.0,-5600000.0,8600000.0,6000000.0,-9700000.0,4900000.0,-45200000.0,15100000.0,48900000.0,-400000.0,26500000.0,26500000.0,26500000.0,0.0,0.0,0.084,117800000.0,45600000.0,59200000.0,0.37,2.654,17.258,17.284,226100000.0,0.0,14.0,1.337,1.337,245400000.0,506700000.0,314200000.0,314200000.0,19500000.0,,,,,2200000.0,99200000.0,1.0,114023434.0,114023434.0,,2.756,885300000.0,0.0,11400000.0,7300000.0,7.764,240700000.0
84,BCR,MRQ,1996-09-30,1996-09-30,1996-09-30,2021-09-13,,,,,,,,-6700000.0,,,146600000.0,11400000.0,,,,,,,,11400000.0,,0.021,0.085,21800000.0,33200000.0,0.112,33200000.0,21800000.0,15200000.0,0.1,,0.1,,,,,,,43700000.0,0.382,1.0,149200000.0,0.504,,6600000.0,,,,,,,,,,,-2200000.0,-193800000.0,-3800000.0,132500000.0,-9700000.0,119000000.0,-171600000.0,28900000.0,50400000.0,0.0,11400000.0,11400000.0,11400000.0,0.0,0.0,0.039,127400000.0,21800000.0,,0.85,,,,,0.0,15.56,,,,,295800000.0,295800000.0,18700000.0,,,,,0.0,90200000.0,1.0,,114336000.0,,2.587,,,3800000.0,,,
85,BCR,MRQ,1996-06-30,1996-06-30,1996-06-30,2021-09-13,,,,,,,,-9800000.0,,,143300000.0,27500000.0,,,,,,,,31100000.0,,0.019,0.08,45100000.0,76200000.0,0.258,76200000.0,45100000.0,39000000.0,0.24,,0.24,,,,,,,-8000000.0,-0.07,1.0,151900000.0,0.515,,6100000.0,,,,,,,,,,,20900000.0,0.0,-10800000.0,97700000.0,-9200000.0,35200000.0,-16100000.0,-6300000.0,1800000.0,0.0,27500000.0,27500000.0,27500000.0,0.0,0.0,0.093,106800000.0,45100000.0,,0.333,,,,,0.0,16.625,,,,,295200000.0,295200000.0,19800000.0,,,,,0.0,90000000.0,1.0,,114230000.0,,2.584,,,11500000.0,,,
86,BCR,MRQ,1996-03-31,1996-03-31,1996-03-31,2021-09-13,,,,,,,,-8100000.0,,,140600000.0,27100000.0,,,,,,,,0.0,,0.018,0.08,16600000.0,16600000.0,0.057,16600000.0,16600000.0,10600000.0,0.24,,0.24,,,,,,,13300000.0,0.117,1.0,148600000.0,0.514,,6000000.0,,,,,,,,,,,-700000.0,0.0,-9700000.0,0.0,-9100000.0,23700000.0,-45800000.0,-37700000.0,21400000.0,0.0,27100000.0,27100000.0,27100000.0,0.0,0.0,0.094,132000000.0,16600000.0,,0.333,,,,,0.0,17.438,,,,,289200000.0,289200000.0,19300000.0,,,,,0.0,86400000.0,1.0,,113806000.0,,2.541,,,-16500000.0,,,
87,BCR,MRQ,1995-12-31,1995-12-31,1995-12-31,2021-09-13,0.0,1091000000.0,,503900000.0,587100000.0,,,,9300000.0,9300000.0,,,1.844,0.932,265300000.0,66900000.0,198400000.0,265300000.0,0.0,,0.0,0.019,0.08,,,,,,,,,,564600000.0,,564600000.0,,,,,,1.0,,,315500000.0,,758200000.0,,228200000.0,42000000.0,42000000.0,0.0,526400000.0,273300000.0,253100000.0,,,,,,,,,,,,,,,,,,,,62700000.0,,,,21.078,214200000.0,,16.125,,,215700000.0,478900000.0,,,,,,,,,,1.0,,,,,775500000.0,0.0,,12300000.0,,230600000.0
0,BCR,MRT,2017-09-30,2017-09-30,2017-09-30,2021-09-13,-162000000.0,5572500000.0,5369250000.0,2586100000.0,2986400000.0,0.722,27.767,-106400000.0,1300500000.0,1300500000.0,1442800000.0,571500000.0,1.724,1.762,1643300000.0,499800000.0,1143500000.0,1643300000.0,0.0,208200000.0,0.0,0.003,1.04,746600000.0,954800000.0,0.246,954800000.0,746600000.0,686600000.0,7.75,7.59,7.75,2017900000.0,1804825000.0,2017900000.0,23818128890.0,32.0,24.946,622800000.0,8.57,1.0,2432600000.0,0.628,2213500000.0,60000000.0,2201800000.0,2228775000.0,529300000.0,0.0,0.0,0.0,3554600000.0,1500000000.0,2054600000.0,23291228890.0,102600000.0,0.0,-371800000.0,0.0,-76800000.0,-448000000.0,-181800000.0,0.0,729200000.0,3200000.0,571500000.0,571500000.0,571500000.0,0.0,0.0,0.147,1686000000.0,746600000.0,81000000.0,0.134,11.542,40.755,41.355,505600000.0,0.0,320.5,6.01,6.01,503000000.0,-318000000.0,3875400000.0,3875400000.0,295200000.0,0.106,0.317,0.335,0.193,88100000.0,1134100000.0,1.0,72671541.0,72671541.0,,53.328,3359000000.0,105700000.0,115100000.0,39800000.0,46.222,1086100000.0
1,BCR,MRT,2017-06-30,2017-06-30,2017-06-30,2021-09-13,-195100000.0,5353800000.0,5303800000.0,2391900000.0,2961900000.0,0.722,25.609,-109200000.0,1130000000.0,1130000000.0,1415800000.0,573800000.0,1.579,1.887,1656900000.0,513600000.0,1143300000.0,1656900000.0,0.0,209200000.0,0.0,0.003,1.04,743400000.0,952600000.0,0.249,952600000.0,743400000.0,683400000.0,7.77,7.61,7.77,1854500000.0,1730875000.0,1854500000.0,23574294770.0,32.0,24.747,598300000.0,8.262,1.0,2411700000.0,0.63,2237200000.0,60000000.0,2129100000.0,2330325000.0,514800000.0,0.0,0.0,0.0,3499300000.0,1514400000.0,1984900000.0,22891794770.0,64400000.0,0.0,-400800000.0,14000000.0,-77100000.0,-452400000.0,-174200000.0,0.0,707500000.0,-16500000.0,573800000.0,573800000.0,573800000.0,0.0,0.0,0.15,1668300000.0,743400000.0,93200000.0,0.134,12.344,39.895,40.683,499800000.0,0.0,316.11,5.981,5.981,476700000.0,-412100000.0,3827500000.0,3827500000.0,297700000.0,0.108,0.332,0.319,0.194,91500000.0,1125500000.0,1.0,72417180.0,72417180.0,,52.853,3116600000.0,60500000.0,109600000.0,28000000.0,43.037,877500000.0
2,BCR,MRT,2017-03-31,2017-03-31,2017-03-31,2021-09-13,-222100000.0,5244600000.0,5279900000.0,2300800000.0,2943800000.0,0.716,23.21,-102500000.0,1069800000.0,1069800000.0,1405500000.0,593300000.0,1.475,2.137,1752300000.0,609300000.0,1143000000.0,1752300000.0,0.0,211400000.0,0.0,0.004,1.02,780600000.0,992000000.0,0.262,992000000.0,780600000.0,722300000.0,8.01,7.86,8.01,1671800000.0,1674200000.0,1671800000.0,18437542662.0,24.0,18.586,517500000.0,7.185,1.0,2373800000.0,0.628,2245100000.0,58300000.0,2122300000.0,2447950000.0,497200000.0,0.0,0.0,0.0,3572800000.0,1559700000.0,2013100000.0,17902342662.0,46200000.0,-5400000.0,-423500000.0,80000000.0,-75900000.0,-403200000.0,-155600000.0,0.0,620000000.0,-15000000.0,593300000.0,593300000.0,593300000.0,0.0,0.0,0.157,1593200000.0,780600000.0,102000000.0,0.127,10.708,30.174,31.029,494400000.0,0.0,248.54,4.737,4.737,450000000.0,-513500000.0,3779300000.0,3779300000.0,294500000.0,0.112,0.354,0.319,0.207,91000000.0,1116700000.0,1.0,72030026.0,72030026.0,,52.468,2999500000.0,38700000.0,129000000.0,43800000.0,41.642,741100000.0
3,BCR,MRT,2016-12-31,2016-12-31,2016-12-31,2021-09-13,-235500000.0,5306100000.0,5262975000.0,2316400000.0,2989700000.0,0.706,22.782,-100300000.0,1106500000.0,1106500000.0,1371700000.0,531400000.0,2.089,2.168,1641700000.0,0.0,1641700000.0,1641700000.0,0.0,213400000.0,0.0,0.004,1.0,718200000.0,931600000.0,0.251,931600000.0,718200000.0,663700000.0,7.15,7.03,7.15,1675100000.0,1621225000.0,1675100000.0,17009723950.0,24.0,18.259,446300000.0,6.07,1.0,2342300000.0,0.631,2270500000.0,54500000.0,2461900000.0,2442925000.0,483000000.0,0.0,0.0,0.0,3631000000.0,1108900000.0,2522100000.0,16518423950.0,-45500000.0,-202800000.0,-356000000.0,245600000.0,-74600000.0,-149800000.0,-423900000.0,0.0,546600000.0,-18400000.0,531400000.0,531400000.0,531400000.0,0.0,0.0,0.143,1624100000.0,718200000.0,96000000.0,0.14,9.861,31.085,31.421,489500000.0,0.0,224.66,4.448,4.448,477300000.0,-454400000.0,3714000000.0,3714000000.0,292800000.0,0.101,0.328,0.294,0.193,90000000.0,1101900000.0,1.0,73526324.0,73526324.0,,50.513,3035600000.0,64400000.0,132300000.0,36200000.0,41.286,1207500000.0
4,BCR,MRT,2016-09-30,2016-09-30,2016-09-30,2021-09-13,-210600000.0,5310700000.0,5147450000.0,2302400000.0,3008300000.0,0.703,23.444,-88200000.0,1149900000.0,1149900000.0,1343600000.0,508100000.0,2.631,2.084,1641200000.0,0.0,1641200000.0,1641200000.0,0.0,210800000.0,0.0,0.004,0.98,671600000.0,882400000.0,0.244,882400000.0,671600000.0,620800000.0,6.81,6.7,6.81,1722100000.0,1566275000.0,1722100000.0,17097301052.0,25.0,19.376,372800000.0,5.075,1.0,2274100000.0,0.629,2318900000.0,50800000.0,2608000000.0,2274200000.0,487700000.0,0.0,0.0,0.0,3588600000.0,875100000.0,2713500000.0,16474401052.0,67800000.0,-225700000.0,-286300000.0,245600000.0,-73100000.0,-68000000.0,-310700000.0,21000000.0,461000000.0,-14500000.0,508100000.0,508100000.0,508100000.0,0.0,0.0,0.14,1602500000.0,671600000.0,95700000.0,0.144,9.566,32.424,32.934,476900000.0,0.0,224.28,4.554,4.554,455800000.0,-400500000.0,3617700000.0,3617700000.0,283200000.0,0.099,0.324,0.295,0.186,89000000.0,1101000000.0,1.0,73454615.0,73454615.0,,49.251,2991800000.0,136900000.0,112700000.0,132600000.0,40.73,1427300000.0
5,BCR,MRT,2016-06-30,2016-06-30,2016-06-30,2021-09-13,-199400000.0,5258200000.0,5062875000.0,2185200000.0,3073000000.0,0.7,22.202,-83700000.0,1017600000.0,1017600000.0,1327700000.0,325700000.0,2.359,2.23,1640500000.0,0.0,1640500000.0,1640500000.0,0.0,206500000.0,0.0,0.004,0.96,503300000.0,709800000.0,0.2,709800000.0,503300000.0,456200000.0,4.35,4.27,4.35,1627800000.0,1505300000.0,1627800000.0,17936122905.0,36.0,25.269,363100000.0,4.952,1.0,2213800000.0,0.625,2355100000.0,47100000.0,2599600000.0,2086100000.0,470500000.0,0.0,0.0,0.0,3630400000.0,926400000.0,2704000000.0,17241622905.0,-161200000.0,-300200000.0,-387800000.0,241600000.0,-71700000.0,-170100000.0,-426700000.0,21000000.0,446800000.0,-11200000.0,325700000.0,325700000.0,325700000.0,0.0,0.0,0.092,1710500000.0,503300000.0,91500000.0,0.221,10.592,52.937,54.06,471600000.0,0.0,235.16,4.868,4.868,467200000.0,-455000000.0,3541500000.0,3541500000.0,274200000.0,0.064,0.216,0.241,0.142,87000000.0,1075500000.0,1.0,73318689.0,73318689.0,,48.303,2903100000.0,137700000.0,130500000.0,169000000.0,39.596,1258800000.0
6,BCR,MRT,2016-03-31,2016-03-31,2016-03-31,2021-09-13,-213900000.0,5176900000.0,4990200000.0,2074900000.0,3102000000.0,0.695,19.799,-94200000.0,975600000.0,975600000.0,1310400000.0,111800000.0,1.489,2.546,1670100000.0,525600000.0,1144500000.0,1670100000.0,0.0,200000000.0,0.0,0.005,0.94,352600000.0,552600000.0,0.159,552600000.0,352600000.0,307700000.0,1.47,1.42,1.47,1459900000.0,1512950000.0,1459900000.0,15310931916.0,43.0,27.707,657100000.0,8.912,1.0,2159400000.0,0.622,2375600000.0,44900000.0,2102200000.0,1953725000.0,439700000.0,0.0,0.0,0.0,3717000000.0,1393600000.0,2323400000.0,14943831916.0,-109000000.0,-300200000.0,-415000000.0,40600000.0,-70600000.0,-402400000.0,-431600000.0,21000000.0,751300000.0,-26300000.0,111800000.0,111800000.0,111800000.0,0.0,0.0,0.032,1806800000.0,352600000.0,96800000.0,0.639,10.236,133.666,137.871,473900000.0,0.0,202.67,4.307,4.307,458100000.0,-554500000.0,3469800000.0,3469800000.0,266900000.0,0.022,0.074,0.18,0.102,85000000.0,1047000000.0,1.0,73734800.0,73734800.0,,47.058,2801300000.0,126100000.0,195900000.0,171800000.0,37.992,681300000.0
7,BCR,MRT,2015-12-31,2015-12-31,2015-12-31,2021-09-13,-208000000.0,4844000000.0,4960150000.0,1969300000.0,2874700000.0,0.689,19.697,-102900000.0,1030900000.0,1030900000.0,1301200000.0,135400000.0,1.562,2.329,1394300000.0,250200000.0,1144100000.0,1394300000.0,0.0,193100000.0,0.0,0.005,0.92,394300000.0,587400000.0,0.172,587400000.0,394300000.0,349400000.0,1.8,1.77,1.8,1455300000.0,1585175000.0,1455300000.0,14330980890.0,36.0,24.397,695200000.0,9.409,1.0,2114800000.0,0.619,2159700000.0,44900000.0,1787000000.0,2091925000.0,413700000.0,0.0,0.0,0.0,3388700000.0,1260700000.0,2128000000.0,13996980890.0,-9600000.0,-97400000.0,-440000000.0,-82000000.0,-69400000.0,-554100000.0,-211400000.0,21000000.0,798100000.0,-42200000.0,135400000.0,135400000.0,135400000.0,0.0,0.0,0.04,1720500000.0,394300000.0,70700000.0,0.511,9.618,103.375,105.244,472400000.0,0.0,189.44,4.097,4.097,445100000.0,-503500000.0,3416000000.0,3416000000.0,259200000.0,0.027,0.085,0.188,0.115,81800000.0,1012100000.0,1.0,73886090.0,73886090.0,,46.233,2684300000.0,50500000.0,214000000.0,70200000.0,36.33,708600000.0
8,BCR,MRT,2015-09-30,2015-09-30,2015-09-30,2021-09-13,-155900000.0,4972400000.0,5022300000.0,2106100000.0,2866300000.0,0.679,19.922,-115900000.0,1065100000.0,1065100000.0,1300700000.0,133300000.0,1.621,2.364,1399100000.0,251400000.0,1147700000.0,1399100000.0,0.0,189400000.0,0.0,0.005,0.9,411000000.0,600400000.0,0.176,600400000.0,411000000.0,366100000.0,1.7,1.64,1.7,1478200000.0,1672575000.0,1478200000.0,14108142332.0,34.0,23.498,687000000.0,9.259,1.0,2111700000.0,0.619,2151300000.0,44900000.0,1855600000.0,2346475000.0,381100000.0,0.0,0.0,0.0,3494200000.0,1299500000.0,2194700000.0,13824042332.0,30000000.0,-74500000.0,-443300000.0,-4000000.0,-68400000.0,-542800000.0,-187000000.0,0.0,802900000.0,-43100000.0,133300000.0,133300000.0,133300000.0,0.0,0.0,0.039,1700700000.0,411000000.0,73300000.0,0.529,9.352,103.706,109.594,466800000.0,0.0,186.31,4.051,4.051,441900000.0,-491600000.0,3412400000.0,3412400000.0,269000000.0,0.027,0.08,0.175,0.12,79500000.0,990300000.0,1.0,74199143.0,74199143.0,,45.99,2821100000.0,151600000.0,232800000.0,214400000.0,38.021,806600000.0
9,BCR,MRT,2015-06-30,2015-06-30,2015-06-30,2021-09-13,-145700000.0,4967500000.0,5057625000.0,2173100000.0,2794400000.0,0.668,22.337,-128600000.0,1115900000.0,1115900000.0,1273300000.0,350600000.0,1.958,1.995,1400000000.0,252500000.0,1147500000.0,1400000000.0,0.0,183200000.0,0.0,0.005,0.88,643700000.0,826900000.0,0.245,826900000.0,643700000.0,598800000.0,4.59,4.49,4.59,1658400000.0,1761075000.0,1658400000.0,13278447135.0,21.0,16.058,754800000.0,10.166,1.0,2103400000.0,0.623,2071500000.0,44900000.0,2070100000.0,2544675000.0,383600000.0,0.0,0.0,0.0,3309100000.0,1110000000.0,2199100000.0,12673747135.0,102300000.0,0.0,-307400000.0,-181500000.0,-67000000.0,-591600000.0,-147400000.0,0.0,883400000.0,-42100000.0,350600000.0,350600000.0,350600000.0,0.0,0.0,0.104,1459700000.0,643700000.0,69900000.0,0.192,7.642,36.149,37.19,461300000.0,0.0,170.7,3.753,3.753,453700000.0,-256100000.0,3376700000.0,3376700000.0,276900000.0,0.069,0.199,0.253,0.191,78800000.0,985200000.0,1.0,74245736.0,74245736.0,,45.48,2896000000.0,141300000.0,248200000.0,226800000.0,39.006,1063100000.0
10,BCR,MRT,2015-03-31,2015-03-31,2015-03-31,2021-09-13,-140500000.0,5056700000.0,5095325000.0,2036800000.0,3019900000.0,0.656,23.549,-133100000.0,1027300000.0,1027300000.0,1260300000.0,285900000.0,2.256,1.892,1632000000.0,484600000.0,1147400000.0,1632000000.0,0.0,177700000.0,0.0,0.005,0.87,491800000.0,669500000.0,0.2,669500000.0,491800000.0,446800000.0,3.74,3.64,3.74,1748800000.0,1765825000.0,1748800000.0,12899905795.0,26.0,19.268,526600000.0,7.091,1.0,2083700000.0,0.623,2103400000.0,45000000.0,2655000000.0,2702800000.0,377800000.0,0.0,0.0,0.0,3307900000.0,903000000.0,2404900000.0,12427605795.0,64300000.0,0.0,-539800000.0,231000000.0,-66400000.0,-406700000.0,-152100000.0,0.0,659700000.0,-36600000.0,285900000.0,285900000.0,285900000.0,0.0,0.0,0.085,1591900000.0,491800000.0,78800000.0,0.233,7.106,43.468,44.746,452600000.0,0.0,167.35,3.716,3.716,436500000.0,-134400000.0,3344000000.0,3344000000.0,298300000.0,0.056,0.162,0.182,0.147,74900000.0,980400000.0,1.0,74261164.0,74261164.0,,45.03,2953300000.0,80800000.0,160900000.0,151500000.0,39.769,1133800000.0
11,BCR,MRT,2014-12-31,2014-12-31,2014-12-31,2021-09-13,-88800000.0,5092600000.0,5050625000.0,2047100000.0,3045500000.0,0.658,24.098,-126600000.0,1007600000.0,1007600000.0,1258600000.0,294500000.0,3.331,1.822,1479900000.0,78000000.0,1401900000.0,1479900000.0,0.0,174100000.0,0.0,0.005,0.86,490600000.0,664700000.0,0.2,664700000.0,490600000.0,445800000.0,3.83,3.76,3.83,1804900000.0,1842675000.0,1804900000.0,12842728225.0,26.0,19.321,533400000.0,7.122,1.0,2065000000.0,0.621,2145100000.0,44800000.0,2805200000.0,2677875000.0,376200000.0,0.0,0.0,0.0,3287700000.0,614600000.0,2673100000.0,12479628225.0,-106800000.0,0.0,-561200000.0,78000000.0,-66200000.0,-584400000.0,-163300000.0,7100000.0,660000000.0,-19100000.0,294500000.0,294500000.0,294500000.0,0.0,0.0,0.089,1574400000.0,490600000.0,81900000.0,0.225,6.914,42.376,43.504,446400000.0,0.0,166.62,3.755,3.755,455200000.0,-70300000.0,3323600000.0,3323600000.0,302000000.0,0.058,0.16,0.183,0.148,71400000.0,981500000.0,1.0,74898741.0,74898741.0,,44.375,2947500000.0,104800000.0,151300000.0,150300000.0,39.353,1432500000.0
12,BCR,MRT,2014-09-30,2014-09-30,2014-09-30,2021-09-13,-29300000.0,5113700000.0,5037750000.0,2031100000.0,3082600000.0,0.645,24.548,-111800000.0,1039700000.0,1039700000.0,1249700000.0,827800000.0,3.149,1.791,1402800000.0,0.0,1402800000.0,1402800000.0,0.0,168100000.0,0.0,0.006,0.85,1418700000.0,1586800000.0,0.489,1586800000.0,1418700000.0,1373800000.0,10.29,10.08,10.29,1832200000.0,1913500000.0,1832200000.0,11231200849.0,8.0,7.078,1132900000.0,15.179,1.0,1998000000.0,0.615,2183500000.0,44900000.0,2648400000.0,2604750000.0,379900000.0,0.0,0.0,0.0,3281500000.0,644900000.0,2636600000.0,10651300849.0,190000000.0,-162200000.0,-597200000.0,-97500000.0,-66100000.0,-733300000.0,-325400000.0,7100000.0,1244700000.0,4000000.0,827800000.0,827800000.0,827800000.0,0.0,0.0,0.255,579300000.0,1418700000.0,81300000.0,0.083,5.813,12.867,13.869,430300000.0,0.0,142.71,3.28,3.28,443300000.0,-37600000.0,3247700000.0,3247700000.0,293700000.0,0.164,0.433,0.545,0.437,69800000.0,977700000.0,1.0,74635981.0,74635981.0,,43.514,2930200000.0,73800000.0,546000000.0,150400000.0,39.26,1386200000.0
13,BCR,MRT,2014-06-30,2014-06-30,2014-06-30,2021-09-13,-12600000.0,5118300000.0,4800575000.0,2025800000.0,3092500000.0,0.662,21.997,-94100000.0,1005700000.0,1005700000.0,1232700000.0,789700000.0,2.591,2.051,1585600000.0,181500000.0,1404100000.0,1585600000.0,0.0,160800000.0,0.0,0.006,0.84,1357400000.0,1518200000.0,0.478,1518200000.0,1357400000.0,1312500000.0,9.73,9.54,9.73,1677400000.0,1831475000.0,1677400000.0,11355321722.0,8.0,7.479,1097500000.0,14.392,1.0,1943000000.0,0.612,2213600000.0,44900000.0,2702600000.0,2580625000.0,374300000.0,0.0,0.0,0.0,3440900000.0,782000000.0,2658900000.0,10905521722.0,136700000.0,-194200000.0,-816500000.0,105000000.0,-66300000.0,-750100000.0,-311800000.0,7100000.0,1191600000.0,7000000.0,789700000.0,789700000.0,789700000.0,0.0,0.0,0.249,585600000.0,1357400000.0,84400000.0,0.086,6.501,13.81,14.698,413600000.0,0.0,143.01,3.434,3.434,454000000.0,-168900000.0,3175700000.0,3175700000.0,320000000.0,0.165,0.431,0.526,0.427,69700000.0,959600000.0,1.0,76257057.0,76257057.0,,41.645,2904700000.0,80300000.0,522800000.0,144900000.0,38.091,1243800000.0
14,BCR,MRT,2014-03-31,2014-03-31,2014-03-31,2021-09-13,-17900000.0,4877900000.0,4577900000.0,1941200000.0,2936700000.0,0.679,26.504,-78600000.0,955000000.0,955000000.0,1208600000.0,747500000.0,3.651,1.372,1404800000.0,0.0,1404800000.0,1404800000.0,0.0,153500000.0,0.0,0.006,0.83,1314100000.0,1467600000.0,0.472,1467600000.0,1314100000.0,1269400000.0,9.29,9.1,9.29,2056200000.0,1802550000.0,2056200000.0,11802778633.0,9.0,8.042,1018000000.0,13.122,1.0,1899900000.0,0.611,2240700000.0,44700000.0,2555300000.0,2543625000.0,364200000.0,0.0,0.0,0.0,2821700000.0,531700000.0,2290000000.0,11480278633.0,60600000.0,-194200000.0,-714100000.0,0.0,-66400000.0,-753400000.0,-284700000.0,7100000.0,1096600000.0,2100000.0,747500000.0,747500000.0,747500000.0,0.0,0.0,0.24,585800000.0,1314100000.0,90400000.0,0.089,5.583,15.358,15.929,395800000.0,0.0,147.98,3.693,3.693,452600000.0,253300000.0,3108500000.0,3108500000.0,300700000.0,0.163,0.415,0.517,0.423,65200000.0,940700000.0,1.0,77579934.0,77579934.0,,40.068,2637200000.0,79700000.0,521900000.0,186200000.0,33.993,1409500000.0
15,BCR,MRT,2013-12-31,2013-12-31,2013-12-31,2021-09-13,-20900000.0,5041100000.0,4377700000.0,2090400000.0,2950700000.0,0.697,26.81,-69100000.0,1083200000.0,1083200000.0,1194400000.0,689800000.0,3.564,1.414,1405700000.0,0.0,1405700000.0,1405700000.0,0.0,146400000.0,0.0,0.006,0.82,1258400000.0,1404800000.0,0.461,1404800000.0,1258400000.0,1213400000.0,8.54,8.39,8.54,2088200000.0,1763150000.0,2088200000.0,11135926246.0,9.0,7.927,1054200000.0,13.534,1.0,1855100000.0,0.608,2264400000.0,45000000.0,2512700000.0,2491825000.0,356200000.0,0.0,0.0,0.0,2952900000.0,586500000.0,2366400000.0,10432626246.0,170600000.0,-197200000.0,-616100000.0,0.0,-66500000.0,-663300000.0,-288300000.0,0.0,1123300000.0,-1100000.0,689800000.0,689800000.0,689800000.0,0.0,0.0,0.226,596700000.0,1258400000.0,83000000.0,0.096,4.996,15.124,15.684,391200000.0,0.0,133.94,3.421,3.421,479600000.0,360100000.0,3049500000.0,3049500000.0,295700000.0,0.158,0.391,0.505,0.413,61500000.0,920300000.0,1.0,77890296.0,77890296.0,,39.151,2776700000.0,82100000.0,523600000.0,226100000.0,35.649,1503900000.0
16,BCR,MRT,2013-09-30,2013-09-30,2013-09-30,2021-09-13,-73700000.0,4165000000.0,4155250000.0,1751300000.0,2413700000.0,0.727,19.002,-64400000.0,800700000.0,800700000.0,1171400000.0,150500000.0,3.472,1.769,1504000000.0,97500000.0,1406500000.0,1504000000.0,0.0,140900000.0,0.0,0.007,0.81,332400000.0,473300000.0,0.157,473300000.0,332400000.0,288000000.0,1.77,1.72,1.77,1504100000.0,1722525000.0,1504100000.0,9733279283.0,29.0,20.565,586600000.0,7.411,1.0,1849400000.0,0.612,1812000000.0,44400000.0,2551900000.0,2452600000.0,332100000.0,0.0,0.0,0.0,2660900000.0,504400000.0,2156500000.0,9118479283.0,-27400000.0,-174900000.0,-559300000.0,210100000.0,-66600000.0,-409200000.0,-266100000.0,-10000000.0,651000000.0,-3100000.0,150500000.0,150500000.0,150500000.0,0.0,0.0,0.05,1517000000.0,332400000.0,72800000.0,0.458,6.062,60.588,65.085,360500000.0,0.0,115.2,3.019,3.019,456500000.0,-89700000.0,3020800000.0,3020800000.0,277500000.0,0.036,0.087,0.136,0.11,57800000.0,879600000.0,1.0,79153466.0,79153466.0,,38.164,2353000000.0,43900000.0,137500000.0,27100000.0,29.727,1246900000.0
17,BCR,MRT,2013-06-30,2013-06-30,2013-06-30,2021-09-13,-82700000.0,4227600000.0,4097125000.0,1830800000.0,2396800000.0,0.729,19.404,-60900000.0,868300000.0,868300000.0,1152100000.0,186600000.0,3.64,1.707,1483100000.0,76500000.0,1406600000.0,1483100000.0,0.0,139100000.0,0.0,0.007,0.8,390100000.0,529200000.0,0.177,529200000.0,390100000.0,347200000.0,2.12,2.07,2.12,1561700000.0,1820950000.0,1561700000.0,9250068327.0,24.0,17.479,582300000.0,7.235,1.0,1833600000.0,0.614,1784900000.0,42900000.0,2554600000.0,2292125000.0,324600000.0,0.0,0.0,0.0,2665900000.0,502900000.0,2163000000.0,8746768327.0,145400000.0,-142900000.0,-540400000.0,267100000.0,-66900000.0,-334500000.0,-170000000.0,0.0,643200000.0,6700000.0,186600000.0,186600000.0,186600000.0,0.0,0.0,0.062,1443500000.0,390100000.0,91900000.0,0.377,5.601,46.874,51.264,356200000.0,0.0,108.68,2.93,2.93,467600000.0,40400000.0,2985700000.0,2985700000.0,230300000.0,0.046,0.102,0.17,0.131,53100000.0,852300000.0,1.0,80481858.0,80481858.0,,37.098,2442700000.0,71200000.0,160600000.0,45500000.0,30.351,1327900000.0
18,BCR,MRT,2013-03-31,2013-03-31,2013-03-31,2021-09-13,-77900000.0,4077100000.0,4019375000.0,1795900000.0,2281200000.0,0.739,23.212,-66200000.0,905300000.0,905300000.0,1141200000.0,482100000.0,4.321,1.147,1408600000.0,0.0,1408600000.0,1408600000.0,0.0,138300000.0,0.0,0.008,0.79,710100000.0,848400000.0,0.286,848400000.0,710100000.0,668600000.0,5.71,5.64,5.71,1898600000.0,1910900000.0,1898600000.0,8731523205.0,12.0,10.292,570300000.0,6.972,1.0,1827200000.0,0.616,1816700000.0,41500000.0,2348100000.0,2129975000.0,332600000.0,0.0,0.0,0.0,2178500000.0,415600000.0,1762900000.0,8243223205.0,204700000.0,-142900000.0,-408300000.0,163600000.0,-66900000.0,-306400000.0,-119000000.0,0.0,636500000.0,-6400000.0,482100000.0,482100000.0,482100000.0,0.0,0.0,0.162,1117100000.0,710100000.0,94100000.0,0.138,4.342,17.099,17.65,356600000.0,0.0,100.78,2.777,2.777,448600000.0,409500000.0,2968400000.0,2968400000.0,214300000.0,0.12,0.252,0.333,0.239,54000000.0,831400000.0,1.0,81794237.0,81794237.0,,36.291,2260400000.0,46500000.0,186500000.0,43200000.0,27.635,1380300000.0
19,BCR,MRT,2012-12-31,2012-12-31,2012-12-31,2021-09-13,-81200000.0,4151300000.0,3988600000.0,1847200000.0,2304100000.0,0.742,23.395,-72600000.0,921300000.0,921300000.0,1125300000.0,530100000.0,4.127,1.156,1409600000.0,0.0,1409600000.0,1409600000.0,0.0,136300000.0,0.0,0.008,0.78,772000000.0,908300000.0,0.307,908300000.0,772000000.0,732400000.0,6.24,6.16,6.24,1925700000.0,1904250000.0,1925700000.0,8501471068.0,11.0,9.36,588600000.0,7.151,1.0,1832800000.0,0.62,1836200000.0,39600000.0,2355800000.0,1995825000.0,328500000.0,0.0,0.0,0.0,2225600000.0,447600000.0,1778000000.0,8045171068.0,299900000.0,-139900000.0,-389100000.0,189600000.0,-66700000.0,-263200000.0,-98200000.0,0.0,661200000.0,100000.0,530100000.0,530100000.0,530100000.0,0.0,0.0,0.179,1060800000.0,772000000.0,56200000.0,0.125,4.178,15.177,15.663,359300000.0,0.0,97.74,2.72,2.72,480900000.0,473200000.0,2958100000.0,2958100000.0,203200000.0,0.133,0.278,0.387,0.261,52100000.0,817300000.0,1.0,82311961.0,82311961.0,,35.938,2315100000.0,52600000.0,202300000.0,36700000.0,28.126,1399600000.0
20,BCR,MRT,2012-09-30,2012-09-30,2012-09-30,2021-09-13,-83600000.0,3932500000.0,3933625000.0,1785400000.0,2147100000.0,0.749,22.639,-77000000.0,836600000.0,836600000.0,1119800000.0,515700000.0,2.275,1.072,1292900000.0,381500000.0,911400000.0,1292900000.0,0.0,132100000.0,0.0,0.007,0.77,735300000.0,867400000.0,0.294,867400000.0,735300000.0,697100000.0,6.01,5.93,6.01,1897800000.0,1865625000.0,1897800000.0,9217226931.0,13.0,10.626,522300000.0,6.231,1.0,1827600000.0,0.62,1694100000.0,38200000.0,1910000000.0,1836300000.0,335900000.0,0.0,0.0,0.0,2034700000.0,784700000.0,1250000000.0,8772726931.0,42100000.0,-539300000.0,-421700000.0,381500000.0,-66300000.0,-99800000.0,-445500000.0,10000000.0,599300000.0,-11900000.0,515700000.0,515700000.0,515700000.0,0.0,0.0,0.175,1092300000.0,735300000.0,64800000.0,0.128,4.623,17.011,17.413,354300000.0,0.0,104.65,2.976,2.976,475000000.0,480100000.0,2947400000.0,2947400000.0,194100000.0,0.131,0.276,0.4,0.249,57800000.0,818500000.0,1.0,83829211.0,83829211.0,,35.16,2238400000.0,66900000.0,181400000.0,26200000.0,26.702,1000700000.0
21,BCR,MRT,2012-06-30,2012-06-30,2012-06-30,2021-09-13,-100400000.0,3916600000.0,3835325000.0,1745200000.0,2171400000.0,0.768,22.895,-82000000.0,769400000.0,769400000.0,1122100000.0,516500000.0,2.372,1.038,1213900000.0,303500000.0,910400000.0,1213900000.0,0.0,126100000.0,0.0,0.007,0.76,738500000.0,864600000.0,0.294,864600000.0,738500000.0,701000000.0,5.97,5.89,5.97,1921500000.0,1853425000.0,1921500000.0,9451993270.0,13.0,10.932,563800000.0,6.718,1.0,1821600000.0,0.619,1719400000.0,37500000.0,1906000000.0,1821025000.0,330500000.0,0.0,0.0,0.0,1995100000.0,735700000.0,1259400000.0,9017193270.0,-197900000.0,-539300000.0,-384700000.0,303500000.0,-65900000.0,-139600000.0,-678500000.0,0.0,645800000.0,-25600000.0,516500000.0,516500000.0,516500000.0,0.0,0.0,0.175,1083100000.0,738500000.0,71200000.0,0.127,4.693,17.458,17.997,354900000.0,0.0,107.44,3.063,3.063,505900000.0,554900000.0,2943700000.0,2943700000.0,188800000.0,0.135,0.279,0.406,0.251,57400000.0,811200000.0,1.0,83927711.0,83927711.0,,35.074,2197200000.0,72200000.0,184500000.0,19500000.0,26.18,1009500000.0
22,BCR,MRT,2012-03-31,2012-03-31,2012-03-31,2021-09-13,-57900000.0,3954000000.0,3731975000.0,1746200000.0,2207800000.0,0.784,22.27,-74700000.0,804400000.0,804400000.0,1111900000.0,334800000.0,2.11,1.112,1239200000.0,330500000.0,908700000.0,1239200000.0,0.0,120300000.0,0.0,0.008,0.75,555000000.0,675300000.0,0.231,675300000.0,555000000.0,518200000.0,3.86,3.8,3.86,1872000000.0,1841675000.0,1872000000.0,8767969237.0,16.0,12.984,634800000.0,7.552,1.0,1814200000.0,0.62,1749600000.0,36800000.0,1811500000.0,1821325000.0,323900000.0,0.0,0.0,0.0,2082000000.0,827700000.0,1254300000.0,8298269237.0,-73700000.0,-539300000.0,-312800000.0,330500000.0,-65600000.0,-29300000.0,-749900000.0,0.0,709500000.0,-4000000.0,334800000.0,334800000.0,334800000.0,0.0,0.0,0.114,1259200000.0,555000000.0,77200000.0,0.194,4.433,24.786,25.575,361400000.0,0.0,98.72,2.836,2.836,505300000.0,509000000.0,2926100000.0,2926100000.0,185600000.0,0.09,0.182,0.305,0.19,55300000.0,802600000.0,1.0,84058643.0,84058643.0,,34.81,2204400000.0,69800000.0,183400000.0,31700000.0,26.225,918500000.0
23,BCR,MRT,2011-12-31,2011-12-31,2011-12-31,2021-09-13,-66600000.0,3931400000.0,3565550000.0,1688900000.0,2242500000.0,0.812,20.648,-71400000.0,743500000.0,743500000.0,1097300000.0,328000000.0,1.845,1.22,1213200000.0,304500000.0,908700000.0,1213200000.0,0.0,115100000.0,0.0,0.009,0.74,547200000.0,662300000.0,0.229,662300000.0,547200000.0,510800000.0,3.75,3.69,3.75,1771200000.0,1836600000.0,1771200000.0,7275997508.0,13.0,10.986,650100000.0,7.578,1.0,1799100000.0,0.621,1768000000.0,36400000.0,1717700000.0,1871125000.0,319200000.0,0.0,0.0,0.0,2160200000.0,915400000.0,1244800000.0,7334397508.0,-45000000.0,-539300000.0,-178400000.0,224000000.0,-64600000.0,3900000.0,-772300000.0,0.0,721500000.0,1900000.0,328000000.0,328000000.0,328000000.0,0.0,0.0,0.113,1251900000.0,547200000.0,86400000.0,0.197,4.141,22.361,22.8,355400000.0,0.0,85.5,2.532,2.532,488900000.0,466800000.0,2896400000.0,2896400000.0,185400000.0,0.092,0.179,0.292,0.189,55500000.0,794600000.0,1.0,85782427.0,85782427.0,,33.764,2163400000.0,78200000.0,182800000.0,36200000.0,25.22,773500000.0
24,BCR,MRT,2011-09-30,2011-09-30,2011-09-30,2021-09-13,-14500000.0,3539300000.0,3375575000.0,1900200000.0,1639100000.0,0.848,21.34,-67800000.0,967300000.0,967300000.0,1078900000.0,350400000.0,3.745,0.914,908900000.0,0.0,908900000.0,908900000.0,0.0,112000000.0,0.0,0.008,0.73,576500000.0,688500000.0,0.241,688500000.0,576500000.0,545600000.0,3.93,3.86,3.93,1849000000.0,1801675000.0,1849000000.0,7574217715.0,13.0,11.001,655700000.0,7.568,1.0,1782700000.0,0.623,1124600000.0,30900000.0,1848900000.0,1932225000.0,329800000.0,0.0,0.0,0.0,1690300000.0,507400000.0,1182900000.0,7585017715.0,104800000.0,-4200000.0,-812300000.0,530300000.0,-65200000.0,-334000000.0,-298900000.0,0.0,723500000.0,14200000.0,350400000.0,350400000.0,350400000.0,0.0,0.0,0.122,1206200000.0,576500000.0,78900000.0,0.186,4.102,21.647,22.275,341200000.0,0.0,87.54,2.651,2.651,476500000.0,517400000.0,2861600000.0,2861600000.0,194000000.0,0.104,0.194,0.298,0.201,55900000.0,785100000.0,1.0,86646307.0,86646307.0,,33.026,2414700000.0,132800000.0,195200000.0,44200000.0,27.868,1392800000.0
25,BCR,MRT,2011-06-30,2011-06-30,2011-06-30,2021-09-13,-4400000.0,3503200000.0,3280650000.0,1873400000.0,1629800000.0,0.86,21.884,-62600000.0,911900000.0,911900000.0,1055900000.0,347800000.0,4.142,0.869,901100000.0,0.0,901100000.0,901100000.0,0.0,112200000.0,0.0,0.007,0.72,571800000.0,684000000.0,0.242,684000000.0,571800000.0,546700000.0,3.8,3.74,3.8,1874500000.0,1897200000.0,1874500000.0,9557096202.0,17.0,13.972,589300000.0,6.88,1.0,1764900000.0,0.626,1132900000.0,25100000.0,1907200000.0,1768250000.0,331600000.0,0.0,0.0,0.0,1628700000.0,452300000.0,1176400000.0,9410096202.0,319000000.0,-214400000.0,-735500000.0,716300000.0,-65400000.0,-74900000.0,-285600000.0,12600000.0,651900000.0,27600000.0,347800000.0,347800000.0,347800000.0,0.0,0.0,0.123,1193100000.0,571800000.0,59500000.0,0.189,5.02,27.056,28.911,335900000.0,0.0,109.86,3.336,3.336,474200000.0,571600000.0,2820800000.0,2820800000.0,194600000.0,0.106,0.183,0.323,0.203,56300000.0,781700000.0,1.0,85655345.0,85655345.0,,32.932,2370300000.0,120900000.0,198900000.0,16900000.0,27.673,1421100000.0
26,BCR,MRT,2011-03-31,2011-03-31,2011-03-31,2021-09-13,-26900000.0,3288300000.0,3119075000.0,1642400000.0,1645900000.0,0.888,21.774,-58300000.0,748300000.0,748300000.0,1032100000.0,520300000.0,5.737,0.776,895300000.0,0.0,895300000.0,895300000.0,0.0,108800000.0,0.0,0.007,0.71,745500000.0,854300000.0,0.308,854300000.0,745500000.0,726600000.0,5.66,5.58,5.66,1851700000.0,1963650000.0,1851700000.0,8785921464.0,12.0,10.284,575800000.0,6.771,1.0,1737600000.0,0.627,1138300000.0,18900000.0,2010700000.0,1593800000.0,327600000.0,0.0,0.0,0.0,1436600000.0,286300000.0,1150300000.0,8449921464.0,27900000.0,-290300000.0,-915300000.0,746300000.0,-65900000.0,-267300000.0,-351700000.0,13400000.0,634100000.0,12800000.0,520200000.0,520200000.0,520200000.0,0.0,100000.0,0.188,992000000.0,745600000.0,67500000.0,0.125,4.563,16.244,17.555,332600000.0,0.0,99.36,3.051,3.051,459700000.0,651900000.0,2769700000.0,2769700000.0,192800000.0,0.167,0.265,0.468,0.269,57600000.0,774400000.0,1.0,85043493.0,85043493.0,,32.568,2150000000.0,113000000.0,206400000.0,24600000.0,25.281,1356100000.0
27,BCR,MRT,2010-12-31,2010-12-31,2010-12-31,2021-09-13,-56200000.0,3171500000.0,3027550000.0,1529300000.0,1642200000.0,0.898,17.561,-51200000.0,641400000.0,641400000.0,1020000000.0,509600000.0,3.845,0.944,977400000.0,80500000.0,896900000.0,977400000.0,0.0,104900000.0,0.0,0.008,0.7,730000000.0,834900000.0,0.307,834900000.0,730000000.0,717300000.0,5.39,5.32,5.39,1631500000.0,2057950000.0,1631500000.0,8229275732.0,11.0,9.857,586600000.0,6.314,1.0,1700200000.0,0.625,1147700000.0,12700000.0,1962100000.0,1389625000.0,308900000.0,0.0,0.0,0.0,1540000000.0,397700000.0,1142300000.0,8525675732.0,-33000000.0,-290300000.0,-1037800000.0,826800000.0,-66900000.0,-310600000.0,-355100000.0,0.0,637800000.0,-5100000.0,509200000.0,509200000.0,509200000.0,0.0,400000.0,0.187,969800000.0,730400000.0,51400000.0,0.13,5.226,16.743,17.026,327900000.0,0.0,91.77,3.134,3.134,460800000.0,520000000.0,2720200000.0,2720200000.0,185400000.0,0.168,0.247,0.525,0.268,58200000.0,759800000.0,1.0,92902645.0,92902645.0,,29.28,2023800000.0,121100000.0,208100000.0,16900000.0,21.784,1131600000.0
28,BCR,MRT,2010-09-30,2010-09-30,2010-09-30,2021-09-13,-79200000.0,3159600000.0,2961400000.0,1519900000.0,1639700000.0,0.905,23.824,-43900000.0,662200000.0,662200000.0,1011500000.0,479200000.0,2.931,0.416,365800000.0,216000000.0,149800000.0,365800000.0,0.0,101700000.0,0.0,0.008,0.69,715700000.0,817400000.0,0.305,817400000.0,715700000.0,704000000.0,5.0,4.95,5.0,2231100000.0,2201550000.0,2231100000.0,7212645484.0,10.0,8.824,604400000.0,6.454,1.0,1668500000.0,0.623,1151700000.0,11700000.0,1193000000.0,1195800000.0,315300000.0,0.0,0.0,0.0,928500000.0,518500000.0,410000000.0,7625745484.0,30100000.0,-336400000.0,-346200000.0,216000000.0,-66400000.0,-216200000.0,-399200000.0,0.0,648300000.0,-2800000.0,478900000.0,478900000.0,478900000.0,0.0,300000.0,0.179,952500000.0,716000000.0,62400000.0,0.138,3.418,15.923,16.286,322400000.0,0.0,81.43,2.845,2.845,435000000.0,1171900000.0,2680000000.0,2680000000.0,191700000.0,0.162,0.218,0.599,0.267,53700000.0,739100000.0,1.0,93647863.0,93647863.0,,28.618,2007900000.0,142800000.0,225100000.0,25000000.0,21.441,1001400000.0
29,BCR,MRT,2010-06-30,2010-06-30,2010-06-30,2021-09-13,-100600000.0,2856900000.0,2873375000.0,1403600000.0,1453300000.0,0.918,22.506,-42400000.0,592900000.0,592900000.0,1000500000.0,481700000.0,4.97,0.335,179800000.0,30000000.0,149800000.0,179800000.0,0.0,97400000.0,0.0,0.009,0.68,717000000.0,814400000.0,0.309,814400000.0,717000000.0,705500000.0,4.97,4.92,4.97,2140300000.0,2184400000.0,2140300000.0,6802278318.0,9.0,8.353,604700000.0,6.359,1.0,1638100000.0,0.621,952000000.0,11500000.0,1209400000.0,1202600000.0,281800000.0,12600000.0,12600000.0,0.0,716600000.0,282400000.0,434200000.0,7372878318.0,-15000000.0,-146300000.0,-376000000.0,30000000.0,-66200000.0,-431300000.0,-226600000.0,-12600000.0,647100000.0,29200000.0,480900000.0,480900000.0,480900000.0,0.0,800000.0,0.182,920300000.0,717800000.0,50700000.0,0.137,3.445,15.331,15.6,319200000.0,0.0,77.53,2.794,2.794,420800000.0,1114500000.0,2638600000.0,2638600000.0,187200000.0,0.167,0.22,0.596,0.272,53200000.0,717500000.0,1.0,95097102.0,95097102.0,,27.746,1904900000.0,161100000.0,224600000.0,36300000.0,20.031,1121200000.0
30,BCR,MRT,2010-03-31,2010-03-31,2010-03-31,2021-09-13,-59200000.0,2922200000.0,2849825000.0,1525600000.0,1396600000.0,0.909,23.301,-46200000.0,720400000.0,720400000.0,987400000.0,469400000.0,5.774,0.311,149800000.0,0.0,149800000.0,149800000.0,0.0,95300000.0,0.0,0.008,0.67,698200000.0,793500000.0,0.306,793500000.0,698200000.0,686500000.0,4.79,4.74,4.79,2228900000.0,2174750000.0,2228900000.0,7761260879.0,11.0,9.781,583600000.0,6.101,1.0,1601900000.0,0.619,893400000.0,11700000.0,1194000000.0,1200075000.0,279100000.0,13400000.0,13400000.0,0.0,693300000.0,264200000.0,429100000.0,8285860879.0,53200000.0,-85600000.0,-378500000.0,0.0,-65800000.0,-433000000.0,-172000000.0,-13400000.0,629800000.0,28400000.0,468500000.0,468500000.0,468500000.0,0.0,900000.0,0.181,902800000.0,699100000.0,54900000.0,0.14,3.717,17.686,18.084,325200000.0,0.0,86.62,3.2,3.2,430800000.0,1156700000.0,2589300000.0,2589300000.0,183800000.0,0.164,0.215,0.582,0.27,52900000.0,697900000.0,1.0,95657595.0,95657595.0,,27.068,2028800000.0,153500000.0,218000000.0,70200000.0,21.209,1261400000.0
31,BCR,MRT,2009-12-31,2009-12-31,2009-12-31,2021-09-13,-24700000.0,2906900000.0,2801325000.0,1491800000.0,1415100000.0,0.905,22.85,-48100000.0,674400000.0,674400000.0,959000000.0,461400000.0,5.296,0.318,149800000.0,0.0,149800000.0,149800000.0,0.0,93500000.0,0.0,0.008,0.66,682000000.0,775500000.0,0.306,775500000.0,682000000.0,670200000.0,4.66,4.6,4.66,2205900000.0,2137925000.0,2205900000.0,7037870136.0,10.0,9.075,571200000.0,5.917,1.0,1575900000.0,0.622,913800000.0,11800000.0,1186800000.0,1187350000.0,295400000.0,0.0,0.0,0.0,701000000.0,281700000.0,419300000.0,7520170136.0,82300000.0,-112600000.0,-323700000.0,0.0,-65400000.0,-378400000.0,-189200000.0,0.0,619300000.0,30600000.0,460100000.0,460100000.0,460100000.0,0.0,1300000.0,0.182,892600000.0,683300000.0,50800000.0,0.142,3.409,16.345,16.717,333100000.0,0.0,77.9,2.967,2.967,442100000.0,1133400000.0,2534900000.0,2534900000.0,179600000.0,0.164,0.215,0.574,0.269,52400000.0,682500000.0,1.0,96536202.0,96536202.0,,26.259,1993100000.0,127200000.0,210100000.0,35400000.0,20.646,1210100000.0
32,BCR,MRT,2009-09-30,2009-09-30,2009-09-30,2021-09-13,-34500000.0,2807500000.0,2741025000.0,1454400000.0,1353100000.0,0.909,22.153,-52700000.0,632100000.0,632100000.0,946400000.0,505900000.0,5.883,0.298,149800000.0,0.0,149800000.0,149800000.0,0.0,91800000.0,0.0,0.008,0.65,684500000.0,776300000.0,0.311,776300000.0,684500000.0,672500000.0,5.06,4.98,5.06,2162500000.0,2083500000.0,2162500000.0,7215544778.0,11.0,9.295,519500000.0,5.322,1.0,1545800000.0,0.62,857800000.0,12000000.0,1220200000.0,1172625000.0,311100000.0,0.0,0.0,0.0,645000000.0,247200000.0,397800000.0,7673644778.0,96500000.0,-86400000.0,-258600000.0,800000.0,-64900000.0,-313800000.0,-152800000.0,0.0,572200000.0,-9100000.0,503600000.0,503600000.0,503600000.0,0.0,2300000.0,0.202,859000000.0,686800000.0,56100000.0,0.128,3.549,15.238,15.536,333400000.0,0.0,78.61,3.079,3.079,415800000.0,1130600000.0,2492200000.0,2492200000.0,161100000.0,0.184,0.242,0.584,0.275,52600000.0,677700000.0,1.0,97616649.0,97616649.0,,25.53,1949700000.0,140100000.0,168900000.0,31800000.0,19.973,1207200000.0
33,BCR,MRT,2009-06-30,2009-06-30,2009-06-30,2021-09-13,-45100000.0,2762700000.0,2694850000.0,1419300000.0,1343400000.0,0.917,21.165,-52600000.0,607900000.0,607900000.0,944100000.0,488000000.0,5.43,0.315,149800000.0,0.0,149800000.0,149800000.0,0.0,91500000.0,0.0,0.009,0.64,660300000.0,751800000.0,0.304,751800000.0,660300000.0,648200000.0,4.84,4.75,4.84,2101700000.0,2032200000.0,2101700000.0,6875637399.0,10.0,9.146,526200000.0,5.299,1.0,1527900000.0,0.618,843900000.0,12100000.0,1199300000.0,1143675000.0,307700000.0,0.0,0.0,0.0,661000000.0,261400000.0,399600000.0,7393037399.0,180300000.0,-67800000.0,-195100000.0,800000.0,-64200000.0,-245600000.0,-121800000.0,6600000.0,578800000.0,-64500000.0,485300000.0,485300000.0,485300000.0,0.0,2700000.0,0.196,864900000.0,663000000.0,62600000.0,0.132,3.518,15.234,15.382,334100000.0,0.0,74.45,2.991,2.991,412700000.0,1097400000.0,2472000000.0,2472000000.0,153200000.0,0.18,0.239,0.577,0.267,60100000.0,694000000.0,1.0,99302047.0,99302047.0,,24.894,1918800000.0,137000000.0,162900000.0,29300000.0,19.323,1157900000.0
34,BCR,MRT,2009-03-31,2009-03-31,2009-03-31,2021-09-13,-104500000.0,2728200000.0,2638700000.0,1420300000.0,1307900000.0,0.934,20.935,-51300000.0,667200000.0,667200000.0,948400000.0,454200000.0,5.748,0.311,149800000.0,0.0,149800000.0,149800000.0,0.0,91500000.0,0.0,0.008,0.63,615600000.0,707100000.0,0.287,707100000.0,615600000.0,603500000.0,4.48,4.4,4.48,2081600000.0,1979500000.0,2081600000.0,7484338204.0,12.0,10.585,529200000.0,5.322,1.0,1516100000.0,0.615,820600000.0,12100000.0,1143100000.0,1123200000.0,289200000.0,0.0,0.0,0.0,646600000.0,247100000.0,399500000.0,7926638204.0,252500000.0,-117500000.0,-80400000.0,800000.0,-63100000.0,-129100000.0,-147000000.0,33200000.0,580500000.0,-51900000.0,451000000.0,451000000.0,451000000.0,0.0,3200000.0,0.183,897300000.0,618800000.0,54900000.0,0.141,3.808,17.576,17.795,331200000.0,0.0,79.72,3.216,3.216,375400000.0,1156400000.0,2464500000.0,2464500000.0,149700000.0,0.171,0.228,0.548,0.25,56900000.0,704900000.0,1.0,99430986.0,99430986.0,,24.786,1907600000.0,135000000.0,152500000.0,64300000.0,19.185,1173200000.0
35,BCR,MRT,2008-12-31,2008-12-31,2008-12-31,2021-09-13,-94400000.0,2665700000.0,2574700000.0,1354200000.0,1311500000.0,0.952,20.042,-50600000.0,592100000.0,592100000.0,949300000.0,419300000.0,4.959,0.341,149800000.0,0.0,149800000.0,149800000.0,0.0,90900000.0,0.0,0.007,0.62,562000000.0,652900000.0,0.266,652900000.0,562000000.0,549900000.0,4.13,4.05,4.13,1988200000.0,1915475000.0,1988200000.0,7972820733.0,14.0,12.211,465600000.0,4.694,1.0,1502800000.0,0.613,822400000.0,12100000.0,1127900000.0,1108275000.0,275100000.0,0.0,0.0,0.0,677500000.0,273100000.0,404400000.0,8358620733.0,103700000.0,-166200000.0,-181000000.0,0.0,-62200000.0,-216000000.0,-151900000.0,82100000.0,516200000.0,-44600000.0,416500000.0,416500000.0,416500000.0,0.0,2800000.0,0.17,938000000.0,564800000.0,53500000.0,0.15,4.204,20.069,20.402,333400000.0,0.0,84.26,3.409,3.409,394100000.0,1080200000.0,2452100000.0,2452100000.0,199100000.0,0.162,0.217,0.507,0.229,53100000.0,709500000.0,1.0,99200341.0,99200341.0,,24.719,1843300000.0,130400000.0,133400000.0,29200000.0,18.582,1081100000.0
36,BCR,MRT,2008-09-30,2008-09-30,2008-09-30,2021-09-13,26600000.0,2622800000.0,2527150000.0,1314900000.0,1307900000.0,0.95,19.703,-49900000.0,535600000.0,535600000.0,932300000.0,376300000.0,4.572,0.34,149800000.0,0.0,149800000.0,149800000.0,0.0,88900000.0,0.0,0.006,0.61,549700000.0,638600000.0,0.266,638600000.0,549700000.0,537500000.0,3.63,3.58,3.63,1957300000.0,1880425000.0,1957300000.0,9146571095.0,17.0,14.323,496600000.0,4.999,1.0,1468900000.0,0.612,845000000.0,12200000.0,1104400000.0,1097050000.0,298500000.0,0.0,0.0,0.0,665500000.0,287600000.0,377900000.0,9424371095.0,64800000.0,-142100000.0,-334000000.0,-800000.0,-61500000.0,-367400000.0,-117700000.0,104100000.0,546500000.0,-1900000.0,372300000.0,372300000.0,372300000.0,0.0,4000000.0,0.155,915200000.0,553700000.0,57500000.0,0.168,4.815,25.314,26.135,339800000.0,0.0,94.87,3.925,3.925,385600000.0,965900000.0,2401200000.0,2401200000.0,195700000.0,0.147,0.198,0.501,0.229,49100000.0,700000000.0,1.0,99339845.0,99339845.0,,24.172,1777800000.0,93300000.0,165200000.0,35000000.0,17.896,1027300000.0
37,BCR,MRT,2008-06-30,2008-06-30,2008-06-30,2021-09-13,63300000.0,2538100000.0,2487150000.0,1219600000.0,1318500000.0,0.936,19.047,-49500000.0,427600000.0,427600000.0,907400000.0,366300000.0,4.258,0.342,149800000.0,0.0,149800000.0,149800000.0,0.0,86000000.0,0.0,0.007,0.6,531300000.0,617300000.0,0.265,617300000.0,531300000.0,519300000.0,3.52,3.46,3.52,1890900000.0,1857700000.0,1890900000.0,8466530883.0,16.0,13.715,464500000.0,4.679,1.0,1421800000.0,0.61,856500000.0,12000000.0,1117400000.0,1107425000.0,283300000.0,6700000.0,6700000.0,0.0,647200000.0,286400000.0,360800000.0,8731430883.0,-69900000.0,-141500000.0,-469300000.0,-800000.0,-61100000.0,-496200000.0,-110200000.0,115500000.0,514000000.0,17200000.0,363200000.0,363200000.0,363200000.0,0.0,3100000.0,0.156,887400000.0,534400000.0,53000000.0,0.17,4.618,24.04,24.986,346700000.0,0.0,87.95,3.749,3.749,402900000.0,900800000.0,2329200000.0,2329200000.0,194600000.0,0.146,0.196,0.48,0.228,48200000.0,680300000.0,1.0,99277213.0,99277213.0,,23.462,1681600000.0,84300000.0,156100000.0,32100000.0,16.938,933200000.0
38,BCR,MRT,2008-03-31,2008-03-31,2008-03-31,2021-09-13,53200000.0,2472200000.0,2474300000.0,1173400000.0,1298800000.0,0.913,18.194,-47300000.0,414700000.0,414700000.0,881100000.0,385200000.0,3.988,0.354,149800000.0,0.0,149800000.0,149800000.0,0.0,82900000.0,0.0,0.006,0.59,551700000.0,634600000.0,0.281,634600000.0,551700000.0,539700000.0,3.69,3.61,3.69,1825500000.0,1857675000.0,1825500000.0,9334321444.0,17.0,14.709,462400000.0,4.609,1.0,1376700000.0,0.61,829700000.0,12000000.0,1083400000.0,1113000000.0,270200000.0,33300000.0,33300000.0,0.0,646700000.0,294200000.0,352500000.0,9672121444.0,-104200000.0,-118400000.0,-510700000.0,-800000.0,-60800000.0,-524500000.0,-114100000.0,89500000.0,509700000.0,19400000.0,382800000.0,382800000.0,382800000.0,0.0,2400000.0,0.17,822600000.0,554100000.0,63900000.0,0.16,5.298,25.267,26.125,346600000.0,0.0,96.4,4.284,4.284,374100000.0,865400000.0,2257800000.0,2257800000.0,191500000.0,0.155,0.206,0.496,0.244,49500000.0,660000000.0,1.0,100333210.0,100333210.0,,22.503,1642500000.0,85600000.0,156900000.0,61700000.0,16.37,879200000.0
39,BCR,MRT,2007-12-31,2007-12-31,2007-12-31,2021-09-13,42500000.0,2475500000.0,2461025000.0,1242000000.0,1233500000.0,0.895,17.994,-50700000.0,488400000.0,488400000.0,862400000.0,408500000.0,4.409,0.34,150600000.0,800000.0,149800000.0,150600000.0,0.0,79800000.0,0.0,0.006,0.58,589200000.0,669000000.0,0.304,669000000.0,589200000.0,577300000.0,3.91,3.82,3.91,1848000000.0,1861300000.0,1848000000.0,9339626784.0,16.0,13.961,496700000.0,4.836,1.0,1339600000.0,0.608,773000000.0,11900000.0,1083000000.0,1116000000.0,244700000.0,82200000.0,82200000.0,0.0,627500000.0,281700000.0,345800000.0,9659826784.0,72200000.0,-42900000.0,-363100000.0,0.0,-60100000.0,-386700000.0,-112500000.0,18600000.0,547400000.0,18700000.0,406400000.0,406400000.0,406400000.0,0.0,2100000.0,0.185,748300000.0,591300000.0,50200000.0,0.148,5.227,23.769,24.246,344600000.0,0.0,94.8,4.387,4.421,362000000.0,956300000.0,2202000000.0,2202000000.0,135800000.0,0.165,0.218,0.528,0.268,51200000.0,644800000.0,1.0,101896907.0,102700000.0,105900000.0,21.441,1702500000.0,80900000.0,170900000.0,32600000.0,16.577,960300000.0
40,BCR,MRT,2007-09-30,2007-09-30,2007-09-30,2021-09-13,3200000.0,2462800000.0,2411450000.0,1247800000.0,1215000000.0,0.887,18.173,-53900000.0,470800000.0,470800000.0,838000000.0,323200000.0,5.265,0.32,150600000.0,800000.0,149800000.0,150600000.0,0.0,77700000.0,0.0,0.006,0.57,469500000.0,547200000.0,0.256,547200000.0,469500000.0,457000000.0,3.12,3.03,3.12,1866400000.0,1823800000.0,1866400000.0,8768345290.0,19.0,16.024,401500000.0,3.909,1.0,1300400000.0,0.608,759700000.0,12500000.0,1145900000.0,1095350000.0,248400000.0,104200000.0,104200000.0,0.0,596400000.0,237000000.0,359400000.0,9115245290.0,16200000.0,-43000000.0,-252200000.0,-45800000.0,-59400000.0,-300900000.0,-151300000.0,-25600000.0,455400000.0,13000000.0,323200000.0,323200000.0,323200000.0,42200000.0,0.0,0.151,788800000.0,511600000.0,46100000.0,0.183,4.884,28.203,28.266,343800000.0,0.0,88.19,4.263,4.235,347200000.0,1040500000.0,2138400000.0,2138400000.0,137700000.0,0.134,0.177,0.429,0.22,52800000.0,633900000.0,1.0,103359171.0,102700000.0,105900000.0,20.822,1703100000.0,82900000.0,133800000.0,33600000.0,16.583,1010800000.0
41,BCR,MRT,2007-06-30,2007-06-30,2007-06-30,2021-09-13,-4500000.0,2486700000.0,2376050000.0,1278000000.0,1208700000.0,0.88,18.251,-58000000.0,497500000.0,497500000.0,817800000.0,308700000.0,5.296,0.315,150600000.0,800000.0,149800000.0,150600000.0,0.0,75700000.0,0.0,0.007,0.56,423100000.0,498800000.0,0.239,498800000.0,423100000.0,409500000.0,2.98,2.89,2.98,1890800000.0,1787475000.0,1890800000.0,8183750647.0,19.0,16.407,380800000.0,3.676,1.0,1273300000.0,0.609,758800000.0,13600000.0,1139700000.0,1011050000.0,239600000.0,122300000.0,122300000.0,0.0,595900000.0,241300000.0,354600000.0,8552050647.0,77500000.0,-42300000.0,-130900000.0,-80800000.0,-58200000.0,-224500000.0,-146900000.0,-23600000.0,438800000.0,10100000.0,308700000.0,308700000.0,308700000.0,42400000.0,0.0,0.148,807900000.0,465400000.0,53300000.0,0.188,4.523,27.703,27.728,344100000.0,0.0,82.63,4.09,4.094,343400000.0,1119900000.0,2091100000.0,2091100000.0,134600000.0,0.13,0.173,0.418,0.202,51600000.0,633800000.0,1.0,103498132.0,103600000.0,106900000.0,20.184,1727900000.0,77900000.0,100800000.0,33800000.0,16.679,1036700000.0
42,BCR,MRT,2007-03-31,2007-03-31,2007-03-31,2021-09-13,-14700000.0,2419100000.0,2332675000.0,1259800000.0,1159300000.0,0.875,17.812,-63900000.0,518900000.0,518900000.0,796000000.0,292600000.0,5.391,0.315,150600000.0,800000.0,149800000.0,150600000.0,0.0,74000000.0,0.0,0.007,0.55,399900000.0,473900000.0,0.232,473900000.0,399900000.0,384800000.0,2.83,2.74,2.83,1840000000.0,1729675000.0,1840000000.0,7945361364.0,20.0,16.766,347700000.0,3.366,1.0,1245900000.0,0.61,721700000.0,15100000.0,1095400000.0,928100000.0,230000000.0,122900000.0,122900000.0,0.0,579100000.0,233700000.0,345400000.0,8210961364.0,-77500000.0,-161600000.0,-98400000.0,-115800000.0,-57100000.0,-240900000.0,-261400000.0,-21800000.0,411600000.0,13200000.0,292600000.0,292600000.0,292600000.0,42100000.0,0.0,0.143,804000000.0,441900000.0,50000000.0,0.194,4.462,28.062,28.095,344700000.0,0.0,79.51,4.021,4.022,330600000.0,1133700000.0,2041900000.0,2041900000.0,136700000.0,0.125,0.169,0.431,0.196,49600000.0,626600000.0,1.0,103269543.0,103300000.0,106700000.0,19.767,1697400000.0,67100000.0,92200000.0,42100000.0,16.432,1026100000.0
43,BCR,MRT,2006-12-31,2006-12-31,2006-12-31,2021-09-13,-14300000.0,2277200000.0,2287700000.0,1133900000.0,1143300000.0,0.865,16.406,-70400000.0,416200000.0,416200000.0,767600000.0,272100000.0,3.919,0.341,150600000.0,0.0,150600000.0,150600000.0,0.0,70800000.0,0.0,0.007,0.54,369100000.0,439900000.0,0.222,439900000.0,369100000.0,352200000.0,2.63,2.55,2.63,1698000000.0,1669350000.0,1698000000.0,8286309383.0,22.0,18.837,262900000.0,2.54,1.0,1212000000.0,0.612,721900000.0,16900000.0,1000400000.0,843875000.0,224300000.0,101000000.0,101000000.0,0.0,579200000.0,289300000.0,289900000.0,8544509383.0,-338000000.0,-170400000.0,-145900000.0,-150800000.0,-56300000.0,-328400000.0,-357500000.0,-98100000.0,333300000.0,14600000.0,272100000.0,272100000.0,272100000.0,42400000.0,0.0,0.137,800500000.0,411500000.0,57800000.0,0.205,5.032,31.402,31.548,342700000.0,0.0,82.97,4.316,4.338,334100000.0,1026800000.0,1979600000.0,1979600000.0,144900000.0,0.119,0.163,0.437,0.186,47000000.0,615200000.0,1.0,102983119.0,103500000.0,106900000.0,19.127,1555300000.0,60700000.0,80100000.0,58200000.0,15.027,844600000.0
44,BCR,MRT,2006-09-30,2006-09-30,2006-09-30,2021-09-13,28000000.0,2321200000.0,2284800000.0,1120000000.0,1201200000.0,0.836,16.677,-78400000.0,454600000.0,454600000.0,740200000.0,330200000.0,2.331,0.349,196400000.0,195600000.0,800000.0,196400000.0,0.0,63800000.0,0.0,0.007,0.53,448100000.0,511900000.0,0.268,511900000.0,448100000.0,432000000.0,3.19,3.09,3.19,1721100000.0,1628875000.0,1721100000.0,7574917300.0,17.0,14.798,303000000.0,2.936,1.0,1168800000.0,0.612,773800000.0,16100000.0,808700000.0,739000000.0,203300000.0,80400000.0,80400000.0,0.0,600100000.0,480500000.0,119600000.0,7763517300.0,-137800000.0,-178400000.0,-166200000.0,44400000.0,-55400000.0,-177200000.0,-347300000.0,-72400000.0,381400000.0,5300000.0,330200000.0,330200000.0,330200000.0,3600000.0,0.0,0.173,717100000.0,451700000.0,48200000.0,0.166,4.511,23.512,23.511,335100000.0,0.0,75.0,4.067,4.054,306800000.0,1052300000.0,1909000000.0,1909000000.0,134700000.0,0.145,0.203,0.606,0.235,36600000.0,591700000.0,1.0,103513564.0,103200000.0,106600000.0,18.498,1547400000.0,51000000.0,101800000.0,89100000.0,14.994,639500000.0
45,BCR,MRT,2006-06-30,2006-06-30,2006-06-30,2021-09-13,26800000.0,2313200000.0,2233850000.0,1101800000.0,1211400000.0,0.83,16.035,-87800000.0,420000000.0,420000000.0,713100000.0,333000000.0,2.074,0.394,231400000.0,230600000.0,800000.0,231400000.0,0.0,60500000.0,0.0,0.007,0.52,461500000.0,522000000.0,0.281,522000000.0,461500000.0,446300000.0,3.2,3.1,3.2,1659600000.0,1585025000.0,1659600000.0,7256409776.0,16.0,13.901,279700000.0,2.702,1.0,1141700000.0,0.616,785500000.0,15200000.0,807900000.0,721375000.0,197900000.0,101400000.0,101400000.0,0.0,653600000.0,531200000.0,122400000.0,7586409776.0,-146300000.0,-178200000.0,-160500000.0,79400000.0,-54600000.0,-135700000.0,-384000000.0,-90100000.0,367500000.0,5900000.0,333000000.0,333000000.0,333000000.0,3400000.0,0.0,0.18,676800000.0,464900000.0,49000000.0,0.163,4.571,22.782,22.894,331200000.0,0.0,73.26,4.09,4.088,313000000.0,1018200000.0,1854800000.0,1854800000.0,133000000.0,0.149,0.21,0.64,0.249,22800000.0,563600000.0,1.0,103554597.0,103500000.0,107000000.0,17.921,1527700000.0,41300000.0,113300000.0,108000000.0,14.76,570600000.0
46,BCR,MRT,2006-03-31,2006-03-31,2006-03-31,2021-09-13,4400000.0,2239200000.0,2173900000.0,1221900000.0,1017300000.0,0.831,15.402,-94100000.0,596400000.0,596400000.0,691800000.0,336900000.0,2.213,0.401,266400000.0,265600000.0,800000.0,266400000.0,0.0,58800000.0,0.0,0.008,0.51,462800000.0,521600000.0,0.289,521600000.0,462800000.0,449000000.0,3.22,3.13,3.22,1598700000.0,1545550000.0,1598700000.0,6599949389.0,14.0,12.653,279300000.0,2.691,1.0,1113900000.0,0.617,598500000.0,13800000.0,758500000.0,695650000.0,184400000.0,102400000.0,102400000.0,0.0,640500000.0,552200000.0,88300000.0,7052749389.0,40800000.0,-17300000.0,-145400000.0,114400000.0,-53800000.0,-84800000.0,-232200000.0,-91300000.0,373400000.0,-15600000.0,336900000.0,336900000.0,336900000.0,3700000.0,0.0,0.187,647400000.0,466500000.0,48900000.0,0.158,4.412,20.934,21.059,320600000.0,0.0,67.81,3.906,3.898,275500000.0,1019500000.0,1805700000.0,1805700000.0,124800000.0,0.155,0.218,0.665,0.256,16700000.0,546300000.0,1.0,104007512.0,103800000.0,107000000.0,17.396,1640700000.0,38500000.0,112100000.0,92700000.0,15.806,669700000.0
47,BCR,MRT,2005-12-31,2005-12-31,2005-12-31,2021-09-13,2600000.0,2265600000.0,2131050000.0,1264100000.0,1001500000.0,0.83,14.657,-97100000.0,754200000.0,754200000.0,678600000.0,337100000.0,1.973,0.475,301400000.0,300600000.0,800000.0,301400000.0,0.0,59900000.0,0.0,0.008,0.5,462600000.0,522500000.0,0.295,522500000.0,462600000.0,450400000.0,3.22,3.12,3.22,1536100000.0,1509175000.0,1536100000.0,6471977597.0,14.0,12.387,304000000.0,2.901,1.0,1089800000.0,0.616,591300000.0,12200000.0,580900000.0,671100000.0,169600000.0,4000000.0,4000000.0,0.0,729500000.0,640600000.0,88900000.0,6912877597.0,213400000.0,-10200000.0,-99300000.0,149400000.0,-52700000.0,-2600000.0,-166100000.0,10200000.0,401100000.0,-17100000.0,337100000.0,337100000.0,337100000.0,3300000.0,0.0,0.191,623900000.0,465900000.0,52500000.0,0.155,4.5,20.507,20.472,310000000.0,0.0,65.92,3.909,3.907,267700000.0,986000000.0,1768400000.0,1768400000.0,113700000.0,0.158,0.223,0.689,0.262,9300000.0,532600000.0,1.0,104867682.0,104800000.0,108000000.0,16.874,1674300000.0,37200000.0,113300000.0,106100000.0,15.976,623500000.0
48,BCR,MRT,2005-09-30,2005-09-30,2005-09-30,2021-09-13,17500000.0,2117400000.0,2066925000.0,1115600000.0,1001800000.0,0.843,14.721,-88600000.0,592400000.0,592400000.0,666400000.0,326800000.0,3.298,0.37,151500000.0,100000.0,151400000.0,151500000.0,0.0,59400000.0,0.0,0.007,0.49,444800000.0,504200000.0,0.289,504200000.0,444800000.0,432600000.0,3.12,3.02,3.12,1545700000.0,1465175000.0,1545700000.0,6537815644.0,15.0,12.967,272800000.0,2.598,1.0,1077000000.0,0.618,600000000.0,12200000.0,738200000.0,683200000.0,177500000.0,4100000.0,4100000.0,0.0,571700000.0,338300000.0,233400000.0,6952615644.0,111700000.0,1700000.0,-46800000.0,-100000.0,-51600000.0,-98500000.0,-151200000.0,6700000.0,361400000.0,2400000.0,326800000.0,326800000.0,326800000.0,0.0,0.0,0.187,632200000.0,444800000.0,48000000.0,0.157,4.498,21.275,21.163,299100000.0,0.0,66.03,3.988,3.977,280600000.0,996500000.0,1743400000.0,1743400000.0,113600000.0,0.158,0.223,0.651,0.255,11300000.0,536300000.0,1.0,105294800.0,105000000.0,108300000.0,16.604,1517400000.0,35100000.0,105800000.0,107700000.0,14.451,777300000.0
49,BCR,MRT,2005-06-30,2005-06-30,2005-06-30,2021-09-13,16100000.0,2073400000.0,2013975000.0,1085600000.0,987800000.0,0.855,14.275,-82800000.0,566300000.0,566300000.0,668100000.0,338800000.0,3.185,0.381,151500000.0,100000.0,151400000.0,151500000.0,0.0,60300000.0,0.0,0.007,0.48,477800000.0,538100000.0,0.312,538100000.0,477800000.0,465300000.0,3.24,3.14,3.24,1501700000.0,1396575000.0,1501700000.0,6587028216.0,14.0,12.241,252500000.0,2.4,1.0,1053900000.0,0.612,612700000.0,12500000.0,705000000.0,649550000.0,176400000.0,4600000.0,4600000.0,0.0,571700000.0,340900000.0,230800000.0,6991128216.0,120700000.0,81100000.0,-27700000.0,-61100000.0,-50500000.0,-139300000.0,-73700000.0,4400000.0,335300000.0,1300000.0,338800000.0,338800000.0,338800000.0,0.0,0.0,0.197,576100000.0,477800000.0,43500000.0,0.148,4.655,20.635,20.528,283800000.0,0.0,66.51,4.06,4.063,275300000.0,968300000.0,1722000000.0,1722000000.0,113000000.0,0.168,0.243,0.736,0.277,10200000.0,534400000.0,1.0,105113941.0,105200000.0,108500000.0,16.369,1460700000.0,35900000.0,126500000.0,108800000.0,13.885,744700000.0
50,BCR,MRT,2005-03-31,2005-03-31,2005-03-31,2021-09-13,45100000.0,2067800000.0,1960250000.0,1078900000.0,988900000.0,0.863,13.853,-73400000.0,555600000.0,555600000.0,663600000.0,312200000.0,2.835,0.423,151500000.0,100000.0,151400000.0,151500000.0,0.0,57600000.0,0.0,0.007,0.475,439500000.0,497100000.0,0.294,497100000.0,439500000.0,427100000.0,2.99,2.9,2.99,1453200000.0,1319975000.0,1453200000.0,6740898880.0,15.0,13.56,219000000.0,2.088,1.0,1027300000.0,0.608,622800000.0,12400000.0,660300000.0,629550000.0,171100000.0,4600000.0,4600000.0,0.0,614600000.0,380600000.0,234000000.0,7130198880.0,97200000.0,17300000.0,-12300000.0,-600000.0,-49900000.0,-62800000.0,-139800000.0,9400000.0,292400000.0,10800000.0,312200000.0,312200000.0,312200000.0,0.0,0.0,0.185,587800000.0,439500000.0,55800000.0,0.159,4.907,22.839,22.769,273900000.0,0.0,68.08,4.217,4.224,286400000.0,906300000.0,1690900000.0,1690900000.0,115600000.0,0.159,0.237,0.698,0.26,8900000.0,528900000.0,1.0,104732651.0,104900000.0,108200000.0,16.119,1445000000.0,37500000.0,114900000.0,129400000.0,13.775,698300000.0
51,BCR,MRT,2004-12-31,2004-12-31,2004-12-31,2021-09-13,46200000.0,2009100000.0,1889900000.0,1054000000.0,955100000.0,0.876,13.028,-70000000.0,540800000.0,540800000.0,660300000.0,302800000.0,2.7,0.477,151500000.0,100000.0,151400000.0,151500000.0,0.0,54700000.0,0.0,0.007,0.47,426900000.0,481600000.0,0.291,481600000.0,426900000.0,414200000.0,2.9,2.82,2.9,1360100000.0,1243225000.0,1360100000.0,6366406424.0,15.0,13.219,207200000.0,1.985,1.0,995800000.0,0.601,600200000.0,12700000.0,629300000.0,608100000.0,156700000.0,4600000.0,4600000.0,0.0,649000000.0,390300000.0,258700000.0,6695506424.0,123400000.0,19200000.0,-22300000.0,-16600000.0,-49200000.0,-88100000.0,-86900000.0,6200000.0,277200000.0,19300000.0,302800000.0,302800000.0,302800000.0,0.0,0.0,0.183,568900000.0,426900000.0,52200000.0,0.162,4.923,22.112,22.062,260800000.0,0.0,63.98,4.043,4.033,290100000.0,858100000.0,1656100000.0,1656100000.0,111600000.0,0.16,0.244,0.702,0.258,8000000.0,521000000.0,1.0,104649991.0,104400000.0,107200000.0,15.863,1408900000.0,37000000.0,111400000.0,116400000.0,13.495,663700000.0
52,BCR,MRT,2004-09-30,2004-09-30,2004-09-30,2021-09-13,13500000.0,1905600000.0,1810625000.0,970600000.0,935000000.0,0.891,12.154,-79000000.0,480700000.0,480700000.0,654600000.0,253600000.0,2.583,0.499,151600000.0,100000.0,151500000.0,151600000.0,0.0,55300000.0,0.0,0.008,0.465,351100000.0,406400000.0,0.252,406400000.0,351100000.0,338300000.0,2.43,2.36,2.43,1271300000.0,1164625000.0,1271300000.0,5703077684.0,16.0,14.033,209900000.0,2.007,1.0,958600000.0,0.594,597100000.0,12800000.0,603600000.0,583025000.0,150200000.0,4500000.0,4500000.0,0.0,634300000.0,375800000.0,258500000.0,5936177684.0,98200000.0,-2300000.0,-22400000.0,-29000000.0,-48500000.0,-99900000.0,-109200000.0,6200000.0,288900000.0,16000000.0,253600000.0,253600000.0,253600000.0,0.0,0.0,0.157,607500000.0,351100000.0,47900000.0,0.191,4.669,23.408,23.305,243300000.0,0.0,56.63,3.68,3.672,269600000.0,822600000.0,1613200000.0,1613200000.0,107900000.0,0.14,0.218,0.602,0.218,6900000.0,503800000.0,1.0,104823904.0,104600000.0,107400000.0,15.423,1308500000.0,38200000.0,84700000.0,105200000.0,12.51,594800000.0
53,BCR,MRT,2004-06-30,2004-06-30,2004-06-30,2021-09-13,12000000.0,1858500000.0,1734225000.0,924000000.0,934500000.0,0.896,11.438,-74300000.0,445600000.0,445600000.0,641200000.0,202700000.0,2.345,0.555,212500000.0,61100000.0,151400000.0,212500000.0,0.0,51500000.0,0.0,0.008,0.46,280300000.0,331800000.0,0.214,331800000.0,280300000.0,267700000.0,1.95,1.9,1.95,1195300000.0,1099500000.0,1195300000.0,5604382030.0,20.0,16.891,201500000.0,1.928,1.0,911900000.0,0.587,606400000.0,12600000.0,625000000.0,567575000.0,158300000.0,4600000.0,4600000.0,0.0,663200000.0,394000000.0,269200000.0,5910782030.0,52000000.0,-82800000.0,-11700000.0,28100000.0,-47900000.0,-31500000.0,-203500000.0,6200000.0,275800000.0,8300000.0,202700000.0,202700000.0,202700000.0,0.0,0.0,0.131,631600000.0,280300000.0,61600000.0,0.236,4.945,29.16,29.051,239800000.0,0.0,56.65,3.806,3.812,254700000.0,762800000.0,1553100000.0,1553100000.0,100900000.0,0.117,0.184,0.494,0.18,6800000.0,485300000.0,1.0,104338606.0,104500000.0,107500000.0,14.862,1252100000.0,38500000.0,65000000.0,78900000.0,11.982,530000000.0
54,BCR,MRT,2004-03-31,2004-03-31,2004-03-31,2021-09-13,19800000.0,1786400000.0,1660425000.0,934700000.0,851700000.0,0.898,11.021,-75900000.0,458400000.0,458400000.0,624800000.0,193500000.0,2.411,0.559,152000000.0,600000.0,151400000.0,152000000.0,0.0,48200000.0,0.0,0.009,0.455,269600000.0,317800000.0,0.213,317800000.0,269600000.0,256800000.0,1.87,1.82,1.87,1146200000.0,1051400000.0,1146200000.0,4823007878.0,18.0,15.176,203300000.0,1.955,1.0,866200000.0,0.581,517800000.0,12800000.0,574500000.0,553925000.0,160000000.0,4600000.0,4600000.0,0.0,640200000.0,387700000.0,252500000.0,5072307878.0,57600000.0,-59400000.0,-21800000.0,-1100000.0,-47300000.0,-70200000.0,-177200000.0,0.0,279200000.0,22400000.0,193500000.0,193500000.0,193500000.0,0.0,0.0,0.13,596600000.0,269600000.0,60400000.0,0.243,4.425,26.213,26.107,235200000.0,0.0,48.82,3.402,3.405,242700000.0,739900000.0,1491000000.0,1491000000.0,91100000.0,0.117,0.184,0.487,0.181,7400000.0,464700000.0,1.0,103898154.0,104000000.0,106600000.0,14.337,1268600000.0,60900000.0,63300000.0,96500000.0,12.198,547000000.0
55,BCR,MRT,2003-12-31,2003-12-31,2003-12-31,2021-09-13,100000.0,1692000000.0,1586425000.0,875100000.0,816900000.0,0.903,10.113,-70600000.0,417400000.0,417400000.0,609400000.0,168500000.0,2.074,0.618,168100000.0,16600000.0,151500000.0,168100000.0,0.0,44700000.0,0.0,0.011,0.45,235700000.0,280400000.0,0.196,280400000.0,235700000.0,223200000.0,1.63,1.6,1.63,1045700000.0,1001350000.0,1045700000.0,4002155062.0,17.0,14.273,193000000.0,1.867,1.0,823700000.0,0.575,491800000.0,12500000.0,529000000.0,538275000.0,156500000.0,4600000.0,4600000.0,0.0,646300000.0,421900000.0,224400000.0,4213655062.0,43700000.0,-70500000.0,-22900000.0,14600000.0,-46800000.0,-55100000.0,-185600000.0,0.0,263600000.0,20800000.0,168500000.0,168500000.0,168500000.0,0.0,0.0,0.118,588000000.0,235700000.0,56100000.0,0.276,4.03,25.007,24.923,222700000.0,0.0,40.625,2.94,2.931,224100000.0,703200000.0,1433100000.0,1433100000.0,87400000.0,0.106,0.168,0.438,0.164,10500000.0,448100000.0,1.0,103720740.0,103400000.0,105200000.0,13.86,1200200000.0,71300000.0,54700000.0,94400000.0,11.607,453200000.0
56,BCR,MRT,2003-09-30,2003-09-30,2003-09-30,2021-09-13,-31100000.0,1600000000.0,1517600000.0,804900000.0,795100000.0,0.912,9.757,-56700000.0,392000000.0,392000000.0,600500000.0,194500000.0,2.214,0.583,180500000.0,29000000.0,151500000.0,180500000.0,0.0,43000000.0,0.0,0.013,0.445,281100000.0,324100000.0,0.234,324100000.0,281100000.0,268500000.0,1.885,1.85,1.885,1010800000.0,960025000.0,1010800000.0,3460922712.0,12.0,10.679,199300000.0,1.924,1.0,783100000.0,0.566,483200000.0,12600000.0,541800000.0,530500000.0,156100000.0,0.0,0.0,0.0,589200000.0,363500000.0,225700000.0,3679622712.0,57400000.0,-56800000.0,-22600000.0,23400000.0,-46300000.0,-45500000.0,-163800000.0,0.0,256000000.0,10700000.0,194500000.0,194500000.0,194500000.0,0.0,0.0,0.141,502000000.0,281100000.0,48800000.0,0.236,3.64,18.918,18.833,198500000.0,0.0,35.5,2.659,2.658,212500000.0,709900000.0,1383600000.0,1383600000.0,80500000.0,0.128,0.203,0.53,0.203,9200000.0,427200000.0,1.0,103651344.0,103600000.0,105200000.0,13.355,1116800000.0,0.0,74000000.0,85800000.0,10.78,441400000.0
57,BCR,MRT,2003-06-30,2003-06-30,2003-06-30,2021-09-13,-12700000.0,1563300000.0,1438250000.0,829100000.0,734200000.0,0.935,9.699,-60600000.0,403100000.0,403100000.0,595000000.0,172800000.0,2.427,0.559,184400000.0,32600000.0,151800000.0,184400000.0,0.0,42100000.0,0.0,0.012,0.44,246600000.0,288700000.0,0.215,288700000.0,246600000.0,234100000.0,1.675,1.645,1.675,1002900000.0,919200000.0,1002900000.0,3454776371.0,14.0,11.967,197700000.0,1.912,1.0,749500000.0,0.557,432600000.0,12500000.0,570400000.0,511975000.0,160800000.0,0.0,0.0,0.0,560400000.0,341600000.0,218800000.0,3711376371.0,103300000.0,-55700000.0,-24500000.0,27200000.0,-45800000.0,-43100000.0,-134100000.0,0.0,258300000.0,22200000.0,172800000.0,172800000.0,172800000.0,0.0,0.0,0.129,502900000.0,246600000.0,49800000.0,0.263,3.701,21.478,21.287,194400000.0,0.0,35.655,2.76,2.742,213600000.0,684800000.0,1344500000.0,1344500000.0,73800000.0,0.12,0.188,0.482,0.183,9500000.0,410100000.0,1.0,104091330.0,103400000.0,105600000.0,13.003,1130700000.0,0.0,61300000.0,82100000.0,10.935,487500000.0
58,BCR,MRT,2003-03-31,2003-03-31,2003-03-31,2021-09-13,-35100000.0,1490400000.0,1359475000.0,809100000.0,681300000.0,0.962,9.149,-50400000.0,409600000.0,409600000.0,589400000.0,167200000.0,2.488,0.575,153000000.0,1000000.0,152000000.0,153000000.0,0.0,42200000.0,0.0,0.014,0.435,239800000.0,282000000.0,0.216,282000000.0,239800000.0,227300000.0,1.615,1.59,1.615,946000000.0,874475000.0,946000000.0,3385133300.0,14.0,12.004,227800000.0,2.203,1.0,718400000.0,0.549,396700000.0,12500000.0,511900000.0,494450000.0,154300000.0,0.0,0.0,0.0,544400000.0,325200000.0,219200000.0,3255133300.0,106600000.0,-15100000.0,-62500000.0,-4000000.0,-45400000.0,-111900000.0,-76500000.0,0.0,278200000.0,16800000.0,167200000.0,167200000.0,167200000.0,0.0,0.0,0.128,478600000.0,239800000.0,50200000.0,0.269,3.441,19.469,19.523,177500000.0,0.0,31.53,2.489,2.493,198200000.0,667800000.0,1307800000.0,1307800000.0,66900000.0,0.123,0.191,0.485,0.183,8200000.0,393000000.0,1.0,103239242.0,103400000.0,105000000.0,12.648,1093700000.0,0.0,60100000.0,99900000.0,10.577,483900000.0
59,BCR,MRT,2002-12-31,2002-12-31,2002-12-31,2021-09-13,-54500000.0,1416700000.0,1298950000.0,758000000.0,658700000.0,0.981,8.465,-41000000.0,373700000.0,373700000.0,582700000.0,155000000.0,2.392,0.609,153100000.0,900000.0,152200000.0,153100000.0,0.0,42300000.0,0.0,0.015,0.43,223600000.0,265900000.0,0.209,265900000.0,223600000.0,211000000.0,1.49,1.47,1.49,880400000.0,842350000.0,880400000.0,2819248394.0,13.0,10.603,220600000.0,2.121,1.0,691100000.0,0.543,381300000.0,12600000.0,497900000.0,492525000.0,147100000.0,9500000.0,9500000.0,0.0,536300000.0,316900000.0,219400000.0,2997648394.0,111400000.0,-4000000.0,-54700000.0,-4000000.0,-45000000.0,-103700000.0,-54400000.0,0.0,261600000.0,7900000.0,155000000.0,155000000.0,155000000.0,0.0,0.0,0.122,467500000.0,223600000.0,46900000.0,0.289,3.405,19.34,19.463,168000000.0,0.0,29.0,2.353,2.368,183400000.0,640700000.0,1273800000.0,1273800000.0,61700000.0,0.119,0.184,0.454,0.176,9900000.0,377200000.0,1.0,103367186.0,104000000.0,105600000.0,12.248,1035400000.0,61800000.0,56000000.0,88400000.0,9.956,441100000.0
60,BCR,MRT,2002-09-30,2002-09-30,2002-09-30,2021-09-13,-54500000.0,1282600000.0,1264750000.0,697600000.0,585000000.0,0.984,8.196,-35800000.0,335200000.0,335200000.0,576000000.0,147700000.0,2.637,0.513,156800000.0,4400000.0,152400000.0,156800000.0,0.0,44800000.0,0.0,0.016,0.425,215300000.0,260100000.0,0.209,260100000.0,215300000.0,202800000.0,1.42,1.395,1.42,847500000.0,819425000.0,847500000.0,2673211328.0,12.0,10.278,226700000.0,2.192,1.0,668900000.0,0.537,372000000.0,12500000.0,467700000.0,557725000.0,155900000.0,0.0,0.0,0.0,435100000.0,264500000.0,170600000.0,2816711328.0,139400000.0,-31600000.0,-14300000.0,-700000.0,-44500000.0,-59500000.0,-69200000.0,17200000.0,262500000.0,5600000.0,147700000.0,147700000.0,147700000.0,0.0,0.0,0.119,453600000.0,215300000.0,46100000.0,0.299,3.324,19.07,19.236,162400000.0,0.0,27.315,2.263,2.269,188200000.0,613900000.0,1244900000.0,1244900000.0,57200000.0,0.117,0.18,0.386,0.173,9700000.0,368200000.0,1.0,103119580.0,103400000.0,104600000.0,12.04,910600000.0,0.0,55100000.0,30900000.0,8.807,433100000.0
61,BCR,MRT,2002-06-30,2002-06-30,2002-06-30,2021-09-13,-67400000.0,1248200000.0,1235425000.0,670800000.0,577400000.0,0.988,7.878,-23000000.0,300400000.0,300400000.0,566300000.0,153600000.0,2.852,0.515,156900000.0,900000.0,156000000.0,156900000.0,0.0,46900000.0,0.0,0.015,0.42,230200000.0,277100000.0,0.227,277100000.0,230200000.0,217300000.0,1.48,1.45,1.48,824000000.0,788700000.0,824000000.0,2830208815.0,12.0,10.214,246300000.0,2.355,1.0,653700000.0,0.536,369200000.0,12900000.0,500300000.0,576000000.0,162400000.0,0.0,0.0,0.0,424200000.0,235200000.0,189000000.0,2976008815.0,148500000.0,-31600000.0,21700000.0,-48100000.0,-43800000.0,-64500000.0,-56100000.0,14300000.0,269300000.0,-200000.0,153600000.0,153600000.0,153600000.0,0.0,0.0,0.126,423500000.0,230200000.0,47400000.0,0.284,3.612,19.375,19.115,158500000.0,0.0,28.29,2.439,2.426,191900000.0,611200000.0,1220000000.0,1220000000.0,55400000.0,0.124,0.195,0.4,0.189,9100000.0,364200000.0,1.0,105196494.0,104600000.0,106200000.0,11.663,879000000.0,0.0,63700000.0,35100000.0,8.403,435600000.0
62,BCR,MRT,2002-03-31,2002-03-31,2002-03-31,2021-09-13,-82300000.0,1248300000.0,1201725000.0,670900000.0,577400000.0,0.997,7.786,-25500000.0,302800000.0,302800000.0,557500000.0,144700000.0,2.945,0.527,157000000.0,800000.0,156200000.0,157000000.0,0.0,50000000.0,0.0,0.014,0.42,219300000.0,269300000.0,0.225,269300000.0,219300000.0,205900000.0,1.405,1.375,1.405,817500000.0,746325000.0,817500000.0,3227880375.0,15.0,11.986,233200000.0,2.221,1.0,640900000.0,0.535,370500000.0,13400000.0,504200000.0,600600000.0,171000000.0,0.0,0.0,0.0,430800000.0,227800000.0,203000000.0,3101480375.0,172100000.0,-31600000.0,79700000.0,-48200000.0,-43400000.0,-15200000.0,-66800000.0,5200000.0,258700000.0,-4600000.0,144700000.0,144700000.0,144700000.0,0.0,0.0,0.121,421600000.0,219300000.0,41100000.0,0.299,3.794,21.434,21.014,156400000.0,0.0,29.525,2.588,2.587,183900000.0,625800000.0,1198400000.0,1198400000.0,54100000.0,0.12,0.194,0.365,0.183,11700000.0,365100000.0,1.0,105045906.0,105000000.0,106400000.0,11.413,877800000.0,0.0,61200000.0,44200000.0,8.36,443100000.0
63,BCR,MRT,2001-12-31,2001-12-31,2001-12-31,2021-09-13,-76400000.0,1279900000.0,1165850000.0,669700000.0,610200000.0,1.013,7.702,-27400000.0,30800000.0,30800000.0,550500000.0,143200000.0,2.403,0.623,157200000.0,800000.0,156400000.0,157200000.0,0.0,53200000.0,0.0,0.013,0.42,219100000.0,272300000.0,0.231,272300000.0,219100000.0,204900000.0,1.4,1.375,1.4,788700000.0,701325000.0,788700000.0,3260068050.0,15.0,11.972,229300000.0,2.239,1.0,630800000.0,0.534,368900000.0,14200000.0,758700000.0,625325000.0,182000000.0,240200000.0,240200000.0,0.0,491200000.0,278700000.0,212500000.0,3296268050.0,148200000.0,-31600000.0,57200000.0,-47900000.0,-43100000.0,-33800000.0,-72100000.0,0.0,256700000.0,-2600000.0,143200000.0,143200000.0,143200000.0,0.0,0.0,0.121,411700000.0,219100000.0,43600000.0,0.3,4.179,23.019,23.036,157900000.0,0.0,32.25,2.79,2.796,176800000.0,602100000.0,1181300000.0,1181300000.0,53400000.0,0.123,0.204,0.35,0.185,5700000.0,364200000.0,1.0,102209862.0,102400000.0,104000000.0,11.536,911000000.0,0.0,61700000.0,77100000.0,8.896,391000000.0
64,BCR,MRT,2001-09-30,2001-09-30,2001-09-30,2021-09-13,-70400000.0,1165300000.0,1118175000.0,601400000.0,563900000.0,1.036,7.062,-27700000.0,193700000.0,193700000.0,538600000.0,112200000.0,2.552,0.608,157500000.0,800000.0,156700000.0,157500000.0,0.0,52800000.0,0.0,0.016,0.42,174500000.0,227300000.0,0.196,227300000.0,174500000.0,159400000.0,1.1,1.085,1.1,724600000.0,657625000.0,724600000.0,2687278020.0,15.0,11.823,234200000.0,2.283,1.0,620200000.0,0.535,352600000.0,15100000.0,540800000.0,608725000.0,194300000.0,0.0,0.0,0.0,440700000.0,235700000.0,205000000.0,2637578020.0,99800000.0,-20100000.0,25500000.0,-68100000.0,-42900000.0,-85500000.0,-68400000.0,10600000.0,261900000.0,-8200000.0,112200000.0,112200000.0,112200000.0,0.0,0.0,0.097,445700000.0,174500000.0,40200000.0,0.382,3.64,23.508,23.368,156900000.0,0.0,25.705,2.276,2.276,194600000.0,573700000.0,1158800000.0,1158800000.0,52800000.0,0.1,0.171,0.287,0.151,10000000.0,362500000.0,1.0,102609532.0,102600000.0,104600000.0,11.294,812700000.0,0.0,47200000.0,45200000.0,7.921,365700000.0
65,BCR,MRT,2001-06-30,2001-06-30,2001-06-30,2021-09-13,-86300000.0,1113400000.0,1107525000.0,549400000.0,564000000.0,1.026,6.455,-26200000.0,149800000.0,149800000.0,525200000.0,110500000.0,2.595,0.701,199500000.0,800000.0,198700000.0,199500000.0,0.0,52300000.0,0.0,0.015,0.42,174000000.0,226300000.0,0.199,226300000.0,174000000.0,157500000.0,1.085,1.075,1.085,654500000.0,630350000.0,654500000.0,2959030381.0,17.0,13.076,208500000.0,2.056,1.0,611200000.0,0.538,352700000.0,16500000.0,598700000.0,619025000.0,197200000.0,0.0,0.0,0.0,458900000.0,211700000.0,247200000.0,2886130381.0,82000000.0,-20100000.0,15100000.0,-83000000.0,-42900000.0,-87500000.0,-58800000.0,18700000.0,234700000.0,-6400000.0,110500000.0,110500000.0,110500000.0,0.0,0.0,0.097,437200000.0,174000000.0,45400000.0,0.387,4.41,26.119,26.244,156300000.0,0.0,28.475,2.54,2.541,184400000.0,548800000.0,1136400000.0,1136400000.0,52700000.0,0.1,0.175,0.281,0.153,8900000.0,359200000.0,1.0,101356642.0,101400000.0,102800000.0,11.207,760700000.0,0.0,47000000.0,36300000.0,7.502,337700000.0
66,BCR,MRT,2001-03-31,2001-03-31,2001-03-31,2021-09-13,-71000000.0,1104800000.0,1105475000.0,539100000.0,565700000.0,1.009,6.287,-22000000.0,128400000.0,128400000.0,511500000.0,108600000.0,2.453,0.733,201300000.0,800000.0,200500000.0,201300000.0,0.0,51000000.0,0.0,0.018,0.415,173900000.0,224900000.0,0.202,224900000.0,173900000.0,155900000.0,1.07,1.06,1.07,637500000.0,615825000.0,637500000.0,2487753434.0,14.0,11.062,199300000.0,1.965,1.0,603600000.0,0.541,354800000.0,18000000.0,603100000.0,621200000.0,200500000.0,0.0,0.0,0.0,467300000.0,219800000.0,247500000.0,2303953434.0,74400000.0,-20100000.0,1000000.0,-83000000.0,-42300000.0,-89500000.0,-51000000.0,22300000.0,221300000.0,-6400000.0,108600000.0,108600000.0,108600000.0,0.0,0.0,0.097,429700000.0,173900000.0,52600000.0,0.388,3.614,21.215,21.215,156800000.0,0.0,22.7,2.066,2.064,192200000.0,525400000.0,1115100000.0,1115100000.0,53200000.0,0.098,0.176,0.28,0.156,5800000.0,353900000.0,1.0,101495746.0,101400000.0,102600000.0,10.997,750000000.0,0.0,47300000.0,39700000.0,7.396,319300000.0
67,BCR,MRT,2000-12-31,2000-12-31,2000-12-31,2021-09-13,-80200000.0,1089200000.0,1103575000.0,526600000.0,562600000.0,0.996,6.054,-19400000.0,21300000.0,21300000.0,499300000.0,106900000.0,2.346,0.774,205100000.0,800000.0,204300000.0,205100000.0,0.0,49600000.0,0.0,0.018,0.41,173300000.0,222900000.0,0.203,222900000.0,173300000.0,154000000.0,1.055,1.045,1.055,613900000.0,600775000.0,613900000.0,2498257497.0,14.0,11.208,204100000.0,2.013,1.0,599500000.0,0.546,356200000.0,19300000.0,692300000.0,622000000.0,193500000.0,98400000.0,98400000.0,0.0,475300000.0,224500000.0,250800000.0,2366957497.0,21400000.0,-20100000.0,-200000.0,-83000000.0,-41800000.0,-125000000.0,-70700000.0,0.0,223500000.0,-6400000.0,106900000.0,106900000.0,106900000.0,0.0,0.0,0.097,441600000.0,157900000.0,56000000.0,0.389,3.856,22.142,22.066,155500000.0,0.0,23.28,2.154,2.148,195800000.0,519400000.0,1098800000.0,1098800000.0,53200000.0,0.097,0.178,0.279,0.158,5800000.0,352000000.0,1.0,101673432.0,101400000.0,102400000.0,10.836,733000000.0,0.0,47100000.0,31500000.0,7.229,302100000.0
68,BCR,MRT,2000-09-30,2000-09-30,2000-09-30,2021-09-13,-76100000.0,1122700000.0,1112875000.0,515400000.0,607300000.0,0.979,6.062,-17300000.0,94500000.0,94500000.0,493100000.0,131800000.0,1.658,0.824,225800000.0,68400000.0,157400000.0,225800000.0,0.0,50100000.0,0.0,0.019,0.405,211900000.0,262000000.0,0.241,262000000.0,211900000.0,191300000.0,1.3,1.285,1.3,615500000.0,590875000.0,615500000.0,2325580594.0,11.0,8.876,146100000.0,1.439,1.0,596100000.0,0.547,361200000.0,20600000.0,582000000.0,626000000.0,203500000.0,0.0,0.0,0.0,507200000.0,310800000.0,196400000.0,2144080594.0,28400000.0,9000000.0,-3400000.0,65100000.0,-41400000.0,-92700000.0,-40900000.0,15100000.0,163400000.0,-1400000.0,131800000.0,131800000.0,131800000.0,0.0,0.0,0.121,408800000.0,187300000.0,44800000.0,0.312,3.483,16.268,16.238,156900000.0,0.0,21.11,1.968,1.968,197800000.0,521700000.0,1089200000.0,1089200000.0,54100000.0,0.118,0.223,0.338,0.195,6000000.0,346300000.0,1.0,101567058.0,101534000.0,,10.727,761500000.0,0.0,59500000.0,49800000.0,7.5,204600000.0
69,BCR,MRT,2000-06-30,2000-06-30,2000-06-30,2021-09-13,-63600000.0,1105200000.0,1111450000.0,485800000.0,619400000.0,0.966,5.902,-21900000.0,67500000.0,67500000.0,483200000.0,127900000.0,1.558,0.853,249000000.0,90700000.0,158300000.0,249000000.0,0.0,49800000.0,0.0,0.017,0.4,206700000.0,256500000.0,0.239,256500000.0,206700000.0,185900000.0,1.26,1.245,1.26,596400000.0,580975000.0,596400000.0,2629995747.0,13.0,10.253,143900000.0,1.424,1.0,590100000.0,0.55,367500000.0,20800000.0,607400000.0,635525000.0,201600000.0,0.0,0.0,0.0,508800000.0,311800000.0,197000000.0,2429695747.0,12700000.0,9000000.0,-25500000.0,127500000.0,-40900000.0,-64000000.0,-87700000.0,-27100000.0,165800000.0,-1400000.0,127900000.0,127900000.0,127900000.0,0.0,0.0,0.119,408000000.0,182100000.0,45700000.0,0.317,4.074,18.997,19.103,163800000.0,0.0,24.07,2.264,2.266,198100000.0,500100000.0,1073300000.0,1073300000.0,53200000.0,0.115,0.22,0.325,0.193,6000000.0,341000000.0,1.0,100942906.0,101042000.0,,10.622,737700000.0,0.0,58000000.0,40900000.0,7.301,174000000.0
70,BCR,MRT,2000-03-31,2000-03-30,2000-03-30,2021-09-13,-54700000.0,1097200000.0,1103750000.0,471800000.0,625400000.0,0.957,5.704,-24100000.0,52700000.0,52700000.0,473200000.0,123000000.0,1.461,0.901,253000000.0,94900000.0,158100000.0,253000000.0,0.0,61300000.0,0.0,0.021,0.395,199300000.0,260600000.0,0.247,260600000.0,199300000.0,178900000.0,1.205,1.195,1.205,577300000.0,570200000.0,577300000.0,2196891083.0,11.0,8.43,152200000.0,1.504,1.0,583300000.0,0.552,368300000.0,20400000.0,606300000.0,632125000.0,205300000.0,0.0,0.0,0.0,519900000.0,322900000.0,197000000.0,1925491083.0,1600000.0,9000000.0,-28700000.0,127500000.0,-40500000.0,-86200000.0,-87100000.0,-24300000.0,176300000.0,-1400000.0,123000000.0,123000000.0,123000000.0,0.0,0.0,0.116,408600000.0,174700000.0,48600000.0,0.328,3.335,15.654,15.718,167400000.0,0.0,18.94,1.823,1.815,196400000.0,482700000.0,1056500000.0,1056500000.0,53600000.0,0.111,0.216,0.315,0.189,6000000.0,335300000.0,1.0,101662676.0,101218000.0,,10.438,728900000.0,0.0,55900000.0,46100000.0,7.201,148900000.0
71,BCR,MRT,1999-12-31,1999-12-31,1999-12-31,2021-09-13,-48600000.0,1126400000.0,1102775000.0,529100000.0,597300000.0,0.94,5.61,-26100000.0,17300000.0,17300000.0,462300000.0,118100000.0,1.501,0.961,288700000.0,130300000.0,158400000.0,288700000.0,0.0,49100000.0,0.0,0.015,0.39,192600000.0,241700000.0,0.233,241700000.0,192600000.0,173300000.0,1.155,1.14,1.155,574300000.0,561875000.0,574300000.0,2909342069.0,15.0,12.037,64400000.0,0.629,1.0,574200000.0,0.554,337000000.0,19300000.0,708300000.0,630525000.0,204000000.0,78600000.0,78600000.0,0.0,552100000.0,352500000.0,199600000.0,2713042069.0,51500000.0,9000000.0,-60200000.0,127500000.0,-40100000.0,27200000.0,-64800000.0,0.0,90500000.0,-1400000.0,118100000.0,118100000.0,118100000.0,0.0,0.0,0.114,390800000.0,183400000.0,54300000.0,0.338,4.724,22.972,22.944,169700000.0,0.0,26.5,2.618,2.618,212900000.0,473500000.0,1036500000.0,1036500000.0,53800000.0,0.107,0.21,0.305,0.186,6000000.0,330500000.0,1.0,102378946.0,102378946.0,,10.124,789400000.0,0.0,55200000.0,32100000.0,7.711,176600000.0
72,BCR,MRT,1999-09-30,1999-09-30,1999-09-30,2021-09-13,-39500000.0,1117000000.0,1091125000.0,509800000.0,607200000.0,0.949,5.629,-30700000.0,59500000.0,59500000.0,463800000.0,248600000.0,1.481,0.94,255800000.0,97000000.0,158800000.0,255800000.0,0.0,51900000.0,0.0,0.016,0.385,474600000.0,526500000.0,0.509,526500000.0,474600000.0,457000000.0,2.315,2.295,2.315,575900000.0,560200000.0,575900000.0,2602275151.0,5.0,4.943,65800000.0,0.643,1.0,571300000.0,0.552,349000000.0,17600000.0,620100000.0,592075000.0,209400000.0,0.0,0.0,0.0,541100000.0,344200000.0,196900000.0,2411275151.0,25300000.0,431800000.0,-214700000.0,-272400000.0,-40100000.0,-414200000.0,343800000.0,-25300000.0,96500000.0,-800000.0,248600000.0,248600000.0,248600000.0,0.0,0.0,0.24,425900000.0,145400000.0,47400000.0,0.166,4.187,9.699,10.164,171600000.0,0.0,23.53,2.33,2.326,203600000.0,465500000.0,1035100000.0,1035100000.0,54200000.0,0.228,0.444,0.802,0.459,3600000.0,338400000.0,1.0,102476632.0,102304000.0,,10.118,768000000.0,0.0,208400000.0,27100000.0,7.507,165600000.0
73,BCR,MRT,1999-06-30,1999-06-30,1999-06-30,2021-09-13,-45500000.0,1074400000.0,1126300000.0,500100000.0,574300000.0,0.954,5.411,-34700000.0,49600000.0,49600000.0,492500000.0,242000000.0,1.547,0.942,240600000.0,81600000.0,159000000.0,240600000.0,0.0,53000000.0,0.0,0.016,0.38,467300000.0,520300000.0,0.484,520300000.0,467300000.0,447200000.0,2.23,2.215,2.23,553300000.0,555200000.0,553300000.0,2669471733.0,6.0,5.131,42600000.0,0.417,1.0,581600000.0,0.541,348300000.0,20100000.0,593800000.0,628075000.0,203900000.0,0.0,0.0,0.0,521100000.0,323300000.0,197800000.0,2457271733.0,-23300000.0,431800000.0,-266700000.0,-261000000.0,-40500000.0,-472100000.0,372300000.0,7200000.0,77300000.0,-800000.0,242000000.0,242000000.0,242000000.0,0.0,0.0,0.225,443500000.0,138100000.0,48800000.0,0.17,4.441,10.154,10.72,170300000.0,0.0,23.905,2.288,2.276,202400000.0,447200000.0,1074100000.0,1074100000.0,61000000.0,0.215,0.436,0.744,0.435,3600000.0,349900000.0,1.0,102793212.0,102256000.0,,10.504,726100000.0,0.0,205200000.0,29900000.0,7.101,176800000.0
74,BCR,MRT,1999-03-31,1999-03-31,1999-03-31,2021-09-13,-33100000.0,1093300000.0,1178650000.0,512500000.0,580800000.0,0.948,5.299,-40400000.0,47300000.0,47300000.0,522600000.0,254000000.0,1.459,1.01,259500000.0,100000000.0,159500000.0,259500000.0,0.0,58700000.0,0.0,0.015,0.375,490400000.0,549100000.0,0.492,549100000.0,490400000.0,468000000.0,2.31,2.295,2.31,544000000.0,563950000.0,544000000.0,2731414573.0,6.0,4.974,73800000.0,0.719,1.0,594300000.0,0.532,354400000.0,22400000.0,599900000.0,696700000.0,199400000.0,0.0,0.0,0.0,549300000.0,351200000.0,198100000.0,2595014573.0,-11000000.0,431800000.0,-284600000.0,-281800000.0,-41000000.0,-492500000.0,368100000.0,8700000.0,114200000.0,-800000.0,254000000.0,254000000.0,254000000.0,0.0,0.0,0.227,433100000.0,161200000.0,53200000.0,0.162,4.77,10.217,10.918,171300000.0,0.0,25.22,2.323,2.318,220600000.0,430300000.0,1116900000.0,1116900000.0,67300000.0,0.216,0.45,0.704,0.439,3600000.0,364600000.0,1.0,102895106.0,102664000.0,,10.879,738900000.0,0.0,214000000.0,29100000.0,7.197,161300000.0
75,BCR,MRT,1998-12-31,1998-12-31,1998-12-31,2021-09-13,-23100000.0,1079800000.0,1226075000.0,488500000.0,591300000.0,0.95,5.295,-43800000.0,25600000.0,25600000.0,554100000.0,252300000.0,1.613,0.902,162000000.0,2000000.0,160000000.0,162000000.0,0.0,58700000.0,0.0,0.015,0.37,490800000.0,549500000.0,0.472,549500000.0,490800000.0,464400000.0,2.27,2.255,2.27,567600000.0,572200000.0,567600000.0,3046337858.0,6.0,5.544,164400000.0,1.534,1.0,610600000.0,0.524,358900000.0,26400000.0,554500000.0,778400000.0,182500000.0,16800000.0,16800000.0,0.0,512200000.0,302800000.0,209400000.0,2653337858.0,4800000.0,431800000.0,-235300000.0,-281800000.0,-41500000.0,-558600000.0,356000000.0,0.0,208200000.0,-800000.0,252300000.0,252300000.0,252300000.0,0.0,0.0,0.217,449000000.0,161600000.0,67400000.0,0.163,4.675,10.517,10.903,172700000.0,0.0,24.75,2.278,2.278,217800000.0,453600000.0,1164700000.0,1164700000.0,72700000.0,0.206,0.441,0.631,0.421,3600000.0,379200000.0,1.0,107205570.0,107205570.0,,10.864,720900000.0,0.0,212100000.0,46000000.0,6.724,185700000.0
76,BCR,MRT,1998-09-30,1998-09-30,1998-09-30,2021-09-13,-43500000.0,1257700000.0,1275950000.0,573700000.0,684000000.0,0.946,4.969,-41500000.0,33300000.0,33300000.0,577000000.0,112400000.0,1.164,1.262,426300000.0,266000000.0,160300000.0,426300000.0,0.0,56100000.0,0.0,0.02,0.365,197800000.0,253900000.0,0.21,253900000.0,197800000.0,166900000.0,0.995,0.995,0.995,555900000.0,573575000.0,555900000.0,2418306061.0,12.0,9.525,149100000.0,1.333,1.0,629700000.0,0.522,393800000.0,30900000.0,764100000.0,884775000.0,268700000.0,0.0,0.0,0.0,701800000.0,492800000.0,209000000.0,2070006061.0,7000000.0,5000000.0,-67400000.0,-15900000.0,-41500000.0,-124800000.0,-56000000.0,-4200000.0,190600000.0,-2800000.0,112400000.0,112400000.0,112400000.0,0.0,0.0,0.093,431900000.0,197800000.0,56100000.0,0.367,3.724,18.416,18.533,216500000.0,0.0,18.44,1.715,1.71,248800000.0,484400000.0,1206700000.0,1206700000.0,80500000.0,0.088,0.196,0.224,0.164,2800000.0,388900000.0,1.0,112256294.0,111872000.0,,10.786,863900000.0,0.0,54500000.0,22200000.0,7.722,80900000.0
77,BCR,MRT,1998-06-30,1998-06-30,1998-06-30,2021-09-13,-51400000.0,1283800000.0,1281775000.0,596200000.0,687600000.0,0.941,5.198,-36300000.0,71600000.0,71600000.0,571400000.0,85100000.0,1.633,1.182,419900000.0,139700000.0,280200000.0,419900000.0,0.0,56800000.0,0.0,0.019,0.36,159300000.0,216100000.0,0.179,216100000.0,159300000.0,127800000.0,0.75,0.75,0.75,588300000.0,575025000.0,588300000.0,2543709017.0,16.0,11.771,128400000.0,1.134,1.0,634300000.0,0.526,398700000.0,31500000.0,868300000.0,927050000.0,265100000.0,0.0,0.0,0.0,695500000.0,365100000.0,330400000.0,2161409017.0,10400000.0,22500000.0,-29400000.0,-65200000.0,-41100000.0,-135700000.0,-15800000.0,13300000.0,164700000.0,-2800000.0,85100000.0,85100000.0,85100000.0,0.0,0.0,0.071,475000000.0,159300000.0,59500000.0,0.48,3.674,25.398,25.373,210300000.0,0.0,19.03,1.793,1.786,236300000.0,530300000.0,1205700000.0,1205700000.0,83200000.0,0.066,0.148,0.172,0.132,2800000.0,392500000.0,1.0,113579034.0,113186000.0,,10.652,885100000.0,0.0,42700000.0,14700000.0,7.82,231100000.0
78,BCR,MRT,1998-03-31,1998-03-31,1998-03-31,2021-09-13,-51900000.0,1283000000.0,1292675000.0,575900000.0,707100000.0,0.935,5.078,-33900000.0,57100000.0,57100000.0,570500000.0,71100000.0,1.822,1.224,439400000.0,99100000.0,340300000.0,439400000.0,0.0,57300000.0,0.0,0.019,0.355,136200000.0,193500000.0,0.16,193500000.0,136200000.0,103300000.0,0.625,0.62,0.625,577000000.0,579750000.0,577000000.0,2524202096.0,19.0,13.045,103300000.0,0.909,1.0,638600000.0,0.528,422600000.0,32900000.0,926700000.0,955150000.0,255600000.0,0.0,0.0,0.0,706000000.0,316000000.0,390000000.0,2088502096.0,22300000.0,22500000.0,-16300000.0,-40300000.0,-40600000.0,-91300000.0,-20800000.0,5900000.0,137200000.0,-2800000.0,71100000.0,71100000.0,71100000.0,0.0,0.0,0.059,502400000.0,136200000.0,59200000.0,0.568,3.62,29.374,29.4,206700000.0,0.0,18.375,1.727,1.727,238800000.0,521300000.0,1209100000.0,1209100000.0,83900000.0,0.055,0.123,0.143,0.113,2800000.0,391700000.0,1.0,113659978.0,113638000.0,,10.64,860400000.0,0.0,32200000.0,29100000.0,7.571,259900000.0
79,BCR,MRT,1997-12-31,1997-12-31,1997-12-31,2021-09-13,-38500000.0,1279300000.0,1301300000.0,563500000.0,715800000.0,0.933,5.035,-32800000.0,8000000.0,8000000.0,572800000.0,72300000.0,1.814,1.232,443700000.0,103000000.0,340700000.0,443700000.0,0.0,57300000.0,0.0,0.022,0.35,137800000.0,195100000.0,0.161,195100000.0,137800000.0,104900000.0,0.635,0.63,0.635,573100000.0,584150000.0,573100000.0,2183542108.0,16.0,11.192,65700000.0,0.577,1.0,640700000.0,0.528,424400000.0,32900000.0,980000000.0,961750000.0,241700000.0,52700000.0,52700000.0,0.0,706200000.0,310600000.0,395600000.0,1781742108.0,-27200000.0,22500000.0,-17000000.0,-40300000.0,-40000000.0,-97300000.0,-25600000.0,0.0,98500000.0,-2800000.0,72300000.0,72300000.0,72300000.0,0.0,0.0,0.06,502900000.0,137800000.0,60400000.0,0.551,3.109,24.644,24.654,206400000.0,0.0,15.655,1.468,1.468,240600000.0,506700000.0,1213500000.0,1213500000.0,85800000.0,0.056,0.124,0.143,0.114,2800000.0,390500000.0,1.0,113812974.0,113812974.0,,10.662,854900000.0,0.0,32600000.0,18400000.0,7.511,252900000.0
80,BCR,MRT,1997-09-30,1997-09-30,1997-09-30,2021-09-13,0.0,1281000000.0,1314600000.0,548200000.0,732800000.0,0.925,4.923,-42200000.0,40300000.0,40300000.0,577000000.0,75000000.0,1.669,1.281,442100000.0,101300000.0,340800000.0,442100000.0,0.0,59400000.0,0.0,0.02,0.345,141100000.0,200500000.0,0.165,200500000.0,141100000.0,108500000.0,0.655,,0.655,561700000.0,591250000.0,561700000.0,2362548596.0,17.0,11.783,82500000.0,0.723,1.0,639400000.0,0.526,421200000.0,32600000.0,933200000.0,973950000.0,247900000.0,0.0,0.0,0.0,719300000.0,328400000.0,390900000.0,1952048596.0,-30200000.0,11900000.0,-21000000.0,-27800000.0,-39400000.0,-88200000.0,-66300000.0,1700000.0,124700000.0,-400000.0,75000000.0,75000000.0,75000000.0,0.0,0.0,0.062,498300000.0,141100000.0,50400000.0,0.527,3.475,26.027,25.954,217700000.0,0.0,17.0,1.605,1.595,237100000.0,496100000.0,1216400000.0,1216400000.0,83700000.0,0.057,0.127,0.145,0.116,2200000.0,387600000.0,1.0,114826388.0,114108000.0,,10.66,859800000.0,0.0,33500000.0,15500000.0,7.535,219800000.0
81,BCR,MRT,1997-06-30,1997-06-30,1997-06-30,2021-09-13,0.0,1327400000.0,,585000000.0,742400000.0,,5.324,-41900000.0,75700000.0,75700000.0,584300000.0,90200000.0,1.794,1.186,486200000.0,144900000.0,341300000.0,486200000.0,0.0,56500000.0,0.0,0.019,0.34,159700000.0,216200000.0,0.178,216200000.0,159700000.0,128700000.0,0.79,,0.79,607200000.0,,607200000.0,2475370698.0,16.0,11.449,122400000.0,1.073,1.0,630400000.0,0.519,431200000.0,31000000.0,980700000.0,,249600000.0,0.0,0.0,0.0,720200000.0,326000000.0,394200000.0,2077070698.0,2400000.0,-199400000.0,-3900000.0,142600000.0,-38800000.0,99900000.0,-261400000.0,17600000.0,164300000.0,-400000.0,90200000.0,90200000.0,90200000.0,0.0,0.0,0.074,470700000.0,159700000.0,51300000.0,0.43,3.421,23.027,23.025,223200000.0,0.0,18.19,1.71,1.708,247800000.0,530900000.0,1214700000.0,1214700000.0,80800000.0,,,,0.131,2200000.0,380100000.0,1.0,114187504.0,114042000.0,,10.651,896200000.0,0.0,38500000.0,14800000.0,7.859,259000000.0
82,BCR,MRT,1997-03-31,1997-03-31,1997-03-31,2021-09-13,0.0,1317500000.0,,574700000.0,742800000.0,,5.213,-42300000.0,84000000.0,84000000.0,583900000.0,91500000.0,1.753,1.216,482300000.0,139600000.0,342700000.0,482300000.0,0.0,57400000.0,0.0,0.024,0.335,158600000.0,216000000.0,0.179,216000000.0,158600000.0,130000000.0,0.8,,0.8,594600000.0,,594600000.0,2083439599.0,13.0,9.646,74800000.0,0.656,1.0,622000000.0,0.516,434800000.0,28600000.0,953100000.0,,242000000.0,0.0,0.0,0.0,722900000.0,327900000.0,395000000.0,1603739599.0,-1900000.0,-199400000.0,-6700000.0,236200000.0,-38300000.0,140900000.0,-259500000.0,19900000.0,117100000.0,-400000.0,91500000.0,91500000.0,91500000.0,0.0,0.0,0.076,463400000.0,158600000.0,50100000.0,0.419,2.697,17.527,17.581,223500000.0,0.0,14.065,1.33,1.33,237900000.0,522400000.0,1205900000.0,1205900000.0,79100000.0,,,,0.132,2200000.0,373500000.0,1.0,114023434.0,114058000.0,,10.573,882700000.0,0.0,38500000.0,19600000.0,7.739,246800000.0
83,BCR,MRT,1996-12-31,1996-12-31,1996-12-31,2021-09-13,0.0,1332500000.0,1211750000.0,576900000.0,755600000.0,0.986,5.275,-41600000.0,11300000.0,11300000.0,581300000.0,92500000.0,1.716,1.215,491000000.0,148200000.0,342800000.0,491000000.0,0.0,57400000.0,0.0,0.024,0.33,129100000.0,186500000.0,0.156,186500000.0,129100000.0,102700000.0,0.81,0.805,0.81,601500000.0,583050000.0,601500000.0,,,,80900000.0,0.71,1.0,613100000.0,0.513,447200000.0,26400000.0,1028800000.0,893500000.0,245000000.0,66700000.0,66700000.0,0.0,731000000.0,336200000.0,394800000.0,1596328076.0,26200000.0,-199400000.0,-15700000.0,236200000.0,-37700000.0,182800000.0,-278700000.0,0.0,122500000.0,-400000.0,92500000.0,92500000.0,92500000.0,0.0,0.0,0.077,484000000.0,129100000.0,59200000.0,0.407,2.654,17.258,17.284,226100000.0,0.0,14.0,1.337,1.337,245400000.0,506700000.0,1194400000.0,1194400000.0,77300000.0,0.076,0.159,0.144,0.108,2200000.0,365800000.0,1.0,114023434.0,114023434.0,,10.475,885300000.0,0.0,10200000.0,7300000.0,7.764,240700000.0
84,BCR,MRT,1996-09-30,1996-09-30,1996-09-30,2021-09-13,,,,,,,,,,,,,,,,,,,,,,0.021,0.325,,,,,,,,,,,,,,,,,,1.0,,,,,,,,,,,,,,,,,,,,,,,,,,,,,,,,,,,,,,,,15.56,,,,,,,,,,,,,,1.0,,114336000.0,,,,,,,,
85,BCR,MRT,1996-06-30,1996-06-30,1996-06-30,2021-09-13,,,,,,,,,,,,,,,,,,,,,,0.019,0.32,,,,,,,,,,,,,,,,,,1.0,,,,,,,,,,,,,,,,,,,,,,,,,,,,,,,,,,,,,,,,16.625,,,,,,,,,,,,,,1.0,,114230000.0,,,,,,,,
86,BCR,MRT,1996-03-31,1996-03-31,1996-03-31,2021-09-13,,,,,,,,,,,,,,,,,,,,,,0.018,0.315,,,,,,,,,,,,,,,,,,1.0,,,,,,,,,,,,,,,,,,,,,,,,,,,,,,,,,,,,,,,,17.438,,,,,,,,,,,,,,1.0,,113806000.0,,,,,,,,
87,BCR,MRT,1995-12-31,1995-12-31,1995-12-31,2021-09-13,0.0,1091000000.0,,503900000.0,587100000.0,,,-39600000.0,9300000.0,9300000.0,550000000.0,86800000.0,1.844,0.932,265300000.0,66900000.0,198400000.0,265300000.0,0.0,50600000.0,0.0,0.019,0.31,147700000.0,198300000.0,0.174,198300000.0,147700000.0,123500000.0,0.765,0.76,0.765,564600000.0,,564600000.0,,,,77100000.0,,1.0,587800000.0,0.517,315500000.0,24200000.0,758200000.0,,228200000.0,42000000.0,42000000.0,0.0,526400000.0,273300000.0,253100000.0,,2900000.0,-300000.0,7400000.0,-29400000.0,-33100000.0,-55100000.0,-58500000.0,0.0,116700000.0,-200000.0,86800000.0,86800000.0,86800000.0,0.0,0.0,0.076,440100000.0,147700000.0,62700000.0,0.405,,,21.078,214200000.0,0.0,16.125,,,215700000.0,478900000.0,1137800000.0,1137800000.0,75600000.0,,,,0.13,2000000.0,354600000.0,1.0,,,,,775500000.0,0.0,36700000.0,12300000.0,,230600000.0
88,BCR,MRT,1994-12-31,1994-12-31,1994-12-31,2021-09-13,,,,,,,,-37100000.0,,,513500000.0,75600000.0,,,,,,,,43400000.0,,0.021,0.29,120400000.0,163800000.0,0.154,163800000.0,120400000.0,104100000.0,0.67,,0.67,,,,,,,34100000.0,,1.0,551100000.0,0.518,,16300000.0,,,,,,,,,,,0.0,-122200000.0,-6100000.0,104200000.0,-30100000.0,68000000.0,-184800000.0,0.0,71200000.0,4300000.0,75600000.0,75600000.0,75600000.0,0.0,0.0,0.071,430700000.0,120400000.0,,0.433,,,20.149,,0.0,13.5,,,,,1064600000.0,1064600000.0,71600000.0,,,,0.113,1400000.0,326500000.0,1.0,,,,,,,28500000.0,,,
