None,ticker,dimension,calendardate,datekey,reportperiod,lastupdated,accoci,assets,assetsavg,assetsc,assetsnc,assetturnover,bvps,capex,cashneq,cashnequsd,cor,consolinc,currentratio,de,debt,debtc,debtnc,debtusd,deferredrev,depamor,deposits,divyield,dps,ebit,ebitda,ebitdamargin,ebitdausd,ebitusd,ebt,eps,epsdil,epsusd,equity,equityavg,equityusd,ev,evebit,evebitda,fcf,fcfps,fxusd,gp,grossmargin,intangibles,intexp,invcap,invcapavg,inventory,investments,investmentsc,investmentsnc,liabilities,liabilitiesc,liabilitiesnc,marketcap,ncf,ncfbus,ncfcommon,ncfdebt,ncfdiv,ncff,ncfi,ncfinv,ncfo,ncfx,netinc,netinccmn,netinccmnusd,netincdis,netincnci,netmargin,opex,opinc,payables,payoutratio,pb,pe,pe1,ppnenet,prefdivis,price,ps,ps1,receivables,retearn,revenue,revenueusd,rnd,roa,roe,roic,ros,sbcomp,sgna,sharefactor,sharesbas,shareswa,shareswadil,sps,tangibles,taxassets,taxexp,taxliabilities,tbvps,workingcapital
0,XRX,MRY,2020-12-31,2020-12-31,2020-12-31,2021-08-25,-3332000000.0,14741000000.0,14750500000.0,5783000000.0,8958000000.0,0.476,28.188,-74000000.0,2625000000.0,2625000000.0,4396000000.0,192000000.0,2.334,1.597,4444000000.0,394000000.0,4050000000.0,4444000000.0,0.0,368000000.0,0.0,0.043,1.0,256000000.0,624000000.0,0.089,624000000.0,256000000.0,256000000.0,0.85,0.84,0.85,5592000000.0,5477500000.0,5592000000.0,6412546573.0,25.0,10.277,474000000.0,2.389,1.0,2626000000.0,0.374,4308000000.0,0.0,9774000000.0,9024750000.0,843000000.0,3165000000.0,1181000000.0,1984000000.0,8931000000.0,2478000000.0,6453000000.0,4600546573.0,-104000000.0,-164000000.0,0.0,-1361000000.0,0.0,-425000000.0,-237000000.0,0.0,548000000.0,10000000.0,192000000.0,192000000.0,192000000.0,0.0,0.0,0.027,2374000000.0,252000000.0,983000000.0,1.176,0.823,23.961,27.282,703000000.0,0.0,23.19,0.655,0.655,883000000.0,6281000000.0,7022000000.0,7022000000.0,311000000.0,0.013,0.035,0.028,0.036,42000000.0,1851000000.0,1.0,198384932.0,198384932.0,,35.396,10433000000.0,508000000.0,64000000.0,0.0,52.59,3305000000.0
1,XRX,MRY,2019-12-31,2019-12-31,2019-12-31,2021-08-25,-3646000000.0,15047000000.0,14799500000.0,6140000000.0,8907000000.0,0.613,25.843,-65000000.0,2740000000.0,2740000000.0,5416000000.0,1361000000.0,1.787,1.654,4282000000.0,1049000000.0,3233000000.0,4282000000.0,0.0,430000000.0,0.0,0.027,1.0,1532000000.0,1962000000.0,0.216,1962000000.0,1532000000.0,1532000000.0,6.03,5.8,6.03,5587000000.0,5180250000.0,5587000000.0,11880861183.0,8.0,6.055,1268000000.0,5.865,1.0,3650000000.0,0.403,4099000000.0,0.0,9055000000.0,10780000000.0,694000000.0,3351000000.0,1269000000.0,2082000000.0,9239000000.0,3435000000.0,5804000000.0,7970861183.0,1647000000.0,-21000000.0,-300000000.0,-950000000.0,-181000000.0,-1834000000.0,2148000000.0,0.0,1333000000.0,0.0,1353000000.0,1353000000.0,1353000000.0,0.0,8000000.0,0.149,2828000000.0,822000000.0,1053000000.0,0.166,1.427,5.891,6.114,790000000.0,0.0,36.87,0.879,0.879,1236000000.0,6312000000.0,9066000000.0,9066000000.0,373000000.0,0.091,0.261,0.142,0.169,50000000.0,2085000000.0,1.0,216188261.0,216188261.0,,41.936,10948000000.0,598000000.0,179000000.0,0.0,50.641,2705000000.0
2,XRX,MRY,2018-12-31,2018-12-31,2018-12-31,2021-08-25,-3565000000.0,14874000000.0,15489500000.0,4713000000.0,10161000000.0,0.624,21.004,-90000000.0,1081000000.0,1081000000.0,5793000000.0,374000000.0,1.45,1.922,5230000000.0,961000000.0,4269000000.0,5230000000.0,0.0,526000000.0,0.0,0.051,1.0,608000000.0,1134000000.0,0.117,1134000000.0,608000000.0,608000000.0,1.4,1.38,1.4,5005000000.0,5280750000.0,5005000000.0,8776466290.0,14.0,7.739,1050000000.0,4.407,1.0,3869000000.0,0.4,4078000000.0,0.0,11694000000.0,12438750000.0,829000000.0,3367000000.0,1218000000.0,2149000000.0,9621000000.0,3251000000.0,6370000000.0,4708466290.0,-220000000.0,59000000.0,-700000000.0,-307000000.0,-269000000.0,-1301000000.0,-29000000.0,0.0,1140000000.0,-30000000.0,361000000.0,361000000.0,361000000.0,0.0,13000000.0,0.037,3320000000.0,549000000.0,1073000000.0,0.714,0.941,13.043,14.114,940000000.0,0.0,19.76,0.487,0.487,1375000000.0,5072000000.0,9662000000.0,9662000000.0,397000000.0,0.023,0.068,0.049,0.063,57000000.0,2379000000.0,1.0,238282707.0,238282707.0,,40.548,10796000000.0,740000000.0,247000000.0,0.0,45.308,1462000000.0
3,XRX,MRY,2017-12-31,2017-12-31,2017-12-31,2021-08-25,-3748000000.0,15946000000.0,16211500000.0,5230000000.0,10716000000.0,0.616,20.645,-105000000.0,1293000000.0,1293000000.0,5920000000.0,207000000.0,1.908,1.986,5517000000.0,282000000.0,5235000000.0,5517000000.0,0.0,527000000.0,0.0,0.028,0.815,663000000.0,1190000000.0,0.119,1190000000.0,663000000.0,663000000.0,0.71,0.71,0.71,5256000000.0,5165250000.0,5256000000.0,11638185077.0,18.0,9.78,-372000000.0,-1.461,1.0,4071000000.0,0.407,4198000000.0,0.0,13231000000.0,13026000000.0,915000000.0,5044000000.0,1317000000.0,3727000000.0,10439000000.0,2741000000.0,7698000000.0,7421185077.0,-1034000000.0,-64000000.0,0.0,-822000000.0,-291000000.0,-985000000.0,165000000.0,0.0,-267000000.0,53000000.0,195000000.0,195000000.0,195000000.0,0.0,12000000.0,0.02,3546000000.0,525000000.0,1108000000.0,1.148,1.412,38.057,41.056,1083000000.0,0.0,29.15,0.743,0.743,1469000000.0,4856000000.0,9991000000.0,9991000000.0,424000000.0,0.012,0.038,0.051,0.066,52000000.0,2514000000.0,1.0,254586109.0,254586109.0,,39.244,11748000000.0,1026000000.0,468000000.0,0.0,46.145,2489000000.0
4,XRX,MRY,2016-12-31,2016-12-31,2016-12-31,2021-08-25,-4337000000.0,18051000000.0,23047750000.0,6992000000.0,11059000000.0,0.467,18.58,-138000000.0,2223000000.0,2223000000.0,6466000000.0,-460000000.0,1.502,2.78,6316000000.0,1011000000.0,5305000000.0,6316000000.0,0.0,563000000.0,0.0,0.036,1.24,-409000000.0,154000000.0,0.014,154000000.0,-409000000.0,-409000000.0,-1.95,-1.93,-1.95,4709000000.0,8066750000.0,4709000000.0,14806269055.0,-36.0,96.145,660000000.0,2.604,1.0,4305000000.0,0.4,4077000000.0,0.0,13413000000.0,14255250000.0,841000000.0,4948000000.0,1256000000.0,3692000000.0,13090000000.0,4654000000.0,8436000000.0,8850269055.0,1018000000.0,-5000000.0,0.0,925000000.0,-331000000.0,584000000.0,-85000000.0,0.0,798000000.0,-17000000.0,-471000000.0,-471000000.0,-471000000.0,0.0,11000000.0,-0.044,3737000000.0,568000000.0,1126000000.0,-0.636,1.879,-18.79,-17.908,1135000000.0,0.0,34.92,0.822,0.822,1051000000.0,4934000000.0,10771000000.0,10771000000.0,463000000.0,-0.02,-0.058,-0.029,-0.038,50000000.0,2636000000.0,1.0,253444131.0,253444131.0,,42.499,13974000000.0,1472000000.0,62000000.0,0.0,55.136,2338000000.0
5,XRX,MRY,2015-12-31,2015-12-31,2015-12-31,2021-08-25,-4642000000.0,25541000000.0,25790000000.0,6685000000.0,18856000000.0,0.445,35.851,-56000000.0,1228000000.0,1228000000.0,6883000000.0,466000000.0,1.272,1.772,7279000000.0,962000000.0,6317000000.0,7279000000.0,202000000.0,590000000.0,0.0,0.026,1.12,641000000.0,1231000000.0,0.107,1231000000.0,641000000.0,641000000.0,1.59,1.58,1.59,9074000000.0,9612250000.0,9074000000.0,17533841275.0,27.0,14.244,1555000000.0,6.144,1.0,4582000000.0,0.4,4291000000.0,0.0,22047000000.0,17569250000.0,901000000.0,5273000000.0,1315000000.0,3958000000.0,16075000000.0,5254000000.0,10821000000.0,10761841275.0,-24000000.0,-13000000.0,-1334000000.0,-370000000.0,-302000000.0,-2074000000.0,508000000.0,0.0,1611000000.0,-77000000.0,448000000.0,448000000.0,448000000.0,0.0,18000000.0,0.039,3658000000.0,924000000.0,1342000000.0,0.704,1.186,24.022,26.742,1212000000.0,0.0,42.52,0.939,0.939,1165000000.0,9686000000.0,11465000000.0,11465000000.0,511000000.0,0.017,0.047,0.036,0.056,27000000.0,2865000000.0,1.0,253100688.0,253100688.0,,45.298,21250000000.0,0.0,193000000.0,0.0,83.959,1431000000.0
6,XRX,MRY,2014-12-31,2014-12-31,2014-12-31,2021-08-25,-4159000000.0,27658000000.0,28227750000.0,8874000000.0,18784000000.0,0.449,37.416,-123000000.0,1411000000.0,1411000000.0,7569000000.0,1036000000.0,1.461,1.55,7741000000.0,1427000000.0,6314000000.0,7741000000.0,431000000.0,639000000.0,0.0,0.018,1.002,1211000000.0,1850000000.0,0.146,1850000000.0,1211000000.0,1211000000.0,3.44,3.36,3.44,10678000000.0,11747500000.0,10678000000.0,22466962265.0,19.0,12.144,1940000000.0,6.798,1.0,5110000000.0,0.403,10836000000.0,0.0,17076000000.0,17238750000.0,934000000.0,5482000000.0,1425000000.0,4057000000.0,16556000000.0,6076000000.0,10480000000.0,15821962265.0,-373000000.0,-24000000.0,-1057000000.0,-175000000.0,-289000000.0,-1624000000.0,-703000000.0,0.0,2063000000.0,-81000000.0,1013000000.0,1013000000.0,1013000000.0,0.0,23000000.0,0.08,4020000000.0,1090000000.0,1584000000.0,0.291,1.482,15.619,16.116,1648000000.0,0.0,55.44,1.248,1.248,2762000000.0,9535000000.0,12679000000.0,12679000000.0,531000000.0,0.036,0.086,0.07,0.096,63000000.0,3133000000.0,1.0,285388930.0,285388930.0,,44.427,16822000000.0,0.0,198000000.0,0.0,58.944,2798000000.0
7,XRX,MRY,2013-12-31,2013-12-31,2013-12-31,2021-08-25,-2779000000.0,29036000000.0,29236000000.0,8511000000.0,20525000000.0,0.684,39.964,-341000000.0,1764000000.0,1764000000.0,13521000000.0,1179000000.0,1.497,1.323,8021000000.0,1117000000.0,6904000000.0,8021000000.0,496000000.0,1358000000.0,0.0,0.019,0.92,1412000000.0,2770000000.0,0.138,2770000000.0,1412000000.0,1412000000.0,3.72,3.64,3.72,12300000000.0,11893000000.0,12300000000.0,21575660800.0,15.0,7.789,2034000000.0,6.609,1.0,6485000000.0,0.324,11708000000.0,0.0,17899000000.0,18599000000.0,998000000.0,5702000000.0,1500000000.0,4202000000.0,16268000000.0,5686000000.0,10582000000.0,14982660800.0,518000000.0,-129000000.0,-629000000.0,-434000000.0,-272000000.0,-1402000000.0,-452000000.0,0.0,2375000000.0,-3000000.0,1159000000.0,1159000000.0,1159000000.0,0.0,20000000.0,0.058,5242000000.0,1243000000.0,1626000000.0,0.247,1.218,12.927,13.086,2025000000.0,0.0,48.68,0.749,0.749,3042000000.0,8839000000.0,20006000000.0,20006000000.0,603000000.0,0.04,0.097,0.076,0.071,90000000.0,4073000000.0,1.0,307778570.0,307778570.0,,65.001,17328000000.0,0.0,253000000.0,0.0,56.3,2825000000.0
8,XRX,MRY,2012-12-31,2012-12-31,2012-12-31,2021-08-25,-3227000000.0,30015000000.0,30311500000.0,8273000000.0,21742000000.0,0.674,36.214,-504000000.0,1246000000.0,1246000000.0,13634000000.0,1223000000.0,1.4,1.563,8489000000.0,1042000000.0,7447000000.0,8489000000.0,438000000.0,1301000000.0,0.0,0.025,0.68,1451000000.0,2752000000.0,0.135,2752000000.0,1451000000.0,1451000000.0,3.6,3.52,3.6,11521000000.0,12004000000.0,11521000000.0,17147769926.0,12.0,6.231,2076000000.0,6.525,1.0,6787000000.0,0.332,11845000000.0,0.0,19503000000.0,20678750000.0,1011000000.0,6542000000.0,1836000000.0,4706000000.0,18002000000.0,5910000000.0,12092000000.0,8678769926.0,344000000.0,-276000000.0,-1050000000.0,-108000000.0,-231000000.0,-1472000000.0,-761000000.0,0.0,2580000000.0,-3000000.0,1195000000.0,1195000000.0,1195000000.0,0.0,28000000.0,0.059,5503000000.0,1284000000.0,1913000000.0,0.189,0.753,7.263,7.578,2091000000.0,0.0,27.28,0.425,0.425,3018000000.0,7991000000.0,20421000000.0,20421000000.0,655000000.0,0.039,0.1,0.07,0.071,125000000.0,4141000000.0,1.0,318136728.0,318136728.0,,64.189,18170000000.0,763000000.0,256000000.0,0.0,57.114,2363000000.0
9,XRX,MRY,2011-12-31,2011-12-31,2011-12-31,2021-08-25,-2716000000.0,30116000000.0,30652750000.0,7912000000.0,22204000000.0,0.714,34.248,-473000000.0,902000000.0,902000000.0,14576000000.0,1328000000.0,1.24,1.494,8633000000.0,1545000000.0,7088000000.0,8633000000.0,432000000.0,1251000000.0,0.0,0.021,0.68,1672000000.0,2923000000.0,0.133,2923000000.0,1672000000.0,1672000000.0,3.68,3.6,3.68,11876000000.0,12529750000.0,11876000000.0,19450944785.0,12.0,6.654,1488000000.0,4.291,1.0,7324000000.0,0.334,11845000000.0,0.0,19621000000.0,20218750000.0,1021000000.0,7591000000.0,2165000000.0,5426000000.0,17742000000.0,6381000000.0,11361000000.0,11040944785.0,-309000000.0,-212000000.0,-684000000.0,49000000.0,-241000000.0,-1586000000.0,-675000000.0,0.0,1961000000.0,-9000000.0,1295000000.0,1295000000.0,1295000000.0,0.0,33000000.0,0.059,5789000000.0,1535000000.0,2016000000.0,0.185,0.93,8.526,8.652,2145000000.0,0.0,31.84,0.504,0.504,2766000000.0,7046000000.0,21900000000.0,21900000000.0,719000000.0,0.042,0.103,0.083,0.076,123000000.0,4421000000.0,1.0,346763341.0,346763341.0,,63.155,18271000000.0,672000000.0,377000000.0,0.0,52.69,1531000000.0
10,XRX,MRY,2010-12-31,2010-12-31,2010-12-31,2021-08-25,-1988000000.0,30600000000.0,30521000000.0,8639000000.0,21961000000.0,0.709,34.619,-467000000.0,1211000000.0,1211000000.0,13936000000.0,637000000.0,1.346,1.507,8607000000.0,1370000000.0,7237000000.0,8607000000.0,371000000.0,1097000000.0,0.0,0.015,0.68,862000000.0,1959000000.0,0.091,1959000000.0,862000000.0,862000000.0,1.76,1.72,1.76,12006000000.0,11574250000.0,12006000000.0,24501511905.0,28.0,12.507,2259000000.0,6.514,1.0,7697000000.0,0.356,12020000000.0,0.0,19559000000.0,21048750000.0,991000000.0,7713000000.0,2287000000.0,5426000000.0,18092000000.0,6417000000.0,11675000000.0,15980511905.0,-2588000000.0,-1734000000.0,168000000.0,-3056000000.0,-215000000.0,-3116000000.0,-2178000000.0,0.0,2726000000.0,-20000000.0,606000000.0,606000000.0,606000000.0,0.0,31000000.0,0.028,6636000000.0,1061000000.0,1968000000.0,0.386,1.331,26.37,26.182,2201000000.0,0.0,46.08,0.739,0.739,3024000000.0,6016000000.0,21633000000.0,21633000000.0,781000000.0,0.02,0.052,0.041,0.04,123000000.0,4594000000.0,1.0,346799304.0,346799304.0,,62.379,18580000000.0,540000000.0,256000000.0,0.0,53.576,2222000000.0
11,XRX,MRY,2009-12-31,2009-12-31,2009-12-31,2021-08-25,-1988000000.0,24032000000.0,22220250000.0,9731000000.0,14301000000.0,0.683,32.442,-176000000.0,3799000000.0,3799000000.0,8883000000.0,516000000.0,2.181,2.389,9264000000.0,988000000.0,8276000000.0,9264000000.0,201000000.0,698000000.0,0.0,0.02,0.68,637000000.0,1335000000.0,0.088,1335000000.0,637000000.0,637000000.0,2.24,2.2,2.24,7050000000.0,6630500000.0,7050000000.0,13640809841.0,21.0,10.218,2032000000.0,9.351,1.0,6296000000.0,0.415,4020000000.0,0.0,21016000000.0,20357250000.0,900000000.0,7857000000.0,2396000000.0,5461000000.0,16841000000.0,4461000000.0,12380000000.0,7353809841.0,2570000000.0,-163000000.0,-11000000.0,866000000.0,-149000000.0,692000000.0,-343000000.0,0.0,2208000000.0,13000000.0,485000000.0,485000000.0,485000000.0,0.0,31000000.0,0.032,5398000000.0,898000000.0,1451000000.0,0.304,1.043,15.162,15.107,1860000000.0,0.0,33.84,0.484,0.484,1928000000.0,5674000000.0,15179000000.0,15179000000.0,840000000.0,0.022,0.073,0.031,0.042,85000000.0,4149000000.0,1.0,217311166.0,217311166.0,,69.849,20012000000.0,1640000000.0,152000000.0,0.0,92.089,5270000000.0
12,XRX,MRY,2008-12-31,2008-12-31,2008-12-31,2021-08-25,-2416000000.0,22447000000.0,23625750000.0,8150000000.0,14297000000.0,0.745,28.826,-297000000.0,1229000000.0,1229000000.0,10448000000.0,265000000.0,1.495,2.579,8384000000.0,1610000000.0,6774000000.0,8384000000.0,0.0,669000000.0,0.0,0.021,0.68,-1000000.0,668000000.0,0.038,668000000.0,-1000000.0,-1000000.0,1.04,1.04,1.04,6238000000.0,7462250000.0,6238000000.0,14265832406.0,-14266.0,21.356,642000000.0,2.967,1.0,7160000000.0,0.407,3792000000.0,0.0,20360000000.0,21142250000.0,1232000000.0,8104000000.0,2461000000.0,5643000000.0,16089000000.0,5450000000.0,10639000000.0,6898832406.0,130000000.0,-155000000.0,-839000000.0,699000000.0,-154000000.0,-311000000.0,-441000000.0,0.0,939000000.0,-57000000.0,230000000.0,230000000.0,230000000.0,0.0,35000000.0,0.013,6934000000.0,226000000.0,1446000000.0,0.654,1.106,29.995,30.654,2013000000.0,0.0,31.88,0.392,0.392,2438000000.0,5341000000.0,17608000000.0,17608000000.0,884000000.0,0.01,0.031,0.0,0.0,85000000.0,4534000000.0,1.0,216400013.0,216400013.0,,81.368,18655000000.0,1692000000.0,-231000000.0,0.0,86.206,2700000000.0
13,XRX,MRY,2007-12-31,2007-12-31,2007-12-31,2021-08-25,-765000000.0,23543000000.0,22834250000.0,8540000000.0,15003000000.0,0.754,37.16,-334000000.0,1099000000.0,1099000000.0,9961000000.0,1165000000.0,2.095,1.741,7464000000.0,525000000.0,6939000000.0,7464000000.0,0.0,656000000.0,0.0,0.003,0.17,1535000000.0,2191000000.0,0.127,2191000000.0,1535000000.0,1535000000.0,4.84,4.76,4.84,8588000000.0,7783750000.0,8588000000.0,22177460680.0,14.0,10.122,1537000000.0,6.651,1.0,7267000000.0,0.422,4069000000.0,0.0,21762000000.0,21482750000.0,1305000000.0,8676000000.0,2693000000.0,5983000000.0,14955000000.0,4077000000.0,10878000000.0,14966460680.0,-300000000.0,-1615000000.0,-567000000.0,-55000000.0,0.0,-619000000.0,-1612000000.0,0.0,1871000000.0,60000000.0,1135000000.0,1135000000.0,1135000000.0,0.0,30000000.0,0.066,5483000000.0,1784000000.0,1367000000.0,0.035,1.743,13.186,13.38,2174000000.0,0.0,64.76,0.869,0.869,2761000000.0,5288000000.0,17228000000.0,17228000000.0,912000000.0,0.05,0.146,0.071,0.089,89000000.0,4312000000.0,1.0,231106558.0,231106558.0,,74.546,19474000000.0,1349000000.0,400000000.0,0.0,84.264,4463000000.0
14,XRX,MRY,2006-12-31,2006-12-31,2006-12-31,2021-08-25,-1647000000.0,21709000000.0,22030750000.0,8754000000.0,12955000000.0,0.721,29.339,-212000000.0,1536000000.0,1536000000.0,9131000000.0,1210000000.0,1.863,2.066,7145000000.0,1485000000.0,5660000000.0,7145000000.0,0.0,636000000.0,0.0,0.0,0.0,922000000.0,1558000000.0,0.098,1558000000.0,922000000.0,922000000.0,5.0,4.88,5.0,7080000000.0,7472000000.0,7080000000.0,22308453811.0,24.0,14.319,1405000000.0,5.822,1.0,6764000000.0,0.426,2310000000.0,0.0,20310000000.0,21271250000.0,1163000000.0,8445000000.0,2649000000.0,5796000000.0,14629000000.0,4698000000.0,9931000000.0,16361453811.0,77000000.0,-229000000.0,-987000000.0,-315000000.0,0.0,-1428000000.0,-143000000.0,0.0,1617000000.0,31000000.0,1210000000.0,1210000000.0,1210000000.0,0.0,0.0,0.076,5651000000.0,1113000000.0,1133000000.0,0.0,2.311,13.522,13.56,2008000000.0,0.0,67.8,1.029,1.029,2472000000.0,4202000000.0,15895000000.0,15895000000.0,922000000.0,0.055,0.162,0.043,0.058,64000000.0,4008000000.0,1.0,241319378.0,241319378.0,,65.867,19399000000.0,1790000000.0,-288000000.0,0.0,80.387,4056000000.0
15,XRX,MRY,2005-12-31,2005-12-31,2005-12-31,2021-08-25,-1240000000.0,21953000000.0,22800250000.0,8736000000.0,13217000000.0,0.689,30.021,-232000000.0,1566000000.0,1566000000.0,8902000000.0,978000000.0,2.01,2.046,7278000000.0,1139000000.0,6139000000.0,7278000000.0,0.0,641000000.0,0.0,0.0,0.0,973000000.0,1614000000.0,0.103,1614000000.0,973000000.0,973000000.0,3.84,3.76,3.84,7208000000.0,7314250000.0,7208000000.0,19940895951.0,20.0,12.355,1188000000.0,4.948,1.0,6799000000.0,0.433,1960000000.0,0.0,21359000000.0,22053750000.0,1201000000.0,8335000000.0,2604000000.0,5731000000.0,14745000000.0,4346000000.0,10399000000.0,14069895951.0,-1896000000.0,104000000.0,-393000000.0,-2509000000.0,0.0,-2962000000.0,-295000000.0,-247000000.0,1420000000.0,-59000000.0,978000000.0,978000000.0,978000000.0,-53000000.0,0.0,0.062,5643000000.0,1156000000.0,1043000000.0,0.0,1.952,14.386,15.26,2058000000.0,0.0,58.6,0.896,0.896,2333000000.0,3021000000.0,15701000000.0,15701000000.0,943000000.0,0.043,0.134,0.044,0.062,40000000.0,4110000000.0,1.0,240100614.0,240100614.0,,65.393,19993000000.0,1547000000.0,-5000000.0,0.0,83.269,4390000000.0
16,XRX,MRY,2004-12-31,2004-12-31,2004-12-31,2021-08-25,-738000000.0,24884000000.0,24237500000.0,10928000000.0,13956000000.0,0.649,33.96,-199000000.0,3218000000.0,3218000000.0,8840000000.0,859000000.0,1.735,2.489,10124000000.0,3074000000.0,7050000000.0,10124000000.0,243000000.0,688000000.0,0.0,0.0,0.0,1199000000.0,1887000000.0,0.12,1887000000.0,1199000000.0,1199000000.0,3.76,3.44,3.76,7133000000.0,5642000000.0,7133000000.0,21690389082.0,18.0,11.495,1551000000.0,7.384,1.0,6882000000.0,0.438,2172000000.0,0.0,23318000000.0,22857500000.0,1143000000.0,8965000000.0,2932000000.0,6033000000.0,17751000000.0,6300000000.0,11451000000.0,14291389082.0,741000000.0,179000000.0,73000000.0,-1267000000.0,0.0,-1293000000.0,203000000.0,0.0,1750000000.0,81000000.0,859000000.0,859000000.0,859000000.0,-83000000.0,0.0,0.055,5572000000.0,1310000000.0,1037000000.0,0.0,2.004,16.637,18.096,2157000000.0,0.0,68.04,0.909,0.909,2453000000.0,2101000000.0,15722000000.0,15722000000.0,914000000.0,0.035,0.152,0.052,0.076,22000000.0,4203000000.0,1.0,210043931.0,210043931.0,,74.851,22712000000.0,1521000000.0,340000000.0,0.0,108.13,4628000000.0
17,XRX,MRY,2003-12-31,2003-12-31,2003-12-31,2021-08-25,-1263000000.0,24591000000.0,24714750000.0,10335000000.0,14256000000.0,0.635,23.636,-240000000.0,2477000000.0,2477000000.0,8653000000.0,360000000.0,1.348,4.256,11166000000.0,4236000000.0,6930000000.0,11166000000.0,251000000.0,748000000.0,0.0,0.0,0.0,494000000.0,1242000000.0,0.079,1242000000.0,494000000.0,494000000.0,1.52,1.44,1.52,4679000000.0,4880750000.0,4679000000.0,20471628394.0,41.0,16.483,1639000000.0,8.279,1.0,7048000000.0,0.449,2047000000.0,0.0,23564000000.0,25149750000.0,1152000000.0,8996000000.0,2981000000.0,6015000000.0,19912000000.0,7669000000.0,12243000000.0,10927628394.0,-410000000.0,35000000.0,477000000.0,-3775000000.0,0.0,-2470000000.0,49000000.0,0.0,1879000000.0,132000000.0,360000000.0,289000000.0,289000000.0,0.0,0.0,0.018,6263000000.0,785000000.0,1010000000.0,0.0,2.335,37.812,36.316,2191000000.0,71000000.0,55.2,0.696,0.696,2620000000.0,1315000000.0,15701000000.0,15701000000.0,962000000.0,0.012,0.059,0.02,0.031,0.0,4249000000.0,1.0,197964282.0,197964282.0,,79.312,22544000000.0,1526000000.0,134000000.0,0.0,113.879,2666000000.0
18,XRX,MRY,2002-12-31,2002-12-31,2002-12-31,2021-08-25,-1871000000.0,25550000000.0,25616250000.0,11029000000.0,14521000000.0,0.619,13.061,-177000000.0,2887000000.0,2887000000.0,8727000000.0,91000000.0,1.416,9.641,14171000000.0,4377000000.0,9794000000.0,14171000000.0,257000000.0,1035000000.0,0.0,0.0,0.0,95000000.0,1130000000.0,0.071,1130000000.0,95000000.0,95000000.0,0.08,0.08,0.08,2401000000.0,2517250000.0,2401000000.0,17622153875.0,185.0,15.595,1803000000.0,9.808,1.0,7122000000.0,0.449,1924000000.0,0.0,27123000000.0,27267000000.0,1231000000.0,9136000000.0,3088000000.0,6048000000.0,23149000000.0,7787000000.0,15362000000.0,5919153875.0,-1103000000.0,340000000.0,4000000.0,-3226000000.0,0.0,-3292000000.0,93000000.0,0.0,1980000000.0,116000000.0,91000000.0,18000000.0,18000000.0,0.0,0.0,0.001,6617000000.0,505000000.0,839000000.0,0.0,2.465,328.842,402.5,2207000000.0,73000000.0,32.2,0.373,0.373,2636000000.0,1025000000.0,15849000000.0,15849000000.0,917000000.0,0.001,0.007,0.003,0.006,0.0,4437000000.0,1.0,183824654.0,183824654.0,,86.218,23626000000.0,1592000000.0,4000000.0,0.0,128.525,3242000000.0
19,XRX,MRY,2001-12-31,2001-12-31,2001-12-31,2021-08-25,-1833000000.0,27645000000.0,27792750000.0,12600000000.0,15045000000.0,0.612,22.373,-274000000.0,3990000000.0,3990000000.0,10050000000.0,-94000000.0,1.262,5.865,16744000000.0,6637000000.0,10107000000.0,16744000000.0,244000000.0,1332000000.0,0.0,0.005,0.2,379000000.0,1711000000.0,0.101,1711000000.0,379000000.0,379000000.0,-0.6,-0.6,-0.6,4027000000.0,3478250000.0,4027000000.0,21151275179.0,56.0,12.362,1480000000.0,8.222,1.0,6958000000.0,0.409,1902000000.0,0.0,28510000000.0,30160500000.0,1364000000.0,9726000000.0,3338000000.0,6388000000.0,23618000000.0,9987000000.0,13631000000.0,7502275179.0,2240000000.0,1768000000.0,28000000.0,-1098000000.0,-93000000.0,-189000000.0,685000000.0,0.0,1754000000.0,-10000000.0,-94000000.0,-106000000.0,-106000000.0,0.0,0.0,-0.006,6950000000.0,8000000.0,704000000.0,-0.333,1.863,-70.776,-69.467,2803000000.0,12000000.0,41.68,0.441,0.441,2480000000.0,1008000000.0,17008000000.0,17008000000.0,997000000.0,-0.004,-0.03,0.013,0.022,0.0,4728000000.0,1.0,179997005.0,179997005.0,,94.49,25743000000.0,1342000000.0,473000000.0,0.0,143.019,2613000000.0
20,XRX,MRY,2000-12-31,2000-12-31,2000-12-31,2021-08-25,-1580000000.0,28253000000.0,29587000000.0,11472000000.0,16781000000.0,0.634,18.159,-619000000.0,1750000000.0,1750000000.0,11233000000.0,-273000000.0,1.753,8.324,18637000000.0,3080000000.0,15557000000.0,18637000000.0,233000000.0,1244000000.0,0.0,0.141,2.6,-343000000.0,901000000.0,0.048,901000000.0,-343000000.0,-343000000.0,-1.92,-1.92,-1.92,3030000000.0,4026000000.0,3030000000.0,20079923255.0,-59.0,22.286,-412000000.0,-2.469,1.0,7518000000.0,0.401,5312000000.0,0.0,33284000000.0,35185000000.0,1983000000.0,12068000000.0,4392000000.0,7676000000.0,25223000000.0,6544000000.0,18679000000.0,3086923255.0,1618000000.0,-216000000.0,0.0,2917000000.0,-587000000.0,2255000000.0,-855000000.0,0.0,207000000.0,11000000.0,-273000000.0,-319000000.0,-319000000.0,0.0,0.0,-0.017,7608000000.0,-90000000.0,1050000000.0,-1.354,1.019,-9.677,-9.635,3793000000.0,46000000.0,18.5,0.165,0.165,2269000000.0,1150000000.0,18751000000.0,18751000000.0,1064000000.0,-0.011,-0.079,-0.01,-0.018,0.0,5518000000.0,1.0,166860716.0,166860716.0,,112.375,22941000000.0,1078000000.0,-70000000.0,1925000000.0,137.486,4928000000.0
21,XRX,MRY,1999-12-31,1999-12-31,1999-12-31,2021-08-25,0.0,28531000000.0,28847500000.0,11935000000.0,16596000000.0,0.658,27.989,-736000000.0,126000000.0,126000000.0,10529000000.0,844000000.0,1.483,5.138,15001000000.0,3957000000.0,11044000000.0,15001000000.0,186000000.0,1090000000.0,0.0,0.035,3.2,1290000000.0,2380000000.0,0.125,2380000000.0,1290000000.0,1290000000.0,4.8,4.68,4.8,4648000000.0,4566750000.0,4648000000.0,30604094365.0,24.0,12.859,-185000000.0,-1.114,1.0,8466000000.0,0.446,4467000000.0,0.0,30889000000.0,34179750000.0,2290000000.0,14634000000.0,4961000000.0,9673000000.0,23883000000.0,8050000000.0,15833000000.0,15072094365.0,53000000.0,-42000000.0,128000000.0,793000000.0,-586000000.0,300000000.0,-789000000.0,0.0,551000000.0,-9000000.0,844000000.0,844000000.0,844000000.0,0.0,0.0,0.044,6743000000.0,1723000000.0,1016000000.0,0.667,3.243,17.858,18.908,3151000000.0,0.0,90.76,0.793,0.793,2633000000.0,,18995000000.0,18995000000.0,1020000000.0,0.029,0.185,0.038,0.068,0.0,5204000000.0,1.0,166065385.0,166065385.0,,114.383,24064000000.0,1230000000.0,446000000.0,2521000000.0,144.907,3885000000.0
22,XRX,MRY,1998-12-31,1998-12-31,1998-12-31,2021-08-25,0.0,30024000000.0,29044250000.0,12475000000.0,17549000000.0,0.675,29.623,-492000000.0,79000000.0,79000000.0,10203000000.0,273000000.0,1.466,5.182,14971000000.0,4104000000.0,10867000000.0,14971000000.0,210000000.0,727000000.0,0.0,0.012,2.88,418000000.0,1145000000.0,0.058,1145000000.0,418000000.0,418000000.0,1.36,1.36,1.36,4857000000.0,4498500000.0,4857000000.0,53572424300.0,128.0,46.788,-1448000000.0,-8.831,1.0,9390000000.0,0.479,1731000000.0,0.0,34678000000.0,33517000000.0,3269000000.0,17439000000.0,5220000000.0,12219000000.0,25167000000.0,8507000000.0,16660000000.0,38694424300.0,4000000.0,-380000000.0,-46000000.0,2437000000.0,-531000000.0,1856000000.0,-867000000.0,0.0,-956000000.0,-29000000.0,273000000.0,273000000.0,273000000.0,190000000.0,0.0,0.014,8022000000.0,1368000000.0,948000000.0,2.118,7.967,141.738,173.529,2366000000.0,0.0,236.0,1.975,1.975,2671000000.0,,19593000000.0,19593000000.0,1035000000.0,0.009,0.061,0.012,0.021,0.0,5343000000.0,1.0,163959425.0,163959425.0,,119.499,28293000000.0,1236000000.0,145000000.0,2711000000.0,172.561,3968000000.0
23,XRX,MRY,1997-12-31,1997-12-31,1997-12-31,2021-08-25,0.0,27732000000.0,27275000000.0,10766000000.0,16966000000.0,0.665,30.486,-484000000.0,75000000.0,75000000.0,9108000000.0,1452000000.0,1.4,4.563,12486000000.0,3707000000.0,8779000000.0,12486000000.0,205000000.0,739000000.0,0.0,0.017,2.56,2180000000.0,2919000000.0,0.161,2919000000.0,2180000000.0,2180000000.0,8.64,8.08,8.64,4985000000.0,4676000000.0,4985000000.0,,,,-12000000.0,-0.073,1.0,9036000000.0,0.498,1375000000.0,0.0,31076000000.0,30961500000.0,2792000000.0,16710000000.0,4599000000.0,12111000000.0,22747000000.0,7692000000.0,15055000000.0,24161060549.0,-29000000.0,-812000000.0,24000000.0,5000000.0,-475000000.0,184000000.0,-125000000.0,0.0,472000000.0,-18000000.0,1452000000.0,1452000000.0,1452000000.0,0.0,0.0,0.08,6277000000.0,2759000000.0,776000000.0,0.296,4.847,16.64,17.102,2377000000.0,0.0,147.76,1.332,1.332,2145000000.0,,18144000000.0,18144000000.0,1065000000.0,0.053,0.311,0.07,0.12,0.0,5212000000.0,1.0,163515570.0,163515570.0,,110.962,26357000000.0,1155000000.0,728000000.0,2469000000.0,161.19,3074000000.0
24,XRX,MRY,1996-12-31,1996-12-31,1996-12-31,2021-08-25,0.0,26818000000.0,,10152000000.0,16666000000.0,,,-470000000.0,104000000.0,104000000.0,8723000000.0,1206000000.0,1.409,5.141,11960000000.0,3536000000.0,8424000000.0,11960000000.0,208000000.0,715000000.0,0.0,0.022,2.32,1906000000.0,2621000000.0,0.151,2621000000.0,1906000000.0,1906000000.0,7.12,6.64,7.12,4367000000.0,,4367000000.0,,,,-160000000.0,,1.0,8655000000.0,0.498,623000000.0,0.0,30847000000.0,,2676000000.0,17052000000.0,4386000000.0,12666000000.0,22451000000.0,7204000000.0,15247000000.0,,-32000000.0,0.0,-221000000.0,990000000.0,-438000000.0,295000000.0,-456000000.0,0.0,310000000.0,-6000000.0,1206000000.0,1206000000.0,1206000000.0,0.0,0.0,0.069,6118000000.0,2537000000.0,577000000.0,0.326,,,14.781,2256000000.0,0.0,105.24,,,2022000000.0,,17378000000.0,17378000000.0,1044000000.0,,,,0.11,0.0,5074000000.0,1.0,,,,,26195000000.0,964000000.0,700000000.0,2429000000.0,,2948000000.0
25,XRX,MRY,1995-12-31,1995-12-31,1995-12-31,2021-08-25,,,,,,,,-348000000.0,,,8426000000.0,-472000000.0,,,,,,,,719000000.0,,0.022,2.0,143000000.0,862000000.0,0.052,862000000.0,143000000.0,143000000.0,-3.18,-2.64,-3.18,,,,,,,251000000.0,,1.0,8162000000.0,0.492,,0.0,,,,,,,,,,,95000000.0,-972000000.0,70000000.0,766000000.0,-389000000.0,381000000.0,-1377000000.0,0.0,599000000.0,-5000000.0,-472000000.0,-472000000.0,-472000000.0,1646000000.0,0.0,-0.028,5668000000.0,2494000000.0,,-0.629,,,-28.721,,0.0,91.333,,,,,16588000000.0,16588000000.0,949000000.0,,,,0.009,0.0,4719000000.0,1.0,,,,,,,615000000.0,,,
0,XRX,MRQ,2021-06-30,2021-06-30,2021-06-30,2021-08-25,-3265000000.0,14110000000.0,,5175000000.0,8935000000.0,,27.544,-16000000.0,2124000000.0,2124000000.0,1154000000.0,91000000.0,1.923,1.627,4239000000.0,642000000.0,3597000000.0,4239000000.0,0.0,84000000.0,0.0,0.043,0.25,100000000.0,184000000.0,0.103,184000000.0,100000000.0,100000000.0,0.47,0.46,0.47,5287000000.0,,5287000000.0,6481843087.0,17.0,8.843,198000000.0,1.032,1.0,639000000.0,0.356,4334000000.0,0.0,9200000000.0,,815000000.0,3117000000.0,1146000000.0,1971000000.0,8601000000.0,2691000000.0,5910000000.0,4508843087.0,-258000000.0,-36000000.0,-251000000.0,-114000000.0,-54000000.0,-429000000.0,-55000000.0,0.0,214000000.0,12000000.0,91000000.0,91000000.0,91000000.0,0.0,0.0,0.051,540000000.0,99000000.0,935000000.0,0.532,0.853,15.181,16.542,643000000.0,0.0,23.49,0.626,0.626,846000000.0,6308000000.0,1793000000.0,1793000000.0,79000000.0,,,,,14000000.0,434000000.0,1.0,191947343.0,191947343.0,,9.341,9776000000.0,491000000.0,9000000.0,0.0,50.931,2484000000.0
1,XRX,MRQ,2021-03-31,2021-03-31,2021-03-31,2021-08-25,-3335000000.0,14272000000.0,,5420000000.0,8852000000.0,,27.309,-17000000.0,2379000000.0,2379000000.0,1099000000.0,39000000.0,2.049,1.591,4352000000.0,678000000.0,3674000000.0,4352000000.0,0.0,86000000.0,0.0,0.041,0.25,53000000.0,139000000.0,0.081,139000000.0,53000000.0,53000000.0,0.18,0.18,0.18,5425000000.0,,5425000000.0,6640298748.0,21.0,9.881,100000000.0,0.503,1.0,611000000.0,0.357,4298000000.0,0.0,9302000000.0,,841000000.0,3077000000.0,1157000000.0,1920000000.0,8629000000.0,2645000000.0,5984000000.0,4821298748.0,-230000000.0,0.0,-162000000.0,-95000000.0,-54000000.0,-318000000.0,-17000000.0,0.0,117000000.0,-12000000.0,39000000.0,39000000.0,39000000.0,0.0,0.0,0.023,558000000.0,53000000.0,932000000.0,1.389,0.889,20.692,22.896,670000000.0,0.0,24.27,0.702,0.702,781000000.0,6267000000.0,1710000000.0,1710000000.0,74000000.0,,,,,16000000.0,448000000.0,1.0,198652606.0,198652606.0,,8.608,9974000000.0,510000000.0,14000000.0,0.0,50.208,2775000000.0
2,XRX,MRQ,2020-12-31,2020-12-31,2020-12-31,2021-08-25,-3332000000.0,14741000000.0,,5783000000.0,8958000000.0,,28.188,-14000000.0,2625000000.0,2625000000.0,1231000000.0,77000000.0,2.334,1.597,4444000000.0,394000000.0,4050000000.0,4444000000.0,0.0,96000000.0,0.0,0.043,0.25,105000000.0,201000000.0,0.104,201000000.0,105000000.0,105000000.0,0.36,0.35,0.36,5592000000.0,,5592000000.0,6412546573.0,25.0,10.277,221000000.0,1.114,1.0,699000000.0,0.362,4308000000.0,0.0,9774000000.0,,843000000.0,3165000000.0,1181000000.0,1984000000.0,8931000000.0,2478000000.0,6453000000.0,4600546573.0,-606000000.0,0.0,0.0,-634000000.0,0.0,-849000000.0,-14000000.0,0.0,235000000.0,22000000.0,77000000.0,77000000.0,77000000.0,0.0,0.0,0.04,596000000.0,103000000.0,983000000.0,0.694,0.823,23.961,27.282,703000000.0,0.0,23.19,0.655,0.655,883000000.0,6281000000.0,1930000000.0,1930000000.0,75000000.0,,,,,10000000.0,440000000.0,1.0,198384932.0,198384932.0,,9.729,10433000000.0,508000000.0,28000000.0,0.0,52.59,3305000000.0
3,XRX,MRQ,2020-09-30,2020-09-30,2020-09-30,2021-08-25,-3593000000.0,15352000000.0,,6541000000.0,8811000000.0,,25.576,-18000000.0,3242000000.0,3242000000.0,1116000000.0,90000000.0,1.966,1.778,5054000000.0,1218000000.0,3836000000.0,5054000000.0,0.0,90000000.0,0.0,0.053,0.25,119000000.0,209000000.0,0.118,209000000.0,119000000.0,119000000.0,0.41,0.41,0.41,5448000000.0,,5448000000.0,5704265272.0,5.0,4.04,88000000.0,0.413,1.0,651000000.0,0.368,4236000000.0,0.0,9601000000.0,,978000000.0,3076000000.0,1177000000.0,1899000000.0,9686000000.0,3327000000.0,6359000000.0,3998265272.0,983000000.0,27000000.0,0.0,-419000000.0,0.0,856000000.0,9000000.0,0.0,106000000.0,12000000.0,90000000.0,90000000.0,90000000.0,0.0,0.0,0.051,532000000.0,119000000.0,1018000000.0,0.61,0.734,4.285,4.49,713000000.0,0.0,18.77,0.531,0.531,895000000.0,6258000000.0,1767000000.0,1767000000.0,76000000.0,,,,,8000000.0,444000000.0,1.0,213013600.0,213013600.0,,8.295,11116000000.0,573000000.0,29000000.0,0.0,52.184,3214000000.0
4,XRX,MRQ,2020-06-30,2020-06-30,2020-06-30,2021-08-25,-3681000000.0,14125000000.0,,5391000000.0,8734000000.0,,25.721,-19000000.0,2272000000.0,2272000000.0,901000000.0,27000000.0,1.422,1.539,3978000000.0,1793000000.0,2185000000.0,3978000000.0,0.0,88000000.0,0.0,0.065,0.25,35000000.0,123000000.0,0.084,123000000.0,35000000.0,35000000.0,0.11,0.11,0.11,5477000000.0,,5477000000.0,4921778505.0,4.0,3.088,15000000.0,0.07,1.0,564000000.0,0.385,4189000000.0,0.0,7851000000.0,,922000000.0,3070000000.0,1162000000.0,1908000000.0,8430000000.0,3791000000.0,4639000000.0,3255778505.0,-351000000.0,0.0,0.0,-310000000.0,-57000000.0,-372000000.0,-18000000.0,0.0,34000000.0,5000000.0,27000000.0,27000000.0,27000000.0,0.0,0.0,0.018,529000000.0,35000000.0,916000000.0,2.273,0.594,3.06,3.212,730000000.0,0.0,15.29,0.41,0.41,789000000.0,6223000000.0,1465000000.0,1465000000.0,76000000.0,,,,,13000000.0,426000000.0,1.0,212935154.0,212935154.0,,6.88,9936000000.0,563000000.0,8000000.0,0.0,46.662,1600000000.0
5,XRX,MRQ,2020-03-31,2020-03-31,2020-03-31,2021-08-25,-3784000000.0,14784000000.0,,5977000000.0,8807000000.0,,25.344,-23000000.0,2622000000.0,2622000000.0,1148000000.0,-2000000.0,1.772,1.7,4288000000.0,1050000000.0,3238000000.0,4288000000.0,0.0,94000000.0,0.0,0.053,0.25,-3000000.0,91000000.0,0.049,91000000.0,-3000000.0,-3000000.0,-0.03,-0.03,-0.03,5393000000.0,,5393000000.0,5572226198.0,4.0,3.075,150000000.0,0.705,1.0,712000000.0,0.383,4204000000.0,0.0,8873000000.0,,824000000.0,3141000000.0,1212000000.0,1929000000.0,9170000000.0,3373000000.0,5797000000.0,4030226198.0,-130000000.0,-191000000.0,0.0,2000000.0,-58000000.0,-60000000.0,-214000000.0,0.0,173000000.0,-29000000.0,-2000000.0,-2000000.0,-2000000.0,0.0,0.0,-0.001,717000000.0,-5000000.0,1122000000.0,-8.333,0.747,3.309,3.482,761000000.0,0.0,18.94,0.461,0.461,1060000000.0,6252000000.0,1860000000.0,1860000000.0,84000000.0,,,,,11000000.0,541000000.0,1.0,212789134.0,212789134.0,,8.741,10580000000.0,604000000.0,-1000000.0,0.0,49.721,2604000000.0
6,XRX,MRQ,2019-12-31,2019-12-31,2019-12-31,2021-08-25,-3646000000.0,15047000000.0,,6140000000.0,8907000000.0,,25.843,-17000000.0,2740000000.0,2740000000.0,1428000000.0,819000000.0,1.787,1.654,4282000000.0,1049000000.0,3233000000.0,4282000000.0,0.0,98000000.0,0.0,0.027,0.25,891000000.0,989000000.0,0.405,989000000.0,891000000.0,891000000.0,3.69,3.53,3.69,5587000000.0,,5587000000.0,11880861183.0,8.0,6.055,421000000.0,1.947,1.0,1016000000.0,0.416,4099000000.0,0.0,9055000000.0,,694000000.0,3351000000.0,1269000000.0,2082000000.0,9239000000.0,3435000000.0,5804000000.0,7970861183.0,1816000000.0,0.0,0.0,-551000000.0,0.0,-851000000.0,2216000000.0,0.0,438000000.0,13000000.0,818000000.0,818000000.0,818000000.0,157000000.0,1000000.0,0.335,680000000.0,336000000.0,1053000000.0,0.068,1.427,5.891,6.114,790000000.0,0.0,36.87,0.879,0.879,1236000000.0,6312000000.0,2444000000.0,2444000000.0,93000000.0,,,,,9000000.0,512000000.0,1.0,216188261.0,216188261.0,,11.305,10948000000.0,598000000.0,73000000.0,0.0,50.641,2705000000.0
7,XRX,MRQ,2019-09-30,2019-09-30,2019-09-30,2021-08-25,-3850000000.0,14668000000.0,,4348000000.0,10320000000.0,,23.251,-17000000.0,922000000.0,922000000.0,1307000000.0,222000000.0,1.128,1.845,4832000000.0,1602000000.0,3230000000.0,4832000000.0,0.0,104000000.0,0.0,0.033,0.25,287000000.0,391000000.0,0.179,391000000.0,287000000.0,287000000.0,0.99,0.96,0.99,5145000000.0,,5145000000.0,10734602436.0,13.0,8.486,339000000.0,1.532,1.0,872000000.0,0.4,4056000000.0,0.0,10667000000.0,,758000000.0,4699000000.0,1145000000.0,3554000000.0,9492000000.0,3855000000.0,5637000000.0,6618602436.0,203000000.0,20000000.0,0.0,2000000.0,-59000000.0,-137000000.0,4000000.0,0.0,356000000.0,-20000000.0,221000000.0,221000000.0,221000000.0,-64000000.0,1000000.0,0.101,649000000.0,223000000.0,1070000000.0,0.253,1.286,9.849,10.278,816000000.0,0.0,29.91,0.736,0.736,1294000000.0,5554000000.0,2179000000.0,2179000000.0,100000000.0,,,,,11000000.0,510000000.0,1.0,221283933.0,221283933.0,,9.847,10612000000.0,688000000.0,66000000.0,0.0,47.956,493000000.0
8,XRX,MRQ,2019-06-30,2019-06-30,2019-06-30,2021-08-25,-3647000000.0,14684000000.0,,4237000000.0,10447000000.0,,22.09,-16000000.0,712000000.0,712000000.0,1378000000.0,184000000.0,1.334,1.91,4828000000.0,866000000.0,3962000000.0,4828000000.0,0.0,110000000.0,0.0,0.028,0.25,231000000.0,341000000.0,0.151,341000000.0,231000000.0,231000000.0,0.79,0.77,0.79,4962000000.0,,4962000000.0,12054027339.0,16.0,9.824,297000000.0,1.322,1.0,885000000.0,0.391,4099000000.0,0.0,11525000000.0,,788000000.0,4713000000.0,1177000000.0,3536000000.0,9478000000.0,3176000000.0,6302000000.0,7954027339.0,-10000000.0,-38000000.0,-197000000.0,1000000.0,-60000000.0,-277000000.0,-54000000.0,0.0,313000000.0,8000000.0,181000000.0,181000000.0,181000000.0,-42000000.0,3000000.0,0.08,695000000.0,190000000.0,1052000000.0,0.316,1.603,14.73,15.668,854000000.0,0.0,35.41,0.868,0.868,1364000000.0,5391000000.0,2263000000.0,2263000000.0,88000000.0,,,,,15000000.0,517000000.0,1.0,224626584.0,224626584.0,,10.074,10585000000.0,739000000.0,50000000.0,0.0,47.123,1061000000.0
9,XRX,MRQ,2019-03-31,2019-03-31,2019-03-31,2021-08-25,-3652000000.0,14799000000.0,,4313000000.0,10486000000.0,,21.883,-15000000.0,723000000.0,723000000.0,1303000000.0,136000000.0,1.473,1.894,4823000000.0,555000000.0,4268000000.0,4823000000.0,0.0,118000000.0,0.0,0.031,0.25,123000000.0,241000000.0,0.111,241000000.0,123000000.0,123000000.0,0.57,0.55,0.57,5027000000.0,,5027000000.0,11492653086.0,17.0,9.789,211000000.0,0.918,1.0,877000000.0,0.402,4097000000.0,0.0,11873000000.0,,859000000.0,4723000000.0,1191000000.0,3532000000.0,9522000000.0,2929000000.0,6593000000.0,7346653086.0,-362000000.0,-3000000.0,-103000000.0,-402000000.0,-62000000.0,-569000000.0,-18000000.0,0.0,226000000.0,-1000000.0,133000000.0,133000000.0,133000000.0,0.0,3000000.0,0.061,804000000.0,73000000.0,1054000000.0,0.439,1.461,15.598,16.921,883000000.0,0.0,31.98,0.781,0.781,1336000000.0,5270000000.0,2180000000.0,2180000000.0,92000000.0,,,,,15000000.0,546000000.0,1.0,229726488.0,229726488.0,,9.49,10702000000.0,753000000.0,-10000000.0,0.0,46.586,1384000000.0
10,XRX,MRQ,2018-12-31,2018-12-31,2018-12-31,2021-08-25,-3565000000.0,14874000000.0,,4713000000.0,10161000000.0,,21.004,-17000000.0,1081000000.0,1081000000.0,1409000000.0,141000000.0,1.45,1.922,5230000000.0,961000000.0,4269000000.0,5230000000.0,0.0,128000000.0,0.0,0.051,0.25,164000000.0,292000000.0,0.123,292000000.0,164000000.0,164000000.0,0.56,0.55,0.56,5005000000.0,,5005000000.0,8776466290.0,14.0,7.739,398000000.0,1.67,1.0,956000000.0,0.404,4078000000.0,0.0,11694000000.0,,829000000.0,3367000000.0,1218000000.0,2149000000.0,9621000000.0,3251000000.0,6370000000.0,4708466290.0,-70000000.0,27000000.0,-416000000.0,-1000000.0,-65000000.0,-486000000.0,11000000.0,0.0,415000000.0,-10000000.0,137000000.0,137000000.0,137000000.0,0.0,4000000.0,0.058,866000000.0,90000000.0,1073000000.0,0.446,0.941,13.043,14.114,940000000.0,0.0,19.76,0.487,0.487,1375000000.0,5072000000.0,2365000000.0,2365000000.0,94000000.0,,,,,13000000.0,544000000.0,1.0,238282707.0,238282707.0,,9.925,10796000000.0,740000000.0,27000000.0,0.0,45.308,1462000000.0
11,XRX,MRQ,2018-09-30,2018-09-30,2018-09-30,2021-08-25,-3711000000.0,15353000000.0,,4970000000.0,10383000000.0,,20.337,-23000000.0,1157000000.0,1157000000.0,1410000000.0,93000000.0,1.817,1.912,5225000000.0,410000000.0,4815000000.0,5225000000.0,0.0,122000000.0,0.0,0.037,0.25,231000000.0,353000000.0,0.15,353000000.0,231000000.0,231000000.0,0.34,0.34,0.34,5188000000.0,,5188000000.0,10844644756.0,16.0,8.955,251000000.0,0.984,1.0,942000000.0,0.401,4131000000.0,0.0,12554000000.0,,958000000.0,4754000000.0,1231000000.0,3523000000.0,9917000000.0,2736000000.0,7181000000.0,6882644756.0,-109000000.0,0.0,-284000000.0,0.0,-69000000.0,-359000000.0,-23000000.0,0.0,274000000.0,-1000000.0,89000000.0,89000000.0,89000000.0,0.0,4000000.0,0.038,750000000.0,192000000.0,1121000000.0,0.735,1.327,202.431,385.429,968000000.0,0.0,26.98,0.704,0.704,1392000000.0,4997000000.0,2352000000.0,2352000000.0,102000000.0,,,,,15000000.0,583000000.0,1.0,255101733.0,255101733.0,,9.22,11222000000.0,797000000.0,142000000.0,0.0,43.99,2234000000.0
12,XRX,MRQ,2018-06-30,2018-06-30,2018-06-30,2021-08-25,-3772000000.0,15556000000.0,,5080000000.0,10476000000.0,,21.113,-32000000.0,1263000000.0,1263000000.0,1509000000.0,114000000.0,1.845,1.847,5225000000.0,412000000.0,4813000000.0,5225000000.0,0.0,138000000.0,0.0,0.042,0.25,150000000.0,288000000.0,0.115,288000000.0,150000000.0,150000000.0,0.42,0.42,0.42,5377000000.0,,5377000000.0,10203307352.0,16.0,8.603,203000000.0,0.797,1.0,1001000000.0,0.399,4141000000.0,0.0,12623000000.0,,947000000.0,4767000000.0,1240000000.0,3527000000.0,9934000000.0,2754000000.0,7180000000.0,6112307352.0,-147000000.0,16000000.0,0.0,-269000000.0,-68000000.0,-339000000.0,-15000000.0,0.0,235000000.0,-28000000.0,112000000.0,112000000.0,112000000.0,0.0,2000000.0,0.045,868000000.0,133000000.0,1153000000.0,0.595,1.137,49.293,57.143,1002000000.0,0.0,24.0,0.616,0.616,1397000000.0,4974000000.0,2510000000.0,2510000000.0,101000000.0,,,,,13000000.0,624000000.0,1.0,254679473.0,254679473.0,,9.856,11415000000.0,917000000.0,38000000.0,0.0,44.821,2326000000.0
13,XRX,MRQ,2018-03-31,2018-03-31,2018-03-31,2021-08-25,-3537000000.0,16175000000.0,,5386000000.0,10789000000.0,,21.804,-18000000.0,1398000000.0,1398000000.0,1465000000.0,26000000.0,1.709,1.869,5489000000.0,678000000.0,4811000000.0,5489000000.0,0.0,138000000.0,0.0,0.028,0.25,63000000.0,201000000.0,0.083,201000000.0,63000000.0,63000000.0,0.08,0.08,0.08,5553000000.0,,5553000000.0,11553502553.0,16.0,9.302,198000000.0,0.777,1.0,970000000.0,0.398,4230000000.0,0.0,12884000000.0,,1001000000.0,4957000000.0,1301000000.0,3656000000.0,10379000000.0,3152000000.0,7227000000.0,7329502553.0,106000000.0,16000000.0,0.0,-37000000.0,-67000000.0,-117000000.0,-2000000.0,0.0,216000000.0,9000000.0,23000000.0,23000000.0,23000000.0,0.0,3000000.0,0.009,836000000.0,134000000.0,1188000000.0,3.125,1.32,41.177,44.969,1050000000.0,0.0,28.78,0.735,0.735,1432000000.0,4927000000.0,2435000000.0,2435000000.0,100000000.0,,,,,16000000.0,628000000.0,1.0,254673473.0,254673473.0,,9.561,11945000000.0,942000000.0,40000000.0,0.0,46.903,2234000000.0
14,XRX,MRQ,2017-12-31,2017-12-31,2017-12-31,2021-08-25,-3748000000.0,15946000000.0,,5230000000.0,10716000000.0,,20.645,-37000000.0,1293000000.0,1293000000.0,1421000000.0,-187000000.0,1.908,1.986,5517000000.0,282000000.0,5235000000.0,5517000000.0,0.0,128000000.0,0.0,0.028,0.25,241000000.0,369000000.0,0.149,369000000.0,241000000.0,241000000.0,-0.77,-0.75,-0.77,5256000000.0,,5256000000.0,11638185077.0,18.0,9.78,-177000000.0,-0.695,1.0,1052000000.0,0.425,4198000000.0,0.0,13231000000.0,,915000000.0,5044000000.0,1317000000.0,3727000000.0,10439000000.0,2741000000.0,7698000000.0,7421185077.0,-551000000.0,-8000000.0,0.0,-486000000.0,-68000000.0,-555000000.0,146000000.0,0.0,-140000000.0,-2000000.0,-190000000.0,-190000000.0,-190000000.0,-3000000.0,3000000.0,-0.077,871000000.0,181000000.0,1108000000.0,-0.325,1.412,38.057,41.056,1083000000.0,0.0,29.15,0.743,0.743,1469000000.0,4856000000.0,2473000000.0,2473000000.0,106000000.0,,,,,13000000.0,624000000.0,1.0,254586109.0,254586109.0,,9.714,11748000000.0,1026000000.0,431000000.0,0.0,46.145,2489000000.0
15,XRX,MRQ,2017-09-30,2017-09-30,2017-09-30,2021-08-25,-3895000000.0,16817000000.0,,5629000000.0,11188000000.0,,21.073,-22000000.0,1781000000.0,1781000000.0,1496000000.0,182000000.0,1.631,2.094,5998000000.0,763000000.0,5235000000.0,5998000000.0,191000000.0,131000000.0,0.0,0.026,0.25,197000000.0,328000000.0,0.131,328000000.0,197000000.0,197000000.0,0.69,0.68,0.69,5356000000.0,,5356000000.0,12216312143.0,-30.0,91.852,-467000000.0,-1.837,1.0,1001000000.0,0.401,4198000000.0,0.0,13384000000.0,,1039000000.0,5027000000.0,1290000000.0,3737000000.0,11213000000.0,3452000000.0,7761000000.0,8461312143.0,542000000.0,20000000.0,0.0,988000000.0,-68000000.0,908000000.0,60000000.0,0.0,-445000000.0,19000000.0,179000000.0,179000000.0,179000000.0,-3000000.0,3000000.0,0.072,834000000.0,167000000.0,1183000000.0,0.362,1.58,-18.474,-17.707,1092000000.0,0.0,33.29,0.825,0.825,1117000000.0,5116000000.0,2497000000.0,2497000000.0,105000000.0,,,,,14000000.0,630000000.0,1.0,254169785.0,254169785.0,,9.824,12619000000.0,1477000000.0,18000000.0,0.0,49.648,2177000000.0
16,XRX,MRQ,2017-06-30,2017-06-30,2017-06-30,2021-08-25,-4010000000.0,16167000000.0,,4978000000.0,11189000000.0,,20.158,-21000000.0,1246000000.0,1246000000.0,1524000000.0,170000000.0,1.458,2.107,5001000000.0,765000000.0,4236000000.0,5001000000.0,191000000.0,135000000.0,0.0,0.033,0.063,209000000.0,344000000.0,0.134,344000000.0,209000000.0,209000000.0,0.64,0.63,0.64,5123000000.0,,5123000000.0,11257617661.0,-29.0,72.164,245000000.0,0.964,1.0,1043000000.0,0.406,4179000000.0,0.0,12329000000.0,,944000000.0,5017000000.0,1278000000.0,3739000000.0,10795000000.0,3414000000.0,7381000000.0,7301617661.0,183000000.0,-65000000.0,0.0,0.0,-68000000.0,-80000000.0,-30000000.0,0.0,266000000.0,27000000.0,166000000.0,166000000.0,166000000.0,0.0,4000000.0,0.065,850000000.0,193000000.0,1202000000.0,0.098,1.425,-16.083,-15.282,1100000000.0,0.0,28.73,0.703,0.703,1121000000.0,5004000000.0,2567000000.0,2567000000.0,102000000.0,,,,,12000000.0,626000000.0,1.0,254146107.0,254146107.0,,10.1,11988000000.0,1481000000.0,43000000.0,0.0,47.17,1564000000.0
17,XRX,MRQ,2017-03-31,2017-03-31,2017-03-31,2021-08-25,-4179000000.0,15916000000.0,,4715000000.0,11201000000.0,,19.383,-25000000.0,1045000000.0,1045000000.0,1479000000.0,42000000.0,1.797,2.179,5001000000.0,13000000.0,4988000000.0,5001000000.0,176000000.0,133000000.0,0.0,0.04,0.252,16000000.0,149000000.0,0.061,149000000.0,16000000.0,16000000.0,0.14,0.14,0.14,4926000000.0,,4926000000.0,11554722905.0,-27.0,87.536,27000000.0,0.106,1.0,975000000.0,0.397,4088000000.0,0.0,13160000000.0,,898000000.0,5083000000.0,1261000000.0,3822000000.0,10736000000.0,2624000000.0,8112000000.0,7461722905.0,-1208000000.0,-11000000.0,-7000000.0,-1324000000.0,-81000000.0,-1258000000.0,-11000000.0,0.0,52000000.0,9000000.0,40000000.0,40000000.0,40000000.0,0.0,2000000.0,0.016,991000000.0,-16000000.0,1148000000.0,1.8,1.515,-16.151,-15.292,1113000000.0,0.0,29.36,0.703,0.703,1085000000.0,4987000000.0,2454000000.0,2454000000.0,111000000.0,,,,,13000000.0,634000000.0,1.0,254145876.0,254145876.0,,9.656,11828000000.0,1489000000.0,-24000000.0,0.0,46.54,2091000000.0
18,XRX,MRQ,2016-12-31,2016-12-31,2016-12-31,2021-08-25,-4337000000.0,18051000000.0,,6992000000.0,11059000000.0,,18.58,-62000000.0,2223000000.0,2223000000.0,1596000000.0,-840000000.0,1.502,2.78,6316000000.0,1011000000.0,5305000000.0,6316000000.0,0.0,137000000.0,0.0,0.036,0.31,-825000000.0,-688000000.0,-0.252,-688000000.0,-825000000.0,-825000000.0,-3.35,-3.31,-3.35,4709000000.0,,4709000000.0,14806269055.0,-36.0,96.145,214000000.0,0.844,1.0,1138000000.0,0.416,4077000000.0,0.0,13413000000.0,,841000000.0,4948000000.0,1256000000.0,3692000000.0,13090000000.0,4654000000.0,8436000000.0,8850269055.0,971000000.0,12000000.0,-6000000.0,884000000.0,-103000000.0,797000000.0,176000000.0,0.0,276000000.0,-26000000.0,-843000000.0,-843000000.0,-843000000.0,0.0,3000000.0,-0.308,959000000.0,179000000.0,1126000000.0,-0.093,1.879,-18.79,-17.908,1135000000.0,0.0,34.92,0.822,0.822,1051000000.0,4934000000.0,2734000000.0,2734000000.0,100000000.0,,,,,19000000.0,580000000.0,1.0,253444131.0,253444131.0,,10.787,13974000000.0,1472000000.0,18000000.0,0.0,55.136,2338000000.0
19,XRX,MRQ,2016-09-30,2016-09-30,2016-09-30,2021-08-25,-4632000000.0,24642000000.0,,7007000000.0,17635000000.0,,36.53,-26000000.0,1423000000.0,1423000000.0,1592000000.0,186000000.0,1.212,1.621,7379000000.0,2033000000.0,5346000000.0,7379000000.0,401000000.0,140000000.0,0.0,0.03,0.31,211000000.0,351000000.0,0.134,351000000.0,211000000.0,211000000.0,0.69,0.69,0.69,9254000000.0,,9254000000.0,16445765559.0,18.0,15.844,344000000.0,1.358,1.0,1037000000.0,0.394,10216000000.0,0.0,14600000000.0,,1019000000.0,5260000000.0,1279000000.0,3981000000.0,14999000000.0,5782000000.0,9217000000.0,10264765559.0,232000000.0,1000000.0,3000000.0,-1000000.0,-79000000.0,-84000000.0,-69000000.0,0.0,370000000.0,5000000.0,183000000.0,183000000.0,183000000.0,0.0,3000000.0,0.07,871000000.0,166000000.0,1312000000.0,0.449,1.109,16.556,17.466,1446000000.0,0.0,40.52,1.68,1.68,2565000000.0,9801000000.0,2629000000.0,2629000000.0,118000000.0,,,,,14000000.0,664000000.0,1.0,253325902.0,253325902.0,,10.378,14426000000.0,0.0,28000000.0,0.0,56.946,1225000000.0
20,XRX,MRQ,2016-06-30,2016-06-30,2016-06-30,2021-08-25,-4586000000.0,24641000000.0,,6851000000.0,17790000000.0,,36.241,-37000000.0,1203000000.0,1203000000.0,1681000000.0,161000000.0,1.162,1.643,7384000000.0,2029000000.0,5355000000.0,7384000000.0,404000000.0,144000000.0,0.0,0.031,0.31,176000000.0,320000000.0,0.115,320000000.0,176000000.0,176000000.0,0.6,0.6,0.6,9178000000.0,,9178000000.0,15812391874.0,27.0,18.28,140000000.0,0.553,1.0,1112000000.0,0.398,10331000000.0,0.0,14596000000.0,,1017000000.0,5274000000.0,1295000000.0,3979000000.0,15076000000.0,5895000000.0,9181000000.0,9613391874.0,-3000000.0,0.0,2000000.0,-3000000.0,-78000000.0,-87000000.0,-67000000.0,0.0,177000000.0,-8000000.0,158000000.0,158000000.0,158000000.0,0.0,3000000.0,0.057,921000000.0,191000000.0,1379000000.0,0.517,1.047,23.855,25.823,1457000000.0,0.0,37.96,1.23,1.23,2575000000.0,9704000000.0,2793000000.0,2793000000.0,119000000.0,,,,,7000000.0,691000000.0,1.0,253250576.0,253250576.0,,11.029,14310000000.0,0.0,18000000.0,0.0,56.505,956000000.0
21,XRX,MRQ,2016-03-31,2016-03-31,2016-03-31,2021-08-25,-4554000000.0,24857000000.0,,6808000000.0,18049000000.0,,36.039,-13000000.0,1189000000.0,1189000000.0,1597000000.0,36000000.0,1.108,1.681,7388000000.0,2029000000.0,5359000000.0,7388000000.0,421000000.0,142000000.0,0.0,0.026,0.31,32000000.0,174000000.0,0.067,174000000.0,32000000.0,32000000.0,0.12,0.12,0.12,9126000000.0,,9126000000.0,17302945887.0,42.0,20.477,-38000000.0,-0.15,1.0,1018000000.0,0.389,10498000000.0,0.0,14412000000.0,,1034000000.0,5304000000.0,1307000000.0,3997000000.0,15345000000.0,6146000000.0,9199000000.0,11303945887.0,-182000000.0,-18000000.0,1000000.0,45000000.0,-71000000.0,-42000000.0,-125000000.0,0.0,-25000000.0,12000000.0,34000000.0,34000000.0,34000000.0,0.0,2000000.0,0.013,986000000.0,32000000.0,1445000000.0,2.583,1.239,43.984,49.055,1489000000.0,0.0,44.64,1.176,1.176,2556000000.0,9635000000.0,2615000000.0,2615000000.0,126000000.0,,,,,10000000.0,701000000.0,1.0,253224594.0,253224594.0,,10.327,14359000000.0,0.0,-2000000.0,0.0,56.705,662000000.0
22,XRX,MRQ,2015-12-31,2015-12-31,2015-12-31,2021-08-25,-4642000000.0,25541000000.0,,6685000000.0,18856000000.0,,35.851,183000000.0,1228000000.0,1228000000.0,-2702000000.0,250000000.0,1.272,1.772,7279000000.0,962000000.0,6317000000.0,7279000000.0,202000000.0,-320000000.0,0.0,0.026,0.28,513000000.0,193000000.0,-0.1,193000000.0,513000000.0,513000000.0,0.91,0.9,0.91,9074000000.0,,9074000000.0,17533841275.0,27.0,14.244,1061000000.0,4.192,1.0,775000000.0,-0.402,4291000000.0,0.0,22047000000.0,,901000000.0,5273000000.0,1315000000.0,3958000000.0,16075000000.0,5254000000.0,10821000000.0,10761841275.0,583000000.0,-751000000.0,1000000.0,-199000000.0,-71000000.0,-278000000.0,-19000000.0,0.0,878000000.0,-6000000.0,245000000.0,245000000.0,245000000.0,-64000000.0,5000000.0,-0.127,-47000000.0,822000000.0,1342000000.0,0.308,1.186,24.022,26.742,1212000000.0,0.0,42.52,0.939,0.939,1165000000.0,9686000000.0,-1927000000.0,-1927000000.0,93000000.0,,,,,-10000000.0,189000000.0,1.0,253100688.0,253100688.0,,-7.614,21250000000.0,0.0,268000000.0,0.0,83.959,1431000000.0
23,XRX,MRQ,2015-09-30,2015-09-30,2015-09-30,2021-08-25,-4399000000.0,24946000000.0,,6999000000.0,17947000000.0,,34.106,-58000000.0,804000000.0,804000000.0,3346000000.0,-31000000.0,1.3,1.694,7576000000.0,1183000000.0,6393000000.0,7576000000.0,435000000.0,317000000.0,0.0,0.028,0.28,-139000000.0,178000000.0,0.041,178000000.0,-139000000.0,-139000000.0,-0.16,-0.16,-0.16,9113000000.0,,9113000000.0,16404371867.0,48.0,19.908,213000000.0,0.797,1.0,987000000.0,0.228,10679000000.0,0.0,15657000000.0,,1110000000.0,5271000000.0,1314000000.0,3957000000.0,15440000000.0,5382000000.0,10058000000.0,10399371867.0,-837000000.0,-147000000.0,-737000000.0,-74000000.0,-84000000.0,-888000000.0,-206000000.0,0.0,271000000.0,-14000000.0,-34000000.0,-34000000.0,-34000000.0,3000000.0,3000000.0,-0.008,1160000000.0,-173000000.0,1477000000.0,-1.75,1.141,25.805,27.8,1535000000.0,0.0,38.92,0.899,0.899,2727000000.0,9493000000.0,4333000000.0,4333000000.0,135000000.0,,,,,-8000000.0,855000000.0,1.0,267198660.0,267198660.0,,16.216,14267000000.0,0.0,-105000000.0,0.0,53.395,1617000000.0
24,XRX,MRQ,2015-06-30,2015-06-30,2015-06-30,2021-08-25,-4299000000.0,26016000000.0,,7832000000.0,18184000000.0,,36.488,-102000000.0,1641000000.0,1641000000.0,3164000000.0,17000000.0,1.367,1.549,7646000000.0,1648000000.0,5998000000.0,7646000000.0,428000000.0,297000000.0,0.0,0.025,0.28,3000000.0,300000000.0,0.065,300000000.0,3000000.0,3000000.0,0.04,0.04,0.04,10054000000.0,,10054000000.0,18453080150.0,23.0,13.906,247000000.0,0.896,1.0,1426000000.0,0.311,10700000000.0,0.0,15591000000.0,,1072000000.0,5286000000.0,1328000000.0,3958000000.0,15570000000.0,5730000000.0,9840000000.0,11727080150.0,769000000.0,910000000.0,-391000000.0,53000000.0,-77000000.0,-423000000.0,831000000.0,0.0,349000000.0,12000000.0,12000000.0,12000000.0,12000000.0,95000000.0,5000000.0,0.003,1352000000.0,74000000.0,1568000000.0,7.0,1.166,16.681,17.161,1578000000.0,0.0,42.56,0.975,0.975,2835000000.0,9605000000.0,4590000000.0,4590000000.0,142000000.0,,,,,23000000.0,906000000.0,1.0,275542297.0,275542297.0,,16.658,15316000000.0,0.0,-9000000.0,0.0,55.585,2102000000.0
25,XRX,MRQ,2015-03-31,2015-03-31,2015-03-31,2021-08-25,-4540000000.0,26657000000.0,,8358000000.0,18299000000.0,,36.713,-79000000.0,872000000.0,872000000.0,3075000000.0,230000000.0,1.458,1.573,7598000000.0,1333000000.0,6265000000.0,7598000000.0,424000000.0,296000000.0,0.0,0.02,0.28,264000000.0,560000000.0,0.125,560000000.0,264000000.0,264000000.0,0.8,0.76,0.8,10208000000.0,,10208000000.0,20621766209.0,18.0,11.838,34000000.0,0.122,1.0,1394000000.0,0.312,10670000000.0,0.0,16982000000.0,,1009000000.0,5254000000.0,1313000000.0,3941000000.0,16062000000.0,5731000000.0,10331000000.0,14291766209.0,-539000000.0,-25000000.0,-207000000.0,-150000000.0,-70000000.0,-485000000.0,-98000000.0,0.0,113000000.0,-69000000.0,225000000.0,225000000.0,225000000.0,0.0,5000000.0,0.05,1193000000.0,201000000.0,1471000000.0,0.35,1.4,14.934,15.482,1583000000.0,0.0,51.4,1.155,1.155,2838000000.0,9631000000.0,4469000000.0,4469000000.0,141000000.0,,,,,22000000.0,915000000.0,1.0,278049926.0,278049926.0,,16.073,15987000000.0,0.0,39000000.0,0.0,57.497,2627000000.0
26,XRX,MRQ,2014-12-31,2014-12-31,2014-12-31,2021-08-25,-4159000000.0,27658000000.0,,8874000000.0,18784000000.0,,37.416,172000000.0,1411000000.0,1411000000.0,-2308000000.0,206000000.0,1.461,1.55,7741000000.0,1427000000.0,6314000000.0,7741000000.0,431000000.0,-431000000.0,0.0,0.018,0.252,217000000.0,-214000000.0,0.117,-214000000.0,217000000.0,217000000.0,0.72,0.68,0.72,10678000000.0,,10678000000.0,22466962265.0,19.0,12.144,1029000000.0,3.606,1.0,480000000.0,-0.263,10836000000.0,0.0,17076000000.0,,934000000.0,5482000000.0,1425000000.0,4057000000.0,16556000000.0,6076000000.0,10480000000.0,15821962265.0,376000000.0,266000000.0,-336000000.0,160000000.0,-71000000.0,-297000000.0,-129000000.0,0.0,857000000.0,-27000000.0,200000000.0,200000000.0,200000000.0,0.0,6000000.0,-0.109,248000000.0,232000000.0,1584000000.0,0.35,1.482,15.619,16.116,1648000000.0,0.0,55.44,1.248,1.248,2762000000.0,9535000000.0,-1828000000.0,-1828000000.0,104000000.0,,,,,-13000000.0,287000000.0,1.0,285388930.0,285388930.0,,-6.405,16822000000.0,0.0,17000000.0,0.0,58.944,2798000000.0
27,XRX,MRQ,2014-09-30,2014-09-30,2014-09-30,2021-08-25,-3228000000.0,27877000000.0,,7882000000.0,19995000000.0,,40.938,-104000000.0,1015000000.0,1015000000.0,3253000000.0,272000000.0,1.382,1.324,7660000000.0,1305000000.0,6355000000.0,7660000000.0,546000000.0,349000000.0,0.0,0.019,0.25,332000000.0,681000000.0,0.142,681000000.0,332000000.0,332000000.0,0.92,0.88,0.92,11802000000.0,,11802000000.0,21958211676.0,16.0,7.939,491000000.0,1.703,1.0,1542000000.0,0.322,11668000000.0,0.0,17151000000.0,,1069000000.0,5500000000.0,1427000000.0,4073000000.0,15620000000.0,5703000000.0,9917000000.0,15256211676.0,8000000.0,-24000000.0,-280000000.0,-40000000.0,-77000000.0,-417000000.0,-128000000.0,0.0,595000000.0,-42000000.0,266000000.0,266000000.0,266000000.0,0.0,6000000.0,0.055,1256000000.0,286000000.0,1550000000.0,0.272,1.293,13.634,14.226,1914000000.0,0.0,52.92,0.815,0.815,3152000000.0,9412000000.0,4795000000.0,4795000000.0,139000000.0,,,,,26000000.0,942000000.0,1.0,288288202.0,288288202.0,,16.633,16209000000.0,0.0,66000000.0,0.0,56.225,2179000000.0
28,XRX,MRQ,2014-06-30,2014-06-30,2014-06-30,2021-08-25,-2802000000.0,28508000000.0,,7979000000.0,20529000000.0,,42.103,-121000000.0,1007000000.0,1007000000.0,3356000000.0,272000000.0,1.402,1.282,7709000000.0,1355000000.0,6354000000.0,7709000000.0,524000000.0,376000000.0,0.0,0.019,0.25,339000000.0,715000000.0,0.145,715000000.0,339000000.0,339000000.0,0.88,0.88,0.88,12287000000.0,,12287000000.0,20959475964.0,15.0,7.496,204000000.0,0.699,1.0,1585000000.0,0.321,11819000000.0,0.0,17701000000.0,,1077000000.0,5726000000.0,1497000000.0,4229000000.0,15754000000.0,5690000000.0,10064000000.0,14521475964.0,-560000000.0,-212000000.0,-185000000.0,-299000000.0,-73000000.0,-561000000.0,-326000000.0,0.0,325000000.0,2000000.0,266000000.0,266000000.0,266000000.0,0.0,6000000.0,0.054,1284000000.0,301000000.0,1597000000.0,0.284,1.182,12.749,13.376,1968000000.0,0.0,49.76,0.758,0.758,3224000000.0,9226000000.0,4941000000.0,4941000000.0,143000000.0,,,,,24000000.0,959000000.0,1.0,291830305.0,291830305.0,,16.931,16689000000.0,0.0,73000000.0,0.0,57.187,2289000000.0
29,XRX,MRQ,2014-03-31,2014-03-31,2014-03-31,2021-08-25,-2838000000.0,28868000000.0,,8462000000.0,20406000000.0,,41.261,-70000000.0,1567000000.0,1567000000.0,3268000000.0,286000000.0,1.282,1.324,8005000000.0,2109000000.0,5896000000.0,8005000000.0,517000000.0,345000000.0,0.0,0.021,0.25,323000000.0,668000000.0,0.14,668000000.0,323000000.0,323000000.0,0.92,0.92,0.92,12223000000.0,,12223000000.0,19646883472.0,14.0,7.111,216000000.0,0.729,1.0,1503000000.0,0.315,11679000000.0,0.0,17027000000.0,,1044000000.0,5729000000.0,1501000000.0,4228000000.0,16183000000.0,6600000000.0,9583000000.0,13389883472.0,-197000000.0,-54000000.0,-256000000.0,4000000.0,-68000000.0,-349000000.0,-120000000.0,0.0,286000000.0,-14000000.0,281000000.0,281000000.0,281000000.0,0.0,5000000.0,0.059,1232000000.0,271000000.0,1568000000.0,0.272,1.095,11.704,12.151,1979000000.0,0.0,45.2,0.683,0.683,3166000000.0,9039000000.0,4771000000.0,4771000000.0,145000000.0,,,,,26000000.0,945000000.0,1.0,296236360.0,296236360.0,,16.105,17189000000.0,0.0,42000000.0,0.0,58.025,1862000000.0
30,XRX,MRQ,2013-12-31,2013-12-31,2013-12-31,2021-08-25,-2779000000.0,29036000000.0,,8511000000.0,20525000000.0,,39.964,-77000000.0,1764000000.0,1764000000.0,2657000000.0,311000000.0,1.497,1.323,8021000000.0,1117000000.0,6904000000.0,8021000000.0,496000000.0,346000000.0,0.0,0.019,0.23,356000000.0,702000000.0,0.167,702000000.0,356000000.0,356000000.0,1.0,0.96,1.0,12300000000.0,,12300000000.0,21575660800.0,15.0,7.789,891000000.0,2.895,1.0,1556000000.0,0.369,11708000000.0,0.0,17899000000.0,,998000000.0,5702000000.0,1500000000.0,4202000000.0,16268000000.0,5686000000.0,10582000000.0,14982660800.0,816000000.0,15000000.0,-499000000.0,497000000.0,-71000000.0,-100000000.0,-53000000.0,0.0,968000000.0,1000000.0,306000000.0,306000000.0,306000000.0,-22000000.0,5000000.0,0.073,1280000000.0,276000000.0,1626000000.0,0.23,1.218,12.927,13.086,2025000000.0,0.0,48.68,0.749,0.749,3042000000.0,8839000000.0,4213000000.0,4213000000.0,155000000.0,,,,,12000000.0,983000000.0,1.0,307778570.0,307778570.0,,13.688,17328000000.0,0.0,50000000.0,0.0,56.3,2825000000.0
31,XRX,MRQ,2013-09-30,2013-09-30,2013-09-30,2021-08-25,-3277000000.0,29016000000.0,,8070000000.0,20946000000.0,,39.093,-61000000.0,948000000.0,948000000.0,3585000000.0,291000000.0,1.429,1.369,7541000000.0,1135000000.0,6406000000.0,7541000000.0,483000000.0,340000000.0,0.0,0.021,0.23,371000000.0,711000000.0,0.136,711000000.0,371000000.0,371000000.0,0.92,0.88,0.92,12046000000.0,,12046000000.0,19902760886.0,14.0,7.123,900000000.0,2.921,1.0,1650000000.0,0.315,11755000000.0,0.0,18208000000.0,,1152000000.0,5870000000.0,1584000000.0,4286000000.0,16487000000.0,5646000000.0,10841000000.0,12682760886.0,19000000.0,-24000000.0,-163000000.0,-610000000.0,-77000000.0,-871000000.0,-82000000.0,0.0,961000000.0,11000000.0,286000000.0,286000000.0,286000000.0,1000000.0,5000000.0,0.055,1316000000.0,334000000.0,1589000000.0,0.25,1.053,10.676,10.947,2018000000.0,0.0,41.16,0.626,0.626,3127000000.0,8608000000.0,5235000000.0,5235000000.0,145000000.0,,,,,19000000.0,1015000000.0,1.0,308133160.0,308133160.0,,16.989,17261000000.0,643000000.0,85000000.0,0.0,56.018,2424000000.0
32,XRX,MRQ,2013-06-30,2013-06-30,2013-06-30,2021-08-25,-3522000000.0,29327000000.0,,8212000000.0,21115000000.0,,38.195,-99000000.0,929000000.0,929000000.0,3694000000.0,277000000.0,1.302,1.459,8149000000.0,1783000000.0,6366000000.0,8149000000.0,471000000.0,343000000.0,0.0,0.022,0.23,339000000.0,682000000.0,0.127,682000000.0,339000000.0,339000000.0,0.88,0.84,0.88,11725000000.0,,11725000000.0,18683078142.0,13.0,6.755,434000000.0,1.414,1.0,1697000000.0,0.315,11720000000.0,0.0,18522000000.0,,1109000000.0,6192000000.0,1731000000.0,4461000000.0,17104000000.0,6305000000.0,10799000000.0,11137078142.0,-64000000.0,-67000000.0,31000000.0,-378000000.0,-72000000.0,-430000000.0,-164000000.0,0.0,533000000.0,-3000000.0,271000000.0,271000000.0,271000000.0,0.0,6000000.0,0.05,1365000000.0,332000000.0,1731000000.0,0.261,0.95,9.406,9.859,2015000000.0,0.0,36.28,0.548,0.548,3183000000.0,8400000000.0,5391000000.0,5391000000.0,149000000.0,,,,,28000000.0,1041000000.0,1.0,306975693.0,306975693.0,,17.562,17607000000.0,667000000.0,68000000.0,0.0,57.356,1907000000.0
33,XRX,MRQ,2013-03-31,2013-03-31,2013-03-31,2021-08-25,-3495000000.0,29565000000.0,,8260000000.0,21305000000.0,,37.59,-104000000.0,993000000.0,993000000.0,3616000000.0,300000000.0,1.468,1.528,8539000000.0,1107000000.0,7432000000.0,8539000000.0,448000000.0,329000000.0,0.0,0.022,0.23,346000000.0,675000000.0,0.13,675000000.0,346000000.0,346000000.0,0.92,0.92,0.92,11501000000.0,,11501000000.0,17767997091.0,12.0,6.414,-191000000.0,-0.624,1.0,1586000000.0,0.305,11717000000.0,0.0,19767000000.0,,1096000000.0,6286000000.0,1741000000.0,4545000000.0,17570000000.0,5627000000.0,11943000000.0,10524997091.0,-253000000.0,-53000000.0,2000000.0,57000000.0,-52000000.0,-1000000.0,-153000000.0,0.0,-87000000.0,-12000000.0,296000000.0,296000000.0,296000000.0,0.0,4000000.0,0.057,1286000000.0,300000000.0,1656000000.0,0.25,0.915,8.613,9.247,2043000000.0,0.0,34.4,0.519,0.519,3215000000.0,8208000000.0,5202000000.0,5202000000.0,154000000.0,,,,,31000000.0,1040000000.0,1.0,305959218.0,305959218.0,,17.002,17848000000.0,697000000.0,50000000.0,0.0,58.335,2633000000.0
34,XRX,MRQ,2012-12-31,2012-12-31,2012-12-31,2021-08-25,-3227000000.0,30015000000.0,,8273000000.0,21742000000.0,,36.214,-129000000.0,1246000000.0,1246000000.0,2759000000.0,343000000.0,1.4,1.563,8489000000.0,1042000000.0,7447000000.0,8489000000.0,438000000.0,336000000.0,0.0,0.025,0.17,390000000.0,726000000.0,0.163,726000000.0,390000000.0,390000000.0,1.04,1.04,1.04,11521000000.0,,11521000000.0,17147769926.0,12.0,6.231,1644000000.0,5.168,1.0,1688000000.0,0.38,11845000000.0,0.0,19503000000.0,,1011000000.0,6542000000.0,1836000000.0,4706000000.0,18002000000.0,5910000000.0,12092000000.0,8678769926.0,364000000.0,-33000000.0,-334000000.0,-850000000.0,-54000000.0,-1250000000.0,-160000000.0,0.0,1773000000.0,1000000.0,335000000.0,335000000.0,335000000.0,0.0,8000000.0,0.075,1370000000.0,318000000.0,1913000000.0,0.163,0.753,7.263,7.578,2091000000.0,0.0,27.28,0.425,0.425,3018000000.0,7991000000.0,4447000000.0,4447000000.0,160000000.0,,,,,33000000.0,1002000000.0,1.0,318136728.0,318136728.0,,13.978,18170000000.0,763000000.0,55000000.0,0.0,57.114,2363000000.0
35,XRX,MRQ,2012-09-30,2012-09-30,2012-09-30,2021-08-25,-2546000000.0,30239000000.0,,8386000000.0,21853000000.0,,37.411,-139000000.0,882000000.0,882000000.0,3614000000.0,288000000.0,1.35,1.433,9351000000.0,1893000000.0,7458000000.0,9351000000.0,446000000.0,339000000.0,0.0,0.023,0.17,344000000.0,683000000.0,0.129,683000000.0,344000000.0,344000000.0,0.84,0.84,0.84,12226000000.0,,12226000000.0,17940868780.0,12.0,6.28,455000000.0,1.392,1.0,1661000000.0,0.315,11899000000.0,0.0,20596000000.0,,1128000000.0,6910000000.0,1877000000.0,5033000000.0,17524000000.0,6213000000.0,11311000000.0,9594868780.0,68000000.0,-156000000.0,-368000000.0,199000000.0,-63000000.0,-230000000.0,-289000000.0,0.0,594000000.0,-7000000.0,282000000.0,282000000.0,282000000.0,0.0,6000000.0,0.053,1347000000.0,314000000.0,1591000000.0,0.202,0.785,7.769,8.066,2092000000.0,0.0,29.36,0.449,0.449,3377000000.0,7716000000.0,5275000000.0,5275000000.0,161000000.0,,,,,30000000.0,1032000000.0,1.0,326800708.0,326800708.0,,16.141,18340000000.0,454000000.0,62000000.0,0.0,56.12,2173000000.0
36,XRX,MRQ,2012-06-30,2012-06-30,2012-06-30,2021-08-25,-2878000000.0,29841000000.0,,8012000000.0,21829000000.0,,35.645,-112000000.0,814000000.0,814000000.0,3617000000.0,316000000.0,1.489,1.444,9160000000.0,1099000000.0,8061000000.0,9160000000.0,404000000.0,313000000.0,0.0,0.022,0.17,373000000.0,686000000.0,0.128,686000000.0,373000000.0,373000000.0,0.92,0.88,0.92,12010000000.0,,12010000000.0,18720776603.0,12.0,6.509,116000000.0,0.344,1.0,1751000000.0,0.326,11752000000.0,0.0,21053000000.0,,1073000000.0,7183000000.0,2036000000.0,5147000000.0,17346000000.0,5382000000.0,11964000000.0,10606776603.0,-700000000.0,0.0,-305000000.0,-455000000.0,-57000000.0,-827000000.0,-98000000.0,0.0,228000000.0,-3000000.0,309000000.0,309000000.0,309000000.0,0.0,7000000.0,0.058,1404000000.0,347000000.0,1712000000.0,0.185,0.883,8.332,8.462,2072000000.0,0.0,31.48,0.489,0.489,2876000000.0,7496000000.0,5368000000.0,5368000000.0,161000000.0,,,,,31000000.0,1057000000.0,1.0,336936995.0,336936995.0,,15.932,18089000000.0,598000000.0,64000000.0,0.0,53.687,2630000000.0
37,XRX,MRQ,2012-03-31,2012-03-31,2012-03-31,2021-08-25,-2654000000.0,31151000000.0,,8882000000.0,22269000000.0,,36.817,-124000000.0,1514000000.0,1514000000.0,3795000000.0,276000000.0,1.533,1.502,9628000000.0,1145000000.0,8483000000.0,9628000000.0,407000000.0,313000000.0,0.0,0.021,0.17,346000000.0,659000000.0,0.12,659000000.0,346000000.0,346000000.0,0.8,0.76,0.8,12259000000.0,,12259000000.0,18485969712.0,11.0,6.342,-139000000.0,-0.417,1.0,1708000000.0,0.31,11907000000.0,0.0,21563000000.0,,1065000000.0,7453000000.0,2139000000.0,5314000000.0,18411000000.0,5795000000.0,12616000000.0,10754969712.0,612000000.0,-87000000.0,-43000000.0,998000000.0,-57000000.0,835000000.0,-214000000.0,0.0,-15000000.0,6000000.0,269000000.0,269000000.0,269000000.0,0.0,7000000.0,0.049,1395000000.0,313000000.0,1758000000.0,0.212,0.877,8.383,8.777,2139000000.0,0.0,32.3,0.49,0.49,3064000000.0,7250000000.0,5503000000.0,5503000000.0,173000000.0,,,,,31000000.0,1068000000.0,1.0,332971198.0,332971198.0,,16.527,19244000000.0,638000000.0,77000000.0,0.0,57.795,3087000000.0
38,XRX,MRQ,2011-12-31,2011-12-31,2011-12-31,2021-08-25,-2716000000.0,30116000000.0,,7912000000.0,22204000000.0,,34.248,-115000000.0,902000000.0,902000000.0,3596000000.0,383000000.0,1.24,1.494,8633000000.0,1545000000.0,7088000000.0,8633000000.0,432000000.0,361000000.0,0.0,0.021,0.17,468000000.0,829000000.0,0.158,829000000.0,468000000.0,468000000.0,1.08,1.08,1.08,11876000000.0,,11876000000.0,19450944785.0,12.0,6.654,1163000000.0,3.354,1.0,1642000000.0,0.313,11845000000.0,0.0,19621000000.0,,1021000000.0,7591000000.0,2165000000.0,5426000000.0,17742000000.0,6381000000.0,11361000000.0,11040944785.0,117000000.0,-24000000.0,-389000000.0,-553000000.0,-59000000.0,-1013000000.0,-140000000.0,0.0,1278000000.0,-8000000.0,375000000.0,375000000.0,375000000.0,0.0,8000000.0,0.072,1401000000.0,241000000.0,2016000000.0,0.157,0.93,8.526,8.652,2145000000.0,0.0,31.84,0.504,0.504,2766000000.0,7046000000.0,5238000000.0,5238000000.0,177000000.0,,,,,31000000.0,1074000000.0,1.0,346763341.0,346763341.0,,15.105,18271000000.0,672000000.0,93000000.0,0.0,52.69,1531000000.0
39,XRX,MRQ,2011-09-30,2011-09-30,2011-09-30,2021-08-25,-1886000000.0,30541000000.0,,8481000000.0,22060000000.0,,36.35,-116000000.0,785000000.0,785000000.0,3699000000.0,329000000.0,1.275,1.354,9195000000.0,2096000000.0,7099000000.0,9195000000.0,375000000.0,301000000.0,0.0,0.024,0.17,401000000.0,702000000.0,0.126,702000000.0,401000000.0,401000000.0,0.92,0.88,0.92,12754000000.0,,12754000000.0,17994214156.0,13.0,6.969,250000000.0,0.713,1.0,1884000000.0,0.337,11958000000.0,0.0,20341000000.0,,1209000000.0,7573000000.0,2178000000.0,5395000000.0,17272000000.0,6652000000.0,10620000000.0,9782214156.0,-313000000.0,-51000000.0,-320000000.0,-101000000.0,-63000000.0,-492000000.0,-167000000.0,0.0,366000000.0,-20000000.0,320000000.0,320000000.0,320000000.0,0.0,9000000.0,0.057,1461000000.0,423000000.0,1811000000.0,0.185,0.767,8.966,9.052,2150000000.0,0.0,27.88,0.432,0.432,3171000000.0,6736000000.0,5583000000.0,5583000000.0,183000000.0,,,,,29000000.0,1109000000.0,1.0,350868514.0,350868514.0,,15.912,18583000000.0,414000000.0,81000000.0,0.0,52.963,1829000000.0
40,XRX,MRQ,2011-06-30,2011-06-30,2011-06-30,2021-08-25,-1575000000.0,31095000000.0,,8695000000.0,22400000000.0,,37.054,-133000000.0,1098000000.0,1098000000.0,3677000000.0,327000000.0,1.31,1.356,9310000000.0,2197000000.0,7113000000.0,9310000000.0,355000000.0,298000000.0,0.0,0.016,0.17,427000000.0,725000000.0,0.129,725000000.0,427000000.0,427000000.0,0.88,0.88,0.88,12980000000.0,,12980000000.0,22196342398.0,16.0,8.836,214000000.0,0.611,1.0,1937000000.0,0.345,12075000000.0,0.0,20594000000.0,,1129000000.0,7789000000.0,2261000000.0,5528000000.0,17605000000.0,6638000000.0,10967000000.0,14586342398.0,98000000.0,-94000000.0,9000000.0,690000000.0,-59000000.0,-39000000.0,-215000000.0,0.0,347000000.0,5000000.0,319000000.0,319000000.0,319000000.0,0.0,8000000.0,0.057,1476000000.0,461000000.0,1693000000.0,0.193,1.124,14.286,14.458,2204000000.0,0.0,41.64,0.649,0.649,3103000000.0,6482000000.0,5614000000.0,5614000000.0,175000000.0,,,,,31000000.0,1119000000.0,1.0,350296407.0,350296407.0,,16.026,19020000000.0,477000000.0,108000000.0,0.0,54.297,2057000000.0
41,XRX,MRQ,2011-03-31,2011-03-31,2011-03-31,2021-08-25,-1748000000.0,30859000000.0,,9219000000.0,21640000000.0,,35.754,-109000000.0,1000000000.0,1000000000.0,3604000000.0,289000000.0,1.507,1.427,8610000000.0,1382000000.0,7228000000.0,8610000000.0,369000000.0,291000000.0,0.0,0.016,0.17,376000000.0,667000000.0,0.122,667000000.0,376000000.0,376000000.0,0.8,0.76,0.8,12509000000.0,,12509000000.0,22300051411.0,18.0,9.272,-139000000.0,-0.397,1.0,1861000000.0,0.341,12034000000.0,0.0,20319000000.0,,1100000000.0,7790000000.0,2813000000.0,4977000000.0,17846000000.0,6116000000.0,11730000000.0,14904051411.0,-211000000.0,-43000000.0,16000000.0,13000000.0,-60000000.0,-42000000.0,-153000000.0,0.0,-30000000.0,14000000.0,281000000.0,281000000.0,281000000.0,0.0,8000000.0,0.051,1451000000.0,410000000.0,1700000000.0,0.212,1.191,16.043,16.136,2202000000.0,0.0,42.6,0.666,0.666,3260000000.0,6230000000.0,5465000000.0,5465000000.0,184000000.0,,,,,32000000.0,1119000000.0,1.0,349860362.0,349860362.0,,15.621,18825000000.0,541000000.0,95000000.0,0.0,53.807,3103000000.0
42,XRX,MRQ,2010-12-31,2010-12-31,2010-12-31,2021-08-25,-1988000000.0,30600000000.0,,8639000000.0,21961000000.0,,34.619,-159000000.0,1211000000.0,1211000000.0,3908000000.0,179000000.0,1.346,1.507,8607000000.0,1370000000.0,7237000000.0,8607000000.0,371000000.0,293000000.0,0.0,0.015,0.17,195000000.0,488000000.0,0.082,488000000.0,195000000.0,195000000.0,0.48,0.44,0.48,12006000000.0,,12006000000.0,24501511905.0,28.0,12.507,1148000000.0,3.31,1.0,2068000000.0,0.346,12020000000.0,0.0,19559000000.0,,991000000.0,7713000000.0,2287000000.0,5426000000.0,18092000000.0,6417000000.0,11675000000.0,15980511905.0,236000000.0,-60000000.0,62000000.0,-868000000.0,-59000000.0,-863000000.0,-216000000.0,0.0,1307000000.0,8000000.0,171000000.0,171000000.0,171000000.0,0.0,8000000.0,0.029,1831000000.0,237000000.0,1968000000.0,0.354,1.331,26.37,26.182,2201000000.0,0.0,46.08,0.739,0.739,3024000000.0,6016000000.0,5976000000.0,5976000000.0,193000000.0,,,,,37000000.0,1196000000.0,1.0,346799304.0,346799304.0,,17.232,18580000000.0,540000000.0,24000000.0,0.0,53.576,2222000000.0
43,XRX,MRQ,2010-09-30,2010-09-30,2010-09-30,2021-08-25,-1871000000.0,30847000000.0,,8897000000.0,21950000000.0,,34.44,-130000000.0,975000000.0,975000000.0,3544000000.0,256000000.0,1.425,1.549,9496000000.0,1636000000.0,7860000000.0,9496000000.0,0.0,284000000.0,0.0,0.016,0.17,348000000.0,632000000.0,0.116,632000000.0,348000000.0,348000000.0,0.72,0.68,0.72,11908000000.0,,11908000000.0,22849536212.0,26.0,12.245,236000000.0,0.683,1.0,1884000000.0,0.347,12060000000.0,0.0,21064000000.0,,1177000000.0,7604000000.0,2249000000.0,5355000000.0,18442000000.0,6244000000.0,12198000000.0,14314536212.0,-107000000.0,-146000000.0,-9000000.0,-150000000.0,-59000000.0,-231000000.0,-266000000.0,0.0,366000000.0,24000000.0,250000000.0,250000000.0,250000000.0,0.0,6000000.0,0.046,1495000000.0,389000000.0,1762000000.0,0.236,1.202,23.276,20.294,2175000000.0,0.0,41.4,0.72,0.72,3386000000.0,5912000000.0,5428000000.0,5428000000.0,189000000.0,,,,,29000000.0,1136000000.0,1.0,345761744.0,345761744.0,,15.699,18787000000.0,565000000.0,98000000.0,0.0,54.335,2653000000.0
44,XRX,MRQ,2010-06-30,2010-06-30,2010-06-30,2021-08-25,-2403000000.0,30014000000.0,,8498000000.0,21516000000.0,,32.443,-121000000.0,1082000000.0,1082000000.0,3531000000.0,236000000.0,1.811,1.639,9617000000.0,358000000.0,9259000000.0,9617000000.0,0.0,279000000.0,0.0,0.021,0.17,339000000.0,618000000.0,0.112,618000000.0,339000000.0,339000000.0,0.64,0.64,0.64,11185000000.0,,11185000000.0,20041484816.0,29.0,12.709,557000000.0,1.616,1.0,1977000000.0,0.359,11941000000.0,0.0,21916000000.0,,1026000000.0,7332000000.0,2183000000.0,5149000000.0,18330000000.0,4692000000.0,13638000000.0,11087484816.0,72000000.0,-4000000.0,0.0,-395000000.0,-60000000.0,-457000000.0,-130000000.0,0.0,678000000.0,-19000000.0,227000000.0,227000000.0,227000000.0,0.0,9000000.0,0.041,1596000000.0,381000000.0,1670000000.0,0.266,0.991,22.72,17.106,2126000000.0,0.0,32.16,0.612,0.612,3184000000.0,5729000000.0,5508000000.0,5508000000.0,194000000.0,,,,,30000000.0,1163000000.0,1.0,344760100.0,344760100.0,,15.976,18073000000.0,635000000.0,112000000.0,0.0,52.422,3806000000.0
45,XRX,MRQ,2010-03-31,2010-03-31,2010-03-31,2021-08-25,-2193000000.0,30623000000.0,,8780000000.0,21843000000.0,,51.481,-57000000.0,1010000000.0,1010000000.0,2953000000.0,-34000000.0,1.495,1.691,9964000000.0,1296000000.0,8668000000.0,9964000000.0,0.0,241000000.0,0.0,0.017,0.17,-20000000.0,221000000.0,0.047,221000000.0,-20000000.0,-20000000.0,-0.16,-0.16,-0.16,11198000000.0,,11198000000.0,13948201074.0,25.0,10.519,318000000.0,1.462,1.0,1768000000.0,0.374,12047000000.0,0.0,21656000000.0,,1018000000.0,7613000000.0,2299000000.0,5314000000.0,18931000000.0,5874000000.0,13057000000.0,8483201074.0,-2789000000.0,-1524000000.0,115000000.0,-1643000000.0,-37000000.0,-1565000000.0,-1566000000.0,0.0,375000000.0,-33000000.0,-42000000.0,-42000000.0,-42000000.0,0.0,8000000.0,-0.009,1714000000.0,54000000.0,1659000000.0,-1.062,0.758,21.155,20.745,2191000000.0,0.0,39.0,0.519,0.519,3431000000.0,5568000000.0,4721000000.0,4721000000.0,205000000.0,,,,,27000000.0,1099000000.0,1.0,217517976.0,217517976.0,,21.704,18576000000.0,733000000.0,22000000.0,0.0,85.4,2906000000.0
46,XRX,MRQ,2009-12-31,2009-12-31,2009-12-31,2021-08-25,-1988000000.0,24032000000.0,,9731000000.0,14301000000.0,,32.442,-48000000.0,3799000000.0,3799000000.0,2470000000.0,191000000.0,2.181,2.389,9264000000.0,988000000.0,8276000000.0,9264000000.0,201000000.0,185000000.0,0.0,0.02,0.17,210000000.0,395000000.0,0.094,395000000.0,210000000.0,210000000.0,0.84,0.8,0.84,7050000000.0,,7050000000.0,13640809841.0,21.0,10.218,919000000.0,4.229,1.0,1749000000.0,0.415,4020000000.0,0.0,21016000000.0,,900000000.0,7857000000.0,2396000000.0,5461000000.0,16841000000.0,4461000000.0,12380000000.0,7353809841.0,2640000000.0,-18000000.0,-1000000.0,1787000000.0,-37000000.0,1746000000.0,-69000000.0,0.0,967000000.0,-4000000.0,180000000.0,180000000.0,180000000.0,0.0,11000000.0,0.043,1488000000.0,261000000.0,1451000000.0,0.202,1.043,15.162,15.107,1860000000.0,0.0,33.84,0.484,0.484,1928000000.0,5674000000.0,4219000000.0,4219000000.0,225000000.0,,,,,31000000.0,1125000000.0,1.0,217311166.0,217311166.0,,19.415,20012000000.0,1640000000.0,30000000.0,0.0,92.089,5270000000.0
47,XRX,MRQ,2009-09-30,2009-09-30,2009-09-30,2021-08-25,-1967000000.0,21753000000.0,,7440000000.0,14313000000.0,,31.748,-33000000.0,1159000000.0,1159000000.0,2144000000.0,129000000.0,1.679,2.134,7446000000.0,1149000000.0,6297000000.0,7446000000.0,0.0,176000000.0,0.0,0.022,0.17,167000000.0,343000000.0,0.093,343000000.0,167000000.0,167000000.0,0.56,0.56,0.56,6898000000.0,,6898000000.0,13542690593.0,37.0,12.861,577000000.0,2.656,1.0,1531000000.0,0.417,4014000000.0,0.0,19596000000.0,,1069000000.0,7818000000.0,2386000000.0,5432000000.0,14722000000.0,4430000000.0,10292000000.0,6726690593.0,-62000000.0,0.0,1000000.0,-615000000.0,-37000000.0,-654000000.0,-31000000.0,0.0,610000000.0,13000000.0,123000000.0,123000000.0,123000000.0,0.0,6000000.0,0.033,1306000000.0,225000000.0,1292000000.0,0.304,0.975,21.983,22.114,1901000000.0,0.0,30.96,0.439,0.439,2119000000.0,5532000000.0,3675000000.0,3675000000.0,209000000.0,,,,,23000000.0,1007000000.0,1.0,217270368.0,217270368.0,,16.914,17739000000.0,1673000000.0,44000000.0,0.0,81.645,3010000000.0
48,XRX,MRQ,2009-06-30,2009-06-30,2009-06-30,2021-08-25,-2129000000.0,22056000000.0,,7638000000.0,14418000000.0,,30.662,-33000000.0,1221000000.0,1221000000.0,2165000000.0,147000000.0,1.654,2.308,8037000000.0,1342000000.0,6695000000.0,8037000000.0,0.0,168000000.0,0.0,0.026,0.17,199000000.0,367000000.0,0.098,367000000.0,199000000.0,199000000.0,0.64,0.64,0.64,6629000000.0,,6629000000.0,12953816857.0,27.0,11.186,576000000.0,2.664,1.0,1566000000.0,0.42,4066000000.0,0.0,20189000000.0,,1141000000.0,7777000000.0,2385000000.0,5392000000.0,15299000000.0,4617000000.0,10682000000.0,5603816857.0,672000000.0,0.0,-11000000.0,136000000.0,-38000000.0,82000000.0,-36000000.0,0.0,609000000.0,17000000.0,140000000.0,140000000.0,140000000.0,0.0,7000000.0,0.038,1301000000.0,265000000.0,1214000000.0,0.266,0.845,12.707,12.706,1939000000.0,0.0,25.92,0.35,0.35,2115000000.0,5448000000.0,3731000000.0,3731000000.0,202000000.0,,,,,14000000.0,1013000000.0,1.0,216196638.0,216196638.0,,17.257,17990000000.0,1797000000.0,59000000.0,0.0,83.211,3021000000.0
49,XRX,MRQ,2009-03-31,2009-03-31,2009-03-31,2021-08-25,-2730000000.0,21040000000.0,,7082000000.0,13958000000.0,,27.498,-62000000.0,549000000.0,549000000.0,2104000000.0,49000000.0,1.839,2.518,7899000000.0,641000000.0,7258000000.0,7899000000.0,0.0,169000000.0,0.0,0.037,0.17,61000000.0,230000000.0,0.065,230000000.0,61000000.0,61000000.0,0.2,0.2,0.2,5945000000.0,,5945000000.0,11089775631.0,20.0,8.922,-40000000.0,-0.185,1.0,1450000000.0,0.408,3910000000.0,0.0,20628000000.0,,1295000000.0,7652000000.0,2326000000.0,5326000000.0,14971000000.0,3852000000.0,11119000000.0,3934775631.0,-680000000.0,-145000000.0,0.0,-442000000.0,-37000000.0,-482000000.0,-207000000.0,0.0,22000000.0,-13000000.0,42000000.0,42000000.0,42000000.0,0.0,7000000.0,0.012,1303000000.0,147000000.0,1282000000.0,0.85,0.662,7.626,7.712,1946000000.0,0.0,18.2,0.234,0.234,2187000000.0,5345000000.0,3554000000.0,3554000000.0,204000000.0,,,,,17000000.0,1004000000.0,1.0,216196463.0,216196463.0,,16.439,17130000000.0,1667000000.0,19000000.0,0.0,79.233,3230000000.0
50,XRX,MRQ,2008-12-31,2008-12-31,2008-12-31,2021-08-25,-2416000000.0,22447000000.0,,8150000000.0,14297000000.0,,28.826,-90000000.0,1229000000.0,1229000000.0,2642000000.0,9000000.0,1.495,2.579,8384000000.0,1610000000.0,6774000000.0,8384000000.0,0.0,171000000.0,0.0,0.021,0.17,-58000000.0,113000000.0,0.026,113000000.0,-58000000.0,-58000000.0,0.0,0.04,0.0,6238000000.0,,6238000000.0,14265832406.0,-14266.0,21.356,95000000.0,0.439,1.0,1728000000.0,0.395,3792000000.0,0.0,20360000000.0,,1232000000.0,8104000000.0,2461000000.0,5643000000.0,16089000000.0,5450000000.0,10639000000.0,6898832406.0,356000000.0,-2000000.0,-2000000.0,-9000000.0,-38000000.0,-60000000.0,265000000.0,0.0,185000000.0,-34000000.0,1000000.0,1000000.0,1000000.0,0.0,8000000.0,0.0,1728000000.0,0.0,1446000000.0,,1.106,29.995,30.654,2013000000.0,0.0,31.88,0.392,0.392,2438000000.0,5341000000.0,4370000000.0,4370000000.0,212000000.0,,,,,19000000.0,1102000000.0,1.0,216400013.0,216400013.0,,20.194,18655000000.0,1692000000.0,-59000000.0,0.0,86.206,2700000000.0
51,XRX,MRQ,2008-09-30,2008-09-30,2008-09-30,2021-08-25,-1178000000.0,23625000000.0,,8749000000.0,14876000000.0,,34.404,-84000000.0,873000000.0,873000000.0,2581000000.0,267000000.0,1.563,2.149,8240000000.0,1457000000.0,6783000000.0,8240000000.0,0.0,175000000.0,0.0,0.015,0.17,273000000.0,448000000.0,0.103,448000000.0,273000000.0,273000000.0,1.2,1.16,1.2,7502000000.0,,7502000000.0,17161851621.0,30.0,13.919,176000000.0,0.807,1.0,1789000000.0,0.409,4071000000.0,0.0,21324000000.0,,1376000000.0,8219000000.0,2544000000.0,5675000000.0,16123000000.0,5597000000.0,10526000000.0,10056851621.0,30000000.0,-11000000.0,-92000000.0,284000000.0,-37000000.0,153000000.0,-356000000.0,0.0,260000000.0,-27000000.0,258000000.0,258000000.0,258000000.0,0.0,9000000.0,0.059,1467000000.0,322000000.0,1303000000.0,0.142,1.341,16.46,16.956,2119000000.0,0.0,46.12,0.555,0.555,2786000000.0,5378000000.0,4370000000.0,4370000000.0,228000000.0,,,,,26000000.0,1138000000.0,1.0,218058361.0,218058361.0,,20.041,19554000000.0,1522000000.0,15000000.0,0.0,89.673,3152000000.0
52,XRX,MRQ,2008-06-30,2008-06-30,2008-06-30,2021-08-25,-568000000.0,24312000000.0,,8788000000.0,15524000000.0,,35.385,-61000000.0,843000000.0,843000000.0,2675000000.0,224000000.0,1.579,2.057,7948000000.0,1218000000.0,6730000000.0,7948000000.0,0.0,178000000.0,0.0,0.009,0.17,274000000.0,452000000.0,0.1,452000000.0,274000000.0,274000000.0,0.96,0.96,0.96,7954000000.0,,7954000000.0,19038180155.0,30.0,14.566,381000000.0,1.695,1.0,1858000000.0,0.41,4215000000.0,0.0,21636000000.0,,1436000000.0,8612000000.0,2657000000.0,5955000000.0,16358000000.0,5566000000.0,10792000000.0,12192180155.0,1000000.0,-138000000.0,-378000000.0,266000000.0,-39000000.0,-154000000.0,-285000000.0,0.0,442000000.0,-2000000.0,215000000.0,215000000.0,215000000.0,0.0,9000000.0,0.047,1525000000.0,333000000.0,1326000000.0,0.177,1.533,20.086,20.862,2226000000.0,0.0,54.24,0.675,0.675,2885000000.0,5157000000.0,4533000000.0,4533000000.0,223000000.0,,,,,20000000.0,1170000000.0,1.0,224782082.0,224782082.0,,20.166,20097000000.0,1599000000.0,59000000.0,0.0,89.407,3222000000.0
53,XRX,MRQ,2008-03-31,2008-03-31,2008-03-31,2021-08-25,-556000000.0,24119000000.0,,8671000000.0,15448000000.0,,35.551,-62000000.0,842000000.0,842000000.0,2550000000.0,-235000000.0,1.535,1.958,7688000000.0,1354000000.0,6334000000.0,7688000000.0,0.0,145000000.0,0.0,0.006,0.17,-490000000.0,-345000000.0,-0.08,-345000000.0,-490000000.0,-490000000.0,-1.08,-1.08,-1.08,8155000000.0,,8155000000.0,20100991313.0,28.0,14.791,-10000000.0,-0.044,1.0,1785000000.0,0.412,4067000000.0,0.0,21249000000.0,,1431000000.0,8763000000.0,2679000000.0,6084000000.0,15964000000.0,5649000000.0,10315000000.0,13735991313.0,-257000000.0,-4000000.0,-367000000.0,158000000.0,-40000000.0,-250000000.0,-65000000.0,0.0,52000000.0,6000000.0,-244000000.0,-244000000.0,-244000000.0,0.0,9000000.0,-0.056,2214000000.0,-429000000.0,1334000000.0,-0.157,1.684,20.875,21.696,2215000000.0,0.0,59.88,0.775,0.775,2842000000.0,4990000000.0,4335000000.0,4335000000.0,221000000.0,,,,,20000000.0,1124000000.0,1.0,229391972.0,229391972.0,,18.898,20052000000.0,1610000000.0,-246000000.0,0.0,87.414,3022000000.0
54,XRX,MRQ,2007-12-31,2007-12-31,2007-12-31,2021-08-25,-765000000.0,23543000000.0,,8540000000.0,15003000000.0,,37.16,-100000000.0,1099000000.0,1099000000.0,2826000000.0,412000000.0,2.095,1.741,7464000000.0,525000000.0,6939000000.0,7464000000.0,0.0,171000000.0,0.0,0.003,0.17,507000000.0,678000000.0,0.139,678000000.0,507000000.0,507000000.0,1.64,1.6,1.64,8588000000.0,,8588000000.0,22177460680.0,14.0,10.122,910000000.0,3.938,1.0,2056000000.0,0.421,4069000000.0,0.0,21762000000.0,,1305000000.0,8676000000.0,2693000000.0,5983000000.0,14955000000.0,4077000000.0,10878000000.0,14966460680.0,251000000.0,-41000000.0,-125000000.0,-655000000.0,0.0,-780000000.0,7000000.0,0.0,1010000000.0,14000000.0,382000000.0,382000000.0,382000000.0,0.0,30000000.0,0.078,1476000000.0,580000000.0,1367000000.0,0.104,1.743,13.186,13.38,2174000000.0,0.0,64.76,0.869,0.869,2761000000.0,5288000000.0,4882000000.0,4882000000.0,238000000.0,,,,,27000000.0,1186000000.0,1.0,231106558.0,231106558.0,,21.124,19474000000.0,1349000000.0,125000000.0,0.0,84.264,4463000000.0
55,XRX,MRQ,2007-09-30,2007-09-30,2007-09-30,2021-08-25,-1258000000.0,23397000000.0,,8776000000.0,14621000000.0,,33.586,-78000000.0,848000000.0,848000000.0,2499000000.0,254000000.0,2.052,1.977,8059000000.0,1021000000.0,7038000000.0,8059000000.0,0.0,171000000.0,0.0,0.0,0.0,351000000.0,522000000.0,0.121,522000000.0,351000000.0,351000000.0,1.08,1.08,1.08,7858000000.0,,7858000000.0,23348746335.0,18.0,12.029,208000000.0,0.889,1.0,1803000000.0,0.419,4104000000.0,0.0,22227000000.0,,1450000000.0,8426000000.0,2628000000.0,5798000000.0,15539000000.0,4277000000.0,11262000000.0,16227746335.0,-2000000.0,-44000000.0,-204000000.0,-22000000.0,0.0,-226000000.0,-91000000.0,0.0,286000000.0,29000000.0,254000000.0,254000000.0,254000000.0,0.0,0.0,0.059,1400000000.0,403000000.0,1260000000.0,0.0,2.065,16.782,17.0,2132000000.0,0.0,69.36,0.97,0.97,2895000000.0,4953000000.0,4302000000.0,4302000000.0,233000000.0,,,,,27000000.0,1091000000.0,1.0,233964048.0,233964048.0,,18.387,19293000000.0,1472000000.0,97000000.0,0.0,82.461,4499000000.0
56,XRX,MRQ,2007-06-30,2007-06-30,2007-06-30,2021-08-25,-1487000000.0,23006000000.0,,8593000000.0,14413000000.0,,32.214,-79000000.0,870000000.0,870000000.0,2434000000.0,266000000.0,1.971,2.048,7991000000.0,1258000000.0,6733000000.0,7991000000.0,0.0,162000000.0,0.0,0.0,0.0,342000000.0,504000000.0,0.12,504000000.0,342000000.0,342000000.0,1.12,1.12,1.12,7549000000.0,,7549000000.0,22993156686.0,21.0,13.509,309000000.0,1.319,1.0,1774000000.0,0.422,4065000000.0,0.0,21703000000.0,,1416000000.0,8281000000.0,2636000000.0,5645000000.0,15457000000.0,4359000000.0,11098000000.0,17322156686.0,-368000000.0,-1530000000.0,-45000000.0,831000000.0,0.0,777000000.0,-1544000000.0,0.0,388000000.0,11000000.0,266000000.0,266000000.0,266000000.0,0.0,0.0,0.063,1380000000.0,394000000.0,1153000000.0,0.0,2.295,13.869,14.215,2092000000.0,0.0,73.92,1.065,1.065,2730000000.0,4699000000.0,4208000000.0,4208000000.0,223000000.0,,,,,18000000.0,1081000000.0,1.0,234336535.0,234336535.0,,17.957,18941000000.0,1514000000.0,76000000.0,0.0,80.828,4234000000.0
57,XRX,MRQ,2007-03-31,2007-03-31,2007-03-31,2021-08-25,-1651000000.0,21391000000.0,,8576000000.0,12815000000.0,,30.108,-77000000.0,1283000000.0,1283000000.0,2202000000.0,233000000.0,1.898,1.996,6954000000.0,1518000000.0,5436000000.0,6954000000.0,0.0,152000000.0,0.0,0.0,0.0,335000000.0,487000000.0,0.127,487000000.0,335000000.0,335000000.0,1.0,0.96,1.0,7140000000.0,,7140000000.0,21630398713.0,21.0,13.165,110000000.0,0.464,1.0,1634000000.0,0.426,2304000000.0,0.0,20239000000.0,,1290000000.0,8284000000.0,2588000000.0,5696000000.0,14251000000.0,4519000000.0,9732000000.0,16021398713.0,-181000000.0,0.0,-193000000.0,-209000000.0,0.0,-390000000.0,16000000.0,72000000.0,187000000.0,6000000.0,233000000.0,233000000.0,233000000.0,0.0,0.0,0.061,1227000000.0,407000000.0,1177000000.0,0.0,2.244,12.889,13.093,2017000000.0,0.0,67.56,0.999,0.999,2500000000.0,4433000000.0,3836000000.0,3836000000.0,218000000.0,,,,,17000000.0,954000000.0,1.0,237143261.0,237143261.0,,16.176,19087000000.0,1753000000.0,102000000.0,0.0,80.487,4057000000.0
58,XRX,MRQ,2006-12-31,2006-12-31,2006-12-31,2021-08-25,-1647000000.0,21709000000.0,,8754000000.0,12955000000.0,,29.339,-47000000.0,1536000000.0,1536000000.0,2503000000.0,214000000.0,1.863,2.066,7145000000.0,1485000000.0,5660000000.0,7145000000.0,0.0,155000000.0,0.0,0.0,0.0,273000000.0,428000000.0,0.098,428000000.0,273000000.0,273000000.0,0.88,0.92,0.88,7080000000.0,,7080000000.0,22308453811.0,24.0,14.319,673000000.0,2.789,1.0,1876000000.0,0.428,2310000000.0,0.0,20310000000.0,,1163000000.0,8445000000.0,2649000000.0,5796000000.0,14629000000.0,4698000000.0,9931000000.0,16361453811.0,63000000.0,-207000000.0,-347000000.0,-310000000.0,0.0,-650000000.0,-16000000.0,-124000000.0,720000000.0,9000000.0,214000000.0,214000000.0,214000000.0,0.0,0.0,0.049,1554000000.0,322000000.0,1133000000.0,0.0,2.311,13.522,13.56,2008000000.0,0.0,67.8,1.029,1.029,2472000000.0,4202000000.0,4379000000.0,4379000000.0,237000000.0,,,,,19000000.0,1020000000.0,1.0,241319378.0,241319378.0,,18.146,19399000000.0,1790000000.0,59000000.0,0.0,80.387,4056000000.0
59,XRX,MRQ,2006-09-30,2006-09-30,2006-09-30,2021-08-25,-871000000.0,22360000000.0,,9035000000.0,13325000000.0,,35.248,-60000000.0,1456000000.0,1456000000.0,2225000000.0,536000000.0,1.962,1.809,7403000000.0,1499000000.0,5904000000.0,7403000000.0,195000000.0,163000000.0,0.0,0.0,0.0,120000000.0,283000000.0,0.074,283000000.0,120000000.0,120000000.0,2.2,2.16,2.2,7961000000.0,,7961000000.0,19995177763.0,20.0,12.096,470000000.0,2.081,1.0,1619000000.0,0.421,2205000000.0,0.0,21496000000.0,,1397000000.0,8242000000.0,2578000000.0,5664000000.0,14399000000.0,4606000000.0,9793000000.0,14057177763.0,354000000.0,-172000000.0,-205000000.0,235000000.0,0.0,19000000.0,-195000000.0,79000000.0,530000000.0,0.0,536000000.0,536000000.0,536000000.0,0.0,0.0,0.139,1453000000.0,166000000.0,1126000000.0,0.0,1.766,10.641,11.969,2037000000.0,0.0,62.24,0.892,0.892,2510000000.0,3988000000.0,3844000000.0,3844000000.0,230000000.0,,,,,17000000.0,985000000.0,1.0,225854398.0,225854398.0,,17.02,20155000000.0,1529000000.0,-416000000.0,0.0,89.239,4429000000.0
60,XRX,MRQ,2006-06-30,2006-06-30,2006-06-30,2021-08-25,-930000000.0,21881000000.0,,8726000000.0,13155000000.0,,32.892,-63000000.0,1181000000.0,1181000000.0,2268000000.0,260000000.0,2.063,1.898,7119000000.0,1273000000.0,5846000000.0,7119000000.0,190000000.0,163000000.0,0.0,0.0,0.0,282000000.0,445000000.0,0.112,445000000.0,282000000.0,282000000.0,1.08,1.04,1.08,7551000000.0,,7551000000.0,18661323165.0,19.0,11.526,157000000.0,0.684,1.0,1709000000.0,0.43,2018000000.0,0.0,21571000000.0,,1332000000.0,8329000000.0,2610000000.0,5719000000.0,14330000000.0,4230000000.0,10100000000.0,12773323165.0,-616000000.0,12000000.0,-219000000.0,-627000000.0,0.0,-859000000.0,12000000.0,-3000000.0,220000000.0,11000000.0,260000000.0,260000000.0,260000000.0,0.0,0.0,0.065,1368000000.0,341000000.0,1076000000.0,0.0,1.692,15.316,17.387,2039000000.0,0.0,55.64,0.815,0.815,2505000000.0,3452000000.0,3977000000.0,3977000000.0,230000000.0,,,,,17000000.0,1020000000.0,1.0,229570869.0,229570869.0,,17.324,19863000000.0,1535000000.0,22000000.0,0.0,86.522,4496000000.0
61,XRX,MRQ,2006-03-31,2006-03-31,2006-03-31,2021-08-25,-1138000000.0,22173000000.0,,9123000000.0,13050000000.0,,31.336,-42000000.0,1794000000.0,1794000000.0,2135000000.0,200000000.0,2.08,2.039,7682000000.0,1309000000.0,6373000000.0,7682000000.0,195000000.0,155000000.0,0.0,0.0,0.0,247000000.0,402000000.0,0.109,402000000.0,247000000.0,247000000.0,0.8,0.8,0.8,7296000000.0,,7296000000.0,19867914295.0,22.0,12.977,105000000.0,0.451,1.0,1560000000.0,0.422,1967000000.0,0.0,21708000000.0,,1260000000.0,8276000000.0,2580000000.0,5696000000.0,14877000000.0,4386000000.0,10491000000.0,14155914295.0,276000000.0,138000000.0,-216000000.0,387000000.0,0.0,62000000.0,56000000.0,48000000.0,147000000.0,11000000.0,200000000.0,200000000.0,200000000.0,0.0,0.0,0.054,1276000000.0,284000000.0,1066000000.0,0.0,1.94,14.415,15.833,2034000000.0,0.0,60.8,0.906,0.906,2359000000.0,3207000000.0,3695000000.0,3695000000.0,225000000.0,,,,,11000000.0,983000000.0,1.0,232827538.0,232827538.0,,15.87,20206000000.0,1532000000.0,47000000.0,0.0,86.785,4737000000.0
62,XRX,MRQ,2005-12-31,2005-12-31,2005-12-31,2021-08-25,-1240000000.0,21953000000.0,,8736000000.0,13217000000.0,,30.021,-69000000.0,1566000000.0,1566000000.0,2415000000.0,282000000.0,2.01,2.046,7278000000.0,1139000000.0,6139000000.0,7278000000.0,0.0,158000000.0,0.0,0.0,0.0,365000000.0,523000000.0,0.123,523000000.0,365000000.0,365000000.0,1.12,1.12,1.12,7208000000.0,,7208000000.0,19940895951.0,20.0,12.355,562000000.0,2.341,1.0,1835000000.0,0.432,1960000000.0,0.0,21359000000.0,,1201000000.0,8335000000.0,2604000000.0,5731000000.0,14745000000.0,4346000000.0,10399000000.0,14069895951.0,-23000000.0,0.0,-425000000.0,-119000000.0,0.0,-568000000.0,-81000000.0,-11000000.0,631000000.0,-5000000.0,282000000.0,325000000.0,325000000.0,0.0,0.0,0.076,1412000000.0,423000000.0,1043000000.0,0.0,1.952,14.386,15.26,2058000000.0,-43000000.0,58.6,0.896,0.896,2333000000.0,3021000000.0,4250000000.0,4250000000.0,234000000.0,,,,,11000000.0,1044000000.0,1.0,240100614.0,240100614.0,,17.701,19993000000.0,1547000000.0,83000000.0,0.0,83.269,4390000000.0
63,XRX,MRQ,2005-09-30,2005-09-30,2005-09-30,2021-08-25,-1135000000.0,22270000000.0,,9101000000.0,13169000000.0,,31.084,-63000000.0,1580000000.0,1580000000.0,2125000000.0,63000000.0,2.115,1.987,7451000000.0,1253000000.0,6198000000.0,7451000000.0,192000000.0,157000000.0,0.0,0.0,0.0,92000000.0,249000000.0,0.066,249000000.0,92000000.0,92000000.0,0.2,0.2,0.2,7456000000.0,,7456000000.0,19337858347.0,20.0,11.878,99000000.0,0.413,1.0,1634000000.0,0.435,1998000000.0,0.0,21840000000.0,,1430000000.0,8247000000.0,2590000000.0,5657000000.0,14814000000.0,4303000000.0,10511000000.0,13096858347.0,-567000000.0,0.0,8000000.0,-653000000.0,0.0,-660000000.0,-70000000.0,-46000000.0,162000000.0,1000000.0,63000000.0,49000000.0,49000000.0,0.0,0.0,0.013,1476000000.0,158000000.0,1131000000.0,0.0,1.757,13.757,14.521,2066000000.0,14000000.0,54.6,0.83,0.83,2413000000.0,2754000000.0,3759000000.0,3759000000.0,242000000.0,,,,,9000000.0,1011000000.0,1.0,239869200.0,239869200.0,,15.671,20272000000.0,1518000000.0,29000000.0,0.0,84.513,4798000000.0
64,XRX,MRQ,2005-06-30,2005-06-30,2005-06-30,2021-08-25,-1110000000.0,22705000000.0,,9472000000.0,13233000000.0,,30.95,-57000000.0,1912000000.0,1912000000.0,2253000000.0,423000000.0,2.102,2.062,8153000000.0,1529000000.0,6624000000.0,8153000000.0,191000000.0,167000000.0,0.0,0.0,0.0,190000000.0,357000000.0,0.091,357000000.0,190000000.0,190000000.0,1.72,1.6,1.72,7414000000.0,,7414000000.0,19538380265.0,18.0,11.026,233000000.0,0.973,1.0,1668000000.0,0.425,2030000000.0,0.0,22410000000.0,,1217000000.0,8561000000.0,2878000000.0,5683000000.0,15291000000.0,4506000000.0,10785000000.0,13213380265.0,-1386000000.0,0.0,10000000.0,-1404000000.0,0.0,-1410000000.0,-237000000.0,-190000000.0,290000000.0,-29000000.0,423000000.0,408000000.0,408000000.0,-53000000.0,0.0,0.104,1468000000.0,200000000.0,1111000000.0,0.0,1.782,12.56,12.888,2055000000.0,15000000.0,55.16,0.84,0.84,2384000000.0,2705000000.0,3921000000.0,3921000000.0,242000000.0,,,,,10000000.0,1046000000.0,1.0,239546415.0,239546415.0,,16.368,20675000000.0,1524000000.0,-233000000.0,0.0,86.309,4966000000.0
65,XRX,MRQ,2005-03-31,2005-03-31,2005-03-31,2021-08-25,-916000000.0,24273000000.0,,10668000000.0,13605000000.0,,29.995,-43000000.0,3298000000.0,3298000000.0,2109000000.0,210000000.0,1.808,2.381,9623000000.0,2727000000.0,6896000000.0,9623000000.0,218000000.0,159000000.0,0.0,0.0,0.0,326000000.0,485000000.0,0.129,485000000.0,326000000.0,326000000.0,0.8,0.8,0.8,7179000000.0,,7179000000.0,21410202420.0,18.0,11.376,294000000.0,1.228,1.0,1662000000.0,0.441,2091000000.0,0.0,22606000000.0,,1229000000.0,8640000000.0,2699000000.0,5941000000.0,17094000000.0,5901000000.0,11193000000.0,14504202420.0,80000000.0,105000000.0,14000000.0,-333000000.0,0.0,-324000000.0,93000000.0,0.0,337000000.0,-26000000.0,210000000.0,196000000.0,196000000.0,0.0,0.0,0.052,1287000000.0,375000000.0,1075000000.0,0.0,2.02,17.454,17.414,2097000000.0,14000000.0,60.6,0.926,0.926,2404000000.0,2297000000.0,3771000000.0,3771000000.0,225000000.0,,,,,10000000.0,1009000000.0,1.0,239343274.0,239343274.0,,15.756,22182000000.0,1450000000.0,116000000.0,0.0,92.679,4767000000.0
66,XRX,MRQ,2004-12-31,2004-12-31,2004-12-31,2021-08-25,-738000000.0,24884000000.0,,10928000000.0,13956000000.0,,33.96,-79000000.0,3218000000.0,3218000000.0,2469000000.0,240000000.0,1.735,2.489,10124000000.0,3074000000.0,7050000000.0,10124000000.0,243000000.0,177000000.0,0.0,0.0,0.0,360000000.0,537000000.0,0.124,537000000.0,360000000.0,360000000.0,1.04,0.92,1.04,7133000000.0,,7133000000.0,21690389082.0,18.0,11.495,737000000.0,3.509,1.0,1857000000.0,0.429,2172000000.0,0.0,23318000000.0,,1143000000.0,8965000000.0,2932000000.0,6033000000.0,17751000000.0,6300000000.0,11451000000.0,14291389082.0,-177000000.0,-8000000.0,20000000.0,-1015000000.0,0.0,-1011000000.0,-80000000.0,0.0,816000000.0,98000000.0,240000000.0,299000000.0,299000000.0,0.0,0.0,0.069,1444000000.0,413000000.0,1037000000.0,0.0,2.004,16.637,18.096,2157000000.0,-59000000.0,68.04,0.909,0.909,2453000000.0,2101000000.0,4326000000.0,4326000000.0,230000000.0,,,,,22000000.0,1081000000.0,1.0,210043931.0,210043931.0,,20.596,22712000000.0,1521000000.0,120000000.0,0.0,108.13,4628000000.0
67,XRX,MRQ,2004-09-30,2004-09-30,2004-09-30,2021-08-25,-1180000000.0,24534000000.0,,10990000000.0,13544000000.0,,25.723,-44000000.0,3395000000.0,3395000000.0,2052000000.0,163000000.0,1.552,3.547,10794000000.0,4063000000.0,6731000000.0,10794000000.0,226000000.0,168000000.0,0.0,0.0,0.0,225000000.0,393000000.0,0.106,393000000.0,225000000.0,225000000.0,0.72,0.68,0.72,5396000000.0,,5396000000.0,19542623420.0,17.0,10.412,391000000.0,1.864,1.0,1664000000.0,0.448,2038000000.0,0.0,22815000000.0,,1349000000.0,8566000000.0,2740000000.0,5826000000.0,19138000000.0,7080000000.0,12058000000.0,11814623420.0,853000000.0,1000000.0,6000000.0,437000000.0,0.0,416000000.0,-18000000.0,0.0,435000000.0,20000000.0,163000000.0,149000000.0,149000000.0,0.0,0.0,0.04,1416000000.0,248000000.0,959000000.0,0.0,2.19,15.607,14.821,2103000000.0,14000000.0,56.32,0.753,0.753,2442000000.0,1875000000.0,3716000000.0,3716000000.0,234000000.0,,,,,0.0,1036000000.0,1.0,209776694.0,209776694.0,,17.714,22496000000.0,1505000000.0,62000000.0,0.0,107.238,3910000000.0
68,XRX,MRQ,2004-06-30,2004-06-30,2004-06-30,2021-08-25,-1336000000.0,23497000000.0,,10258000000.0,13239000000.0,,25.392,-52000000.0,2542000000.0,2542000000.0,2175000000.0,208000000.0,1.441,3.625,10270000000.0,4219000000.0,6051000000.0,10270000000.0,223000000.0,168000000.0,0.0,0.0,0.0,299000000.0,467000000.0,0.121,467000000.0,299000000.0,299000000.0,0.92,0.84,0.92,5080000000.0,,5080000000.0,19921537478.0,18.0,10.964,204000000.0,1.02,1.0,1678000000.0,0.436,2053000000.0,0.0,22051000000.0,,1225000000.0,8513000000.0,2850000000.0,5663000000.0,18417000000.0,7121000000.0,11296000000.0,11603537478.0,244000000.0,119000000.0,18000000.0,-211000000.0,0.0,-224000000.0,225000000.0,0.0,256000000.0,-13000000.0,208000000.0,187000000.0,187000000.0,0.0,0.0,0.049,1320000000.0,358000000.0,901000000.0,0.0,2.284,16.576,16.292,2081000000.0,21000000.0,58.0,0.739,0.739,2491000000.0,1726000000.0,3853000000.0,3853000000.0,187000000.0,,,,,0.0,1050000000.0,1.0,200060991.0,200060991.0,,19.259,21444000000.0,1468000000.0,91000000.0,0.0,107.187,3137000000.0
69,XRX,MRQ,2004-03-31,2004-03-31,2004-03-31,2021-08-25,-1248000000.0,24035000000.0,,10118000000.0,13917000000.0,,24.866,-24000000.0,2298000000.0,2298000000.0,2214000000.0,248000000.0,1.44,3.847,10616000000.0,3852000000.0,6764000000.0,10616000000.0,227000000.0,175000000.0,0.0,0.0,0.0,315000000.0,490000000.0,0.128,490000000.0,315000000.0,315000000.0,1.12,1.0,1.12,4959000000.0,,4959000000.0,20311597139.0,22.0,12.199,219000000.0,1.098,1.0,1613000000.0,0.421,2079000000.0,0.0,23246000000.0,,1199000000.0,8712000000.0,2873000000.0,5839000000.0,19076000000.0,7028000000.0,12048000000.0,11622597139.0,-179000000.0,67000000.0,29000000.0,-478000000.0,0.0,-474000000.0,76000000.0,0.0,243000000.0,-24000000.0,248000000.0,224000000.0,224000000.0,0.0,0.0,0.059,1322000000.0,291000000.0,957000000.0,0.0,2.344,19.766,19.171,2123000000.0,24000000.0,58.28,0.737,0.737,2549000000.0,1539000000.0,3827000000.0,3827000000.0,193000000.0,,,,,0.0,1036000000.0,1.0,199426856.0,199426856.0,,19.19,21956000000.0,1495000000.0,67000000.0,0.0,110.096,3090000000.0
70,XRX,MRQ,2003-12-31,2003-12-31,2003-12-31,2021-08-25,-1263000000.0,24591000000.0,,10335000000.0,14256000000.0,,23.636,-85000000.0,2477000000.0,2477000000.0,2288000000.0,222000000.0,1.348,4.256,11166000000.0,4236000000.0,6930000000.0,11166000000.0,251000000.0,182000000.0,0.0,0.0,0.0,345000000.0,527000000.0,0.123,527000000.0,345000000.0,345000000.0,1.04,1.0,1.04,4679000000.0,,4679000000.0,20471628394.0,41.0,16.483,886000000.0,4.476,1.0,2004000000.0,0.467,2047000000.0,0.0,23564000000.0,,1152000000.0,8996000000.0,2981000000.0,6015000000.0,19912000000.0,7669000000.0,12243000000.0,10927628394.0,207000000.0,6000000.0,9000000.0,-957000000.0,0.0,-974000000.0,114000000.0,0.0,971000000.0,96000000.0,222000000.0,197000000.0,197000000.0,0.0,0.0,0.046,1586000000.0,418000000.0,1010000000.0,0.0,2.335,37.812,36.316,2191000000.0,25000000.0,55.2,0.696,0.696,2620000000.0,1315000000.0,4292000000.0,4292000000.0,294000000.0,,,,,0.0,1112000000.0,1.0,197964282.0,197964282.0,,21.681,22544000000.0,1526000000.0,123000000.0,0.0,113.879,2666000000.0
71,XRX,MRQ,2003-09-30,2003-09-30,2003-09-30,2021-08-25,-1665000000.0,24374000000.0,,10306000000.0,14068000000.0,,25.984,-56000000.0,2270000000.0,2270000000.0,2110000000.0,117000000.0,1.477,3.745,11814000000.0,4150000000.0,7664000000.0,11814000000.0,227000000.0,178000000.0,0.0,0.0,0.0,155000000.0,333000000.0,0.089,333000000.0,155000000.0,155000000.0,0.48,0.44,0.48,5137000000.0,,5137000000.0,17632625914.0,327.0,19.969,11000000.0,0.056,1.0,1622000000.0,0.435,1958000000.0,0.0,24981000000.0,,1279000000.0,8651000000.0,2952000000.0,5699000000.0,19237000000.0,6979000000.0,12258000000.0,8113625914.0,-9000000.0,0.0,8000000.0,-129000000.0,0.0,-133000000.0,39000000.0,0.0,67000000.0,18000000.0,117000000.0,92000000.0,92000000.0,0.0,0.0,0.025,1403000000.0,219000000.0,798000000.0,0.0,1.579,80.333,78.923,2117000000.0,25000000.0,41.04,0.518,0.518,2522000000.0,1118000000.0,3732000000.0,3732000000.0,207000000.0,,,,,0.0,1028000000.0,1.0,197700436.0,197700436.0,,18.877,22416000000.0,1557000000.0,38000000.0,0.0,113.384,3327000000.0
72,XRX,MRQ,2003-06-30,2003-06-30,2003-06-30,2021-08-25,-1748000000.0,24549000000.0,,10441000000.0,14108000000.0,,30.535,-55000000.0,2279000000.0,2279000000.0,2165000000.0,86000000.0,1.533,3.337,11798000000.0,3870000000.0,7928000000.0,11798000000.0,243000000.0,189000000.0,0.0,0.0,0.0,126000000.0,315000000.0,0.08,315000000.0,126000000.0,126000000.0,0.4,0.36,0.4,5661000000.0,,5661000000.0,19133277566.0,255.0,20.376,627000000.0,3.382,1.0,1755000000.0,0.448,1951000000.0,0.0,25307000000.0,,1232000000.0,8806000000.0,2993000000.0,5813000000.0,18888000000.0,6810000000.0,12078000000.0,7853277566.0,-756000000.0,26000000.0,457000000.0,-2785000000.0,0.0,-1451000000.0,-10000000.0,0.0,682000000.0,23000000.0,86000000.0,75000000.0,75000000.0,0.0,0.0,0.019,1552000000.0,203000000.0,767000000.0,0.0,1.387,174.517,176.5,2162000000.0,11000000.0,42.36,0.5,0.5,2640000000.0,1025000000.0,3920000000.0,3920000000.0,225000000.0,,,,,0.0,1089000000.0,1.0,185393710.0,185393710.0,,21.144,22598000000.0,1610000000.0,40000000.0,0.0,121.892,3631000000.0
73,XRX,MRQ,2003-03-31,2003-03-31,2003-03-31,2021-08-25,-1936000000.0,25345000000.0,,11080000000.0,14265000000.0,,21.861,-44000000.0,3035000000.0,3035000000.0,2090000000.0,-65000000.0,1.388,5.264,14315000000.0,5122000000.0,9193000000.0,14315000000.0,246000000.0,199000000.0,0.0,0.0,0.0,-132000000.0,67000000.0,0.018,67000000.0,-132000000.0,-132000000.0,-0.4,-0.4,-0.4,4046000000.0,,4046000000.0,17724786306.0,177.0,17.463,115000000.0,0.621,1.0,1667000000.0,0.444,1893000000.0,0.0,26747000000.0,,1225000000.0,8851000000.0,2930000000.0,5921000000.0,21299000000.0,7985000000.0,13314000000.0,6440786305.0,148000000.0,3000000.0,3000000.0,96000000.0,0.0,88000000.0,-94000000.0,0.0,159000000.0,-5000000.0,-65000000.0,-75000000.0,-75000000.0,0.0,0.0,-0.02,1721000000.0,-54000000.0,704000000.0,0.0,1.592,112.996,108.75,2155000000.0,10000000.0,34.8,0.409,0.409,2668000000.0,950000000.0,3757000000.0,3757000000.0,236000000.0,,,,,0.0,1020000000.0,1.0,185080066.0,185080066.0,,20.299,23452000000.0,1624000000.0,-67000000.0,0.0,126.713,3095000000.0
74,XRX,MRQ,2002-12-31,2002-12-31,2002-12-31,2021-08-25,-1871000000.0,25550000000.0,,11029000000.0,14521000000.0,,13.061,-56000000.0,2887000000.0,2887000000.0,2280000000.0,19000000.0,1.416,9.641,14171000000.0,4377000000.0,9794000000.0,14171000000.0,257000000.0,263000000.0,0.0,0.0,0.0,-95000000.0,168000000.0,0.04,168000000.0,-95000000.0,-95000000.0,0.04,0.04,0.04,2401000000.0,,2401000000.0,17622153875.0,185.0,15.595,543000000.0,2.954,1.0,1966000000.0,0.463,1924000000.0,0.0,27123000000.0,,1231000000.0,9136000000.0,3088000000.0,6048000000.0,23149000000.0,7787000000.0,15362000000.0,5919153875.0,606000000.0,0.0,0.0,12000000.0,0.0,-56000000.0,11000000.0,0.0,599000000.0,52000000.0,19000000.0,9000000.0,9000000.0,0.0,0.0,0.002,2037000000.0,-71000000.0,839000000.0,0.0,2.465,328.842,402.5,2207000000.0,10000000.0,32.2,0.373,0.373,2636000000.0,1025000000.0,4246000000.0,4246000000.0,218000000.0,,,,,0.0,1135000000.0,1.0,183824654.0,183824654.0,,23.098,23626000000.0,1592000000.0,-114000000.0,0.0,128.525,3242000000.0
75,XRX,MRQ,2002-09-30,2002-09-30,2002-09-30,2021-08-25,0.0,24360000000.0,,10382000000.0,13978000000.0,,10.469,-40000000.0,2281000000.0,2281000000.0,2092000000.0,99000000.0,1.6,10.601,13977000000.0,3507000000.0,10470000000.0,13977000000.0,0.0,213000000.0,0.0,0.0,0.0,176000000.0,389000000.0,0.103,389000000.0,176000000.0,176000000.0,0.2,0.16,0.2,1911000000.0,,1911000000.0,15981193842.0,63.0,11.734,574000000.0,3.145,1.0,1701000000.0,0.448,1524000000.0,0.0,28042000000.0,,1207000000.0,8336000000.0,3160000000.0,5176000000.0,20259000000.0,6490000000.0,13769000000.0,3614193842.0,390000000.0,67000000.0,0.0,-289000000.0,0.0,-291000000.0,43000000.0,0.0,614000000.0,24000000.0,99000000.0,36000000.0,36000000.0,0.0,0.0,0.009,1418000000.0,283000000.0,716000000.0,0.0,1.891,-27.589,-26.053,2279000000.0,63000000.0,19.8,0.226,0.226,2366000000.0,,3793000000.0,3793000000.0,229000000.0,,,,,0.0,1023000000.0,1.0,182535042.0,182535042.0,,20.78,22836000000.0,1368000000.0,77000000.0,0.0,125.105,3892000000.0
76,XRX,MRQ,2002-06-30,2002-06-30,2002-06-30,2021-08-25,0.0,24908000000.0,,10086000000.0,14822000000.0,,10.514,-47000000.0,1891000000.0,1891000000.0,2171000000.0,87000000.0,1.475,10.878,14246000000.0,3892000000.0,10354000000.0,14246000000.0,0.0,240000000.0,0.0,0.0,0.0,151000000.0,391000000.0,0.099,391000000.0,151000000.0,151000000.0,0.48,0.44,0.48,1911000000.0,,1911000000.0,17842528944.0,-510.0,15.172,577000000.0,3.174,1.0,1781000000.0,0.451,1496000000.0,0.0,28927000000.0,,1245000000.0,9193000000.0,3593000000.0,5600000000.0,20787000000.0,6840000000.0,13947000000.0,5067528944.0,-2856000000.0,228000000.0,2000000.0,-3651000000.0,0.0,-3649000000.0,106000000.0,0.0,624000000.0,63000000.0,87000000.0,87000000.0,87000000.0,0.0,0.0,0.022,1519000000.0,262000000.0,0.0,0.0,2.652,-21.473,-20.5,2503000000.0,0.0,27.88,0.312,0.312,1935000000.0,,3952000000.0,3952000000.0,240000000.0,,,,,0.0,1110000000.0,1.0,181762157.0,181762157.0,,21.743,23412000000.0,1422000000.0,64000000.0,0.0,128.806,3246000000.0
77,XRX,MRQ,2002-03-31,2002-03-31,2002-03-31,2021-08-25,-1906000000.0,27647000000.0,,13077000000.0,14570000000.0,,21.367,-34000000.0,4747000000.0,4747000000.0,2184000000.0,-114000000.0,1.373,6.189,17399000000.0,6704000000.0,10695000000.0,17399000000.0,272000000.0,319000000.0,0.0,0.0,0.0,-137000000.0,182000000.0,0.047,182000000.0,-137000000.0,-137000000.0,-0.64,-0.64,-0.64,3846000000.0,,3846000000.0,21388871226.0,-51.0,24.5,109000000.0,0.606,1.0,1674000000.0,0.434,5802000000.0,0.0,24976000000.0,,1283000000.0,10004000000.0,3827000000.0,6177000000.0,23801000000.0,9521000000.0,14280000000.0,7739871226.0,757000000.0,45000000.0,2000000.0,702000000.0,0.0,704000000.0,-67000000.0,0.0,143000000.0,-23000000.0,-114000000.0,-114000000.0,-114000000.0,0.0,0.0,-0.03,1643000000.0,31000000.0,761000000.0,0.0,2.012,-18.0,-17.623,2591000000.0,0.0,43.0,0.467,0.467,1882000000.0,894000000.0,3858000000.0,3858000000.0,230000000.0,,,,,0.0,1169000000.0,1.0,179997005.0,179997005.0,,21.434,21845000000.0,1338000000.0,-23000000.0,2342000000.0,121.363,3556000000.0
78,XRX,MRQ,2001-12-31,2001-12-31,2001-12-31,2021-08-25,-1833000000.0,27645000000.0,,12600000000.0,15045000000.0,,22.373,-115000000.0,3990000000.0,3990000000.0,2475000000.0,-140000000.0,1.262,5.865,16744000000.0,6637000000.0,10107000000.0,16744000000.0,244000000.0,335000000.0,0.0,0.005,0.0,65000000.0,400000000.0,0.091,400000000.0,65000000.0,65000000.0,-0.8,-0.8,-0.8,4027000000.0,,4027000000.0,21151275179.0,56.0,12.362,672000000.0,3.733,1.0,1907000000.0,0.435,1902000000.0,0.0,28510000000.0,,1364000000.0,9726000000.0,3338000000.0,6388000000.0,23618000000.0,9987000000.0,13631000000.0,7502275179.0,1565000000.0,133000000.0,28000000.0,287000000.0,-93000000.0,1291000000.0,-495000000.0,0.0,787000000.0,-18000000.0,-140000000.0,-140000000.0,-140000000.0,0.0,0.0,-0.032,1800000000.0,107000000.0,704000000.0,0.0,1.863,-70.776,-69.467,2803000000.0,0.0,41.68,0.441,0.441,2480000000.0,1008000000.0,4382000000.0,4382000000.0,232000000.0,,,,,0.0,1184000000.0,1.0,179997005.0,179997005.0,,24.345,25743000000.0,1342000000.0,205000000.0,0.0,143.019,2613000000.0
79,XRX,MRQ,2001-09-30,2001-09-30,2001-09-30,2021-08-25,0.0,27031000000.0,,12772000000.0,14259000000.0,,17.149,-38000000.0,2427000000.0,2427000000.0,2422000000.0,-69000000.0,2.003,7.793,16076000000.0,2696000000.0,13380000000.0,16076000000.0,269000000.0,317000000.0,0.0,0.013,0.0,-114000000.0,203000000.0,0.05,203000000.0,-114000000.0,-114000000.0,-0.4,-0.4,-0.4,3074000000.0,,3074000000.0,19645667788.0,67.0,11.297,196000000.0,1.093,1.0,1630000000.0,0.402,5003000000.0,0.0,29300000000.0,,1541000000.0,11985000000.0,4828000000.0,7157000000.0,23957000000.0,6377000000.0,17580000000.0,5556667788.0,249000000.0,0.0,0.0,34000000.0,0.0,34000000.0,-78000000.0,0.0,234000000.0,59000000.0,-69000000.0,-69000000.0,-69000000.0,0.0,0.0,-0.017,1628000000.0,2000000.0,710000000.0,0.0,1.808,-115.764,-258.333,2672000000.0,0.0,31.0,0.316,0.316,1994000000.0,,4052000000.0,4052000000.0,257000000.0,,,,,0.0,1175000000.0,1.0,179247348.0,179247348.0,,22.606,22028000000.0,1409000000.0,-45000000.0,1822000000.0,122.892,6395000000.0
80,XRX,MRQ,2001-06-30,2001-06-30,2001-06-30,2021-08-25,0.0,27298000000.0,,12428000000.0,14870000000.0,,19.016,-73000000.0,2177000000.0,2177000000.0,2484000000.0,-107000000.0,1.982,7.255,16266000000.0,2754000000.0,13512000000.0,16266000000.0,259000000.0,319000000.0,0.0,0.031,0.0,-231000000.0,88000000.0,0.021,88000000.0,-231000000.0,-231000000.0,-0.6,-0.6,-0.6,3307000000.0,,3307000000.0,23013259306.0,135.0,14.015,571000000.0,3.283,1.0,1799000000.0,0.42,4939000000.0,0.0,30178000000.0,,1566000000.0,12608000000.0,4837000000.0,7771000000.0,23991000000.0,6270000000.0,17721000000.0,6657259306.0,-601000000.0,352000000.0,-28000000.0,-1207000000.0,47000000.0,-1255000000.0,23000000.0,0.0,644000000.0,-13000000.0,-107000000.0,-107000000.0,-107000000.0,0.0,0.0,-0.025,1926000000.0,-127000000.0,824000000.0,0.0,2.013,-39.16,-41.609,2781000000.0,0.0,38.28,0.37,0.37,2006000000.0,,4283000000.0,4283000000.0,257000000.0,,,,,0.0,1220000000.0,1.0,173909595.0,173909595.0,,24.628,22359000000.0,1221000000.0,-124000000.0,1839000000.0,128.567,6158000000.0
81,XRX,MRQ,2001-03-31,2001-03-31,2001-03-31,2021-08-25,0.0,29197000000.0,,13806000000.0,15391000000.0,,21.006,-48000000.0,2778000000.0,2778000000.0,2669000000.0,222000000.0,2.07,7.33,17583000000.0,2966000000.0,14617000000.0,17583000000.0,273000000.0,361000000.0,0.0,0.083,0.2,659000000.0,1020000000.0,0.238,1020000000.0,659000000.0,659000000.0,1.24,1.12,1.24,3505000000.0,,3505000000.0,20990982767.0,31.0,10.175,41000000.0,0.246,1.0,1622000000.0,0.378,4677000000.0,0.0,32654000000.0,,1772000000.0,13339000000.0,5004000000.0,8335000000.0,25692000000.0,6671000000.0,19021000000.0,3997982767.0,1027000000.0,1283000000.0,28000000.0,-212000000.0,-47000000.0,-259000000.0,1235000000.0,0.0,89000000.0,-38000000.0,222000000.0,210000000.0,210000000.0,0.0,0.0,0.049,1596000000.0,26000000.0,839000000.0,0.161,1.141,28.762,28.524,3022000000.0,12000000.0,23.96,0.216,0.216,2070000000.0,,4291000000.0,4291000000.0,251000000.0,,,,,0.0,1149000000.0,1.0,166860716.0,166860716.0,,25.716,24520000000.0,1539000000.0,437000000.0,2027000000.0,146.949,7135000000.0
82,XRX,MRQ,2000-12-31,2000-12-31,2000-12-31,2021-08-25,-1580000000.0,28253000000.0,,11472000000.0,16781000000.0,,18.159,-375000000.0,1750000000.0,1750000000.0,2787000000.0,-36000000.0,1.753,8.324,18637000000.0,3080000000.0,15557000000.0,18637000000.0,233000000.0,450000000.0,0.0,0.141,0.2,-22000000.0,428000000.0,0.087,428000000.0,-22000000.0,-22000000.0,-0.36,-0.36,-0.36,3030000000.0,,3030000000.0,20079923255.0,-59.0,22.286,995000000.0,5.963,1.0,2144000000.0,0.435,5312000000.0,0.0,33284000000.0,,1983000000.0,12068000000.0,4392000000.0,7676000000.0,25223000000.0,6544000000.0,18679000000.0,3086923255.0,1590000000.0,550000000.0,-22000000.0,298000000.0,-146000000.0,36000000.0,172000000.0,0.0,1370000000.0,12000000.0,-36000000.0,-82000000.0,-82000000.0,0.0,0.0,-0.017,2139000000.0,5000000.0,1050000000.0,-0.556,1.019,-9.677,-9.635,3793000000.0,46000000.0,18.5,0.165,0.165,2269000000.0,1150000000.0,4931000000.0,4931000000.0,290000000.0,,,,,0.0,1444000000.0,1.0,166860716.0,166860716.0,,29.552,22941000000.0,1078000000.0,14000000.0,1925000000.0,137.486,4928000000.0
83,XRX,MRQ,2000-09-30,2000-09-30,2000-09-30,2021-08-25,0.0,29283000000.0,,12145000000.0,17138000000.0,,24.303,-59000000.0,154000000.0,154000000.0,2926000000.0,-191000000.0,1.615,6.229,17147000000.0,4015000000.0,13132000000.0,17147000000.0,232000000.0,341000000.0,0.0,0.053,0.8,-235000000.0,106000000.0,0.024,106000000.0,-235000000.0,-235000000.0,-1.2,-1.2,-1.2,4051000000.0,,4051000000.0,27388300970.0,-41.0,49.171,256000000.0,1.536,1.0,1577000000.0,0.35,4109000000.0,0.0,34645000000.0,,3108000000.0,15439000000.0,4909000000.0,10530000000.0,25232000000.0,7522000000.0,17710000000.0,10001300970.0,34000000.0,40000000.0,4000000.0,-140000000.0,-147000000.0,-261000000.0,-19000000.0,0.0,315000000.0,-1000000.0,-191000000.0,-191000000.0,-191000000.0,0.0,0.0,-0.042,1697000000.0,-120000000.0,997000000.0,-0.667,2.469,-19.123,-17.442,2499000000.0,0.0,60.0,0.526,0.526,2422000000.0,,4503000000.0,4503000000.0,269000000.0,,,,,0.0,1428000000.0,1.0,166688350.0,166688350.0,,27.014,25174000000.0,1552000000.0,-44000000.0,2223000000.0,151.024,4623000000.0
84,XRX,MRQ,2000-06-30,2000-06-30,2000-06-30,2021-08-25,0.0,30314000000.0,,12901000000.0,17413000000.0,,26.608,-64000000.0,120000000.0,120000000.0,2848000000.0,202000000.0,1.601,5.84,17507000000.0,4211000000.0,13296000000.0,17507000000.0,337000000.0,228000000.0,0.0,0.039,0.8,281000000.0,509000000.0,0.107,509000000.0,281000000.0,281000000.0,1.16,1.08,1.16,4432000000.0,,4432000000.0,30825022322.0,489.0,26.828,-422000000.0,-2.534,1.0,1930000000.0,0.404,2233000000.0,0.0,37409000000.0,,3289000000.0,15755000000.0,5054000000.0,10701000000.0,25882000000.0,8059000000.0,17823000000.0,13825022322.0,59000000.0,50000000.0,7000000.0,589000000.0,-147000000.0,447000000.0,-31000000.0,0.0,-358000000.0,1000000.0,202000000.0,202000000.0,202000000.0,0.0,0.0,0.042,1629000000.0,301000000.0,895000000.0,0.69,3.119,1975.003,-345.833,2503000000.0,0.0,83.0,0.722,0.722,2951000000.0,,4778000000.0,4778000000.0,254000000.0,,,,,0.0,1377000000.0,1.0,166566534.0,166566534.0,,28.685,28081000000.0,1487000000.0,79000000.0,2130000000.0,168.587,4842000000.0
85,XRX,MRQ,2000-03-31,2000-03-31,2000-03-31,2021-08-25,0.0,30498000000.0,,12958000000.0,17540000000.0,,27.579,-121000000.0,61000000.0,61000000.0,2673000000.0,-248000000.0,1.328,5.643,17061000000.0,5864000000.0,11197000000.0,17061000000.0,233000000.0,225000000.0,0.0,0.031,0.8,-368000000.0,-143000000.0,-0.031,-143000000.0,-368000000.0,-368000000.0,-1.56,-1.56,-1.56,4591000000.0,,4591000000.0,32137609496.0,75.0,21.171,-1241000000.0,-7.455,1.0,1867000000.0,0.411,2335000000.0,0.0,35402000000.0,,3293000000.0,15964000000.0,5186000000.0,10778000000.0,25907000000.0,9761000000.0,16146000000.0,17312609496.0,-65000000.0,-856000000.0,11000000.0,2170000000.0,-147000000.0,2033000000.0,-977000000.0,0.0,-1120000000.0,-1000000.0,-248000000.0,-248000000.0,-248000000.0,0.0,0.0,-0.055,2145000000.0,-278000000.0,912000000.0,-0.513,3.771,68.429,83.871,2545000000.0,0.0,104.0,0.9,0.9,2994000000.0,,4540000000.0,4540000000.0,252000000.0,,,,,0.0,1270000000.0,1.0,166467399.0,166467399.0,,27.273,28163000000.0,1424000000.0,-120000000.0,2372000000.0,169.18,3197000000.0
86,XRX,MRQ,1999-12-31,1999-12-31,1999-12-31,2021-08-25,0.0,28531000000.0,,11935000000.0,16596000000.0,,27.989,-372000000.0,126000000.0,126000000.0,2922000000.0,-286000000.0,1.483,5.138,15001000000.0,3957000000.0,11044000000.0,15001000000.0,186000000.0,431000000.0,0.0,0.035,0.8,-346000000.0,85000000.0,0.016,85000000.0,-346000000.0,-346000000.0,-1.84,-1.52,-1.84,4648000000.0,,4648000000.0,30604094365.0,24.0,12.859,-112000000.0,-0.674,1.0,2284000000.0,0.439,4467000000.0,0.0,30889000000.0,,2290000000.0,14634000000.0,4961000000.0,9673000000.0,23883000000.0,8050000000.0,15833000000.0,15072094365.0,26000000.0,65000000.0,3000000.0,228000000.0,-147000000.0,83000000.0,-294000000.0,0.0,260000000.0,0.0,-286000000.0,-286000000.0,-286000000.0,0.0,0.0,-0.055,2375000000.0,-91000000.0,1016000000.0,-0.435,3.243,17.858,18.908,3151000000.0,0.0,90.76,0.793,0.793,2633000000.0,,5206000000.0,5206000000.0,283000000.0,,,,,0.0,1573000000.0,1.0,166065385.0,166065385.0,,31.349,24064000000.0,1230000000.0,-60000000.0,2521000000.0,144.907,3885000000.0
87,XRX,MRQ,1999-09-30,1999-09-30,1999-09-30,2021-08-25,0.0,28952000000.0,,12576000000.0,16376000000.0,,28.419,-80000000.0,106000000.0,106000000.0,2623000000.0,339000000.0,1.635,5.146,15638000000.0,4022000000.0,11616000000.0,15638000000.0,199000000.0,202000000.0,0.0,0.019,0.8,496000000.0,698000000.0,0.151,698000000.0,496000000.0,496000000.0,2.0,1.88,2.0,4711000000.0,,4711000000.0,43130152571.0,18.0,13.753,282000000.0,1.701,1.0,2004000000.0,0.433,1751000000.0,0.0,35043000000.0,,3048000000.0,15760000000.0,5074000000.0,10686000000.0,24241000000.0,7690000000.0,16551000000.0,27809152571.0,3000000.0,-107000000.0,8000000.0,-44000000.0,-146000000.0,-188000000.0,-185000000.0,0.0,362000000.0,-3000000.0,339000000.0,339000000.0,339000000.0,0.0,0.0,0.073,1438000000.0,566000000.0,808000000.0,0.4,5.903,17.145,17.548,2440000000.0,0.0,167.76,1.41,1.41,3081000000.0,,4627000000.0,4627000000.0,230000000.0,,,,,0.0,1208000000.0,1.0,165767481.0,165767481.0,,27.913,27201000000.0,1267000000.0,157000000.0,2229000000.0,164.091,4886000000.0
88,XRX,MRQ,1999-06-30,1999-06-30,1999-06-30,2021-08-25,0.0,28631000000.0,,12482000000.0,16149000000.0,,27.697,-185000000.0,103000000.0,103000000.0,2658000000.0,448000000.0,1.729,5.253,15424000000.0,3857000000.0,11567000000.0,15424000000.0,205000000.0,234000000.0,0.0,0.013,0.8,644000000.0,878000000.0,0.181,878000000.0,644000000.0,644000000.0,2.64,2.48,2.64,4579000000.0,,4579000000.0,54915900327.0,23.0,17.226,601000000.0,3.635,1.0,2204000000.0,0.453,1688000000.0,0.0,35046000000.0,,3091000000.0,15857000000.0,4945000000.0,10912000000.0,24052000000.0,7218000000.0,16834000000.0,39056900327.0,-3000000.0,0.0,38000000.0,-497000000.0,-147000000.0,-611000000.0,-186000000.0,0.0,786000000.0,-2000000.0,448000000.0,448000000.0,448000000.0,0.0,0.0,0.092,1508000000.0,696000000.0,759000000.0,0.303,8.53,23.472,24.106,2367000000.0,0.0,236.24,1.982,1.982,2897000000.0,,4862000000.0,4862000000.0,256000000.0,,,,,0.0,1252000000.0,1.0,165327211.0,165327211.0,,29.408,26943000000.0,1446000000.0,196000000.0,2395000000.0,162.968,5264000000.0
89,XRX,MRQ,1999-03-31,1999-03-31,1999-03-31,2021-08-25,0.0,29276000000.0,,12371000000.0,16905000000.0,,26.263,-99000000.0,106000000.0,106000000.0,2327000000.0,343000000.0,1.613,5.763,15965000000.0,4159000000.0,11806000000.0,15965000000.0,229000000.0,223000000.0,0.0,0.014,0.8,496000000.0,719000000.0,0.167,719000000.0,496000000.0,496000000.0,2.0,1.92,2.0,4329000000.0,,4329000000.0,49262783289.0,75.0,35.038,-956000000.0,-5.8,1.0,1973000000.0,0.459,1724000000.0,0.0,35741000000.0,,3309000000.0,16489000000.0,4876000000.0,11613000000.0,24947000000.0,7670000000.0,17277000000.0,34370783289.0,27000000.0,0.0,79000000.0,1106000000.0,-146000000.0,1016000000.0,-124000000.0,0.0,-857000000.0,-4000000.0,343000000.0,343000000.0,343000000.0,0.0,0.0,0.08,1422000000.0,551000000.0,789000000.0,0.4,7.94,68.196,75.551,2335000000.0,0.0,208.52,1.755,1.755,2758000000.0,,4300000000.0,4300000000.0,251000000.0,,,,,0.0,1171000000.0,1.0,164832070.0,164832070.0,,26.087,27552000000.0,1322000000.0,153000000.0,2513000000.0,167.152,4701000000.0
90,XRX,MRQ,1998-12-31,1998-12-31,1998-12-31,2021-08-25,0.0,30024000000.0,,12475000000.0,17549000000.0,,29.623,-222000000.0,79000000.0,79000000.0,3207000000.0,492000000.0,1.466,5.182,14971000000.0,4104000000.0,10867000000.0,14971000000.0,210000000.0,138000000.0,0.0,0.012,0.72,703000000.0,841000000.0,0.142,841000000.0,703000000.0,703000000.0,2.92,2.92,2.92,4857000000.0,,4857000000.0,53572424300.0,128.0,46.788,360000000.0,2.196,1.0,2733000000.0,0.46,1731000000.0,0.0,34678000000.0,,3269000000.0,17439000000.0,5220000000.0,12219000000.0,25167000000.0,8507000000.0,16660000000.0,38694424300.0,-27000000.0,0.0,2000000.0,-62000000.0,-133000000.0,-193000000.0,-223000000.0,0.0,582000000.0,-35000000.0,492000000.0,492000000.0,492000000.0,0.0,0.0,0.083,1841000000.0,892000000.0,948000000.0,0.247,7.967,141.738,173.529,2366000000.0,0.0,236.0,1.975,1.975,2671000000.0,,5940000000.0,5940000000.0,265000000.0,,,,,0.0,1576000000.0,1.0,163959425.0,163959425.0,,36.228,28293000000.0,1236000000.0,211000000.0,2711000000.0,172.561,3968000000.0
91,XRX,MRQ,1998-09-30,1998-09-30,1998-09-30,2021-08-25,0.0,29665000000.0,,12221000000.0,17444000000.0,,25.746,-126000000.0,106000000.0,106000000.0,2328000000.0,381000000.0,1.37,6.013,14984000000.0,4102000000.0,10882000000.0,14984000000.0,217000000.0,196000000.0,0.0,0.017,0.72,554000000.0,750000000.0,0.163,750000000.0,554000000.0,554000000.0,2.24,2.12,2.24,4230000000.0,,4230000000.0,42104667533.0,86.0,32.363,-538000000.0,-3.275,1.0,2279000000.0,0.495,1782000000.0,0.0,33840000000.0,,3506000000.0,16492000000.0,4926000000.0,11566000000.0,25435000000.0,8921000000.0,16514000000.0,27848667533.0,-36000000.0,0.0,-83000000.0,595000000.0,-133000000.0,379000000.0,-124000000.0,0.0,-412000000.0,-9000000.0,381000000.0,381000000.0,381000000.0,0.0,0.0,0.083,1550000000.0,729000000.0,662000000.0,0.321,6.584,91.307,105.938,2274000000.0,0.0,169.5,1.461,1.461,2553000000.0,,4607000000.0,4607000000.0,273000000.0,,,,,0.0,1277000000.0,1.0,164298924.0,164298924.0,,28.04,27883000000.0,1130000000.0,173000000.0,2363000000.0,169.709,3300000000.0
92,XRX,MRQ,1998-06-30,1998-06-30,1998-06-30,2021-08-25,0.0,28937000000.0,,11582000000.0,17355000000.0,,24.188,-63000000.0,142000000.0,142000000.0,2439000000.0,-712000000.0,1.387,6.289,14398000000.0,3771000000.0,10627000000.0,14398000000.0,212000000.0,193000000.0,0.0,0.013,0.72,-1097000000.0,-904000000.0,-0.191,-904000000.0,-1097000000.0,-1097000000.0,-4.4,-4.4,-4.4,3970000000.0,,3970000000.0,46720653286.0,114.0,38.708,-390000000.0,-2.376,1.0,2303000000.0,0.486,1756000000.0,0.0,33084000000.0,,3168000000.0,16354000000.0,4689000000.0,11665000000.0,24967000000.0,8353000000.0,16614000000.0,33351653286.0,123000000.0,-380000000.0,10000000.0,1010000000.0,-132000000.0,887000000.0,-440000000.0,0.0,-327000000.0,10000000.0,-712000000.0,-712000000.0,-712000000.0,0.0,0.0,-0.15,3201000000.0,-898000000.0,678000000.0,-0.164,8.401,136.687,163.871,2247000000.0,0.0,203.2,1.772,1.772,2403000000.0,,4742000000.0,4742000000.0,262000000.0,,,,,0.0,1295000000.0,1.0,164132152.0,164132152.0,,28.891,27181000000.0,1180000000.0,-385000000.0,2552000000.0,165.604,3229000000.0
93,XRX,MRQ,1998-03-31,1998-03-31,1998-03-31,2021-08-25,0.0,27551000000.0,,11116000000.0,16435000000.0,,30.193,-81000000.0,19000000.0,19000000.0,2229000000.0,111000000.0,1.572,4.581,13388000000.0,3725000000.0,9663000000.0,13388000000.0,216000000.0,200000000.0,0.0,0.012,0.72,258000000.0,458000000.0,0.106,458000000.0,258000000.0,258000000.0,0.6,0.64,0.6,4937000000.0,,4937000000.0,47207113190.0,23.0,16.872,-880000000.0,-5.382,1.0,2075000000.0,0.482,1385000000.0,0.0,32466000000.0,,3087000000.0,16156000000.0,4639000000.0,11517000000.0,22614000000.0,7069000000.0,15545000000.0,34796113190.0,-56000000.0,0.0,25000000.0,894000000.0,-133000000.0,783000000.0,-80000000.0,0.0,-799000000.0,5000000.0,111000000.0,111000000.0,111000000.0,190000000.0,0.0,0.026,1430000000.0,645000000.0,622000000.0,1.2,7.048,26.911,27.781,2373000000.0,0.0,212.8,1.888,1.888,2256000000.0,,4304000000.0,4304000000.0,234000000.0,,,,,0.0,1196000000.0,1.0,163515570.0,163515570.0,,26.322,26166000000.0,1115000000.0,147000000.0,2306000000.0,160.021,4047000000.0
94,XRX,MRQ,1997-12-31,1997-12-31,1997-12-31,2021-08-25,0.0,27732000000.0,,10766000000.0,16966000000.0,,30.486,-198000000.0,75000000.0,75000000.0,2730000000.0,525000000.0,1.4,4.563,12486000000.0,3707000000.0,8779000000.0,12486000000.0,205000000.0,222000000.0,0.0,0.017,0.64,775000000.0,997000000.0,0.184,997000000.0,775000000.0,775000000.0,3.16,2.92,3.16,4985000000.0,,4985000000.0,,,,253000000.0,1.547,1.0,2676000000.0,0.495,1375000000.0,0.0,31076000000.0,,2792000000.0,16710000000.0,4599000000.0,12111000000.0,22747000000.0,7692000000.0,15055000000.0,24161060549.0,13000000.0,0.0,10000000.0,-244000000.0,-119000000.0,-355000000.0,973000000.0,0.0,451000000.0,-11000000.0,525000000.0,525000000.0,525000000.0,0.0,0.0,0.097,1727000000.0,949000000.0,776000000.0,0.203,4.847,16.64,17.102,2377000000.0,0.0,147.76,1.332,1.332,2145000000.0,,5406000000.0,5406000000.0,259000000.0,,,,,0.0,1468000000.0,1.0,163515570.0,163515570.0,,33.061,26357000000.0,1155000000.0,250000000.0,2469000000.0,161.19,3074000000.0
95,XRX,MRQ,1997-09-30,1997-09-30,1997-09-30,2021-08-25,,,,,,,,-112000000.0,,,2210000000.0,320000000.0,,,,,,,,183000000.0,,0.015,0.64,473000000.0,656000000.0,0.15,656000000.0,473000000.0,473000000.0,1.88,1.78,1.88,,,,,,,118000000.0,,1.0,2160000000.0,0.494,,0.0,,,,,,,,,,,-56000000.0,0.0,22000000.0,-368000000.0,-119000000.0,-467000000.0,-86000000.0,0.0,230000000.0,1000000.0,320000000.0,320000000.0,320000000.0,0.0,0.0,0.073,1557000000.0,603000000.0,,0.34,,,,,0.0,168.5,,,,,4370000000.0,4370000000.0,270000000.0,,,,,0.0,1287000000.0,1.0,,,,,,,153000000.0,,,
96,XRX,MRQ,1997-06-30,1997-06-30,1997-06-30,2021-08-25,,,,,,,,-105000000.0,,,2143000000.0,337000000.0,,,,,,,,175000000.0,,0.015,0.64,512000000.0,687000000.0,0.158,687000000.0,512000000.0,512000000.0,2.02,1.88,2.02,,,,,,,19000000.0,,1.0,2208000000.0,0.507,,0.0,,,,,,,,,,,87000000.0,-812000000.0,26000000.0,662000000.0,-118000000.0,567000000.0,-943000000.0,0.0,124000000.0,-2000000.0,337000000.0,337000000.0,337000000.0,0.0,0.0,0.077,1561000000.0,647000000.0,,0.317,,,,,0.0,157.76,,,,,4351000000.0,4351000000.0,278000000.0,,,,,0.0,1283000000.0,1.0,,,,,,,175000000.0,,,
97,XRX,MRQ,1997-03-31,1997-03-31,1997-03-31,2021-08-25,,,,,,,,-69000000.0,,,2025000000.0,270000000.0,,,,,,,,159000000.0,,0.021,0.64,420000000.0,579000000.0,0.144,579000000.0,420000000.0,420000000.0,1.58,1.5,1.58,,,,,,,-402000000.0,,1.0,1992000000.0,0.496,,0.0,,,,,,,,,,,-73000000.0,0.0,-34000000.0,-45000000.0,-119000000.0,439000000.0,-69000000.0,0.0,-333000000.0,-6000000.0,270000000.0,270000000.0,270000000.0,0.0,0.0,0.067,1432000000.0,560000000.0,,0.405,,,,,0.0,113.76,,,,,4017000000.0,4017000000.0,258000000.0,,,,,0.0,1174000000.0,1.0,,,,,,,150000000.0,,,
98,XRX,MRQ,1996-12-31,1996-12-31,1996-12-31,2021-08-25,0.0,26818000000.0,,10152000000.0,16666000000.0,,,,104000000.0,104000000.0,,,1.409,5.141,11960000000.0,3536000000.0,8424000000.0,11960000000.0,208000000.0,,0.0,0.022,0.58,,,,,,,,,,4367000000.0,,4367000000.0,,,,,,1.0,,,623000000.0,,30847000000.0,,2676000000.0,17052000000.0,4386000000.0,12666000000.0,22451000000.0,7204000000.0,15247000000.0,,,,,,,,,,,,,,,,,,,,577000000.0,,,,14.781,2256000000.0,,105.24,,,2022000000.0,,,,,,,,,,,1.0,,,,,26195000000.0,964000000.0,,2429000000.0,,2948000000.0
0,XRX,MRT,2021-06-30,2021-06-30,2021-06-30,2021-08-25,-3265000000.0,14110000000.0,14618750000.0,5175000000.0,8935000000.0,0.493,27.544,-65000000.0,2124000000.0,2124000000.0,4600000000.0,297000000.0,1.923,1.627,4239000000.0,642000000.0,3597000000.0,4239000000.0,0.0,356000000.0,0.0,0.043,1.0,377000000.0,733000000.0,0.102,733000000.0,377000000.0,377000000.0,1.42,1.4,1.42,5287000000.0,5438000000.0,5287000000.0,6481843087.0,17.0,8.843,607000000.0,3.162,1.0,2600000000.0,0.361,4334000000.0,0.0,9200000000.0,9469250000.0,815000000.0,3117000000.0,1146000000.0,1971000000.0,8601000000.0,2691000000.0,5910000000.0,4508843087.0,-111000000.0,-9000000.0,-413000000.0,-1262000000.0,-108000000.0,-740000000.0,-77000000.0,0.0,672000000.0,34000000.0,297000000.0,297000000.0,297000000.0,0.0,0.0,0.041,2226000000.0,374000000.0,935000000.0,0.704,0.853,15.181,16.542,643000000.0,0.0,23.49,0.626,0.626,846000000.0,6308000000.0,7200000000.0,7200000000.0,304000000.0,0.02,0.055,0.04,0.052,48000000.0,1766000000.0,1.0,191947343.0,191947343.0,,37.51,9776000000.0,491000000.0,80000000.0,0.0,50.931,2484000000.0
1,XRX,MRT,2021-03-31,2021-03-31,2021-03-31,2021-08-25,-3335000000.0,14272000000.0,14622500000.0,5420000000.0,8852000000.0,0.47,27.309,-68000000.0,2379000000.0,2379000000.0,4347000000.0,233000000.0,2.049,1.591,4352000000.0,678000000.0,3674000000.0,4352000000.0,0.0,360000000.0,0.0,0.041,1.0,312000000.0,672000000.0,0.098,672000000.0,312000000.0,312000000.0,1.06,1.05,1.06,5425000000.0,5485500000.0,5425000000.0,6640298748.0,21.0,9.881,424000000.0,2.134,1.0,2525000000.0,0.367,4298000000.0,0.0,9302000000.0,9132000000.0,841000000.0,3077000000.0,1157000000.0,1920000000.0,8629000000.0,2645000000.0,5984000000.0,4821298748.0,-204000000.0,27000000.0,-162000000.0,-1458000000.0,-111000000.0,-683000000.0,-40000000.0,0.0,492000000.0,27000000.0,233000000.0,233000000.0,233000000.0,0.0,0.0,0.034,2215000000.0,310000000.0,932000000.0,0.943,0.889,20.692,22.896,670000000.0,0.0,24.27,0.702,0.702,781000000.0,6267000000.0,6872000000.0,6872000000.0,301000000.0,0.016,0.042,0.034,0.045,47000000.0,1758000000.0,1.0,198652606.0,198652606.0,,34.593,9974000000.0,510000000.0,79000000.0,0.0,50.208,2775000000.0
2,XRX,MRT,2020-12-31,2020-12-31,2020-12-31,2021-08-25,-3332000000.0,14741000000.0,14750500000.0,5783000000.0,8958000000.0,0.476,28.188,-74000000.0,2625000000.0,2625000000.0,4396000000.0,192000000.0,2.334,1.597,4444000000.0,394000000.0,4050000000.0,4444000000.0,0.0,368000000.0,0.0,0.043,1.0,256000000.0,624000000.0,0.089,624000000.0,256000000.0,256000000.0,0.85,0.84,0.85,5592000000.0,5477500000.0,5592000000.0,6412546573.0,25.0,10.277,474000000.0,2.389,1.0,2626000000.0,0.374,4308000000.0,0.0,9774000000.0,9024750000.0,843000000.0,3165000000.0,1181000000.0,1984000000.0,8931000000.0,2478000000.0,6453000000.0,4600546573.0,-104000000.0,-164000000.0,0.0,-1361000000.0,0.0,-425000000.0,-237000000.0,0.0,548000000.0,10000000.0,192000000.0,192000000.0,192000000.0,0.0,0.0,0.027,2374000000.0,252000000.0,983000000.0,1.176,0.823,23.961,27.282,703000000.0,0.0,23.19,0.655,0.655,883000000.0,6281000000.0,7022000000.0,7022000000.0,311000000.0,0.013,0.035,0.028,0.036,42000000.0,1851000000.0,1.0,198384932.0,198384932.0,,35.396,10433000000.0,508000000.0,64000000.0,0.0,52.59,3305000000.0
3,XRX,MRT,2020-09-30,2020-09-30,2020-09-30,2021-08-25,-3593000000.0,15352000000.0,14827000000.0,6541000000.0,8811000000.0,0.508,25.576,-77000000.0,3242000000.0,3242000000.0,4593000000.0,934000000.0,1.966,1.778,5054000000.0,1218000000.0,3836000000.0,5054000000.0,0.0,370000000.0,0.0,0.053,1.0,1042000000.0,1412000000.0,0.187,1412000000.0,1042000000.0,1042000000.0,4.18,4.02,4.18,5448000000.0,5476250000.0,5448000000.0,5704265272.0,5.0,4.04,674000000.0,3.164,1.0,2943000000.0,0.391,4236000000.0,0.0,9601000000.0,8845000000.0,978000000.0,3076000000.0,1177000000.0,1899000000.0,9686000000.0,3327000000.0,6359000000.0,3998265272.0,2318000000.0,-164000000.0,0.0,-1278000000.0,-115000000.0,-427000000.0,1993000000.0,0.0,751000000.0,1000000.0,933000000.0,933000000.0,933000000.0,157000000.0,1000000.0,0.124,2458000000.0,485000000.0,1018000000.0,0.239,0.734,4.285,4.49,713000000.0,0.0,18.77,0.531,0.531,895000000.0,6258000000.0,7536000000.0,7536000000.0,329000000.0,0.063,0.17,0.118,0.138,41000000.0,1923000000.0,1.0,213013600.0,213013600.0,,35.378,11116000000.0,573000000.0,109000000.0,0.0,52.184,3214000000.0
4,XRX,MRT,2020-06-30,2020-06-30,2020-06-30,2021-08-25,-3681000000.0,14125000000.0,14656000000.0,5391000000.0,8734000000.0,0.542,25.721,-76000000.0,2272000000.0,2272000000.0,4784000000.0,1066000000.0,1.422,1.539,3978000000.0,1793000000.0,2185000000.0,3978000000.0,0.0,384000000.0,0.0,0.065,1.0,1210000000.0,1594000000.0,0.201,1594000000.0,1210000000.0,1210000000.0,4.76,4.57,4.76,5477000000.0,5400500000.0,5477000000.0,4921778505.0,4.0,3.088,925000000.0,4.344,1.0,3164000000.0,0.398,4189000000.0,0.0,7851000000.0,9111500000.0,922000000.0,3070000000.0,1162000000.0,1908000000.0,8430000000.0,3791000000.0,4639000000.0,3255778505.0,1538000000.0,-171000000.0,0.0,-857000000.0,-174000000.0,-1420000000.0,1988000000.0,0.0,1001000000.0,-31000000.0,1064000000.0,1064000000.0,1064000000.0,93000000.0,2000000.0,0.134,2575000000.0,589000000.0,916000000.0,0.21,0.594,3.06,3.212,730000000.0,0.0,15.29,0.41,0.41,789000000.0,6223000000.0,7948000000.0,7948000000.0,353000000.0,0.073,0.197,0.133,0.152,44000000.0,1989000000.0,1.0,212935154.0,212935154.0,,37.326,9936000000.0,563000000.0,146000000.0,0.0,46.662,1600000000.0
5,XRX,MRT,2020-03-31,2020-03-31,2020-03-31,2021-08-25,-3784000000.0,14784000000.0,14795750000.0,5977000000.0,8807000000.0,0.591,25.344,-73000000.0,2622000000.0,2622000000.0,5261000000.0,1223000000.0,1.772,1.7,4288000000.0,1050000000.0,3238000000.0,4288000000.0,0.0,406000000.0,0.0,0.053,1.0,1406000000.0,1812000000.0,0.207,1812000000.0,1406000000.0,1406000000.0,5.44,5.23,5.44,5393000000.0,5271750000.0,5393000000.0,5572226198.0,4.0,3.075,1207000000.0,5.672,1.0,3485000000.0,0.398,4204000000.0,0.0,8873000000.0,10030000000.0,824000000.0,3141000000.0,1212000000.0,1929000000.0,9170000000.0,3373000000.0,5797000000.0,4030226198.0,1879000000.0,-209000000.0,-197000000.0,-546000000.0,-177000000.0,-1325000000.0,1952000000.0,0.0,1280000000.0,-28000000.0,1218000000.0,1218000000.0,1218000000.0,51000000.0,5000000.0,0.139,2741000000.0,744000000.0,1122000000.0,0.184,0.747,3.309,3.482,761000000.0,0.0,18.94,0.461,0.461,1060000000.0,6252000000.0,8746000000.0,8746000000.0,365000000.0,0.082,0.231,0.14,0.161,46000000.0,2080000000.0,1.0,212789134.0,212789134.0,,41.102,10580000000.0,604000000.0,188000000.0,0.0,49.721,2604000000.0
6,XRX,MRT,2019-12-31,2019-12-31,2019-12-31,2021-08-25,-3646000000.0,15047000000.0,14799500000.0,6140000000.0,8907000000.0,0.613,25.843,-65000000.0,2740000000.0,2740000000.0,5416000000.0,1361000000.0,1.787,1.654,4282000000.0,1049000000.0,3233000000.0,4282000000.0,0.0,430000000.0,0.0,0.027,1.0,1532000000.0,1962000000.0,0.216,1962000000.0,1532000000.0,1532000000.0,6.03,5.8,6.03,5587000000.0,5180250000.0,5587000000.0,11880861183.0,8.0,6.055,1268000000.0,5.865,1.0,3650000000.0,0.403,4099000000.0,0.0,9055000000.0,10780000000.0,694000000.0,3351000000.0,1269000000.0,2082000000.0,9239000000.0,3435000000.0,5804000000.0,7970861183.0,1647000000.0,-21000000.0,-300000000.0,-950000000.0,-181000000.0,-1834000000.0,2148000000.0,0.0,1333000000.0,0.0,1353000000.0,1353000000.0,1353000000.0,0.0,8000000.0,0.149,2828000000.0,822000000.0,1053000000.0,0.166,1.427,5.891,6.114,790000000.0,0.0,36.87,0.879,0.879,1236000000.0,6312000000.0,9066000000.0,9066000000.0,373000000.0,0.091,0.261,0.142,0.169,50000000.0,2085000000.0,1.0,216188261.0,216188261.0,,41.936,10948000000.0,598000000.0,179000000.0,0.0,50.641,2705000000.0
7,XRX,MRT,2019-09-30,2019-09-30,2019-09-30,2021-08-25,-3850000000.0,14668000000.0,14756250000.0,4348000000.0,10320000000.0,0.609,23.251,-65000000.0,922000000.0,922000000.0,5397000000.0,683000000.0,1.128,1.845,4832000000.0,1602000000.0,3230000000.0,4832000000.0,0.0,460000000.0,0.0,0.033,1.0,805000000.0,1265000000.0,0.141,1265000000.0,805000000.0,805000000.0,2.91,2.83,2.91,5145000000.0,5034750000.0,5145000000.0,10734602436.0,13.0,8.486,1245000000.0,5.626,1.0,3590000000.0,0.399,4056000000.0,0.0,10667000000.0,11439750000.0,758000000.0,4699000000.0,1145000000.0,3554000000.0,9492000000.0,3855000000.0,5637000000.0,6618602436.0,-239000000.0,6000000.0,-716000000.0,-400000000.0,-246000000.0,-1469000000.0,-57000000.0,0.0,1310000000.0,-23000000.0,672000000.0,672000000.0,672000000.0,-106000000.0,11000000.0,0.075,3014000000.0,576000000.0,1070000000.0,0.344,1.286,9.849,10.278,816000000.0,0.0,29.91,0.736,0.736,1294000000.0,5554000000.0,8987000000.0,8987000000.0,374000000.0,0.046,0.133,0.07,0.09,54000000.0,2117000000.0,1.0,221283933.0,221283933.0,,40.613,10612000000.0,688000000.0,133000000.0,0.0,47.956,493000000.0
8,XRX,MRT,2019-06-30,2019-06-30,2019-06-30,2021-08-25,-3647000000.0,14684000000.0,14927500000.0,4237000000.0,10447000000.0,0.614,22.09,-71000000.0,712000000.0,712000000.0,5500000000.0,554000000.0,1.334,1.91,4828000000.0,866000000.0,3962000000.0,4828000000.0,0.0,478000000.0,0.0,0.028,1.0,749000000.0,1227000000.0,0.134,1227000000.0,749000000.0,749000000.0,2.26,2.21,2.26,4962000000.0,5045500000.0,4962000000.0,12054027339.0,16.0,9.824,1157000000.0,5.151,1.0,3660000000.0,0.4,4099000000.0,0.0,11525000000.0,11911500000.0,788000000.0,4713000000.0,1177000000.0,3536000000.0,9478000000.0,3176000000.0,6302000000.0,7954027339.0,-551000000.0,-14000000.0,-1000000000.0,-402000000.0,-256000000.0,-1691000000.0,-84000000.0,0.0,1228000000.0,-4000000.0,540000000.0,540000000.0,540000000.0,-42000000.0,14000000.0,0.059,3115000000.0,545000000.0,1052000000.0,0.442,1.603,14.73,15.668,854000000.0,0.0,35.41,0.868,0.868,1364000000.0,5391000000.0,9160000000.0,9160000000.0,376000000.0,0.036,0.107,0.063,0.082,58000000.0,2190000000.0,1.0,224626584.0,224626584.0,,40.779,10585000000.0,739000000.0,209000000.0,0.0,47.123,1061000000.0
9,XRX,MRT,2019-03-31,2019-03-31,2019-03-31,2021-08-25,-3652000000.0,14799000000.0,15145500000.0,4313000000.0,10486000000.0,0.621,21.883,-87000000.0,723000000.0,723000000.0,5631000000.0,484000000.0,1.473,1.894,4823000000.0,555000000.0,4268000000.0,4823000000.0,0.0,506000000.0,0.0,0.031,1.0,668000000.0,1174000000.0,0.125,1174000000.0,668000000.0,668000000.0,1.89,1.86,1.89,5027000000.0,5149250000.0,5027000000.0,11492653086.0,17.0,9.789,1063000000.0,4.627,1.0,3776000000.0,0.401,4097000000.0,0.0,11873000000.0,12186000000.0,859000000.0,4723000000.0,1191000000.0,3532000000.0,9522000000.0,2929000000.0,6593000000.0,7346653086.0,-688000000.0,40000000.0,-803000000.0,-672000000.0,-264000000.0,-1753000000.0,-45000000.0,0.0,1150000000.0,-40000000.0,471000000.0,471000000.0,471000000.0,0.0,13000000.0,0.05,3288000000.0,488000000.0,1054000000.0,0.529,1.461,15.598,16.921,883000000.0,0.0,31.98,0.781,0.781,1336000000.0,5270000000.0,9407000000.0,9407000000.0,389000000.0,0.031,0.091,0.055,0.071,56000000.0,2297000000.0,1.0,229726488.0,229726488.0,,40.949,10702000000.0,753000000.0,197000000.0,0.0,46.586,1384000000.0
10,XRX,MRT,2018-12-31,2018-12-31,2018-12-31,2021-08-25,-3565000000.0,14874000000.0,15489500000.0,4713000000.0,10161000000.0,0.624,21.004,-90000000.0,1081000000.0,1081000000.0,5793000000.0,374000000.0,1.45,1.922,5230000000.0,961000000.0,4269000000.0,5230000000.0,0.0,526000000.0,0.0,0.051,1.0,608000000.0,1134000000.0,0.117,1134000000.0,608000000.0,608000000.0,1.4,1.38,1.4,5005000000.0,5280750000.0,5005000000.0,8776466290.0,14.0,7.739,1050000000.0,4.407,1.0,3869000000.0,0.4,4078000000.0,0.0,11694000000.0,12438750000.0,829000000.0,3367000000.0,1218000000.0,2149000000.0,9621000000.0,3251000000.0,6370000000.0,4708466290.0,-220000000.0,59000000.0,-700000000.0,-307000000.0,-269000000.0,-1301000000.0,-29000000.0,0.0,1140000000.0,-30000000.0,361000000.0,361000000.0,361000000.0,0.0,13000000.0,0.037,3320000000.0,549000000.0,1073000000.0,0.714,0.941,13.043,14.114,940000000.0,0.0,19.76,0.487,0.487,1375000000.0,5072000000.0,9662000000.0,9662000000.0,397000000.0,0.023,0.068,0.049,0.063,57000000.0,2379000000.0,1.0,238282707.0,238282707.0,,40.548,10796000000.0,740000000.0,247000000.0,0.0,45.308,1462000000.0
11,XRX,MRT,2018-09-30,2018-09-30,2018-09-30,2021-08-25,-3711000000.0,15353000000.0,15757500000.0,4970000000.0,10383000000.0,0.62,20.337,-110000000.0,1157000000.0,1157000000.0,5805000000.0,46000000.0,1.817,1.912,5225000000.0,410000000.0,4815000000.0,5225000000.0,0.0,526000000.0,0.0,0.037,1.0,685000000.0,1211000000.0,0.124,1211000000.0,685000000.0,685000000.0,0.07,0.09,0.07,5188000000.0,5343500000.0,5188000000.0,10844644756.0,16.0,8.955,475000000.0,1.862,1.0,3965000000.0,0.406,4131000000.0,0.0,12554000000.0,12823000000.0,958000000.0,4754000000.0,1231000000.0,3523000000.0,9917000000.0,2736000000.0,7181000000.0,6882644756.0,-701000000.0,24000000.0,-284000000.0,-792000000.0,-272000000.0,-1370000000.0,106000000.0,0.0,585000000.0,-22000000.0,34000000.0,34000000.0,34000000.0,-3000000.0,12000000.0,0.003,3325000000.0,640000000.0,1121000000.0,14.286,1.327,202.431,385.429,968000000.0,0.0,26.98,0.704,0.704,1392000000.0,4997000000.0,9770000000.0,9770000000.0,409000000.0,0.002,0.006,0.053,0.07,57000000.0,2459000000.0,1.0,255101733.0,255101733.0,,38.298,11222000000.0,797000000.0,651000000.0,0.0,43.99,2234000000.0
12,XRX,MRT,2018-06-30,2018-06-30,2018-06-30,2021-08-25,-3772000000.0,15556000000.0,16123500000.0,5080000000.0,10476000000.0,0.615,21.113,-109000000.0,1263000000.0,1263000000.0,5891000000.0,135000000.0,1.845,1.847,5225000000.0,412000000.0,4813000000.0,5225000000.0,0.0,535000000.0,0.0,0.042,1.0,651000000.0,1186000000.0,0.12,1186000000.0,651000000.0,651000000.0,0.42,0.43,0.42,5377000000.0,5385500000.0,5377000000.0,10203307352.0,16.0,8.603,-243000000.0,-0.954,1.0,4024000000.0,0.406,4141000000.0,0.0,12623000000.0,13030500000.0,947000000.0,4767000000.0,1240000000.0,3527000000.0,9934000000.0,2754000000.0,7180000000.0,6112307352.0,-50000000.0,44000000.0,0.0,196000000.0,-271000000.0,-103000000.0,189000000.0,0.0,-134000000.0,-2000000.0,124000000.0,124000000.0,124000000.0,-6000000.0,11000000.0,0.013,3409000000.0,615000000.0,1153000000.0,2.381,1.137,49.293,57.143,1002000000.0,0.0,24.0,0.616,0.616,1397000000.0,4974000000.0,9915000000.0,9915000000.0,412000000.0,0.008,0.023,0.05,0.066,56000000.0,2506000000.0,1.0,254679473.0,254679473.0,,38.931,11415000000.0,917000000.0,527000000.0,0.0,44.821,2326000000.0
13,XRX,MRT,2018-03-31,2018-03-31,2018-03-31,2021-08-25,-3537000000.0,16175000000.0,16276250000.0,5386000000.0,10789000000.0,0.613,21.804,-98000000.0,1398000000.0,1398000000.0,5906000000.0,191000000.0,1.709,1.869,5489000000.0,678000000.0,4811000000.0,5489000000.0,0.0,532000000.0,0.0,0.028,0.813,710000000.0,1242000000.0,0.125,1242000000.0,710000000.0,710000000.0,0.64,0.64,0.64,5553000000.0,5322000000.0,5553000000.0,11553502553.0,16.0,9.302,-201000000.0,-0.789,1.0,4066000000.0,0.408,4230000000.0,0.0,12884000000.0,12957000000.0,1001000000.0,4957000000.0,1301000000.0,3656000000.0,10379000000.0,3152000000.0,7227000000.0,7329502553.0,280000000.0,-37000000.0,0.0,465000000.0,-271000000.0,156000000.0,174000000.0,0.0,-103000000.0,53000000.0,178000000.0,178000000.0,178000000.0,-6000000.0,13000000.0,0.018,3391000000.0,675000000.0,1188000000.0,1.27,1.32,41.177,44.969,1050000000.0,0.0,28.78,0.735,0.735,1432000000.0,4927000000.0,9972000000.0,9972000000.0,413000000.0,0.011,0.033,0.055,0.071,55000000.0,2508000000.0,1.0,254673473.0,254673473.0,,39.156,11945000000.0,942000000.0,532000000.0,0.0,46.903,2234000000.0
14,XRX,MRT,2017-12-31,2017-12-31,2017-12-31,2021-08-25,-3748000000.0,15946000000.0,16211500000.0,5230000000.0,10716000000.0,0.616,20.645,-105000000.0,1293000000.0,1293000000.0,5920000000.0,207000000.0,1.908,1.986,5517000000.0,282000000.0,5235000000.0,5517000000.0,0.0,527000000.0,0.0,0.028,0.815,663000000.0,1190000000.0,0.119,1190000000.0,663000000.0,663000000.0,0.71,0.71,0.71,5256000000.0,5165250000.0,5256000000.0,11638185077.0,18.0,9.78,-372000000.0,-1.461,1.0,4071000000.0,0.407,4198000000.0,0.0,13231000000.0,13026000000.0,915000000.0,5044000000.0,1317000000.0,3727000000.0,10439000000.0,2741000000.0,7698000000.0,7421185077.0,-1034000000.0,-64000000.0,0.0,-822000000.0,-291000000.0,-985000000.0,165000000.0,0.0,-267000000.0,53000000.0,195000000.0,195000000.0,195000000.0,0.0,12000000.0,0.02,3546000000.0,525000000.0,1108000000.0,1.148,1.412,38.057,41.056,1083000000.0,0.0,29.15,0.743,0.743,1469000000.0,4856000000.0,9991000000.0,9991000000.0,424000000.0,0.012,0.038,0.051,0.066,52000000.0,2514000000.0,1.0,254586109.0,254586109.0,,39.244,11748000000.0,1026000000.0,468000000.0,0.0,46.145,2489000000.0
15,XRX,MRT,2017-09-30,2017-09-30,2017-09-30,2021-08-25,-3895000000.0,16817000000.0,16737750000.0,5629000000.0,11188000000.0,0.613,21.073,-130000000.0,1781000000.0,1781000000.0,6095000000.0,-446000000.0,1.631,2.094,5998000000.0,763000000.0,5235000000.0,5998000000.0,191000000.0,536000000.0,0.0,0.026,0.875,-403000000.0,133000000.0,0.013,133000000.0,-403000000.0,-403000000.0,-1.88,-1.86,-1.88,5356000000.0,5028500000.0,5356000000.0,12216312143.0,-30.0,91.852,19000000.0,0.075,1.0,4157000000.0,0.405,4198000000.0,0.0,13384000000.0,13071500000.0,1039000000.0,5027000000.0,1290000000.0,3737000000.0,11213000000.0,3452000000.0,7761000000.0,8461312143.0,488000000.0,-44000000.0,-13000000.0,548000000.0,-320000000.0,367000000.0,195000000.0,0.0,149000000.0,29000000.0,-458000000.0,-458000000.0,-458000000.0,-3000000.0,12000000.0,-0.045,3634000000.0,523000000.0,1183000000.0,-0.465,1.58,-18.474,-17.707,1092000000.0,0.0,33.29,0.825,0.825,1117000000.0,5116000000.0,10252000000.0,10252000000.0,418000000.0,-0.027,-0.091,-0.031,-0.039,58000000.0,2470000000.0,1.0,254169785.0,254169785.0,,40.335,12619000000.0,1477000000.0,55000000.0,0.0,49.648,2177000000.0
16,XRX,MRT,2017-06-30,2017-06-30,2017-06-30,2021-08-25,-4010000000.0,16167000000.0,18694000000.0,4978000000.0,11189000000.0,0.555,20.158,-134000000.0,1246000000.0,1246000000.0,6191000000.0,-442000000.0,1.458,2.107,5001000000.0,765000000.0,4236000000.0,5001000000.0,191000000.0,545000000.0,0.0,0.033,0.935,-389000000.0,156000000.0,0.015,156000000.0,-389000000.0,-389000000.0,-1.88,-1.85,-1.88,5123000000.0,6003000000.0,5123000000.0,11257617661.0,-29.0,72.164,830000000.0,3.266,1.0,4193000000.0,0.404,4179000000.0,0.0,12329000000.0,13375500000.0,944000000.0,5017000000.0,1278000000.0,3739000000.0,10795000000.0,3414000000.0,7381000000.0,7301617661.0,178000000.0,-63000000.0,-10000000.0,-441000000.0,-331000000.0,-625000000.0,66000000.0,0.0,964000000.0,15000000.0,-454000000.0,-454000000.0,-454000000.0,0.0,12000000.0,-0.044,3671000000.0,522000000.0,1202000000.0,-0.497,1.425,-16.083,-15.282,1100000000.0,0.0,28.73,0.703,0.703,1121000000.0,5004000000.0,10384000000.0,10384000000.0,431000000.0,-0.024,-0.076,-0.029,-0.037,58000000.0,2504000000.0,1.0,254146107.0,254146107.0,,40.858,11988000000.0,1481000000.0,65000000.0,0.0,47.17,1564000000.0
17,XRX,MRT,2017-03-31,2017-03-31,2017-03-31,2021-08-25,-4179000000.0,15916000000.0,20812500000.0,4715000000.0,11201000000.0,0.51,19.383,-150000000.0,1045000000.0,1045000000.0,6348000000.0,-451000000.0,1.797,2.179,5001000000.0,13000000.0,4988000000.0,5001000000.0,176000000.0,554000000.0,0.0,0.04,1.182,-422000000.0,132000000.0,0.012,132000000.0,-422000000.0,-422000000.0,-1.92,-1.88,-1.92,4926000000.0,7016750000.0,4926000000.0,11554722905.0,-27.0,87.536,725000000.0,2.853,1.0,4262000000.0,0.402,4088000000.0,0.0,13160000000.0,13942250000.0,898000000.0,5083000000.0,1261000000.0,3822000000.0,10736000000.0,2624000000.0,8112000000.0,7461722905.0,-8000000.0,2000000.0,-8000000.0,-444000000.0,-341000000.0,-632000000.0,29000000.0,0.0,875000000.0,-20000000.0,-462000000.0,-462000000.0,-462000000.0,0.0,11000000.0,-0.044,3742000000.0,520000000.0,1148000000.0,-0.616,1.515,-16.151,-15.292,1113000000.0,0.0,29.36,0.703,0.703,1085000000.0,4987000000.0,10610000000.0,10610000000.0,448000000.0,-0.022,-0.066,-0.03,-0.04,53000000.0,2569000000.0,1.0,254145876.0,254145876.0,,41.748,11828000000.0,1489000000.0,40000000.0,0.0,46.54,2091000000.0
18,XRX,MRT,2016-12-31,2016-12-31,2016-12-31,2021-08-25,-4337000000.0,18051000000.0,23047750000.0,6992000000.0,11059000000.0,0.467,18.58,-138000000.0,2223000000.0,2223000000.0,6466000000.0,-460000000.0,1.502,2.78,6316000000.0,1011000000.0,5305000000.0,6316000000.0,0.0,563000000.0,0.0,0.036,1.24,-409000000.0,154000000.0,0.014,154000000.0,-409000000.0,-409000000.0,-1.95,-1.93,-1.95,4709000000.0,8066750000.0,4709000000.0,14806269055.0,-36.0,96.145,660000000.0,2.604,1.0,4305000000.0,0.4,4077000000.0,0.0,13413000000.0,14255250000.0,841000000.0,4948000000.0,1256000000.0,3692000000.0,13090000000.0,4654000000.0,8436000000.0,8850269055.0,1018000000.0,-5000000.0,0.0,925000000.0,-331000000.0,584000000.0,-85000000.0,0.0,798000000.0,-17000000.0,-471000000.0,-471000000.0,-471000000.0,0.0,11000000.0,-0.044,3737000000.0,568000000.0,1126000000.0,-0.636,1.879,-18.79,-17.908,1135000000.0,0.0,34.92,0.822,0.822,1051000000.0,4934000000.0,10771000000.0,10771000000.0,463000000.0,-0.02,-0.058,-0.029,-0.038,50000000.0,2636000000.0,1.0,253444131.0,253444131.0,,42.499,13974000000.0,1472000000.0,62000000.0,0.0,55.136,2338000000.0
19,XRX,MRT,2016-09-30,2016-09-30,2016-09-30,2021-08-25,-4632000000.0,24642000000.0,24920250000.0,7007000000.0,17635000000.0,0.245,36.53,107000000.0,1423000000.0,1423000000.0,2168000000.0,633000000.0,1.212,1.621,7379000000.0,2033000000.0,5346000000.0,7379000000.0,401000000.0,106000000.0,0.0,0.03,1.21,932000000.0,1038000000.0,0.17,1038000000.0,932000000.0,932000000.0,2.32,2.31,2.32,9254000000.0,9158000000.0,9254000000.0,16445765559.0,18.0,15.844,1507000000.0,5.949,1.0,3942000000.0,0.645,10216000000.0,0.0,14600000000.0,16413750000.0,1019000000.0,5260000000.0,1279000000.0,3981000000.0,14999000000.0,5782000000.0,9217000000.0,10264765559.0,630000000.0,-768000000.0,7000000.0,-158000000.0,-299000000.0,-491000000.0,-280000000.0,0.0,1400000000.0,3000000.0,620000000.0,620000000.0,620000000.0,-64000000.0,13000000.0,0.101,2731000000.0,1211000000.0,1312000000.0,0.522,1.109,16.556,17.466,1446000000.0,0.0,40.52,1.68,1.68,2565000000.0,9801000000.0,6110000000.0,6110000000.0,456000000.0,0.025,0.068,0.057,0.153,21000000.0,2245000000.0,1.0,253325902.0,253325902.0,,24.119,14426000000.0,0.0,312000000.0,0.0,56.946,1225000000.0
20,XRX,MRT,2016-06-30,2016-06-30,2016-06-30,2021-08-25,-4586000000.0,24641000000.0,24996250000.0,6851000000.0,17790000000.0,0.313,36.241,75000000.0,1203000000.0,1203000000.0,3922000000.0,416000000.0,1.162,1.643,7384000000.0,2029000000.0,5355000000.0,7384000000.0,404000000.0,283000000.0,0.0,0.031,1.18,582000000.0,865000000.0,0.111,865000000.0,582000000.0,582000000.0,1.47,1.46,1.47,9178000000.0,9122750000.0,9178000000.0,15812391874.0,27.0,18.28,1376000000.0,5.433,1.0,3892000000.0,0.498,10331000000.0,0.0,14596000000.0,16678000000.0,1017000000.0,5274000000.0,1295000000.0,3979000000.0,15076000000.0,5895000000.0,9181000000.0,9613391874.0,-439000000.0,-916000000.0,-733000000.0,-231000000.0,-304000000.0,-1295000000.0,-417000000.0,0.0,1301000000.0,-16000000.0,403000000.0,403000000.0,403000000.0,-61000000.0,13000000.0,0.052,3020000000.0,872000000.0,1379000000.0,0.803,1.047,23.855,25.823,1457000000.0,0.0,37.96,1.23,1.23,2575000000.0,9704000000.0,7814000000.0,7814000000.0,473000000.0,0.016,0.044,0.035,0.074,-1000000.0,2436000000.0,1.0,253250576.0,253250576.0,,30.855,14310000000.0,0.0,179000000.0,0.0,56.505,956000000.0
21,XRX,MRT,2016-03-31,2016-03-31,2016-03-31,2021-08-25,-4554000000.0,24857000000.0,25340000000.0,6808000000.0,18049000000.0,0.379,36.039,10000000.0,1189000000.0,1189000000.0,5405000000.0,272000000.0,1.108,1.681,7388000000.0,2029000000.0,5359000000.0,7388000000.0,421000000.0,436000000.0,0.0,0.026,1.15,409000000.0,845000000.0,0.088,845000000.0,409000000.0,409000000.0,0.91,0.9,0.91,9126000000.0,9341750000.0,9126000000.0,17302945887.0,42.0,20.477,1483000000.0,5.856,1.0,4206000000.0,0.438,10498000000.0,0.0,14412000000.0,16926750000.0,1034000000.0,5304000000.0,1307000000.0,3997000000.0,15345000000.0,6146000000.0,9199000000.0,11303945887.0,333000000.0,-6000000.0,-1126000000.0,-175000000.0,-303000000.0,-1631000000.0,481000000.0,0.0,1473000000.0,4000000.0,257000000.0,257000000.0,257000000.0,34000000.0,15000000.0,0.027,3451000000.0,755000000.0,1445000000.0,1.264,1.239,43.984,49.055,1489000000.0,0.0,44.64,1.176,1.176,2556000000.0,9635000000.0,9611000000.0,9611000000.0,496000000.0,0.01,0.028,0.024,0.043,15000000.0,2651000000.0,1.0,253224594.0,253224594.0,,37.954,14359000000.0,0.0,152000000.0,0.0,56.705,662000000.0
22,XRX,MRT,2015-12-31,2015-12-31,2015-12-31,2021-08-25,-4642000000.0,25541000000.0,25790000000.0,6685000000.0,18856000000.0,0.445,35.851,-56000000.0,1228000000.0,1228000000.0,6883000000.0,466000000.0,1.272,1.772,7279000000.0,962000000.0,6317000000.0,7279000000.0,202000000.0,590000000.0,0.0,0.026,1.12,641000000.0,1231000000.0,0.107,1231000000.0,641000000.0,641000000.0,1.59,1.58,1.59,9074000000.0,9612250000.0,9074000000.0,17533841275.0,27.0,14.244,1555000000.0,6.144,1.0,4582000000.0,0.4,4291000000.0,0.0,22047000000.0,17569250000.0,901000000.0,5273000000.0,1315000000.0,3958000000.0,16075000000.0,5254000000.0,10821000000.0,10761841275.0,-24000000.0,-13000000.0,-1334000000.0,-370000000.0,-302000000.0,-2074000000.0,508000000.0,0.0,1611000000.0,-77000000.0,448000000.0,448000000.0,448000000.0,0.0,18000000.0,0.039,3658000000.0,924000000.0,1342000000.0,0.704,1.186,24.022,26.742,1212000000.0,0.0,42.52,0.939,0.939,1165000000.0,9686000000.0,11465000000.0,11465000000.0,511000000.0,0.017,0.047,0.036,0.056,27000000.0,2865000000.0,1.0,253100688.0,253100688.0,,45.298,21250000000.0,0.0,193000000.0,0.0,83.959,1431000000.0
23,XRX,MRT,2015-09-30,2015-09-30,2015-09-30,2021-08-25,-4399000000.0,24946000000.0,26319250000.0,6999000000.0,17947000000.0,0.439,34.106,-67000000.0,804000000.0,804000000.0,7277000000.0,422000000.0,1.3,1.694,7576000000.0,1183000000.0,6393000000.0,7576000000.0,435000000.0,479000000.0,0.0,0.028,1.092,345000000.0,824000000.0,0.071,824000000.0,345000000.0,345000000.0,1.4,1.32,1.4,9113000000.0,10013250000.0,9113000000.0,16404371867.0,48.0,19.908,1523000000.0,5.7,1.0,4287000000.0,0.371,10679000000.0,0.0,15657000000.0,16326500000.0,1110000000.0,5271000000.0,1314000000.0,3957000000.0,15440000000.0,5382000000.0,10058000000.0,10399371867.0,-231000000.0,1004000000.0,-1671000000.0,-11000000.0,-302000000.0,-2093000000.0,398000000.0,0.0,1590000000.0,-98000000.0,403000000.0,403000000.0,403000000.0,98000000.0,19000000.0,0.035,3953000000.0,334000000.0,1477000000.0,0.78,1.141,25.805,27.8,1535000000.0,0.0,38.92,0.899,0.899,2727000000.0,9493000000.0,11564000000.0,11564000000.0,522000000.0,0.015,0.04,0.021,0.03,24000000.0,2963000000.0,1.0,267198660.0,267198660.0,,43.279,14267000000.0,0.0,-58000000.0,0.0,53.395,1617000000.0
24,XRX,MRT,2015-06-30,2015-06-30,2015-06-30,2021-08-25,-4299000000.0,26016000000.0,27052000000.0,7832000000.0,18184000000.0,0.445,36.488,-113000000.0,1641000000.0,1641000000.0,7184000000.0,725000000.0,1.367,1.549,7646000000.0,1648000000.0,5998000000.0,7646000000.0,428000000.0,511000000.0,0.0,0.025,1.062,816000000.0,1327000000.0,0.11,1327000000.0,816000000.0,816000000.0,2.48,2.36,2.48,10054000000.0,10685500000.0,10054000000.0,18453080150.0,23.0,13.906,1801000000.0,6.536,1.0,4842000000.0,0.403,10700000000.0,0.0,15591000000.0,16700000000.0,1072000000.0,5286000000.0,1328000000.0,3958000000.0,15570000000.0,5730000000.0,9840000000.0,11727080150.0,614000000.0,1127000000.0,-1214000000.0,23000000.0,-295000000.0,-1622000000.0,476000000.0,0.0,1914000000.0,-126000000.0,703000000.0,703000000.0,703000000.0,95000000.0,22000000.0,0.058,4049000000.0,793000000.0,1568000000.0,0.428,1.166,16.681,17.161,1578000000.0,0.0,42.56,0.975,0.975,2835000000.0,9605000000.0,12026000000.0,12026000000.0,526000000.0,0.026,0.066,0.049,0.068,58000000.0,3050000000.0,1.0,275542297.0,275542297.0,,43.645,15316000000.0,0.0,113000000.0,0.0,55.585,2102000000.0
25,XRX,MRT,2015-03-31,2015-03-31,2015-03-31,2021-08-25,-4540000000.0,26657000000.0,27675000000.0,8358000000.0,18299000000.0,0.447,36.713,-132000000.0,872000000.0,872000000.0,7376000000.0,980000000.0,1.458,1.573,7598000000.0,1333000000.0,6265000000.0,7598000000.0,424000000.0,590000000.0,0.0,0.02,1.032,1152000000.0,1742000000.0,0.141,1742000000.0,1152000000.0,1152000000.0,3.32,3.2,3.32,10208000000.0,11243750000.0,10208000000.0,20621766209.0,18.0,11.838,1758000000.0,6.323,1.0,5001000000.0,0.404,10670000000.0,0.0,16982000000.0,17227500000.0,1009000000.0,5254000000.0,1313000000.0,3941000000.0,16062000000.0,5731000000.0,10331000000.0,14291766209.0,-715000000.0,5000000.0,-1008000000.0,-329000000.0,-291000000.0,-1760000000.0,-681000000.0,0.0,1890000000.0,-136000000.0,957000000.0,957000000.0,957000000.0,0.0,23000000.0,0.077,3981000000.0,1020000000.0,1471000000.0,0.311,1.4,14.934,15.482,1583000000.0,0.0,51.4,1.155,1.155,2838000000.0,9631000000.0,12377000000.0,12377000000.0,527000000.0,0.035,0.085,0.067,0.093,59000000.0,3103000000.0,1.0,278049926.0,278049926.0,,44.514,15987000000.0,0.0,195000000.0,0.0,57.497,2627000000.0
26,XRX,MRT,2014-12-31,2014-12-31,2014-12-31,2021-08-25,-4159000000.0,27658000000.0,28227750000.0,8874000000.0,18784000000.0,0.449,37.416,-123000000.0,1411000000.0,1411000000.0,7569000000.0,1036000000.0,1.461,1.55,7741000000.0,1427000000.0,6314000000.0,7741000000.0,431000000.0,639000000.0,0.0,0.018,1.002,1211000000.0,1850000000.0,0.146,1850000000.0,1211000000.0,1211000000.0,3.44,3.36,3.44,10678000000.0,11747500000.0,10678000000.0,22466962265.0,19.0,12.144,1940000000.0,6.798,1.0,5110000000.0,0.403,10836000000.0,0.0,17076000000.0,17238750000.0,934000000.0,5482000000.0,1425000000.0,4057000000.0,16556000000.0,6076000000.0,10480000000.0,15821962265.0,-373000000.0,-24000000.0,-1057000000.0,-175000000.0,-289000000.0,-1624000000.0,-703000000.0,0.0,2063000000.0,-81000000.0,1013000000.0,1013000000.0,1013000000.0,0.0,23000000.0,0.08,4020000000.0,1090000000.0,1584000000.0,0.291,1.482,15.619,16.116,1648000000.0,0.0,55.44,1.248,1.248,2762000000.0,9535000000.0,12679000000.0,12679000000.0,531000000.0,0.036,0.086,0.07,0.096,63000000.0,3133000000.0,1.0,285388930.0,285388930.0,,44.427,16822000000.0,0.0,198000000.0,0.0,58.944,2798000000.0
27,XRX,MRT,2014-09-30,2014-09-30,2014-09-30,2021-08-25,-3228000000.0,27877000000.0,28572250000.0,7882000000.0,19995000000.0,0.655,40.938,-372000000.0,1015000000.0,1015000000.0,12534000000.0,1141000000.0,1.382,1.324,7660000000.0,1305000000.0,6355000000.0,7660000000.0,546000000.0,1416000000.0,0.0,0.019,0.98,1350000000.0,2766000000.0,0.148,2766000000.0,1350000000.0,1350000000.0,3.72,3.64,3.72,11802000000.0,12153000000.0,11802000000.0,21958211676.0,16.0,7.939,1802000000.0,6.251,1.0,6186000000.0,0.33,11668000000.0,0.0,17151000000.0,17444500000.0,1069000000.0,5500000000.0,1427000000.0,4073000000.0,15620000000.0,5703000000.0,9917000000.0,15256211676.0,67000000.0,-275000000.0,-1220000000.0,162000000.0,-289000000.0,-1427000000.0,-627000000.0,0.0,2174000000.0,-53000000.0,1119000000.0,1119000000.0,1119000000.0,-22000000.0,22000000.0,0.06,5052000000.0,1134000000.0,1550000000.0,0.263,1.293,13.634,14.226,1914000000.0,0.0,52.92,0.815,0.815,3152000000.0,9412000000.0,18720000000.0,18720000000.0,582000000.0,0.039,0.092,0.077,0.072,88000000.0,3829000000.0,1.0,288288202.0,288288202.0,,64.935,16209000000.0,0.0,231000000.0,0.0,56.225,2179000000.0
28,XRX,MRT,2014-06-30,2014-06-30,2014-06-30,2021-08-25,-2802000000.0,28508000000.0,28857000000.0,7979000000.0,20529000000.0,0.664,42.103,-329000000.0,1007000000.0,1007000000.0,12866000000.0,1160000000.0,1.402,1.282,7709000000.0,1355000000.0,6354000000.0,7709000000.0,524000000.0,1407000000.0,0.0,0.019,0.96,1389000000.0,2796000000.0,0.146,2796000000.0,1389000000.0,1389000000.0,3.72,3.64,3.72,12287000000.0,12214000000.0,12287000000.0,20959475964.0,15.0,7.496,2211000000.0,7.576,1.0,6294000000.0,0.328,11819000000.0,0.0,17701000000.0,17708750000.0,1077000000.0,5726000000.0,1497000000.0,4229000000.0,15754000000.0,5690000000.0,10064000000.0,14521475964.0,78000000.0,-275000000.0,-1103000000.0,-408000000.0,-289000000.0,-1881000000.0,-581000000.0,0.0,2540000000.0,0.0,1139000000.0,1139000000.0,1139000000.0,-21000000.0,21000000.0,0.059,5112000000.0,1182000000.0,1597000000.0,0.258,1.182,12.749,13.376,1968000000.0,0.0,49.76,0.758,0.758,3224000000.0,9226000000.0,19160000000.0,19160000000.0,588000000.0,0.039,0.093,0.078,0.072,81000000.0,3902000000.0,1.0,291830305.0,291830305.0,,65.655,16689000000.0,0.0,250000000.0,0.0,57.187,2289000000.0
29,XRX,MRT,2014-03-31,2014-03-31,2014-03-31,2021-08-25,-2838000000.0,28868000000.0,29061750000.0,8462000000.0,20406000000.0,0.675,41.261,-307000000.0,1567000000.0,1567000000.0,13204000000.0,1165000000.0,1.282,1.324,8005000000.0,2109000000.0,5896000000.0,8005000000.0,517000000.0,1374000000.0,0.0,0.021,0.94,1389000000.0,2763000000.0,0.141,2763000000.0,1389000000.0,1389000000.0,3.72,3.6,3.72,12223000000.0,12073500000.0,12223000000.0,19646883472.0,14.0,7.111,2441000000.0,8.24,1.0,6406000000.0,0.327,11679000000.0,0.0,17027000000.0,17914000000.0,1044000000.0,5729000000.0,1501000000.0,4228000000.0,16183000000.0,6600000000.0,9583000000.0,13389883472.0,574000000.0,-130000000.0,-887000000.0,-487000000.0,-288000000.0,-1750000000.0,-419000000.0,0.0,2748000000.0,-5000000.0,1144000000.0,1144000000.0,1144000000.0,-21000000.0,21000000.0,0.058,5193000000.0,1213000000.0,1568000000.0,0.253,1.095,11.704,12.151,1979000000.0,0.0,45.2,0.683,0.683,3166000000.0,9039000000.0,19610000000.0,19610000000.0,594000000.0,0.039,0.095,0.078,0.071,85000000.0,3984000000.0,1.0,296236360.0,296236360.0,,66.197,17189000000.0,0.0,245000000.0,0.0,58.025,1862000000.0
30,XRX,MRT,2013-12-31,2013-12-31,2013-12-31,2021-08-25,-2779000000.0,29036000000.0,29236000000.0,8511000000.0,20525000000.0,0.684,39.964,-341000000.0,1764000000.0,1764000000.0,13521000000.0,1179000000.0,1.497,1.323,8021000000.0,1117000000.0,6904000000.0,8021000000.0,496000000.0,1358000000.0,0.0,0.019,0.92,1412000000.0,2770000000.0,0.138,2770000000.0,1412000000.0,1412000000.0,3.72,3.64,3.72,12300000000.0,11893000000.0,12300000000.0,21575660800.0,15.0,7.789,2034000000.0,6.609,1.0,6485000000.0,0.324,11708000000.0,0.0,17899000000.0,18599000000.0,998000000.0,5702000000.0,1500000000.0,4202000000.0,16268000000.0,5686000000.0,10582000000.0,14982660800.0,518000000.0,-129000000.0,-629000000.0,-434000000.0,-272000000.0,-1402000000.0,-452000000.0,0.0,2375000000.0,-3000000.0,1159000000.0,1159000000.0,1159000000.0,0.0,20000000.0,0.058,5242000000.0,1243000000.0,1626000000.0,0.247,1.218,12.927,13.086,2025000000.0,0.0,48.68,0.749,0.749,3042000000.0,8839000000.0,20006000000.0,20006000000.0,603000000.0,0.04,0.097,0.076,0.071,90000000.0,4073000000.0,1.0,307778570.0,307778570.0,,65.001,17328000000.0,0.0,253000000.0,0.0,56.3,2825000000.0
31,XRX,MRT,2013-09-30,2013-09-30,2013-09-30,2021-08-25,-3277000000.0,29016000000.0,29480750000.0,8070000000.0,20946000000.0,0.688,39.093,-393000000.0,948000000.0,948000000.0,13654000000.0,1211000000.0,1.429,1.369,7541000000.0,1135000000.0,6406000000.0,7541000000.0,483000000.0,1348000000.0,0.0,0.021,0.86,1446000000.0,2794000000.0,0.138,2794000000.0,1446000000.0,1446000000.0,3.76,3.68,3.76,12046000000.0,11698250000.0,12046000000.0,19902760886.0,14.0,7.123,2787000000.0,9.045,1.0,6621000000.0,0.327,11755000000.0,0.0,18208000000.0,19000000000.0,1152000000.0,5870000000.0,1584000000.0,4286000000.0,16487000000.0,5646000000.0,10841000000.0,12682760886.0,66000000.0,-177000000.0,-464000000.0,-1781000000.0,-255000000.0,-2552000000.0,-559000000.0,0.0,3180000000.0,-3000000.0,1188000000.0,1188000000.0,1188000000.0,1000000.0,23000000.0,0.059,5337000000.0,1284000000.0,1589000000.0,0.229,1.053,10.676,10.947,2018000000.0,0.0,41.16,0.626,0.626,3127000000.0,8608000000.0,20275000000.0,20275000000.0,608000000.0,0.04,0.102,0.076,0.071,111000000.0,4098000000.0,1.0,308133160.0,308133160.0,,65.799,17261000000.0,643000000.0,258000000.0,0.0,56.018,2424000000.0
32,XRX,MRT,2013-06-30,2013-06-30,2013-06-30,2021-08-25,-3522000000.0,29327000000.0,29786500000.0,8212000000.0,21115000000.0,0.682,38.195,-471000000.0,929000000.0,929000000.0,13683000000.0,1208000000.0,1.302,1.459,8149000000.0,1783000000.0,6366000000.0,8149000000.0,471000000.0,1347000000.0,0.0,0.022,0.8,1419000000.0,2766000000.0,0.136,2766000000.0,1419000000.0,1419000000.0,3.68,3.64,3.68,11725000000.0,11743250000.0,11725000000.0,18683078142.0,13.0,6.755,2342000000.0,7.629,1.0,6632000000.0,0.326,11720000000.0,0.0,18522000000.0,19597000000.0,1109000000.0,6192000000.0,1731000000.0,4461000000.0,17104000000.0,6305000000.0,10799000000.0,11137078142.0,115000000.0,-309000000.0,-669000000.0,-972000000.0,-241000000.0,-1911000000.0,-766000000.0,0.0,2813000000.0,-21000000.0,1184000000.0,1184000000.0,1184000000.0,0.0,24000000.0,0.058,5368000000.0,1264000000.0,1731000000.0,0.217,0.95,9.406,9.859,2015000000.0,0.0,36.28,0.548,0.548,3183000000.0,8400000000.0,20315000000.0,20315000000.0,624000000.0,0.04,0.101,0.072,0.07,122000000.0,4115000000.0,1.0,306975693.0,306975693.0,,66.178,17607000000.0,667000000.0,235000000.0,0.0,57.356,1907000000.0
33,XRX,MRT,2013-03-31,2013-03-31,2013-03-31,2021-08-25,-3495000000.0,29565000000.0,29915000000.0,8260000000.0,21305000000.0,0.678,37.59,-484000000.0,993000000.0,993000000.0,13606000000.0,1247000000.0,1.468,1.528,8539000000.0,1107000000.0,7432000000.0,8539000000.0,448000000.0,1317000000.0,0.0,0.022,0.74,1453000000.0,2770000000.0,0.137,2770000000.0,1453000000.0,1453000000.0,3.72,3.68,3.72,11501000000.0,11814500000.0,11501000000.0,17767997091.0,12.0,6.414,2024000000.0,6.615,1.0,6686000000.0,0.329,11717000000.0,0.0,19767000000.0,20229750000.0,1096000000.0,6286000000.0,1741000000.0,4545000000.0,17570000000.0,5627000000.0,11943000000.0,10524997091.0,-521000000.0,-242000000.0,-1005000000.0,-1049000000.0,-226000000.0,-2308000000.0,-700000000.0,0.0,2508000000.0,-21000000.0,1222000000.0,1222000000.0,1222000000.0,0.0,25000000.0,0.06,5407000000.0,1279000000.0,1656000000.0,0.199,0.915,8.613,9.247,2043000000.0,0.0,34.4,0.519,0.519,3215000000.0,8208000000.0,20292000000.0,20292000000.0,636000000.0,0.041,0.103,0.072,0.072,125000000.0,4131000000.0,1.0,305959218.0,305959218.0,,66.323,17848000000.0,697000000.0,231000000.0,0.0,58.335,2633000000.0
34,XRX,MRT,2012-12-31,2012-12-31,2012-12-31,2021-08-25,-3227000000.0,30015000000.0,30311500000.0,8273000000.0,21742000000.0,0.674,36.214,-504000000.0,1246000000.0,1246000000.0,13634000000.0,1223000000.0,1.4,1.563,8489000000.0,1042000000.0,7447000000.0,8489000000.0,438000000.0,1301000000.0,0.0,0.025,0.68,1451000000.0,2752000000.0,0.135,2752000000.0,1451000000.0,1451000000.0,3.6,3.52,3.6,11521000000.0,12004000000.0,11521000000.0,17147769926.0,12.0,6.231,2076000000.0,6.525,1.0,6787000000.0,0.332,11845000000.0,0.0,19503000000.0,20678750000.0,1011000000.0,6542000000.0,1836000000.0,4706000000.0,18002000000.0,5910000000.0,12092000000.0,8678769926.0,344000000.0,-276000000.0,-1050000000.0,-108000000.0,-231000000.0,-1472000000.0,-761000000.0,0.0,2580000000.0,-3000000.0,1195000000.0,1195000000.0,1195000000.0,0.0,28000000.0,0.059,5503000000.0,1284000000.0,1913000000.0,0.189,0.753,7.263,7.578,2091000000.0,0.0,27.28,0.425,0.425,3018000000.0,7991000000.0,20421000000.0,20421000000.0,655000000.0,0.039,0.1,0.07,0.071,125000000.0,4141000000.0,1.0,318136728.0,318136728.0,,64.189,18170000000.0,763000000.0,256000000.0,0.0,57.114,2363000000.0
35,XRX,MRT,2012-09-30,2012-09-30,2012-09-30,2021-08-25,-2546000000.0,30239000000.0,30336750000.0,8386000000.0,21853000000.0,0.705,37.411,-490000000.0,882000000.0,882000000.0,14622000000.0,1263000000.0,1.35,1.433,9351000000.0,1893000000.0,7458000000.0,9351000000.0,446000000.0,1326000000.0,0.0,0.023,0.68,1531000000.0,2857000000.0,0.134,2857000000.0,1531000000.0,1531000000.0,3.64,3.56,3.64,12226000000.0,12092750000.0,12226000000.0,17940868780.0,12.0,6.28,1595000000.0,4.881,1.0,6762000000.0,0.316,11899000000.0,0.0,20596000000.0,20708250000.0,1128000000.0,6910000000.0,1877000000.0,5033000000.0,17524000000.0,6213000000.0,11311000000.0,9594868780.0,97000000.0,-267000000.0,-1105000000.0,189000000.0,-236000000.0,-1235000000.0,-741000000.0,0.0,2085000000.0,-12000000.0,1235000000.0,1235000000.0,1235000000.0,0.0,28000000.0,0.058,5547000000.0,1215000000.0,1591000000.0,0.187,0.785,7.769,8.066,2092000000.0,0.0,29.36,0.449,0.449,3377000000.0,7716000000.0,21384000000.0,21384000000.0,672000000.0,0.041,0.102,0.074,0.072,123000000.0,4231000000.0,1.0,326800708.0,326800708.0,,65.434,18340000000.0,454000000.0,296000000.0,0.0,56.12,2173000000.0
36,XRX,MRT,2012-06-30,2012-06-30,2012-06-30,2021-08-25,-2878000000.0,29841000000.0,30412250000.0,8012000000.0,21829000000.0,0.713,35.645,-467000000.0,814000000.0,814000000.0,14707000000.0,1304000000.0,1.489,1.444,9160000000.0,1099000000.0,8061000000.0,9160000000.0,404000000.0,1288000000.0,0.0,0.022,0.68,1588000000.0,2876000000.0,0.133,2876000000.0,1588000000.0,1588000000.0,3.72,3.6,3.72,12010000000.0,12224750000.0,12010000000.0,18720776603.0,12.0,6.509,1390000000.0,4.125,1.0,6985000000.0,0.322,11752000000.0,0.0,21053000000.0,20644500000.0,1073000000.0,7183000000.0,2036000000.0,5147000000.0,17346000000.0,5382000000.0,11964000000.0,10606776603.0,-284000000.0,-162000000.0,-1057000000.0,-111000000.0,-236000000.0,-1497000000.0,-619000000.0,0.0,1857000000.0,-25000000.0,1273000000.0,1273000000.0,1273000000.0,0.0,31000000.0,0.059,5661000000.0,1324000000.0,1712000000.0,0.183,0.883,8.332,8.462,2072000000.0,0.0,31.48,0.489,0.489,2876000000.0,7496000000.0,21692000000.0,21692000000.0,694000000.0,0.042,0.104,0.077,0.073,122000000.0,4308000000.0,1.0,336936995.0,336936995.0,,64.38,18089000000.0,598000000.0,315000000.0,0.0,53.687,2630000000.0
37,XRX,MRT,2012-03-31,2012-03-31,2012-03-31,2021-08-25,-2654000000.0,31151000000.0,30725750000.0,8882000000.0,22269000000.0,0.714,36.817,-488000000.0,1514000000.0,1514000000.0,14767000000.0,1315000000.0,1.533,1.502,9628000000.0,1145000000.0,8483000000.0,9628000000.0,407000000.0,1273000000.0,0.0,0.021,0.68,1642000000.0,2915000000.0,0.133,2915000000.0,1642000000.0,1642000000.0,3.68,3.6,3.68,12259000000.0,12467250000.0,12259000000.0,18485969712.0,11.0,6.342,1488000000.0,4.469,1.0,7171000000.0,0.327,11907000000.0,0.0,21563000000.0,20529750000.0,1065000000.0,7453000000.0,2139000000.0,5314000000.0,18411000000.0,5795000000.0,12616000000.0,10754969712.0,514000000.0,-256000000.0,-743000000.0,1034000000.0,-238000000.0,-709000000.0,-736000000.0,0.0,1976000000.0,-17000000.0,1283000000.0,1283000000.0,1283000000.0,0.0,32000000.0,0.058,5733000000.0,1438000000.0,1758000000.0,0.185,0.877,8.383,8.777,2139000000.0,0.0,32.3,0.49,0.49,3064000000.0,7250000000.0,21938000000.0,21938000000.0,708000000.0,0.042,0.103,0.08,0.075,122000000.0,4370000000.0,1.0,332971198.0,332971198.0,,65.886,19244000000.0,638000000.0,359000000.0,0.0,57.795,3087000000.0
38,XRX,MRT,2011-12-31,2011-12-31,2011-12-31,2021-08-25,-2716000000.0,30116000000.0,30652750000.0,7912000000.0,22204000000.0,0.714,34.248,-473000000.0,902000000.0,902000000.0,14576000000.0,1328000000.0,1.24,1.494,8633000000.0,1545000000.0,7088000000.0,8633000000.0,432000000.0,1251000000.0,0.0,0.021,0.68,1672000000.0,2923000000.0,0.133,2923000000.0,1672000000.0,1672000000.0,3.68,3.6,3.68,11876000000.0,12529750000.0,11876000000.0,19450944785.0,12.0,6.654,1488000000.0,4.291,1.0,7324000000.0,0.334,11845000000.0,0.0,19621000000.0,20218750000.0,1021000000.0,7591000000.0,2165000000.0,5426000000.0,17742000000.0,6381000000.0,11361000000.0,11040944785.0,-309000000.0,-212000000.0,-684000000.0,49000000.0,-241000000.0,-1586000000.0,-675000000.0,0.0,1961000000.0,-9000000.0,1295000000.0,1295000000.0,1295000000.0,0.0,33000000.0,0.059,5789000000.0,1535000000.0,2016000000.0,0.185,0.93,8.526,8.652,2145000000.0,0.0,31.84,0.504,0.504,2766000000.0,7046000000.0,21900000000.0,21900000000.0,719000000.0,0.042,0.103,0.083,0.076,123000000.0,4421000000.0,1.0,346763341.0,346763341.0,,63.155,18271000000.0,672000000.0,377000000.0,0.0,52.69,1531000000.0
39,XRX,MRT,2011-09-30,2011-09-30,2011-09-30,2021-08-25,-1886000000.0,30541000000.0,30773750000.0,8481000000.0,22060000000.0,0.736,36.35,-517000000.0,785000000.0,785000000.0,14888000000.0,1124000000.0,1.275,1.354,9195000000.0,2096000000.0,7099000000.0,9195000000.0,375000000.0,1183000000.0,0.0,0.024,0.68,1399000000.0,2582000000.0,0.114,2582000000.0,1399000000.0,1399000000.0,3.08,2.96,3.08,12754000000.0,12562250000.0,12754000000.0,17994214156.0,13.0,6.969,1473000000.0,4.198,1.0,7750000000.0,0.342,11958000000.0,0.0,20341000000.0,20203250000.0,1209000000.0,7573000000.0,2178000000.0,5395000000.0,17272000000.0,6652000000.0,10620000000.0,9782214156.0,-190000000.0,-248000000.0,-233000000.0,-266000000.0,-241000000.0,-1436000000.0,-751000000.0,0.0,1990000000.0,7000000.0,1091000000.0,1091000000.0,1091000000.0,0.0,33000000.0,0.048,6219000000.0,1531000000.0,1811000000.0,0.221,0.767,8.966,9.052,2150000000.0,0.0,27.88,0.432,0.432,3171000000.0,6736000000.0,22638000000.0,22638000000.0,735000000.0,0.035,0.087,0.069,0.062,129000000.0,4543000000.0,1.0,350868514.0,350868514.0,,64.52,18583000000.0,414000000.0,308000000.0,0.0,52.963,1829000000.0
40,XRX,MRT,2011-06-30,2011-06-30,2011-06-30,2021-08-25,-1575000000.0,31095000000.0,30850250000.0,8695000000.0,22400000000.0,0.729,37.054,-531000000.0,1098000000.0,1098000000.0,14733000000.0,1051000000.0,1.31,1.356,9310000000.0,2197000000.0,7113000000.0,9310000000.0,355000000.0,1166000000.0,0.0,0.016,0.68,1346000000.0,2512000000.0,0.112,2512000000.0,1346000000.0,1346000000.0,2.88,2.76,2.88,12980000000.0,12350750000.0,12980000000.0,22196342398.0,16.0,8.836,1459000000.0,4.165,1.0,7750000000.0,0.345,12075000000.0,0.0,20594000000.0,20384000000.0,1129000000.0,7789000000.0,2261000000.0,5528000000.0,17605000000.0,6638000000.0,10967000000.0,14586342398.0,16000000.0,-343000000.0,78000000.0,-315000000.0,-237000000.0,-1175000000.0,-850000000.0,0.0,1990000000.0,51000000.0,1021000000.0,1021000000.0,1021000000.0,0.0,30000000.0,0.045,6253000000.0,1497000000.0,1693000000.0,0.236,1.124,14.286,14.458,2204000000.0,0.0,41.64,0.649,0.649,3103000000.0,6482000000.0,22483000000.0,22483000000.0,741000000.0,0.033,0.083,0.066,0.06,129000000.0,4570000000.0,1.0,350296407.0,350296407.0,,64.183,19020000000.0,477000000.0,325000000.0,0.0,54.297,2057000000.0
41,XRX,MRT,2011-03-31,2011-03-31,2011-03-31,2021-08-25,-1748000000.0,30859000000.0,30580000000.0,9219000000.0,21640000000.0,0.732,35.754,-519000000.0,1000000000.0,1000000000.0,14587000000.0,960000000.0,1.507,1.427,8610000000.0,1382000000.0,7228000000.0,8610000000.0,369000000.0,1147000000.0,0.0,0.016,0.68,1258000000.0,2405000000.0,0.107,2405000000.0,1258000000.0,1258000000.0,2.64,2.52,2.64,12509000000.0,11902000000.0,12509000000.0,22300051411.0,18.0,9.272,1802000000.0,5.151,1.0,7790000000.0,0.348,12034000000.0,0.0,20319000000.0,20714500000.0,1100000000.0,7790000000.0,2813000000.0,4977000000.0,17846000000.0,6116000000.0,11730000000.0,14904051411.0,-10000000.0,-253000000.0,69000000.0,-1400000000.0,-238000000.0,-1593000000.0,-765000000.0,0.0,2321000000.0,27000000.0,929000000.0,929000000.0,929000000.0,0.0,31000000.0,0.042,6373000000.0,1417000000.0,1700000000.0,0.258,1.191,16.043,16.136,2202000000.0,0.0,42.6,0.666,0.666,3260000000.0,6230000000.0,22377000000.0,22377000000.0,760000000.0,0.03,0.078,0.061,0.056,128000000.0,4614000000.0,1.0,349860362.0,349860362.0,,63.96,18825000000.0,541000000.0,329000000.0,0.0,53.807,3103000000.0
42,XRX,MRT,2010-12-31,2010-12-31,2010-12-31,2021-08-25,-1988000000.0,30600000000.0,30521000000.0,8639000000.0,21961000000.0,0.709,34.619,-467000000.0,1211000000.0,1211000000.0,13936000000.0,637000000.0,1.346,1.507,8607000000.0,1370000000.0,7237000000.0,8607000000.0,371000000.0,1097000000.0,0.0,0.015,0.68,862000000.0,1959000000.0,0.091,1959000000.0,862000000.0,862000000.0,1.76,1.72,1.76,12006000000.0,11574250000.0,12006000000.0,24501511905.0,28.0,12.507,2259000000.0,6.514,1.0,7697000000.0,0.356,12020000000.0,0.0,19559000000.0,21048750000.0,991000000.0,7713000000.0,2287000000.0,5426000000.0,18092000000.0,6417000000.0,11675000000.0,15980511905.0,-2588000000.0,-1734000000.0,168000000.0,-3056000000.0,-215000000.0,-3116000000.0,-2178000000.0,0.0,2726000000.0,-20000000.0,606000000.0,606000000.0,606000000.0,0.0,31000000.0,0.028,6636000000.0,1061000000.0,1968000000.0,0.386,1.331,26.37,26.182,2201000000.0,0.0,46.08,0.739,0.739,3024000000.0,6016000000.0,21633000000.0,21633000000.0,781000000.0,0.02,0.052,0.041,0.04,123000000.0,4594000000.0,1.0,346799304.0,346799304.0,,62.379,18580000000.0,540000000.0,256000000.0,0.0,53.576,2222000000.0
43,XRX,MRT,2010-09-30,2010-09-30,2010-09-30,2021-08-25,-1871000000.0,30847000000.0,28879000000.0,8897000000.0,21950000000.0,0.688,34.44,-356000000.0,975000000.0,975000000.0,12498000000.0,649000000.0,1.425,1.549,9496000000.0,1636000000.0,7860000000.0,9496000000.0,0.0,989000000.0,0.0,0.016,0.68,877000000.0,1866000000.0,0.094,1866000000.0,877000000.0,877000000.0,2.04,1.96,2.04,11908000000.0,10335250000.0,11908000000.0,22849536212.0,26.0,12.245,2030000000.0,5.871,1.0,7378000000.0,0.371,12060000000.0,0.0,21064000000.0,21413000000.0,1177000000.0,7604000000.0,2249000000.0,5355000000.0,18442000000.0,6244000000.0,12198000000.0,14314536212.0,-184000000.0,-1692000000.0,105000000.0,-401000000.0,-193000000.0,-507000000.0,-2031000000.0,0.0,2386000000.0,-32000000.0,615000000.0,615000000.0,615000000.0,0.0,34000000.0,0.031,6293000000.0,1085000000.0,1762000000.0,0.333,1.202,23.276,20.294,2175000000.0,0.0,41.4,0.72,0.72,3386000000.0,5912000000.0,19876000000.0,19876000000.0,813000000.0,0.021,0.06,0.041,0.044,117000000.0,4523000000.0,1.0,345761744.0,345761744.0,,57.485,18787000000.0,565000000.0,262000000.0,0.0,54.335,2653000000.0
44,XRX,MRT,2010-06-30,2010-06-30,2010-06-30,2021-08-25,-2403000000.0,30014000000.0,26605500000.0,8498000000.0,21516000000.0,0.681,32.443,-259000000.0,1082000000.0,1082000000.0,11098000000.0,522000000.0,1.811,1.639,9617000000.0,358000000.0,9259000000.0,9617000000.0,0.0,881000000.0,0.0,0.021,0.68,696000000.0,1577000000.0,0.087,1577000000.0,696000000.0,696000000.0,1.88,1.84,1.88,11185000000.0,9082750000.0,11185000000.0,20041484816.0,29.0,12.709,2371000000.0,6.877,1.0,7025000000.0,0.388,11941000000.0,0.0,21916000000.0,21046000000.0,1026000000.0,7332000000.0,2183000000.0,5149000000.0,18330000000.0,4692000000.0,13638000000.0,11087484816.0,-139000000.0,-1546000000.0,115000000.0,-866000000.0,-171000000.0,-930000000.0,-1796000000.0,0.0,2630000000.0,-43000000.0,488000000.0,488000000.0,488000000.0,0.0,34000000.0,0.027,6104000000.0,921000000.0,1670000000.0,0.362,0.991,22.72,17.106,2126000000.0,0.0,32.16,0.612,0.612,3184000000.0,5729000000.0,18123000000.0,18123000000.0,833000000.0,0.018,0.054,0.033,0.038,111000000.0,4394000000.0,1.0,344760100.0,344760100.0,,52.567,18073000000.0,635000000.0,208000000.0,0.0,52.422,3806000000.0
45,XRX,MRT,2010-03-31,2010-03-31,2010-03-31,2021-08-25,-2193000000.0,30623000000.0,24616000000.0,8780000000.0,21843000000.0,0.664,51.481,-171000000.0,1010000000.0,1010000000.0,9732000000.0,433000000.0,1.495,1.691,9964000000.0,1296000000.0,8668000000.0,9964000000.0,0.0,770000000.0,0.0,0.017,0.68,556000000.0,1326000000.0,0.081,1326000000.0,556000000.0,556000000.0,1.88,1.84,1.88,11198000000.0,7943750000.0,11198000000.0,13948201074.0,25.0,10.519,2390000000.0,10.988,1.0,6614000000.0,0.405,12047000000.0,0.0,21656000000.0,20614250000.0,1018000000.0,7613000000.0,2299000000.0,5314000000.0,18931000000.0,5874000000.0,13057000000.0,8483201074.0,461000000.0,-1542000000.0,104000000.0,-335000000.0,-149000000.0,-391000000.0,-1702000000.0,0.0,2561000000.0,-7000000.0,401000000.0,401000000.0,401000000.0,0.0,32000000.0,0.025,5809000000.0,805000000.0,1659000000.0,0.362,0.758,21.155,20.745,2191000000.0,0.0,39.0,0.519,0.519,3431000000.0,5568000000.0,16346000000.0,16346000000.0,841000000.0,0.016,0.05,0.027,0.034,95000000.0,4244000000.0,1.0,217517976.0,217517976.0,,75.148,18576000000.0,733000000.0,155000000.0,0.0,85.4,2906000000.0
46,XRX,MRT,2009-12-31,2009-12-31,2009-12-31,2021-08-25,-1988000000.0,24032000000.0,22220250000.0,9731000000.0,14301000000.0,0.683,32.442,-176000000.0,3799000000.0,3799000000.0,8883000000.0,516000000.0,2.181,2.389,9264000000.0,988000000.0,8276000000.0,9264000000.0,201000000.0,698000000.0,0.0,0.02,0.68,637000000.0,1335000000.0,0.088,1335000000.0,637000000.0,637000000.0,2.24,2.2,2.24,7050000000.0,6630500000.0,7050000000.0,13640809841.0,21.0,10.218,2032000000.0,9.351,1.0,6296000000.0,0.415,4020000000.0,0.0,21016000000.0,20357250000.0,900000000.0,7857000000.0,2396000000.0,5461000000.0,16841000000.0,4461000000.0,12380000000.0,7353809841.0,2570000000.0,-163000000.0,-11000000.0,866000000.0,-149000000.0,692000000.0,-343000000.0,0.0,2208000000.0,13000000.0,485000000.0,485000000.0,485000000.0,0.0,31000000.0,0.032,5398000000.0,898000000.0,1451000000.0,0.304,1.043,15.162,15.107,1860000000.0,0.0,33.84,0.484,0.484,1928000000.0,5674000000.0,15179000000.0,15179000000.0,840000000.0,0.022,0.073,0.031,0.042,85000000.0,4149000000.0,1.0,217311166.0,217311166.0,,69.849,20012000000.0,1640000000.0,152000000.0,0.0,92.089,5270000000.0
47,XRX,MRT,2009-09-30,2009-09-30,2009-09-30,2021-08-25,-1967000000.0,21753000000.0,21824000000.0,7440000000.0,14313000000.0,0.702,31.748,-218000000.0,1159000000.0,1159000000.0,9055000000.0,334000000.0,1.679,2.134,7446000000.0,1149000000.0,6297000000.0,7446000000.0,0.0,684000000.0,0.0,0.022,0.68,369000000.0,1053000000.0,0.069,1053000000.0,369000000.0,369000000.0,1.4,1.44,1.4,6898000000.0,6427500000.0,6898000000.0,13542690593.0,37.0,12.861,1208000000.0,5.56,1.0,6275000000.0,0.409,4014000000.0,0.0,19596000000.0,20193250000.0,1069000000.0,7818000000.0,2386000000.0,5432000000.0,14722000000.0,4430000000.0,10292000000.0,6726690593.0,286000000.0,-147000000.0,-12000000.0,-930000000.0,-150000000.0,-1114000000.0,-9000000.0,0.0,1426000000.0,-17000000.0,306000000.0,306000000.0,306000000.0,0.0,28000000.0,0.02,5638000000.0,637000000.0,1292000000.0,0.486,0.975,21.983,22.114,1901000000.0,0.0,30.96,0.439,0.439,2119000000.0,5532000000.0,15330000000.0,15330000000.0,827000000.0,0.014,0.048,0.018,0.024,73000000.0,4126000000.0,1.0,217270368.0,217270368.0,,70.557,17739000000.0,1673000000.0,63000000.0,0.0,81.645,3010000000.0
48,XRX,MRT,2009-06-30,2009-06-30,2009-06-30,2021-08-25,-2129000000.0,22056000000.0,22292000000.0,7638000000.0,14418000000.0,0.719,30.662,-269000000.0,1221000000.0,1221000000.0,9492000000.0,472000000.0,1.654,2.308,8037000000.0,1342000000.0,6695000000.0,8037000000.0,0.0,683000000.0,0.0,0.026,0.68,475000000.0,1158000000.0,0.072,1158000000.0,475000000.0,475000000.0,2.04,2.04,2.04,6629000000.0,6578500000.0,6629000000.0,12953816857.0,27.0,11.186,807000000.0,3.733,1.0,6533000000.0,0.408,4066000000.0,0.0,20189000000.0,20625250000.0,1141000000.0,7777000000.0,2385000000.0,5392000000.0,15299000000.0,4617000000.0,10682000000.0,5603816857.0,378000000.0,-158000000.0,-105000000.0,-31000000.0,-150000000.0,-307000000.0,-334000000.0,0.0,1076000000.0,-57000000.0,441000000.0,441000000.0,441000000.0,0.0,31000000.0,0.028,5799000000.0,734000000.0,1214000000.0,0.333,0.845,12.707,12.706,1939000000.0,0.0,25.92,0.35,0.35,2115000000.0,5448000000.0,16025000000.0,16025000000.0,846000000.0,0.02,0.067,0.023,0.03,76000000.0,4257000000.0,1.0,216196638.0,216196638.0,,74.122,17990000000.0,1797000000.0,34000000.0,0.0,83.211,3021000000.0
49,XRX,MRT,2009-03-31,2009-03-31,2009-03-31,2021-08-25,-2730000000.0,21040000000.0,22856000000.0,7082000000.0,13958000000.0,0.736,27.498,-297000000.0,549000000.0,549000000.0,10002000000.0,549000000.0,1.839,2.518,7899000000.0,641000000.0,7258000000.0,7899000000.0,0.0,693000000.0,0.0,0.037,0.68,550000000.0,1243000000.0,0.074,1243000000.0,550000000.0,550000000.0,2.36,2.36,2.36,5945000000.0,6909750000.0,5945000000.0,11089775631.0,20.0,8.922,612000000.0,2.831,1.0,6825000000.0,0.406,3910000000.0,0.0,20628000000.0,20987000000.0,1295000000.0,7652000000.0,2326000000.0,5326000000.0,14971000000.0,3852000000.0,11119000000.0,3934775631.0,-293000000.0,-296000000.0,-472000000.0,99000000.0,-151000000.0,-543000000.0,-583000000.0,0.0,909000000.0,-76000000.0,516000000.0,516000000.0,516000000.0,0.0,33000000.0,0.031,6023000000.0,802000000.0,1282000000.0,0.288,0.662,7.626,7.712,1946000000.0,0.0,18.2,0.234,0.234,2187000000.0,5345000000.0,16827000000.0,16827000000.0,867000000.0,0.023,0.075,0.026,0.033,82000000.0,4414000000.0,1.0,216196463.0,216196463.0,,77.832,17130000000.0,1667000000.0,34000000.0,0.0,79.233,3230000000.0
50,XRX,MRT,2008-12-31,2008-12-31,2008-12-31,2021-08-25,-2416000000.0,22447000000.0,23625750000.0,8150000000.0,14297000000.0,0.745,28.826,-297000000.0,1229000000.0,1229000000.0,10448000000.0,265000000.0,1.495,2.579,8384000000.0,1610000000.0,6774000000.0,8384000000.0,0.0,669000000.0,0.0,0.021,0.68,-1000000.0,668000000.0,0.038,668000000.0,-1000000.0,-1000000.0,1.04,1.04,1.04,6238000000.0,7462250000.0,6238000000.0,14265832406.0,-14266.0,21.356,642000000.0,2.967,1.0,7160000000.0,0.407,3792000000.0,0.0,20360000000.0,21142250000.0,1232000000.0,8104000000.0,2461000000.0,5643000000.0,16089000000.0,5450000000.0,10639000000.0,6898832406.0,130000000.0,-155000000.0,-839000000.0,699000000.0,-154000000.0,-311000000.0,-441000000.0,0.0,939000000.0,-57000000.0,230000000.0,230000000.0,230000000.0,0.0,35000000.0,0.013,6934000000.0,226000000.0,1446000000.0,0.654,1.106,29.995,30.654,2013000000.0,0.0,31.88,0.392,0.392,2438000000.0,5341000000.0,17608000000.0,17608000000.0,884000000.0,0.01,0.031,0.0,0.0,85000000.0,4534000000.0,1.0,216400013.0,216400013.0,,81.368,18655000000.0,1692000000.0,-231000000.0,0.0,86.206,2700000000.0
51,XRX,MRT,2008-09-30,2008-09-30,2008-09-30,2021-08-25,-1178000000.0,23625000000.0,23899750000.0,8749000000.0,14876000000.0,0.758,34.404,-307000000.0,873000000.0,873000000.0,10632000000.0,668000000.0,1.563,2.149,8240000000.0,1457000000.0,6783000000.0,8240000000.0,0.0,669000000.0,0.0,0.015,0.68,564000000.0,1233000000.0,0.068,1233000000.0,564000000.0,564000000.0,2.72,2.64,2.72,7502000000.0,8049750000.0,7502000000.0,17161851621.0,30.0,13.919,1457000000.0,6.682,1.0,7488000000.0,0.413,4071000000.0,0.0,21324000000.0,21492750000.0,1376000000.0,8219000000.0,2544000000.0,5675000000.0,16123000000.0,5597000000.0,10526000000.0,10056851621.0,25000000.0,-194000000.0,-962000000.0,53000000.0,-116000000.0,-1031000000.0,-699000000.0,0.0,1764000000.0,-9000000.0,611000000.0,611000000.0,611000000.0,0.0,57000000.0,0.034,6682000000.0,806000000.0,1303000000.0,0.25,1.341,16.46,16.956,2119000000.0,0.0,46.12,0.555,0.555,2786000000.0,5378000000.0,18120000000.0,18120000000.0,910000000.0,0.026,0.076,0.026,0.031,93000000.0,4618000000.0,1.0,218058361.0,218058361.0,,83.097,19554000000.0,1522000000.0,-47000000.0,0.0,89.673,3152000000.0
52,XRX,MRT,2008-06-30,2008-06-30,2008-06-30,2021-08-25,-568000000.0,24312000000.0,23842750000.0,8788000000.0,15524000000.0,0.757,35.385,-301000000.0,843000000.0,843000000.0,10550000000.0,655000000.0,1.579,2.057,7948000000.0,1218000000.0,6730000000.0,7948000000.0,0.0,665000000.0,0.0,0.009,0.51,642000000.0,1307000000.0,0.072,1307000000.0,642000000.0,642000000.0,2.6,2.56,2.6,7954000000.0,8138750000.0,7954000000.0,19038180155.0,30.0,14.566,1489000000.0,6.624,1.0,7502000000.0,0.416,4215000000.0,0.0,21636000000.0,21718500000.0,1436000000.0,8612000000.0,2657000000.0,5955000000.0,16358000000.0,5566000000.0,10792000000.0,12192180155.0,-7000000.0,-227000000.0,-1074000000.0,-253000000.0,-79000000.0,-1410000000.0,-434000000.0,0.0,1790000000.0,47000000.0,607000000.0,607000000.0,607000000.0,0.0,48000000.0,0.034,6615000000.0,887000000.0,1326000000.0,0.196,1.533,20.086,20.862,2226000000.0,0.0,54.24,0.675,0.675,2885000000.0,5157000000.0,18052000000.0,18052000000.0,915000000.0,0.025,0.075,0.03,0.036,94000000.0,4571000000.0,1.0,224782082.0,224782082.0,,80.309,20097000000.0,1599000000.0,35000000.0,0.0,89.407,3222000000.0
53,XRX,MRT,2008-03-31,2008-03-31,2008-03-31,2021-08-25,-556000000.0,24119000000.0,23516250000.0,8671000000.0,15448000000.0,0.754,35.551,-319000000.0,842000000.0,842000000.0,10309000000.0,697000000.0,1.535,1.958,7688000000.0,1354000000.0,6334000000.0,7688000000.0,0.0,649000000.0,0.0,0.006,0.34,710000000.0,1359000000.0,0.077,1359000000.0,710000000.0,710000000.0,2.76,2.72,2.76,8155000000.0,8037500000.0,8155000000.0,20100991313.0,28.0,14.791,1417000000.0,6.177,1.0,7418000000.0,0.418,4067000000.0,0.0,21249000000.0,21735250000.0,1431000000.0,8763000000.0,2679000000.0,6084000000.0,15964000000.0,5649000000.0,10315000000.0,13735991313.0,-376000000.0,-1619000000.0,-741000000.0,312000000.0,-40000000.0,-479000000.0,-1693000000.0,0.0,1736000000.0,60000000.0,658000000.0,658000000.0,658000000.0,0.0,39000000.0,0.037,6470000000.0,948000000.0,1334000000.0,0.123,1.684,20.875,21.696,2215000000.0,0.0,59.88,0.775,0.775,2842000000.0,4990000000.0,17727000000.0,17727000000.0,915000000.0,0.028,0.082,0.033,0.04,92000000.0,4482000000.0,1.0,229391972.0,229391972.0,,77.278,20052000000.0,1610000000.0,52000000.0,0.0,87.414,3022000000.0
54,XRX,MRT,2007-12-31,2007-12-31,2007-12-31,2021-08-25,-765000000.0,23543000000.0,22834250000.0,8540000000.0,15003000000.0,0.754,37.16,-334000000.0,1099000000.0,1099000000.0,9961000000.0,1165000000.0,2.095,1.741,7464000000.0,525000000.0,6939000000.0,7464000000.0,0.0,656000000.0,0.0,0.003,0.17,1535000000.0,2191000000.0,0.127,2191000000.0,1535000000.0,1535000000.0,4.84,4.76,4.84,8588000000.0,7783750000.0,8588000000.0,22177460680.0,14.0,10.122,1537000000.0,6.651,1.0,7267000000.0,0.422,4069000000.0,0.0,21762000000.0,21482750000.0,1305000000.0,8676000000.0,2693000000.0,5983000000.0,14955000000.0,4077000000.0,10878000000.0,14966460680.0,-300000000.0,-1615000000.0,-567000000.0,-55000000.0,0.0,-619000000.0,-1612000000.0,0.0,1871000000.0,60000000.0,1135000000.0,1135000000.0,1135000000.0,0.0,30000000.0,0.066,5483000000.0,1784000000.0,1367000000.0,0.035,1.743,13.186,13.38,2174000000.0,0.0,64.76,0.869,0.869,2761000000.0,5288000000.0,17228000000.0,17228000000.0,912000000.0,0.05,0.146,0.071,0.089,89000000.0,4312000000.0,1.0,231106558.0,231106558.0,,74.546,19474000000.0,1349000000.0,400000000.0,0.0,84.264,4463000000.0
55,XRX,MRT,2007-09-30,2007-09-30,2007-09-30,2021-08-25,-1258000000.0,23397000000.0,22375750000.0,8776000000.0,14621000000.0,0.747,33.586,-281000000.0,848000000.0,848000000.0,9638000000.0,967000000.0,2.052,1.977,8059000000.0,1021000000.0,7038000000.0,8059000000.0,0.0,640000000.0,0.0,0.0,0.0,1301000000.0,1941000000.0,0.116,1941000000.0,1301000000.0,1301000000.0,4.08,4.08,4.08,7858000000.0,7406750000.0,7858000000.0,23348746335.0,18.0,12.029,1300000000.0,5.556,1.0,7087000000.0,0.424,4104000000.0,0.0,22227000000.0,21119750000.0,1450000000.0,8426000000.0,2628000000.0,5798000000.0,15539000000.0,4277000000.0,11262000000.0,16227746335.0,-488000000.0,-1781000000.0,-789000000.0,290000000.0,0.0,-489000000.0,-1635000000.0,-52000000.0,1581000000.0,55000000.0,967000000.0,967000000.0,967000000.0,0.0,0.0,0.058,5561000000.0,1526000000.0,1260000000.0,0.0,2.065,16.782,17.0,2132000000.0,0.0,69.36,0.97,0.97,2895000000.0,4953000000.0,16725000000.0,16725000000.0,911000000.0,0.043,0.131,0.062,0.078,81000000.0,4146000000.0,1.0,233964048.0,233964048.0,,71.485,19293000000.0,1472000000.0,334000000.0,0.0,82.461,4499000000.0
56,XRX,MRT,2007-06-30,2007-06-30,2007-06-30,2021-08-25,-1487000000.0,23006000000.0,22116500000.0,8593000000.0,14413000000.0,0.736,32.214,-263000000.0,870000000.0,870000000.0,9364000000.0,1249000000.0,1.971,2.048,7991000000.0,1258000000.0,6733000000.0,7991000000.0,0.0,632000000.0,0.0,0.0,0.0,1070000000.0,1702000000.0,0.105,1702000000.0,1070000000.0,1070000000.0,5.2,5.16,5.2,7549000000.0,7432500000.0,7549000000.0,22993156686.0,21.0,13.509,1562000000.0,6.666,1.0,6903000000.0,0.424,4065000000.0,0.0,21703000000.0,20937000000.0,1416000000.0,8281000000.0,2636000000.0,5645000000.0,15457000000.0,4359000000.0,11098000000.0,17322156686.0,-132000000.0,-1909000000.0,-790000000.0,547000000.0,0.0,-244000000.0,-1739000000.0,27000000.0,1825000000.0,26000000.0,1249000000.0,1249000000.0,1249000000.0,0.0,0.0,0.077,5614000000.0,1289000000.0,1153000000.0,0.0,2.295,13.869,14.215,2092000000.0,0.0,73.92,1.065,1.065,2730000000.0,4699000000.0,16267000000.0,16267000000.0,908000000.0,0.056,0.168,0.051,0.066,71000000.0,4040000000.0,1.0,234336535.0,234336535.0,,69.417,18941000000.0,1514000000.0,-179000000.0,0.0,80.828,4234000000.0
57,XRX,MRT,2007-03-31,2007-03-31,2007-03-31,2021-08-25,-1651000000.0,21391000000.0,21835250000.0,8576000000.0,12815000000.0,0.734,30.108,-247000000.0,1283000000.0,1283000000.0,9198000000.0,1243000000.0,1.898,1.996,6954000000.0,1518000000.0,5436000000.0,6954000000.0,0.0,633000000.0,0.0,0.0,0.0,1010000000.0,1643000000.0,0.102,1643000000.0,1010000000.0,1010000000.0,5.16,5.08,5.16,7140000000.0,7433000000.0,7140000000.0,21630398713.0,21.0,13.165,1410000000.0,5.946,1.0,6838000000.0,0.426,2304000000.0,0.0,20239000000.0,20904000000.0,1290000000.0,8284000000.0,2588000000.0,5696000000.0,14251000000.0,4519000000.0,9732000000.0,16021398713.0,-380000000.0,-367000000.0,-964000000.0,-911000000.0,0.0,-1880000000.0,-183000000.0,24000000.0,1657000000.0,26000000.0,1243000000.0,1243000000.0,1243000000.0,0.0,0.0,0.078,5602000000.0,1236000000.0,1177000000.0,0.0,2.244,12.889,13.093,2017000000.0,0.0,67.56,0.999,0.999,2500000000.0,4433000000.0,16036000000.0,16036000000.0,915000000.0,0.057,0.167,0.048,0.063,70000000.0,3979000000.0,1.0,237143261.0,237143261.0,,67.622,19087000000.0,1753000000.0,-233000000.0,0.0,80.487,4057000000.0
58,XRX,MRT,2006-12-31,2006-12-31,2006-12-31,2021-08-25,-1647000000.0,21709000000.0,22030750000.0,8754000000.0,12955000000.0,0.721,29.339,-212000000.0,1536000000.0,1536000000.0,9131000000.0,1210000000.0,1.863,2.066,7145000000.0,1485000000.0,5660000000.0,7145000000.0,0.0,636000000.0,0.0,0.0,0.0,922000000.0,1558000000.0,0.098,1558000000.0,922000000.0,922000000.0,5.0,4.88,5.0,7080000000.0,7472000000.0,7080000000.0,22308453811.0,24.0,14.319,1405000000.0,5.822,1.0,6764000000.0,0.426,2310000000.0,0.0,20310000000.0,21271250000.0,1163000000.0,8445000000.0,2649000000.0,5796000000.0,14629000000.0,4698000000.0,9931000000.0,16361453811.0,77000000.0,-229000000.0,-987000000.0,-315000000.0,0.0,-1428000000.0,-143000000.0,0.0,1617000000.0,31000000.0,1210000000.0,1210000000.0,1210000000.0,0.0,0.0,0.076,5651000000.0,1113000000.0,1133000000.0,0.0,2.311,13.522,13.56,2008000000.0,0.0,67.8,1.029,1.029,2472000000.0,4202000000.0,15895000000.0,15895000000.0,922000000.0,0.055,0.162,0.043,0.058,64000000.0,4008000000.0,1.0,241319378.0,241319378.0,,65.867,19399000000.0,1790000000.0,-288000000.0,0.0,80.387,4056000000.0
59,XRX,MRT,2006-09-30,2006-09-30,2006-09-30,2021-08-25,-871000000.0,22360000000.0,22091750000.0,9035000000.0,13325000000.0,0.714,35.248,-234000000.0,1456000000.0,1456000000.0,9043000000.0,1278000000.0,1.962,1.809,7403000000.0,1499000000.0,5904000000.0,7403000000.0,195000000.0,639000000.0,0.0,0.0,0.0,1014000000.0,1653000000.0,0.105,1653000000.0,1014000000.0,1014000000.0,5.2,5.12,5.2,7961000000.0,7504000000.0,7961000000.0,19995177763.0,20.0,12.096,1294000000.0,5.729,1.0,6723000000.0,0.426,2205000000.0,0.0,21496000000.0,21533500000.0,1397000000.0,8242000000.0,2578000000.0,5664000000.0,14399000000.0,4606000000.0,9793000000.0,14057177763.0,-9000000.0,-22000000.0,-1065000000.0,-124000000.0,0.0,-1346000000.0,-208000000.0,113000000.0,1528000000.0,17000000.0,1278000000.0,1321000000.0,1321000000.0,0.0,0.0,0.084,5509000000.0,1214000000.0,1126000000.0,0.0,1.766,10.641,11.969,2037000000.0,-43000000.0,62.24,0.892,0.892,2510000000.0,3988000000.0,15766000000.0,15766000000.0,919000000.0,0.06,0.176,0.047,0.064,56000000.0,4032000000.0,1.0,225854398.0,225854398.0,,69.806,20155000000.0,1529000000.0,-264000000.0,0.0,89.239,4429000000.0
60,XRX,MRT,2006-06-30,2006-06-30,2006-06-30,2021-08-25,-930000000.0,21881000000.0,22069250000.0,8726000000.0,13155000000.0,0.711,32.892,-237000000.0,1181000000.0,1181000000.0,8943000000.0,805000000.0,2.063,1.898,7119000000.0,1273000000.0,5846000000.0,7119000000.0,190000000.0,633000000.0,0.0,0.0,0.0,986000000.0,1619000000.0,0.103,1619000000.0,986000000.0,986000000.0,3.2,3.16,3.2,7551000000.0,7377750000.0,7551000000.0,18661323165.0,19.0,11.526,923000000.0,4.021,1.0,6738000000.0,0.43,2018000000.0,0.0,21571000000.0,21619500000.0,1332000000.0,8329000000.0,2610000000.0,5719000000.0,14330000000.0,4230000000.0,10100000000.0,12773323165.0,-930000000.0,150000000.0,-852000000.0,-1012000000.0,0.0,-2025000000.0,-83000000.0,-12000000.0,1160000000.0,18000000.0,805000000.0,834000000.0,834000000.0,0.0,0.0,0.053,5532000000.0,1206000000.0,1076000000.0,0.0,1.692,15.316,17.387,2039000000.0,-29000000.0,55.64,0.815,0.815,2505000000.0,3452000000.0,15681000000.0,15681000000.0,931000000.0,0.038,0.113,0.046,0.063,48000000.0,4058000000.0,1.0,229570869.0,229570869.0,,68.306,19863000000.0,1535000000.0,181000000.0,0.0,86.522,4496000000.0
61,XRX,MRT,2006-03-31,2006-03-31,2006-03-31,2021-08-25,-1138000000.0,22173000000.0,22275250000.0,9123000000.0,13050000000.0,0.701,31.336,-231000000.0,1794000000.0,1794000000.0,8928000000.0,968000000.0,2.08,2.039,7682000000.0,1309000000.0,6373000000.0,7682000000.0,195000000.0,637000000.0,0.0,0.0,0.0,894000000.0,1531000000.0,0.098,1531000000.0,894000000.0,894000000.0,3.84,3.72,3.84,7296000000.0,7343500000.0,7296000000.0,19867914295.0,22.0,12.977,999000000.0,4.291,1.0,6697000000.0,0.429,1967000000.0,0.0,21708000000.0,21829250000.0,1260000000.0,8276000000.0,2580000000.0,5696000000.0,14877000000.0,4386000000.0,10491000000.0,14155914295.0,-1700000000.0,138000000.0,-623000000.0,-1789000000.0,0.0,-2576000000.0,-332000000.0,-199000000.0,1230000000.0,-22000000.0,968000000.0,982000000.0,982000000.0,-53000000.0,0.0,0.063,5632000000.0,1065000000.0,1066000000.0,0.0,1.94,14.415,15.833,2034000000.0,-14000000.0,60.8,0.906,0.906,2359000000.0,3207000000.0,15625000000.0,15625000000.0,943000000.0,0.044,0.134,0.041,0.057,41000000.0,4084000000.0,1.0,232827538.0,232827538.0,,67.11,20206000000.0,1532000000.0,-74000000.0,0.0,86.785,4737000000.0
62,XRX,MRT,2005-12-31,2005-12-31,2005-12-31,2021-08-25,-1240000000.0,21953000000.0,22800250000.0,8736000000.0,13217000000.0,0.689,30.021,-232000000.0,1566000000.0,1566000000.0,8902000000.0,978000000.0,2.01,2.046,7278000000.0,1139000000.0,6139000000.0,7278000000.0,0.0,641000000.0,0.0,0.0,0.0,973000000.0,1614000000.0,0.103,1614000000.0,973000000.0,973000000.0,3.84,3.76,3.84,7208000000.0,7314250000.0,7208000000.0,19940895951.0,20.0,12.355,1188000000.0,4.948,1.0,6799000000.0,0.433,1960000000.0,0.0,21359000000.0,22053750000.0,1201000000.0,8335000000.0,2604000000.0,5731000000.0,14745000000.0,4346000000.0,10399000000.0,14069895951.0,-1896000000.0,104000000.0,-393000000.0,-2509000000.0,0.0,-2962000000.0,-295000000.0,-247000000.0,1420000000.0,-59000000.0,978000000.0,978000000.0,978000000.0,-53000000.0,0.0,0.062,5643000000.0,1156000000.0,1043000000.0,0.0,1.952,14.386,15.26,2058000000.0,0.0,58.6,0.896,0.896,2333000000.0,3021000000.0,15701000000.0,15701000000.0,943000000.0,0.043,0.134,0.044,0.062,40000000.0,4110000000.0,1.0,240100614.0,240100614.0,,65.393,19993000000.0,1547000000.0,-5000000.0,0.0,83.269,4390000000.0
63,XRX,MRT,2005-09-30,2005-09-30,2005-09-30,2021-08-25,-1135000000.0,22270000000.0,23533000000.0,9101000000.0,13169000000.0,0.67,31.084,-242000000.0,1580000000.0,1580000000.0,8956000000.0,936000000.0,2.115,1.987,7451000000.0,1253000000.0,6198000000.0,7451000000.0,192000000.0,660000000.0,0.0,0.0,0.0,968000000.0,1628000000.0,0.103,1628000000.0,968000000.0,968000000.0,3.76,3.52,3.76,7456000000.0,7295500000.0,7456000000.0,19337858347.0,20.0,11.878,1363000000.0,5.682,1.0,6821000000.0,0.432,1998000000.0,0.0,21840000000.0,22543500000.0,1430000000.0,8247000000.0,2590000000.0,5657000000.0,14814000000.0,4303000000.0,10511000000.0,13096858347.0,-2050000000.0,97000000.0,52000000.0,-3405000000.0,0.0,-3405000000.0,-294000000.0,-236000000.0,1605000000.0,44000000.0,936000000.0,952000000.0,952000000.0,-53000000.0,0.0,0.06,5675000000.0,1146000000.0,1131000000.0,0.0,1.757,13.757,14.521,2066000000.0,-16000000.0,54.6,0.83,0.83,2413000000.0,2754000000.0,15777000000.0,15777000000.0,939000000.0,0.04,0.13,0.043,0.061,51000000.0,4147000000.0,1.0,239869200.0,239869200.0,,65.773,20272000000.0,1518000000.0,32000000.0,0.0,84.513,4798000000.0
64,XRX,MRT,2005-06-30,2005-06-30,2005-06-30,2021-08-25,-1110000000.0,22705000000.0,24099000000.0,9472000000.0,13233000000.0,0.653,30.95,-223000000.0,1912000000.0,1912000000.0,8883000000.0,1036000000.0,2.102,2.062,8153000000.0,1529000000.0,6624000000.0,8153000000.0,191000000.0,671000000.0,0.0,0.0,0.0,1101000000.0,1772000000.0,0.113,1772000000.0,1101000000.0,1101000000.0,4.28,4.0,4.28,7414000000.0,6780500000.0,7414000000.0,19538380265.0,18.0,11.026,1655000000.0,6.909,1.0,6851000000.0,0.435,2030000000.0,0.0,22410000000.0,22787250000.0,1217000000.0,8561000000.0,2878000000.0,5683000000.0,15291000000.0,4506000000.0,10785000000.0,13213380265.0,-630000000.0,98000000.0,50000000.0,-2315000000.0,0.0,-2329000000.0,-242000000.0,-190000000.0,1878000000.0,63000000.0,1036000000.0,1052000000.0,1052000000.0,-53000000.0,0.0,0.067,5615000000.0,1236000000.0,1111000000.0,0.0,1.782,12.56,12.888,2055000000.0,-16000000.0,55.16,0.84,0.84,2384000000.0,2705000000.0,15734000000.0,15734000000.0,931000000.0,0.044,0.155,0.048,0.07,42000000.0,4172000000.0,1.0,239546415.0,239546415.0,,65.682,20675000000.0,1524000000.0,65000000.0,0.0,86.309,4966000000.0
65,XRX,MRT,2005-03-31,2005-03-31,2005-03-31,2021-08-25,-916000000.0,24273000000.0,24297000000.0,10668000000.0,13605000000.0,0.645,29.995,-218000000.0,3298000000.0,3298000000.0,8805000000.0,821000000.0,1.808,2.381,9623000000.0,2727000000.0,6896000000.0,9623000000.0,218000000.0,672000000.0,0.0,0.0,0.0,1210000000.0,1882000000.0,0.12,1882000000.0,1210000000.0,1210000000.0,3.48,3.24,3.48,7179000000.0,6197000000.0,7179000000.0,21410202420.0,18.0,11.376,1626000000.0,6.794,1.0,6861000000.0,0.438,2091000000.0,0.0,22606000000.0,22697500000.0,1229000000.0,8640000000.0,2699000000.0,5941000000.0,17094000000.0,5901000000.0,11193000000.0,14504202420.0,1000000000.0,217000000.0,58000000.0,-1122000000.0,0.0,-1143000000.0,220000000.0,0.0,1844000000.0,79000000.0,821000000.0,831000000.0,831000000.0,0.0,0.0,0.053,5467000000.0,1394000000.0,1075000000.0,0.0,2.02,17.454,17.414,2097000000.0,-10000000.0,60.6,0.926,0.926,2404000000.0,2297000000.0,15666000000.0,15666000000.0,876000000.0,0.034,0.134,0.053,0.077,32000000.0,4176000000.0,1.0,239343274.0,239343274.0,,65.454,22182000000.0,1450000000.0,389000000.0,0.0,92.679,4767000000.0
66,XRX,MRT,2004-12-31,2004-12-31,2004-12-31,2021-08-25,-738000000.0,24884000000.0,24237500000.0,10928000000.0,13956000000.0,0.649,33.96,-199000000.0,3218000000.0,3218000000.0,8840000000.0,859000000.0,1.735,2.489,10124000000.0,3074000000.0,7050000000.0,10124000000.0,243000000.0,688000000.0,0.0,0.0,0.0,1199000000.0,1887000000.0,0.12,1887000000.0,1199000000.0,1199000000.0,3.76,3.44,3.76,7133000000.0,5642000000.0,7133000000.0,21690389082.0,18.0,11.495,1551000000.0,7.384,1.0,6882000000.0,0.438,2172000000.0,0.0,23318000000.0,22857500000.0,1143000000.0,8965000000.0,2932000000.0,6033000000.0,17751000000.0,6300000000.0,11451000000.0,14291389082.0,741000000.0,179000000.0,73000000.0,-1267000000.0,0.0,-1293000000.0,203000000.0,0.0,1750000000.0,81000000.0,859000000.0,859000000.0,859000000.0,-83000000.0,0.0,0.055,5572000000.0,1310000000.0,1037000000.0,0.0,2.004,16.637,18.096,2157000000.0,0.0,68.04,0.909,0.909,2453000000.0,2101000000.0,15722000000.0,15722000000.0,914000000.0,0.035,0.152,0.052,0.076,22000000.0,4203000000.0,1.0,210043931.0,210043931.0,,74.851,22712000000.0,1521000000.0,340000000.0,0.0,108.13,4628000000.0
67,XRX,MRT,2004-09-30,2004-09-30,2004-09-30,2021-08-25,-1180000000.0,24534000000.0,24164250000.0,10990000000.0,13544000000.0,0.649,25.723,-205000000.0,3395000000.0,3395000000.0,8729000000.0,841000000.0,1.552,3.547,10794000000.0,4063000000.0,6731000000.0,10794000000.0,226000000.0,693000000.0,0.0,0.0,0.0,1184000000.0,1877000000.0,0.12,1877000000.0,1184000000.0,1184000000.0,3.8,3.52,3.8,5396000000.0,5028500000.0,5396000000.0,19542623420.0,17.0,10.412,1700000000.0,8.104,1.0,6959000000.0,0.444,2038000000.0,0.0,22815000000.0,22919000000.0,1349000000.0,8566000000.0,2740000000.0,5826000000.0,19138000000.0,7080000000.0,12058000000.0,11814623420.0,1125000000.0,193000000.0,62000000.0,-1209000000.0,0.0,-1256000000.0,397000000.0,0.0,1905000000.0,79000000.0,841000000.0,757000000.0,757000000.0,0.0,0.0,0.048,5644000000.0,1315000000.0,959000000.0,0.0,2.19,15.607,14.821,2103000000.0,84000000.0,56.32,0.753,0.753,2442000000.0,1875000000.0,15688000000.0,15688000000.0,908000000.0,0.031,0.151,0.052,0.075,0.0,4234000000.0,1.0,209776694.0,209776694.0,,74.784,22496000000.0,1505000000.0,343000000.0,0.0,107.238,3910000000.0
68,XRX,MRT,2004-06-30,2004-06-30,2004-06-30,2021-08-25,-1336000000.0,23497000000.0,24124250000.0,10258000000.0,13239000000.0,0.651,25.392,-217000000.0,2542000000.0,2542000000.0,8787000000.0,795000000.0,1.441,3.625,10270000000.0,4219000000.0,6051000000.0,10270000000.0,223000000.0,703000000.0,0.0,0.0,0.0,1114000000.0,1817000000.0,0.116,1817000000.0,1114000000.0,1114000000.0,3.56,3.28,3.56,5080000000.0,4963750000.0,5080000000.0,19921537478.0,18.0,10.964,1320000000.0,6.598,1.0,6917000000.0,0.44,2053000000.0,0.0,22051000000.0,23460500000.0,1225000000.0,8513000000.0,2850000000.0,5663000000.0,18417000000.0,7121000000.0,11296000000.0,11603537478.0,263000000.0,192000000.0,64000000.0,-1775000000.0,0.0,-1805000000.0,454000000.0,0.0,1537000000.0,77000000.0,795000000.0,700000000.0,700000000.0,0.0,0.0,0.045,5631000000.0,1286000000.0,901000000.0,0.0,2.284,16.576,16.292,2081000000.0,95000000.0,58.0,0.739,0.739,2491000000.0,1726000000.0,15704000000.0,15704000000.0,881000000.0,0.029,0.141,0.047,0.071,0.0,4226000000.0,1.0,200060991.0,200060991.0,,78.496,21444000000.0,1468000000.0,319000000.0,0.0,107.187,3137000000.0
69,XRX,MRT,2004-03-31,2004-03-31,2004-03-31,2021-08-25,-1248000000.0,24035000000.0,24387250000.0,10118000000.0,13917000000.0,0.647,24.866,-220000000.0,2298000000.0,2298000000.0,8777000000.0,673000000.0,1.44,3.847,10616000000.0,3852000000.0,6764000000.0,10616000000.0,227000000.0,724000000.0,0.0,0.0,0.0,941000000.0,1665000000.0,0.106,1665000000.0,941000000.0,941000000.0,3.04,2.8,3.04,4959000000.0,5109000000.0,4959000000.0,20311597139.0,22.0,12.199,1743000000.0,8.74,1.0,6994000000.0,0.443,2079000000.0,0.0,23246000000.0,24274500000.0,1199000000.0,8712000000.0,2873000000.0,5839000000.0,19076000000.0,7028000000.0,12048000000.0,11622597139.0,-737000000.0,99000000.0,503000000.0,-4349000000.0,0.0,-3032000000.0,219000000.0,0.0,1963000000.0,113000000.0,673000000.0,588000000.0,588000000.0,0.0,0.0,0.037,5863000000.0,1131000000.0,957000000.0,0.0,2.344,19.766,19.171,2123000000.0,85000000.0,58.28,0.737,0.737,2549000000.0,1539000000.0,15771000000.0,15771000000.0,919000000.0,0.024,0.115,0.039,0.06,0.0,4265000000.0,1.0,199426856.0,199426856.0,,79.082,21956000000.0,1495000000.0,268000000.0,0.0,110.096,3090000000.0
70,XRX,MRT,2003-12-31,2003-12-31,2003-12-31,2021-08-25,-1263000000.0,24591000000.0,24714750000.0,10335000000.0,14256000000.0,0.635,23.636,-240000000.0,2477000000.0,2477000000.0,8653000000.0,360000000.0,1.348,4.256,11166000000.0,4236000000.0,6930000000.0,11166000000.0,251000000.0,748000000.0,0.0,0.0,0.0,494000000.0,1242000000.0,0.079,1242000000.0,494000000.0,494000000.0,1.52,1.44,1.52,4679000000.0,4880750000.0,4679000000.0,20471628394.0,41.0,16.483,1639000000.0,8.279,1.0,7048000000.0,0.449,2047000000.0,0.0,23564000000.0,25149750000.0,1152000000.0,8996000000.0,2981000000.0,6015000000.0,19912000000.0,7669000000.0,12243000000.0,10927628394.0,-410000000.0,35000000.0,477000000.0,-3775000000.0,0.0,-2470000000.0,49000000.0,0.0,1879000000.0,132000000.0,360000000.0,289000000.0,289000000.0,0.0,0.0,0.018,6263000000.0,785000000.0,1010000000.0,0.0,2.335,37.812,36.316,2191000000.0,71000000.0,55.2,0.696,0.696,2620000000.0,1315000000.0,15701000000.0,15701000000.0,962000000.0,0.012,0.059,0.02,0.031,0.0,4249000000.0,1.0,197964282.0,197964282.0,,79.312,22544000000.0,1526000000.0,134000000.0,0.0,113.879,2666000000.0
71,XRX,MRT,2003-09-30,2003-09-30,2003-09-30,2021-08-25,-1665000000.0,24374000000.0,24954500000.0,10306000000.0,14068000000.0,0.627,25.984,-211000000.0,2270000000.0,2270000000.0,8645000000.0,157000000.0,1.477,3.745,11814000000.0,4150000000.0,7664000000.0,11814000000.0,227000000.0,829000000.0,0.0,0.0,0.0,54000000.0,883000000.0,0.056,883000000.0,54000000.0,54000000.0,0.52,0.44,0.52,5137000000.0,4311250000.0,5137000000.0,17632625914.0,327.0,19.969,1296000000.0,6.555,1.0,7010000000.0,0.448,1958000000.0,0.0,24981000000.0,26039500000.0,1279000000.0,8651000000.0,2952000000.0,5699000000.0,19237000000.0,6979000000.0,12258000000.0,8113625914.0,-11000000.0,29000000.0,468000000.0,-2806000000.0,0.0,-1552000000.0,-54000000.0,0.0,1507000000.0,88000000.0,157000000.0,101000000.0,101000000.0,0.0,0.0,0.006,6713000000.0,297000000.0,798000000.0,0.0,1.579,80.333,78.923,2117000000.0,56000000.0,41.04,0.518,0.518,2522000000.0,1118000000.0,15655000000.0,15655000000.0,886000000.0,0.004,0.023,0.002,0.003,0.0,4272000000.0,1.0,197700436.0,197700436.0,,79.185,22416000000.0,1557000000.0,-103000000.0,0.0,113.384,3327000000.0
72,XRX,MRT,2003-06-30,2003-06-30,2003-06-30,2021-08-25,-1748000000.0,24549000000.0,24951000000.0,10441000000.0,14108000000.0,0.63,30.535,-195000000.0,2279000000.0,2279000000.0,8627000000.0,139000000.0,1.533,3.337,11798000000.0,3870000000.0,7928000000.0,11798000000.0,243000000.0,864000000.0,0.0,0.0,0.0,75000000.0,939000000.0,0.06,939000000.0,75000000.0,75000000.0,0.24,0.16,0.24,5661000000.0,3504750000.0,5661000000.0,19133277566.0,255.0,20.376,1859000000.0,10.027,1.0,7089000000.0,0.451,1951000000.0,0.0,25307000000.0,26804750000.0,1232000000.0,8806000000.0,2993000000.0,5813000000.0,18888000000.0,6810000000.0,12078000000.0,7853277566.0,388000000.0,96000000.0,460000000.0,-2966000000.0,0.0,-1710000000.0,-50000000.0,0.0,2054000000.0,94000000.0,139000000.0,45000000.0,45000000.0,0.0,0.0,0.003,6728000000.0,361000000.0,767000000.0,0.0,1.387,174.517,176.5,2162000000.0,94000000.0,42.36,0.5,0.5,2640000000.0,1025000000.0,15716000000.0,15716000000.0,908000000.0,0.002,0.013,0.003,0.005,0.0,4267000000.0,1.0,185393710.0,185393710.0,,84.771,22598000000.0,1610000000.0,-64000000.0,0.0,121.892,3631000000.0
73,XRX,MRT,2003-03-31,2003-03-31,2003-03-31,2021-08-25,-1936000000.0,25345000000.0,25040750000.0,11080000000.0,14265000000.0,0.629,21.861,-187000000.0,3035000000.0,3035000000.0,8633000000.0,140000000.0,1.388,5.264,14315000000.0,5122000000.0,9193000000.0,14315000000.0,246000000.0,915000000.0,0.0,0.0,0.0,100000000.0,1015000000.0,0.064,1015000000.0,100000000.0,100000000.0,0.32,0.24,0.32,4046000000.0,2567250000.0,4046000000.0,17724786306.0,177.0,17.463,1809000000.0,9.774,1.0,7115000000.0,0.452,1893000000.0,0.0,26747000000.0,27709750000.0,1225000000.0,8851000000.0,2930000000.0,5921000000.0,21299000000.0,7985000000.0,13314000000.0,6440786305.0,-1712000000.0,298000000.0,5000000.0,-3832000000.0,0.0,-3908000000.0,66000000.0,0.0,1996000000.0,134000000.0,140000000.0,57000000.0,57000000.0,0.0,0.0,0.004,6695000000.0,420000000.0,704000000.0,0.0,1.592,112.996,108.75,2155000000.0,83000000.0,34.8,0.409,0.409,2668000000.0,950000000.0,15748000000.0,15748000000.0,923000000.0,0.002,0.022,0.004,0.006,0.0,4288000000.0,1.0,185080066.0,185080066.0,,85.087,23452000000.0,1624000000.0,-40000000.0,0.0,126.713,3095000000.0
74,XRX,MRT,2002-12-31,2002-12-31,2002-12-31,2021-08-25,-1871000000.0,25550000000.0,25616250000.0,11029000000.0,14521000000.0,0.619,13.061,-177000000.0,2887000000.0,2887000000.0,8727000000.0,91000000.0,1.416,9.641,14171000000.0,4377000000.0,9794000000.0,14171000000.0,257000000.0,1035000000.0,0.0,0.0,0.0,95000000.0,1130000000.0,0.071,1130000000.0,95000000.0,95000000.0,0.08,0.08,0.08,2401000000.0,2517250000.0,2401000000.0,17622153875.0,185.0,15.595,1803000000.0,9.808,1.0,7122000000.0,0.449,1924000000.0,0.0,27123000000.0,27267000000.0,1231000000.0,9136000000.0,3088000000.0,6048000000.0,23149000000.0,7787000000.0,15362000000.0,5919153875.0,-1103000000.0,340000000.0,4000000.0,-3226000000.0,0.0,-3292000000.0,93000000.0,0.0,1980000000.0,116000000.0,91000000.0,18000000.0,18000000.0,0.0,0.0,0.001,6617000000.0,505000000.0,839000000.0,0.0,2.465,328.842,402.5,2207000000.0,73000000.0,32.2,0.373,0.373,2636000000.0,1025000000.0,15849000000.0,15849000000.0,917000000.0,0.001,0.007,0.003,0.006,0.0,4437000000.0,1.0,183824654.0,183824654.0,,86.218,23626000000.0,1592000000.0,4000000.0,0.0,128.525,3242000000.0
75,XRX,MRT,2002-09-30,2002-09-30,2002-09-30,2021-08-25,0.0,24360000000.0,26140000000.0,10382000000.0,13978000000.0,0.612,10.469,-236000000.0,2281000000.0,2281000000.0,8922000000.0,-68000000.0,1.6,10.601,13977000000.0,3507000000.0,10470000000.0,13977000000.0,0.0,1107000000.0,0.0,0.0,0.0,255000000.0,1362000000.0,0.085,1362000000.0,255000000.0,255000000.0,-0.76,-0.84,-0.76,1911000000.0,2923750000.0,1911000000.0,15981193842.0,63.0,11.734,1932000000.0,10.584,1.0,7063000000.0,0.442,1524000000.0,0.0,28042000000.0,27613750000.0,1207000000.0,8336000000.0,3160000000.0,5176000000.0,20259000000.0,6490000000.0,13769000000.0,3614193842.0,-144000000.0,473000000.0,32000000.0,-2951000000.0,-93000000.0,-1945000000.0,-413000000.0,0.0,2168000000.0,46000000.0,-68000000.0,-131000000.0,-131000000.0,0.0,0.0,-0.008,6380000000.0,683000000.0,716000000.0,0.0,1.891,-27.589,-26.053,2279000000.0,63000000.0,19.8,0.226,0.226,2366000000.0,,15985000000.0,15985000000.0,931000000.0,-0.005,-0.045,0.009,0.016,0.0,4486000000.0,1.0,182535042.0,182535042.0,,87.572,22836000000.0,1368000000.0,323000000.0,0.0,125.105,3892000000.0
76,XRX,MRT,2002-06-30,2002-06-30,2002-06-30,2021-08-25,0.0,24908000000.0,26807750000.0,10086000000.0,14822000000.0,0.606,10.514,-234000000.0,1891000000.0,1891000000.0,9252000000.0,-236000000.0,1.475,10.878,14246000000.0,3892000000.0,10354000000.0,14246000000.0,0.0,1211000000.0,0.0,0.0,0.0,-35000000.0,1176000000.0,0.072,1176000000.0,-35000000.0,-35000000.0,-1.36,-1.4,-1.36,1911000000.0,3214500000.0,1911000000.0,17842528944.0,-510.0,15.172,1554000000.0,8.55,1.0,6992000000.0,0.43,1496000000.0,0.0,28927000000.0,27928250000.0,1245000000.0,9193000000.0,3593000000.0,5600000000.0,20787000000.0,6840000000.0,13947000000.0,5067528944.0,-285000000.0,406000000.0,32000000.0,-2628000000.0,-93000000.0,-1620000000.0,-534000000.0,0.0,1788000000.0,81000000.0,-236000000.0,-236000000.0,-236000000.0,0.0,0.0,-0.015,6590000000.0,402000000.0,0.0,0.0,2.652,-21.473,-20.5,2503000000.0,0.0,27.88,0.312,0.312,1935000000.0,,16244000000.0,16244000000.0,959000000.0,-0.009,-0.073,-0.001,-0.002,0.0,4638000000.0,1.0,181762157.0,181762157.0,,89.37,23412000000.0,1422000000.0,201000000.0,0.0,128.806,3246000000.0
77,XRX,MRT,2002-03-31,2002-03-31,2002-03-31,2021-08-25,-1906000000.0,27647000000.0,27405250000.0,13077000000.0,14570000000.0,0.605,21.367,-260000000.0,4747000000.0,4747000000.0,9565000000.0,-430000000.0,1.373,6.189,17399000000.0,6704000000.0,10695000000.0,17399000000.0,272000000.0,1290000000.0,0.0,0.0,0.0,-417000000.0,873000000.0,0.053,873000000.0,-417000000.0,-417000000.0,-2.44,-2.44,-2.44,3846000000.0,3563500000.0,3846000000.0,21388871226.0,-51.0,24.5,1548000000.0,8.6,1.0,7010000000.0,0.423,5802000000.0,0.0,24976000000.0,28241000000.0,1283000000.0,10004000000.0,3827000000.0,6177000000.0,23801000000.0,9521000000.0,14280000000.0,7739871226.0,1970000000.0,530000000.0,2000000.0,-184000000.0,-46000000.0,774000000.0,-617000000.0,0.0,1808000000.0,5000000.0,-430000000.0,-430000000.0,-430000000.0,0.0,0.0,-0.026,6997000000.0,13000000.0,761000000.0,0.0,2.012,-18.0,-17.623,2591000000.0,0.0,43.0,0.467,0.467,1882000000.0,894000000.0,16575000000.0,16575000000.0,976000000.0,-0.016,-0.121,-0.015,-0.025,0.0,4748000000.0,1.0,179997005.0,179997005.0,,92.085,21845000000.0,1338000000.0,13000000.0,2342000000.0,121.363,3556000000.0
78,XRX,MRT,2001-12-31,2001-12-31,2001-12-31,2021-08-25,-1833000000.0,27645000000.0,27792750000.0,12600000000.0,15045000000.0,0.612,22.373,-274000000.0,3990000000.0,3990000000.0,10050000000.0,-94000000.0,1.262,5.865,16744000000.0,6637000000.0,10107000000.0,16744000000.0,244000000.0,1332000000.0,0.0,0.005,0.2,379000000.0,1711000000.0,0.101,1711000000.0,379000000.0,379000000.0,-0.6,-0.6,-0.6,4027000000.0,3478250000.0,4027000000.0,21151275179.0,56.0,12.362,1480000000.0,8.222,1.0,6958000000.0,0.409,1902000000.0,0.0,28510000000.0,30160500000.0,1364000000.0,9726000000.0,3338000000.0,6388000000.0,23618000000.0,9987000000.0,13631000000.0,7502275179.0,2240000000.0,1768000000.0,28000000.0,-1098000000.0,-93000000.0,-189000000.0,685000000.0,0.0,1754000000.0,-10000000.0,-94000000.0,-106000000.0,-106000000.0,0.0,0.0,-0.006,6950000000.0,8000000.0,704000000.0,-0.333,1.863,-70.776,-69.467,2803000000.0,12000000.0,41.68,0.441,0.441,2480000000.0,1008000000.0,17008000000.0,17008000000.0,997000000.0,-0.004,-0.03,0.013,0.022,0.0,4728000000.0,1.0,179997005.0,179997005.0,,94.49,25743000000.0,1342000000.0,473000000.0,0.0,143.019,2613000000.0
79,XRX,MRT,2001-09-30,2001-09-30,2001-09-30,2021-08-25,0.0,27031000000.0,27944750000.0,12772000000.0,14259000000.0,0.628,17.149,-534000000.0,2427000000.0,2427000000.0,10362000000.0,10000000.0,2.003,7.793,16076000000.0,2696000000.0,13380000000.0,16076000000.0,269000000.0,1447000000.0,0.0,0.013,0.4,292000000.0,1739000000.0,0.099,1739000000.0,292000000.0,292000000.0,-0.12,-0.24,-0.12,3074000000.0,3229000000.0,3074000000.0,19645667788.0,67.0,11.297,1803000000.0,10.059,1.0,7195000000.0,0.41,5003000000.0,0.0,29300000000.0,31354000000.0,1541000000.0,11985000000.0,4828000000.0,7157000000.0,23957000000.0,6377000000.0,17580000000.0,5556667788.0,2265000000.0,2185000000.0,-22000000.0,-1087000000.0,-146000000.0,-1444000000.0,1352000000.0,0.0,2337000000.0,20000000.0,10000000.0,-48000000.0,-48000000.0,0.0,0.0,-0.003,7289000000.0,-94000000.0,710000000.0,-3.333,1.808,-115.764,-258.333,2672000000.0,58000000.0,31.0,0.316,0.316,1994000000.0,,17557000000.0,17557000000.0,1055000000.0,-0.002,-0.015,0.009,0.017,0.0,4988000000.0,1.0,179247348.0,179247348.0,,97.948,22028000000.0,1409000000.0,282000000.0,1822000000.0,122.892,6395000000.0
80,XRX,MRT,2001-06-30,2001-06-30,2001-06-30,2021-08-25,0.0,27298000000.0,28507750000.0,12428000000.0,14870000000.0,0.632,19.016,-555000000.0,2177000000.0,2177000000.0,10866000000.0,-112000000.0,1.982,7.255,16266000000.0,2754000000.0,13512000000.0,16266000000.0,259000000.0,1471000000.0,0.0,0.031,1.2,171000000.0,1642000000.0,0.091,1642000000.0,171000000.0,171000000.0,-0.92,-1.04,-0.92,3307000000.0,3473250000.0,3307000000.0,23013259306.0,135.0,14.015,1863000000.0,10.712,1.0,7142000000.0,0.397,4939000000.0,0.0,30178000000.0,32690250000.0,1566000000.0,12608000000.0,4837000000.0,7771000000.0,23991000000.0,6270000000.0,17721000000.0,6657259306.0,2050000000.0,2225000000.0,-18000000.0,-1261000000.0,-293000000.0,-1739000000.0,1411000000.0,0.0,2418000000.0,-40000000.0,-112000000.0,-170000000.0,-170000000.0,0.0,0.0,-0.009,7358000000.0,-216000000.0,824000000.0,-1.304,2.013,-39.16,-41.609,2781000000.0,58000000.0,38.28,0.37,0.37,2006000000.0,,18008000000.0,18008000000.0,1067000000.0,-0.006,-0.049,0.005,0.009,0.0,5241000000.0,1.0,173909595.0,173909595.0,,103.548,22359000000.0,1221000000.0,283000000.0,1839000000.0,128.567,6158000000.0
81,XRX,MRT,2001-03-31,2001-03-31,2001-03-31,2021-08-25,0.0,29197000000.0,29261750000.0,13806000000.0,15391000000.0,0.632,21.006,-546000000.0,2778000000.0,2778000000.0,11230000000.0,197000000.0,2.07,7.33,17583000000.0,2966000000.0,14617000000.0,17583000000.0,273000000.0,1380000000.0,0.0,0.083,2.0,683000000.0,2063000000.0,0.111,2063000000.0,683000000.0,683000000.0,0.84,0.64,0.84,3505000000.0,3754500000.0,3505000000.0,20990982767.0,31.0,10.175,870000000.0,5.214,1.0,7273000000.0,0.393,4677000000.0,0.0,32654000000.0,34498000000.0,1772000000.0,13339000000.0,5004000000.0,8335000000.0,25692000000.0,6671000000.0,19021000000.0,3997982767.0,2710000000.0,1923000000.0,17000000.0,535000000.0,-487000000.0,-37000000.0,1357000000.0,0.0,1416000000.0,-26000000.0,197000000.0,139000000.0,139000000.0,0.0,0.0,0.008,7061000000.0,212000000.0,839000000.0,2.381,1.141,28.762,28.524,3022000000.0,58000000.0,23.96,0.216,0.216,2070000000.0,,18503000000.0,18503000000.0,1064000000.0,0.005,0.037,0.02,0.037,0.0,5398000000.0,1.0,166860716.0,166860716.0,,110.889,24520000000.0,1539000000.0,486000000.0,2027000000.0,146.949,7135000000.0
82,XRX,MRT,2000-12-31,2000-12-31,2000-12-31,2021-08-25,-1580000000.0,28253000000.0,29587000000.0,11472000000.0,16781000000.0,0.634,18.159,-619000000.0,1750000000.0,1750000000.0,11233000000.0,-273000000.0,1.753,8.324,18637000000.0,3080000000.0,15557000000.0,18637000000.0,233000000.0,1244000000.0,0.0,0.141,2.6,-343000000.0,901000000.0,0.048,901000000.0,-343000000.0,-343000000.0,-1.92,-1.92,-1.92,3030000000.0,4026000000.0,3030000000.0,20079923255.0,-59.0,22.286,-412000000.0,-2.469,1.0,7518000000.0,0.401,5312000000.0,0.0,33284000000.0,35185000000.0,1983000000.0,12068000000.0,4392000000.0,7676000000.0,25223000000.0,6544000000.0,18679000000.0,3086923255.0,1618000000.0,-216000000.0,0.0,2917000000.0,-587000000.0,2255000000.0,-855000000.0,0.0,207000000.0,11000000.0,-273000000.0,-319000000.0,-319000000.0,0.0,0.0,-0.017,7608000000.0,-90000000.0,1050000000.0,-1.354,1.019,-9.677,-9.635,3793000000.0,46000000.0,18.5,0.165,0.165,2269000000.0,1150000000.0,18751000000.0,18751000000.0,1064000000.0,-0.011,-0.079,-0.01,-0.018,0.0,5518000000.0,1.0,166860716.0,166860716.0,,112.375,22941000000.0,1078000000.0,-70000000.0,1925000000.0,137.486,4928000000.0
83,XRX,MRT,2000-09-30,2000-09-30,2000-09-30,2021-08-25,0.0,29283000000.0,29656500000.0,12145000000.0,17138000000.0,0.642,24.303,-616000000.0,154000000.0,154000000.0,11369000000.0,-523000000.0,1.615,6.229,17147000000.0,4015000000.0,13132000000.0,17147000000.0,232000000.0,1225000000.0,0.0,0.053,3.2,-668000000.0,557000000.0,0.029,557000000.0,-668000000.0,-668000000.0,-3.44,-3.2,-3.44,4051000000.0,4430500000.0,4051000000.0,27388300970.0,-41.0,49.171,-1519000000.0,-9.113,1.0,7658000000.0,0.402,4109000000.0,0.0,34645000000.0,34586250000.0,3108000000.0,15439000000.0,4909000000.0,10530000000.0,25232000000.0,7522000000.0,17710000000.0,10001300970.0,54000000.0,-701000000.0,25000000.0,2847000000.0,-588000000.0,2302000000.0,-1321000000.0,0.0,-903000000.0,-1000000.0,-523000000.0,-523000000.0,-523000000.0,0.0,0.0,-0.027,7846000000.0,-188000000.0,997000000.0,-0.93,2.469,-19.123,-17.442,2499000000.0,0.0,60.0,0.526,0.526,2422000000.0,,19027000000.0,19027000000.0,1058000000.0,-0.018,-0.118,-0.019,-0.035,0.0,5648000000.0,1.0,166688350.0,166688350.0,,114.147,25174000000.0,1552000000.0,-145000000.0,2223000000.0,151.024,4623000000.0
84,XRX,MRT,2000-06-30,2000-06-30,2000-06-30,2021-08-25,0.0,30314000000.0,29573750000.0,12901000000.0,17413000000.0,0.648,26.608,-637000000.0,120000000.0,120000000.0,11066000000.0,7000000.0,1.601,5.84,17507000000.0,4211000000.0,13296000000.0,17507000000.0,337000000.0,1086000000.0,0.0,0.039,3.2,63000000.0,1149000000.0,0.06,1149000000.0,63000000.0,63000000.0,-0.24,-0.12,-0.24,4432000000.0,4595500000.0,4432000000.0,30825022322.0,489.0,26.828,-1493000000.0,-8.963,1.0,8085000000.0,0.422,2233000000.0,0.0,37409000000.0,34685750000.0,3289000000.0,15755000000.0,5054000000.0,10701000000.0,25882000000.0,8059000000.0,17823000000.0,13825022322.0,23000000.0,-848000000.0,29000000.0,2943000000.0,-587000000.0,2375000000.0,-1487000000.0,0.0,-856000000.0,-3000000.0,7000000.0,7000000.0,7000000.0,0.0,0.0,0.0,7587000000.0,498000000.0,895000000.0,-13.333,3.119,1975.003,-345.833,2503000000.0,0.0,83.0,0.722,0.722,2951000000.0,,19151000000.0,19151000000.0,1019000000.0,0.0,0.002,0.002,0.003,0.0,5428000000.0,1.0,166566534.0,166566534.0,,114.975,28081000000.0,1487000000.0,56000000.0,2130000000.0,168.587,4842000000.0
85,XRX,MRT,2000-03-31,2000-03-31,2000-03-31,2021-08-25,0.0,30498000000.0,29153000000.0,12958000000.0,17540000000.0,0.66,27.579,-758000000.0,61000000.0,61000000.0,10876000000.0,253000000.0,1.328,5.643,17061000000.0,5864000000.0,11197000000.0,17061000000.0,233000000.0,1092000000.0,0.0,0.031,3.2,426000000.0,1518000000.0,0.079,1518000000.0,426000000.0,426000000.0,1.24,1.28,1.24,4591000000.0,4632250000.0,4591000000.0,32137609496.0,75.0,21.171,-470000000.0,-2.823,1.0,8359000000.0,0.435,2335000000.0,0.0,35402000000.0,34095000000.0,3293000000.0,15964000000.0,5186000000.0,10778000000.0,25907000000.0,9761000000.0,16146000000.0,17312609496.0,-39000000.0,-898000000.0,60000000.0,1857000000.0,-587000000.0,1317000000.0,-1642000000.0,0.0,288000000.0,-6000000.0,253000000.0,253000000.0,253000000.0,0.0,0.0,0.013,7466000000.0,893000000.0,912000000.0,2.581,3.771,68.429,83.871,2545000000.0,0.0,104.0,0.9,0.9,2994000000.0,,19235000000.0,19235000000.0,1021000000.0,0.009,0.055,0.012,0.022,0.0,5303000000.0,1.0,166467399.0,166467399.0,,115.548,28163000000.0,1424000000.0,173000000.0,2372000000.0,169.18,3197000000.0
86,XRX,MRT,1999-12-31,1999-12-31,1999-12-31,2021-08-25,0.0,28531000000.0,28847500000.0,11935000000.0,16596000000.0,0.658,27.989,-736000000.0,126000000.0,126000000.0,10529000000.0,844000000.0,1.483,5.138,15001000000.0,3957000000.0,11044000000.0,15001000000.0,186000000.0,1090000000.0,0.0,0.035,3.2,1290000000.0,2380000000.0,0.125,2380000000.0,1290000000.0,1290000000.0,4.8,4.68,4.8,4648000000.0,4566750000.0,4648000000.0,30604094365.0,24.0,12.859,-185000000.0,-1.114,1.0,8466000000.0,0.446,4467000000.0,0.0,30889000000.0,34179750000.0,2290000000.0,14634000000.0,4961000000.0,9673000000.0,23883000000.0,8050000000.0,15833000000.0,15072094365.0,53000000.0,-42000000.0,128000000.0,793000000.0,-586000000.0,300000000.0,-789000000.0,0.0,551000000.0,-9000000.0,844000000.0,844000000.0,844000000.0,0.0,0.0,0.044,6743000000.0,1723000000.0,1016000000.0,0.667,3.243,17.858,18.908,3151000000.0,0.0,90.76,0.793,0.793,2633000000.0,,18995000000.0,18995000000.0,1020000000.0,0.029,0.185,0.038,0.068,0.0,5204000000.0,1.0,166065385.0,166065385.0,,114.383,24064000000.0,1230000000.0,446000000.0,2521000000.0,144.907,3885000000.0
87,XRX,MRT,1999-09-30,1999-09-30,1999-09-30,2021-08-25,0.0,28952000000.0,29220750000.0,12576000000.0,16376000000.0,0.675,28.419,-586000000.0,106000000.0,106000000.0,10815000000.0,1622000000.0,1.635,5.146,15638000000.0,4022000000.0,11616000000.0,15638000000.0,199000000.0,797000000.0,0.0,0.019,3.12,2339000000.0,3136000000.0,0.159,3136000000.0,2339000000.0,2339000000.0,9.56,9.2,9.56,4711000000.0,4619000000.0,4711000000.0,43130152571.0,18.0,13.753,287000000.0,1.731,1.0,8914000000.0,0.452,1751000000.0,0.0,35043000000.0,35127000000.0,3048000000.0,15760000000.0,5074000000.0,10686000000.0,24241000000.0,7690000000.0,16551000000.0,27809152571.0,0.0,-107000000.0,127000000.0,503000000.0,-572000000.0,24000000.0,-718000000.0,0.0,873000000.0,-44000000.0,1622000000.0,1622000000.0,1622000000.0,0.0,0.0,0.082,6209000000.0,2705000000.0,808000000.0,0.326,5.903,17.145,17.548,2440000000.0,0.0,167.76,1.41,1.41,3081000000.0,,19729000000.0,19729000000.0,1002000000.0,0.056,0.351,0.067,0.119,0.0,5207000000.0,1.0,165767481.0,165767481.0,,119.016,27201000000.0,1267000000.0,717000000.0,2229000000.0,164.091,4886000000.0
88,XRX,MRT,1999-06-30,1999-06-30,1999-06-30,2021-08-25,0.0,28631000000.0,29399000000.0,12482000000.0,16149000000.0,0.67,27.697,-632000000.0,103000000.0,103000000.0,10520000000.0,1664000000.0,1.729,5.253,15424000000.0,3857000000.0,11567000000.0,15424000000.0,205000000.0,791000000.0,0.0,0.013,3.04,2397000000.0,3188000000.0,0.162,3188000000.0,2397000000.0,2397000000.0,9.8,9.44,9.8,4579000000.0,4498750000.0,4579000000.0,54915900327.0,23.0,17.226,-533000000.0,-3.224,1.0,9189000000.0,0.466,1688000000.0,0.0,35046000000.0,34826250000.0,3091000000.0,15857000000.0,4945000000.0,10912000000.0,24052000000.0,7218000000.0,16834000000.0,39056900327.0,-39000000.0,0.0,36000000.0,1142000000.0,-559000000.0,591000000.0,-657000000.0,0.0,99000000.0,-50000000.0,1664000000.0,1664000000.0,1664000000.0,0.0,0.0,0.084,6321000000.0,2868000000.0,759000000.0,0.31,8.53,23.472,24.106,2367000000.0,0.0,236.24,1.982,1.982,2897000000.0,,19709000000.0,19709000000.0,1045000000.0,0.057,0.37,0.069,0.122,0.0,5276000000.0,1.0,165327211.0,165327211.0,,119.212,26943000000.0,1446000000.0,733000000.0,2395000000.0,162.968,5264000000.0
89,XRX,MRT,1999-03-31,1999-03-31,1999-03-31,2021-08-25,0.0,29276000000.0,29475500000.0,12371000000.0,16905000000.0,0.665,26.263,-510000000.0,106000000.0,106000000.0,10301000000.0,504000000.0,1.613,5.763,15965000000.0,4159000000.0,11806000000.0,15965000000.0,229000000.0,750000000.0,0.0,0.014,2.96,656000000.0,1406000000.0,0.072,1406000000.0,656000000.0,656000000.0,2.76,2.56,2.76,4329000000.0,4346500000.0,4329000000.0,49262783289.0,75.0,35.038,-1524000000.0,-9.246,1.0,9288000000.0,0.474,1724000000.0,0.0,35741000000.0,34335750000.0,3309000000.0,16489000000.0,4876000000.0,11613000000.0,24947000000.0,7670000000.0,17277000000.0,34370783289.0,87000000.0,-380000000.0,8000000.0,2649000000.0,-544000000.0,2089000000.0,-911000000.0,0.0,-1014000000.0,-38000000.0,504000000.0,504000000.0,504000000.0,0.0,0.0,0.026,8014000000.0,1274000000.0,789000000.0,1.072,7.94,68.196,75.551,2335000000.0,0.0,208.52,1.755,1.755,2758000000.0,,19589000000.0,19589000000.0,1051000000.0,0.017,0.116,0.019,0.033,0.0,5319000000.0,1.0,164832070.0,164832070.0,,118.842,27552000000.0,1322000000.0,152000000.0,2513000000.0,167.152,4701000000.0
90,XRX,MRT,1998-12-31,1998-12-31,1998-12-31,2021-08-25,0.0,30024000000.0,29044250000.0,12475000000.0,17549000000.0,0.675,29.623,-492000000.0,79000000.0,79000000.0,10203000000.0,273000000.0,1.466,5.182,14971000000.0,4104000000.0,10867000000.0,14971000000.0,210000000.0,727000000.0,0.0,0.012,2.88,418000000.0,1145000000.0,0.058,1145000000.0,418000000.0,418000000.0,1.36,1.36,1.36,4857000000.0,4498500000.0,4857000000.0,53572424300.0,128.0,46.788,-1448000000.0,-8.831,1.0,9390000000.0,0.479,1731000000.0,0.0,34678000000.0,33517000000.0,3269000000.0,17439000000.0,5220000000.0,12219000000.0,25167000000.0,8507000000.0,16660000000.0,38694424300.0,4000000.0,-380000000.0,-46000000.0,2437000000.0,-531000000.0,1856000000.0,-867000000.0,0.0,-956000000.0,-29000000.0,273000000.0,273000000.0,273000000.0,190000000.0,0.0,0.014,8022000000.0,1368000000.0,948000000.0,2.118,7.967,141.738,173.529,2366000000.0,0.0,236.0,1.975,1.975,2671000000.0,,19593000000.0,19593000000.0,1035000000.0,0.009,0.061,0.012,0.021,0.0,5343000000.0,1.0,163959425.0,163959425.0,,119.499,28293000000.0,1236000000.0,145000000.0,2711000000.0,172.561,3968000000.0
91,XRX,MRT,1998-09-30,1998-09-30,1998-09-30,2021-08-25,0.0,29665000000.0,28471250000.0,12221000000.0,17444000000.0,0.669,25.746,-468000000.0,106000000.0,106000000.0,9726000000.0,305000000.0,1.37,6.013,14984000000.0,4102000000.0,10882000000.0,14984000000.0,217000000.0,811000000.0,0.0,0.017,2.8,490000000.0,1301000000.0,0.068,1301000000.0,490000000.0,490000000.0,1.6,1.28,1.6,4230000000.0,4530500000.0,4230000000.0,42104667533.0,86.0,32.363,-1555000000.0,-9.464,1.0,9333000000.0,0.49,1782000000.0,0.0,33840000000.0,32616500000.0,3506000000.0,16492000000.0,4926000000.0,11566000000.0,25435000000.0,8921000000.0,16514000000.0,27848667533.0,44000000.0,-380000000.0,-38000000.0,2255000000.0,-517000000.0,1694000000.0,329000000.0,0.0,-1087000000.0,-5000000.0,305000000.0,305000000.0,305000000.0,190000000.0,0.0,0.016,7908000000.0,1425000000.0,662000000.0,1.75,6.584,91.307,105.938,2274000000.0,0.0,169.5,1.461,1.461,2553000000.0,,19059000000.0,19059000000.0,1028000000.0,0.011,0.067,0.015,0.026,0.0,5236000000.0,1.0,164298924.0,164298924.0,,116.002,27883000000.0,1130000000.0,185000000.0,2363000000.0,169.709,3300000000.0
92,XRX,MRT,1998-06-30,1998-06-30,1998-06-30,2021-08-25,0.0,28937000000.0,,11582000000.0,17355000000.0,,24.188,-454000000.0,142000000.0,142000000.0,9608000000.0,244000000.0,1.387,6.289,14398000000.0,3771000000.0,10627000000.0,14398000000.0,212000000.0,798000000.0,0.0,0.013,2.72,409000000.0,1207000000.0,0.064,1207000000.0,409000000.0,409000000.0,1.24,0.94,1.24,3970000000.0,,3970000000.0,46720653286.0,114.0,38.708,-899000000.0,-5.477,1.0,9214000000.0,0.49,1756000000.0,0.0,33084000000.0,,3168000000.0,16354000000.0,4689000000.0,11665000000.0,24967000000.0,8353000000.0,16614000000.0,33351653286.0,24000000.0,-380000000.0,67000000.0,1292000000.0,-503000000.0,848000000.0,367000000.0,0.0,-445000000.0,5000000.0,244000000.0,244000000.0,244000000.0,190000000.0,0.0,0.013,7915000000.0,1299000000.0,678000000.0,2.194,8.401,136.687,163.871,2247000000.0,0.0,203.2,1.772,1.772,2403000000.0,,18822000000.0,18822000000.0,1025000000.0,,,,0.022,0.0,5246000000.0,1.0,164132152.0,164132152.0,,114.676,27181000000.0,1180000000.0,165000000.0,2552000000.0,165.604,3229000000.0
93,XRX,MRT,1998-03-31,1998-03-31,1998-03-31,2021-08-25,0.0,27551000000.0,,11116000000.0,16435000000.0,,30.193,-496000000.0,19000000.0,19000000.0,9312000000.0,1293000000.0,1.572,4.581,13388000000.0,3725000000.0,9663000000.0,13388000000.0,216000000.0,780000000.0,0.0,0.012,2.64,2018000000.0,2798000000.0,0.152,2798000000.0,2018000000.0,2018000000.0,7.66,7.22,7.66,4937000000.0,,4937000000.0,47207113190.0,23.0,16.872,-490000000.0,-2.997,1.0,9119000000.0,0.495,1385000000.0,0.0,32466000000.0,,3087000000.0,16156000000.0,4639000000.0,11517000000.0,22614000000.0,7069000000.0,15545000000.0,34796113190.0,-12000000.0,-812000000.0,83000000.0,944000000.0,-489000000.0,528000000.0,-136000000.0,0.0,6000000.0,-7000000.0,1293000000.0,1293000000.0,1293000000.0,190000000.0,0.0,0.07,6275000000.0,2844000000.0,622000000.0,0.345,7.048,26.911,27.781,2373000000.0,0.0,212.8,1.888,1.888,2256000000.0,,18431000000.0,18431000000.0,1041000000.0,,,,0.109,0.0,5234000000.0,1.0,163515570.0,163515570.0,,112.717,26166000000.0,1115000000.0,725000000.0,2306000000.0,160.021,4047000000.0
94,XRX,MRT,1997-12-31,1997-12-31,1997-12-31,2021-08-25,0.0,27732000000.0,27275000000.0,10766000000.0,16966000000.0,0.665,30.486,-484000000.0,75000000.0,75000000.0,9108000000.0,1452000000.0,1.4,4.563,12486000000.0,3707000000.0,8779000000.0,12486000000.0,205000000.0,739000000.0,0.0,0.017,2.56,2180000000.0,2919000000.0,0.161,2919000000.0,2180000000.0,2180000000.0,8.64,8.08,8.64,4985000000.0,4676000000.0,4985000000.0,,,,-12000000.0,-0.073,1.0,9036000000.0,0.498,1375000000.0,0.0,31076000000.0,30961500000.0,2792000000.0,16710000000.0,4599000000.0,12111000000.0,22747000000.0,7692000000.0,15055000000.0,24161060549.0,-29000000.0,-812000000.0,24000000.0,5000000.0,-475000000.0,184000000.0,-125000000.0,0.0,472000000.0,-18000000.0,1452000000.0,1452000000.0,1452000000.0,0.0,0.0,0.08,6277000000.0,2759000000.0,776000000.0,0.296,4.847,16.64,17.102,2377000000.0,0.0,147.76,1.332,1.332,2145000000.0,,18144000000.0,18144000000.0,1065000000.0,0.053,0.311,0.07,0.12,0.0,5212000000.0,1.0,163515570.0,163515570.0,,110.962,26357000000.0,1155000000.0,728000000.0,2469000000.0,161.19,3074000000.0
95,XRX,MRT,1997-09-30,1997-09-30,1997-09-30,2021-08-25,,,,,,,,,,,,,,,,,,,,,,0.015,2.5,,,,,,,,,,,,,,,,,,1.0,,,,,,,,,,,,,,,,,,,,,,,,,,,,,,,,,,,,,,,,168.5,,,,,,,,,,,,,,1.0,,,,,,,,,,
96,XRX,MRT,1997-06-30,1997-06-30,1997-06-30,2021-08-25,,,,,,,,,,,,,,,,,,,,,,0.015,2.44,,,,,,,,,,,,,,,,,,1.0,,,,,,,,,,,,,,,,,,,,,,,,,,,,,,,,,,,,,,,,157.76,,,,,,,,,,,,,,1.0,,,,,,,,,,
97,XRX,MRT,1997-03-31,1997-03-31,1997-03-31,2021-08-25,,,,,,,,,,,,,,,,,,,,,,0.021,2.38,,,,,,,,,,,,,,,,,,1.0,,,,,,,,,,,,,,,,,,,,,,,,,,,,,,,,,,,,,,,,113.76,,,,,,,,,,,,,,1.0,,,,,,,,,,
98,XRX,MRT,1996-12-31,1996-12-31,1996-12-31,2021-08-25,0.0,26818000000.0,,10152000000.0,16666000000.0,,,-470000000.0,104000000.0,104000000.0,8723000000.0,1206000000.0,1.409,5.141,11960000000.0,3536000000.0,8424000000.0,11960000000.0,208000000.0,715000000.0,0.0,0.022,2.32,1906000000.0,2621000000.0,0.151,2621000000.0,1906000000.0,1906000000.0,7.12,6.64,7.12,4367000000.0,,4367000000.0,,,,-160000000.0,,1.0,8655000000.0,0.498,623000000.0,0.0,30847000000.0,,2676000000.0,17052000000.0,4386000000.0,12666000000.0,22451000000.0,7204000000.0,15247000000.0,,-32000000.0,0.0,-221000000.0,990000000.0,-438000000.0,295000000.0,-456000000.0,0.0,310000000.0,-6000000.0,1206000000.0,1206000000.0,1206000000.0,0.0,0.0,0.069,6118000000.0,2537000000.0,577000000.0,0.326,,,14.781,2256000000.0,0.0,105.24,,,2022000000.0,,17378000000.0,17378000000.0,1044000000.0,,,,0.11,0.0,5074000000.0,1.0,,,,,26195000000.0,964000000.0,700000000.0,2429000000.0,,2948000000.0
99,XRX,MRT,1995-12-31,1995-12-31,1995-12-31,2021-08-25,,,,,,,,-348000000.0,,,8426000000.0,-472000000.0,,,,,,,,719000000.0,,0.022,2.0,143000000.0,862000000.0,0.052,862000000.0,143000000.0,143000000.0,-3.18,-2.64,-3.18,,,,,,,251000000.0,,1.0,8162000000.0,0.492,,0.0,,,,,,,,,,,95000000.0,-972000000.0,70000000.0,766000000.0,-389000000.0,381000000.0,-1377000000.0,0.0,599000000.0,-5000000.0,-472000000.0,-472000000.0,-472000000.0,1646000000.0,0.0,-0.028,5668000000.0,2494000000.0,,-0.629,,,-28.721,,0.0,91.333,,,,,16588000000.0,16588000000.0,949000000.0,,,,0.009,0.0,4719000000.0,1.0,,,,,,,615000000.0,,,
