None,ticker,dimension,calendardate,datekey,reportperiod,lastupdated,accoci,assets,assetsavg,assetsc,assetsnc,assetturnover,bvps,capex,cashneq,cashnequsd,cor,consolinc,currentratio,de,debt,debtc,debtnc,debtusd,deferredrev,depamor,deposits,divyield,dps,ebit,ebitda,ebitdamargin,ebitdausd,ebitusd,ebt,eps,epsdil,epsusd,equity,equityavg,equityusd,ev,evebit,evebitda,fcf,fcfps,fxusd,gp,grossmargin,intangibles,intexp,invcap,invcapavg,inventory,investments,investmentsc,investmentsnc,liabilities,liabilitiesc,liabilitiesnc,marketcap,ncf,ncfbus,ncfcommon,ncfdebt,ncfdiv,ncff,ncfi,ncfinv,ncfo,ncfx,netinc,netinccmn,netinccmnusd,netincdis,netincnci,netmargin,opex,opinc,payables,payoutratio,pb,pe,pe1,ppnenet,prefdivis,price,ps,ps1,receivables,retearn,revenue,revenueusd,rnd,roa,roe,roic,ros,sbcomp,sgna,sharefactor,sharesbas,shareswa,shareswadil,sps,tangibles,taxassets,taxexp,taxliabilities,tbvps,workingcapital
0,NWL,MRY,2020-12-31,2020-12-31,2020-12-31,2021-08-02,-880000000.0,14700000000.0,14395000000.0,4628000000.0,10072000000.0,0.652,9.135,-259000000.0,981000000.0,981000000.0,6306000000.0,-770000000.0,1.278,2.788,6079000000.0,466000000.0,5613000000.0,6079000000.0,0.0,357000000.0,0.0,0.043,0.92,-732000000.0,-375000000.0,-0.04,-375000000.0,-732000000.0,-1006000000.0,-1.82,-1.82,-1.82,3874000000.0,3636500000.0,3874000000.0,14525889000.0,-20.0,-38.736,1173000000.0,2.766,1.0,3079000000.0,0.328,7117000000.0,274000000.0,9060000000.0,9846000000.0,1638000000.0,0.0,0.0,0.0,10800000000.0,3621000000.0,7179000000.0,9007889000.0,650000000.0,16000000.0,0.0,-160000000.0,-392000000.0,-559000000.0,-228000000.0,0.0,1432000000.0,5000000.0,-770000000.0,-770000000.0,-770000000.0,0.0,0.0,-0.082,3713000000.0,-634000000.0,1526000000.0,-0.505,2.325,-11.699,-11.665,1706000000.0,0.0,21.23,0.96,0.959,1678000000.0,-3174000000.0,9385000000.0,9385000000.0,0.0,-0.053,-0.212,-0.074,-0.078,41000000.0,2189000000.0,1.0,424300000.0,424100000,424100000.0,22.129,7583000000.0,838000000.0,-236000000.0,414000000.0,17.88,1007000000.0
1,NWL,MRY,2019-12-31,2019-12-31,2019-12-31,2021-08-02,-920000000.0,15642000000.0,16856150000.0,4110000000.0,11532000000.0,0.576,11.725,-265000000.0,349000000.0,349000000.0,6496000000.0,107000000.0,1.38,2.145,6264000000.0,332000000.0,5932000000.0,6264000000.0,0.0,446000000.0,0.0,0.048,0.92,-628000000.0,-182000000.0,-0.019,-182000000.0,-628000000.0,-931000000.0,0.25,0.25,0.25,4963000000.0,4754550000.0,4963000000.0,14553248000.0,-23.0,-79.963,779000000.0,1.84,1.0,3219000000.0,0.331,8625000000.0,303000000.0,9954000000.0,11671325000.0,1606000000.0,0.0,0.0,0.0,10646000000.0,2978000000.0,7668000000.0,8137748000.0,-125000000.0,996000000.0,0.0,-1298000000.0,-391000000.0,-1904000000.0,736000000.0,0.0,1044000000.0,-1000000.0,107000000.0,107000000.0,107000000.0,79000000.0,0.0,0.011,3701000000.0,-482000000.0,1102000000.0,3.68,1.64,76.054,76.88,1770000000.0,0.0,19.22,0.838,0.837,1842000000.0,-2404000000.0,9715000000.0,9715000000.0,0.0,0.006,0.023,-0.054,-0.065,42000000.0,2451000000.0,1.0,423400000.0,423300000,423900000.0,22.951,7017000000.0,776000000.0,-1038000000.0,625000000.0,16.577,1132000000.0
2,NWL,MRY,2018-12-31,2018-12-31,2018-12-31,2021-08-02,-912800000.0,17722400000.0,26445275000.0,5958500000.0,11763900000.0,0.384,11.016,-384000000.0,495700000.0,495700000.0,6636000000.0,-6942000000.0,1.804,2.389,7015000000.0,318700000.0,6696300000.0,7015000000.0,0.0,434000000.0,0.0,0.049,0.92,-7855000000.0,-7421000000.0,-0.731,-7421000000.0,-7855000000.0,-8301000000.0,-14.65,-14.65,-14.65,5218400000.0,9825225000.0,5218400000.0,16847312000.0,-2.0,-2.27,296000000.0,0.625,1.0,3518000000.0,0.346,10024500000.0,446000000.0,10913700000.0,16053400000.0,1760700000.0,0.0,0.0,0.0,12469200000.0,3303500000.0,9165700000.0,8677812000.0,10000000.0,5133000000.0,-1507000000.0,-3484000000.0,-435000000.0,-5454000000.0,4807000000.0,0.0,680000000.0,-23000000.0,-6942000000.0,-6942000000.0,-6942000000.0,309000000.0,0.0,-0.684,11072000000.0,-7554000000.0,1191600000.0,-0.063,1.663,-1.25,-1.269,1226100000.0,0.0,18.59,0.855,0.867,2163500000.0,-2511300000.0,10154000000.0,10154000000.0,0.0,-0.263,-0.707,-0.489,-0.774,76000000.0,2648000000.0,1.0,466800000.0,473700000,473700000.0,21.436,7697900000.0,183300000.0,-1359000000.0,1090000000.0,16.251,2655000000.0
3,NWL,MRY,2017-12-31,2017-12-31,2017-12-31,2021-08-02,-763100000.0,33135500000.0,33577200000.0,10725700000.0,22409800000.0,0.333,29.062,-406200000.0,485700000.0,485700000.0,7359900000.0,2748800000.0,2.185,1.34,10551000000.0,661800000.0,9889200000.0,10551000000.0,0.0,635600000.0,0.0,0.028,0.88,1702700000.0,2338300000.0,0.209,2338300000.0,1702700000.0,1233800000.0,5.65,5.63,5.65,14144700000.0,12779775000.0,14144700000.0,25827190000.0,15.0,11.045,560000000.0,1.151,1.0,3810500000.0,0.341,17072600000.0,468900000.0,21220500000.0,16602550000.0,1662400000.0,0.0,0.0,0.0,18954200000.0,4907700000.0,14046500000.0,15144090000.0,-101800000.0,1472600000.0,-152400000.0,-1400400000.0,-428600000.0,-2195800000.0,1078500000.0,0.0,966200000.0,49300000.0,2748800000.0,2748800000.0,2748800000.0,-314500000.0,0.0,0.246,3103700000.0,706800000.0,1226800000.0,0.156,1.071,5.509,5.469,972400000.0,0.0,30.9,1.356,1.346,1879300000.0,4611200000.0,11170400000.0,11170400000.0,0.0,0.082,0.215,0.103,0.152,70900000.0,2924100000.0,1.0,490100000.0,486700000,488000000.0,22.951,16062900000.0,144800000.0,-1515000000.0,2552700000.0,33.004,5818000000.0
4,NWL,MRY,2016-12-31,2016-12-31,2016-12-31,2021-08-02,-1044800000.0,33837500000.0,29385275000.0,7484500000.0,26353000000.0,0.312,26.938,-441400000.0,587500000.0,587500000.0,6210200000.0,527800000.0,1.744,1.978,11892800000.0,601900000.0,11290900000.0,11892800000.0,0.0,437200000.0,0.0,0.017,0.76,989100000.0,1426300000.0,0.155,1426300000.0,989100000.0,584900000.0,1.25,1.25,1.25,11348800000.0,8965475000.0,11348800000.0,33616960000.0,34.0,23.569,1399000000.0,3.321,1.0,2970900000.0,0.324,24330700000.0,404200000.0,16520100000.0,16004925000.0,2116000000.0,0.0,0.0,0.0,22453100000.0,4292000000.0,18161100000.0,21539160000.0,312700000.0,-8408000000.0,0.0,7673200000.0,-328600000.0,7328500000.0,-8824800000.0,0.0,1840400000.0,-31400000.0,527800000.0,527800000.0,527800000.0,-566100000.0,0.0,0.057,2672800000.0,298100000.0,1518900000.0,0.608,1.898,40.809,35.72,1543400000.0,0.0,44.65,2.346,2.049,2746900000.0,2289900000.0,9181100000.0,9181100000.0,0.0,0.018,0.059,0.062,0.108,63900000.0,2610600000.0,1.0,482400000.0,421300000,421300000.0,21.792,9506800000.0,95300000.0,57100000.0,5082800000.0,22.565,3192500000.0
5,NWL,MRY,2015-12-31,2015-12-31,2015-12-31,2021-08-02,-833800000.0,7259500000.0,6904200000.0,2493500000.0,4766000000.0,0.857,6.769,-211400000.0,274800000.0,274800000.0,3611100000.0,350000000.0,1.254,2.98,3057900000.0,388800000.0,2669100000.0,3057900000.0,0.0,171600000.0,0.0,0.017,0.76,508100000.0,679700000.0,0.115,679700000.0,508100000.0,428200000.0,1.3,1.29,1.3,1822900000.0,1770700000.0,1822900000.0,14241968000.0,28.0,20.953,381500000.0,1.417,1.0,2304600000.0,0.39,3854900000.0,79900000.0,4199100000.0,3926675000.0,721800000.0,0.0,0.0,0.0,5433100000.0,1988600000.0,3444500000.0,11773768000.0,75400000.0,-456400000.0,-186100000.0,537600000.0,-206300000.0,145200000.0,-649900000.0,0.0,592900000.0,-12800000.0,350000000.0,350000000.0,350000000.0,-90700000.0,0.0,0.059,1703200000.0,601400000.0,642400000.0,0.585,6.459,33.639,33.908,599200000.0,0.0,44.08,1.99,2.007,1250700000.0,2090900000.0,5915700000.0,5915700000.0,0.0,0.051,0.198,0.129,0.086,29200000.0,1573900000.0,1.0,267100000.0,269300000,271500000.0,21.967,3404600000.0,38500000.0,78200000.0,226600000.0,12.642,504900000.0
6,NWL,MRY,2014-12-31,2014-12-31,2014-12-31,2021-08-02,-794400000.0,6564300000.0,6281375000.0,2292200000.0,4272100000.0,0.912,6.706,-161900000.0,199400000.0,199400000.0,3523600000.0,377800000.0,1.214,2.544,2481900000.0,397400000.0,2084500000.0,2481900000.0,0.0,156100000.0,0.0,0.017,0.66,527300000.0,683400000.0,0.119,683400000.0,527300000.0,466900000.0,1.37,1.35,1.37,1851400000.0,2011750000.0,1851400000.0,12380399000.0,23.0,18.116,472200000.0,1.71,1.0,2203400000.0,0.385,3433200000.0,60400000.0,3525000000.0,3271875000.0,708500000.0,0.0,0.0,0.0,4709400000.0,1888600000.0,2820800000.0,10326199000.0,-26900000.0,-583300000.0,-363200000.0,593900000.0,-182500000.0,119000000.0,-751900000.0,0.0,634100000.0,-28100000.0,377800000.0,377800000.0,377800000.0,-4800000.0,0.0,0.066,1598700000.0,604700000.0,674100000.0,0.482,5.578,27.332,27.803,559100000.0,0.0,38.09,1.803,1.836,1248200000.0,2111200000.0,5727000000.0,5727000000.0,0.0,0.06,0.188,0.161,0.092,29900000.0,1480500000.0,1.0,271100000.0,276100000,278900000.0,20.742,3131100000.0,39100000.0,89100000.0,105700000.0,11.34,403600000.0
7,NWL,MRY,2013-12-31,2013-12-31,2013-12-31,2021-08-02,-645200000.0,6069700000.0,6205675000.0,2285600000.0,3784100000.0,0.904,7.178,-138200000.0,226300000.0,226300000.0,3482100000.0,474600000.0,1.424,1.928,1836400000.0,174800000.0,1661600000.0,1836400000.0,0.0,158900000.0,0.0,0.019,0.6,654900000.0,813800000.0,0.145,813800000.0,654900000.0,594600000.0,1.64,1.63,1.64,2071500000.0,2070800000.0,2071500000.0,10811952000.0,17.0,13.286,467000000.0,1.618,1.0,2124900000.0,0.379,2975600000.0,60300000.0,3099700000.0,3331550000.0,684400000.0,0.0,0.0,0.0,3994700000.0,1604500000.0,2390200000.0,9308152000.0,42500000.0,189800000.0,-418200000.0,-35800000.0,-174100000.0,-613500000.0,53400000.0,0.0,605200000.0,-2600000.0,474600000.0,474600000.0,474600000.0,-58300000.0,0.0,0.085,1509800000.0,615100000.0,558900000.0,0.366,4.493,19.613,19.762,539600000.0,0.0,32.41,1.66,1.668,1105100000.0,2242100000.0,5607000000.0,5607000000.0,0.0,0.076,0.229,0.197,0.117,37200000.0,1399500000.0,1.0,287200000.0,288600000,291800000.0,19.428,3094100000.0,134400000.0,120000000.0,108300000.0,10.721,681100000.0
8,NWL,MRY,2012-12-31,2012-12-31,2012-12-31,2021-08-02,-789000000.0,6222000000.0,6366225000.0,2271100000.0,3950900000.0,0.865,6.857,-177200000.0,183800000.0,183800000.0,3414400000.0,401300000.0,1.446,2.114,1918400000.0,211900000.0,1706500000.0,1918400000.0,0.0,163700000.0,0.0,0.019,0.43,638900000.0,802600000.0,0.146,802600000.0,638900000.0,562800000.0,1.38,1.37,1.38,1996700000.0,1994625000.0,1996700000.0,8318852000.0,13.0,10.365,441300000.0,1.515,1.0,2094100000.0,0.38,3024300000.0,76100000.0,3361500000.0,3336825000.0,696400000.0,0.0,0.0,0.0,4221800000.0,1570800000.0,2651000000.0,6404852000.0,13600000.0,17000000.0,-92300000.0,-255500000.0,-125900000.0,-446000000.0,-163000000.0,0.0,618500000.0,4100000.0,401300000.0,401300000.0,401300000.0,-10800000.0,0.0,0.073,1456400000.0,637700000.0,527400000.0,0.312,3.208,15.96,16.138,560200000.0,0.0,22.27,1.163,1.177,1112400000.0,2294900000.0,5508500000.0,5508500000.0,0.0,0.063,0.201,0.191,0.116,32900000.0,1403500000.0,1.0,287600000.0,291200000,293600000.0,18.917,3197700000.0,221000000.0,161500000.0,0.0,10.981,700300000.0
9,NWL,MRY,2011-12-31,2011-12-31,2011-12-31,2021-08-02,-707000000.0,6160900000.0,6475600000.0,2148000000.0,4012900000.0,0.851,6.298,-222900000.0,170200000.0,170200000.0,3410600000.0,125200000.0,1.293,2.33,2176800000.0,367500000.0,1809300000.0,2176800000.0,0.0,161600000.0,0.0,0.018,0.29,232700000.0,394300000.0,0.072,394300000.0,232700000.0,146500000.0,0.43,0.42,0.43,1849100000.0,1990200000.0,1849100000.0,6851125000.0,29.0,17.375,338400000.0,1.153,1.0,2101100000.0,0.381,3032100000.0,86200000.0,3474500000.0,3579925000.0,699900000.0,0.0,0.0,0.0,4308300000.0,1660900000.0,2647400000.0,4675425000.0,30600000.0,24300000.0,-51600000.0,-182100000.0,-84900000.0,-324600000.0,-206400000.0,0.0,561300000.0,300000.0,125200000.0,125200000.0,125200000.0,62000000.0,0.0,0.023,1788100000.0,313000000.0,468500000.0,0.674,2.528,37.344,37.558,551400000.0,0.0,16.15,0.848,0.86,1002000000.0,2097300000.0,5511700000.0,5511700000.0,0.0,0.019,0.063,0.065,0.042,43000000.0,1422300000.0,1.0,289500000.0,293600000,296200000.0,18.773,3128800000.0,250900000.0,21300000.0,0.0,10.657,487100000.0
10,NWL,MRY,2010-12-31,2010-12-31,2010-12-31,2021-08-02,-605000000.0,6405300000.0,6489025000.0,2132000000.0,4273300000.0,0.872,6.735,-164700000.0,139600000.0,139600000.0,3509500000.0,292800000.0,1.28,2.366,2368900000.0,305000000.0,2063900000.0,2368900000.0,0.0,172300000.0,0.0,0.011,0.2,416800000.0,589100000.0,0.104,589100000.0,416800000.0,298400000.0,1.04,0.96,1.04,1902000000.0,1869725000.0,1902000000.0,7681554000.0,18.0,13.039,417900000.0,1.48,1.0,2148700000.0,0.38,3397800000.0,118400000.0,3570900000.0,3625650000.0,701600000.0,0.0,0.0,0.0,4499800000.0,1665900000.0,2833900000.0,5277654000.0,-138700000.0,15300000.0,-500100000.0,-29900000.0,-55400000.0,-571900000.0,-153400000.0,0.0,582600000.0,4000000.0,292800000.0,292800000.0,292800000.0,-4600000.0,0.0,0.052,1525200000.0,623500000.0,472500000.0,0.192,2.775,18.025,17.481,529300000.0,0.0,18.18,0.933,0.907,997900000.0,2057300000.0,5658200000.0,5658200000.0,0.0,0.045,0.157,0.115,0.074,36500000.0,1447800000.0,1.0,290300000.0,282400000,305400000.0,20.036,3007500000.0,217800000.0,5600000.0,0.0,10.65,466100000.0
11,NWL,MRY,2009-12-31,2009-12-31,2009-12-31,2021-08-02,-585200000.0,6423900000.0,6775200000.0,2182100000.0,4241800000.0,0.809,6.334,-153300000.0,278300000.0,278300000.0,3453300000.0,285500000.0,1.24,2.61,2508800000.0,493500000.0,2015300000.0,2508800000.0,0.0,175100000.0,0.0,0.017,0.255,568300000.0,743400000.0,0.136,743400000.0,568300000.0,428300000.0,1.02,0.97,1.02,1778700000.0,1753150000.0,1778700000.0,6522177000.0,11.0,8.773,449500000.0,1.601,1.0,2030100000.0,0.37,3400500000.0,140000000.0,3494400000.0,3984025000.0,688200000.0,0.0,0.0,0.0,4641700000.0,1759500000.0,2882200000.0,4168277000.0,2900000.0,3900000.0,32700000.0,-285700000.0,-71400000.0,-427000000.0,-149400000.0,0.0,602800000.0,-23500000.0,285500000.0,285500000.0,285500000.0,300000.0,0.0,0.052,1454800000.0,575300000.0,433600000.0,0.25,2.343,14.6,14.716,578100000.0,0.0,15.01,0.76,0.769,894100000.0,1820700000.0,5483400000.0,5483400000.0,0.0,0.042,0.163,0.143,0.104,35100000.0,1354800000.0,1.0,277700000.0,280800000,294400000.0,19.528,3023400000.0,183800000.0,142800000.0,0.0,10.767,422600000.0
12,NWL,MRY,2008-12-31,2008-12-31,2008-12-31,2021-08-02,-502400000.0,6792500000.0,7205050000.0,2393800000.0,4398700000.0,0.898,5.666,-157800000.0,275400000.0,275400000.0,4347400000.0,-50300000.0,1.071,3.281,2879300000.0,761000000.0,2118300000.0,2879300000.0,0.0,183300000.0,0.0,0.086,0.84,139200000.0,322500000.0,0.05,322500000.0,139200000.0,1300000.0,-0.18,-0.18,-0.18,1586000000.0,2092850000.0,1586000000.0,5356816000.0,38.0,16.61,297100000.0,1.061,1.0,2123200000.0,0.328,3339400000.0,137900000.0,3822900000.0,3929000000.0,912100000.0,0.0,0.0,0.0,5203900000.0,2234100000.0,2969800000.0,2711016000.0,-53800000.0,-655700000.0,0.0,545500000.0,-234500000.0,306000000.0,-804100000.0,0.0,454900000.0,-10600000.0,-52300000.0,-52300000.0,-52300000.0,500000.0,2000000.0,-0.008,1922400000.0,200800000.0,535500000.0,-4.667,1.709,-51.836,-54.333,630700000.0,0.0,9.78,0.419,0.423,969300000.0,1606600000.0,6470600000.0,6470600000.0,0.0,-0.007,-0.025,0.035,0.022,35600000.0,1502700000.0,1.0,277200000.0,279900000,279900000.0,23.118,3453100000.0,100400000.0,53600000.0,0.0,12.337,159700000.0
13,NWL,MRY,2007-12-31,2007-12-31,2007-12-31,2021-08-02,-123200000.0,6682900000.0,6503575000.0,2651700000.0,4031200000.0,0.985,8.066,-157300000.0,329200000.0,329200000.0,4150100000.0,470200000.0,1.034,1.974,2184900000.0,987500000.0,1197400000.0,2184900000.0,0.0,177000000.0,0.0,0.032,0.84,720900000.0,897900000.0,0.14,897900000.0,720900000.0,616800000.0,1.68,1.67,1.68,2247300000.0,2082375000.0,2247300000.0,9186284000.0,13.0,10.231,498000000.0,1.788,1.0,2257200000.0,0.352,3110500000.0,104100000.0,2864300000.0,3587550000.0,940400000.0,0.0,0.0,0.0,4435600000.0,2563800000.0,1871800000.0,7228284000.0,128200000.0,-108300000.0,0.0,-57500000.0,-234700000.0,-266800000.0,-265600000.0,0.0,655300000.0,5300000.0,467100000.0,467100000.0,467100000.0,12100000.0,3100000.0,0.073,1516900000.0,740300000.0,616900000.0,0.5,3.216,15.475,15.405,688600000.0,0.0,25.88,1.128,1.125,1166400000.0,1922700000.0,6407300000.0,6407300000.0,0.0,0.072,0.224,0.201,0.113,36400000.0,1430900000.0,1.0,279300000.0,278600000,287600000.0,22.998,3572400000.0,131400000.0,149700000.0,44000000.0,12.823,87900000.0
14,NWL,MRY,2006-12-31,2006-12-31,2006-12-31,2021-08-02,-184600000.0,6310500000.0,6432200000.0,2476900000.0,3833600000.0,0.964,6.883,-138300000.0,201000000.0,201000000.0,4131000000.0,385000000.0,1.306,2.339,2249800000.0,277500000.0,1972300000.0,2249800000.0,0.0,193300000.0,0.0,0.029,0.84,561200000.0,754500000.0,0.122,754500000.0,561200000.0,429200000.0,1.4,1.4,1.4,1890200000.0,1774575000.0,1890200000.0,10343740000.0,18.0,13.709,505100000.0,1.839,1.0,2070000000.0,0.334,2894500000.0,132000000.0,3568200000.0,4042500000.0,850600000.0,0.0,0.0,0.0,4420300000.0,1896600000.0,2523700000.0,8024940000.0,85500000.0,126400000.0,0.0,-334000000.0,-232800000.0,-550100000.0,-11900000.0,0.0,643400000.0,4100000.0,385000000.0,385000000.0,385000000.0,85700000.0,0.0,0.062,1413400000.0,656600000.0,549900000.0,0.6,4.246,20.844,20.679,746900000.0,0.0,28.95,1.294,1.282,1113600000.0,1690400000.0,6201000000.0,6201000000.0,0.0,0.06,0.217,0.139,0.091,44000000.0,1347000000.0,1.0,277200000.0,274600000,275500000.0,22.582,3416000000.0,111400000.0,44200000.0,144300000.0,12.44,580300000.0
15,NWL,MRY,2005-12-31,2005-12-31,2005-12-31,2021-08-02,-226700000.0,6446100000.0,6247125000.0,2472700000.0,3973400000.0,0.915,5.988,-92200000.0,115500000.0,115500000.0,3959100000.0,251300000.0,1.376,2.923,2596500000.0,166800000.0,2429700000.0,2596500000.0,0.0,191600000.0,0.0,0.035,0.84,435500000.0,627100000.0,0.11,627100000.0,435500000.0,308400000.0,0.92,0.91,0.92,1643200000.0,1700125000.0,1643200000.0,8474890000.0,19.0,13.514,549400000.0,2.002,1.0,1758100000.0,0.308,2706100000.0,127100000.0,4423600000.0,4591100000.0,793800000.0,0.0,0.0,0.0,4802900000.0,1797400000.0,3005500000.0,6551390000.0,-390100000.0,-674500000.0,-2600000.0,-23100000.0,-231500000.0,-257200000.0,-766700000.0,0.0,641600000.0,-7800000.0,251300000.0,251300000.0,251300000.0,155000000.0,0.0,0.044,1190700000.0,567400000.0,590500000.0,0.913,3.987,26.07,25.848,854000000.0,0.0,23.78,1.146,1.141,1107700000.0,1538300000.0,5717200000.0,5717200000.0,0.0,0.04,0.148,0.095,0.076,6100000.0,1117700000.0,1.0,275500000.0,274400000,274900000.0,20.835,3740000000.0,147500000.0,57100000.0,82600000.0,13.63,675300000.0
16,NWL,MRY,2004-12-31,2004-12-31,2004-12-31,2021-08-02,-70400000.0,6666800000.0,6836700000.0,3012400000.0,3654400000.0,0.835,6.429,-121900000.0,505600000.0,505600000.0,4050600000.0,-116100000.0,1.61,2.779,2631200000.0,206900000.0,2424300000.0,2631200000.0,0.0,209400000.0,0.0,0.035,0.84,96100000.0,305500000.0,0.054,305500000.0,96100000.0,-23200000.0,-0.42,-0.42,-0.42,1764200000.0,1800750000.0,1764200000.0,8961512000.0,93.0,29.334,538100000.0,1.961,1.0,1656500000.0,0.29,2122100000.0,119300000.0,4799000000.0,5137375000.0,918000000.0,0.0,0.0,0.0,4902600000.0,1871300000.0,3031300000.0,6647412000.0,361200000.0,311500000.0,1400000.0,-264500000.0,-231000000.0,-494100000.0,189600000.0,0.0,660000000.0,5700000.0,-116100000.0,-116100000.0,-116100000.0,221100000.0,0.0,-0.02,1342300000.0,314200000.0,637100000.0,-2.0,3.768,-57.256,-57.595,1231900000.0,0.0,24.19,1.165,1.163,1199400000.0,1518600000.0,5707100000.0,5707100000.0,0.0,-0.017,-0.064,0.019,0.017,2800000.0,1050100000.0,1.0,274800000.0,274400000,274700000.0,20.798,4544700000.0,104300000.0,92900000.0,68800000.0,16.562,1141100000.0
17,NWL,MRY,2003-12-31,2003-12-31,2003-12-31,2021-08-02,-167800000.0,7480700000.0,7833525000.0,3000200000.0,4480500000.0,0.844,7.356,-300000000.0,144400000.0,144400000.0,4732700000.0,-46600000.0,1.484,2.71,2904000000.0,35400000.0,2868600000.0,2904000000.0,0.0,229500000.0,0.0,0.037,0.84,207500000.0,437000000.0,0.066,437000000.0,207500000.0,73200000.0,-0.17,-0.17,-0.17,2016300000.0,2221800000.0,2016300000.0,8772188000.0,42.0,20.074,473200000.0,1.726,1.0,1882100000.0,0.285,2436900000.0,134300000.0,5781400000.0,5673125000.0,884800000.0,15500000.0,0.0,15500000.0,5464400000.0,2022000000.0,3442400000.0,6248088000.0,89300000.0,-416100000.0,207900000.0,54400000.0,-230900000.0,31400000.0,-716100000.0,0.0,773200000.0,800000.0,-46600000.0,-46600000.0,-46600000.0,264500000.0,0.0,-0.007,1384500000.0,497600000.0,694700000.0,-4.941,3.099,-134.079,-133.941,1608800000.0,0.0,22.77,0.945,0.944,1397100000.0,1865700000.0,6614800000.0,6614800000.0,0.0,-0.006,-0.021,0.037,0.031,0.0,1160700000.0,1.0,274400000.0,274100000,274300000.0,24.133,5043800000.0,220800000.0,119800000.0,80800000.0,18.401,978200000.0
18,NWL,MRY,2002-12-31,2002-12-31,2002-12-31,2021-08-02,-190200000.0,7404400000.0,7202558000.0,3080000000.0,4324400000.0,0.894,7.726,-252100000.0,55100000.0,55100000.0,4608200000.0,-203400000.0,1.178,2.588,2821300000.0,449200000.0,2372100000.0,2821300000.0,0.0,251000000.0,0.0,0.028,0.84,62700000.0,313700000.0,0.049,313700000.0,62700000.0,-69900000.0,-0.76,-0.76,-0.76,2063500000.0,2005847250.0,2063500000.0,10527547916.0,168.0,33.559,616800000.0,2.309,1.0,1828700000.0,0.284,2209400000.0,132600000.0,5346800000.0,5242004250.0,1196200000.0,15500000.0,0.0,15500000.0,5340900000.0,2614400000.0,2726500000.0,8108647916.0,48300000.0,-242200000.0,19000000.0,-129500000.0,-224400000.0,-334900000.0,-486500000.0,0.0,868900000.0,800000.0,-203400000.0,-203400000.0,-203400000.0,-46500000.0,0.0,-0.032,1269000000.0,559700000.0,686600000.0,-1.105,3.93,-39.866,-39.908,1812800000.0,0.0,30.33,1.26,1.259,1377700000.0,2143200000.0,6436900000.0,6436900000.0,0.0,-0.028,-0.101,0.012,0.01,0.0,1167200000.0,1.0,267347442.0,267100000,268000000.0,24.099,5195000000.0,213500000.0,133500000.0,164400000.0,19.45,465600000.0
19,NWL,MRY,2001-12-31,2001-12-31,2001-12-31,2021-08-02,-231600000.0,7266100000.0,7215363500.0,2850700000.0,4415400000.0,0.958,9.124,-249800000.0,6800000.0,6800000.0,5046600000.0,264600000.0,1.125,1.986,2191600000.0,826600000.0,1365000000.0,2191600000.0,0.0,328800000.0,0.0,0.03,0.84,553400000.0,882200000.0,0.128,882200000.0,553400000.0,415900000.0,0.99,0.99,0.99,2433400000.0,2387828750.0,2433400000.0,9647232199.0,17.0,10.935,615600000.0,2.308,1.0,1862700000.0,0.27,2353600000.0,137500000.0,4563400000.0,5301439750.0,1113800000.0,79500000.0,0.0,79500000.0,4832700000.0,2533900000.0,2298800000.0,7352111199.0,-15700000.0,-92100000.0,2900000.0,-354800000.0,-224000000.0,-575900000.0,-303600000.0,7800000.0,865400000.0,-1600000.0,264600000.0,264600000.0,264600000.0,0.0,0.0,0.038,1291800000.0,570900000.0,501300000.0,0.848,3.021,27.786,27.848,1689200000.0,0.0,27.57,1.064,1.064,1298200000.0,2571300000.0,6909300000.0,6909300000.0,0.0,0.037,0.111,0.104,0.08,0.0,1168200000.0,1.0,266670700.0,266700000,267000000.0,25.907,4912500000.0,238500000.0,151300000.0,218800000.0,18.42,316800000.0
20,NWL,MRY,2000-12-31,2000-12-31,2000-12-31,2021-08-02,-172852000.0,7261825000.0,6886924000.0,2880367000.0,4381458000.0,1.007,9.123,-316600000.0,22525000.0,22525000.0,5108700000.0,421600000.0,1.857,1.966,2546758000.0,227206000.0,2319552000.0,2546758000.0,0.0,292600000.0,0.0,0.037,0.84,815500000.0,1108100000.0,0.16,1108100000.0,815500000.0,685500000.0,1.57,1.57,1.57,2448641000.0,2368193250.0,2448641000.0,8227487854.0,10.0,7.425,306900000.0,1.143,1.0,1826000000.0,0.263,2189948000.0,130000000.0,6045284000.0,5582634500.0,1262551000.0,81978000.0,0.0,81978000.0,4813184000.0,1550826000.0,3262358000.0,6064662854.0,-79700000.0,-597800000.0,-401700000.0,836900000.0,-225100000.0,210100000.0,-909300000.0,0.0,623500000.0,-4000000.0,421600000.0,421600000.0,421600000.0,0.0,0.0,0.061,994300000.0,831700000.0,342406000.0,0.535,2.477,14.385,14.49,1756903000.0,0.0,22.75,0.875,0.881,1183363000.0,2530864000.0,6934700000.0,6934700000.0,0.0,0.061,0.178,0.146,0.118,1000000.0,899400000.0,1.0,266578587.0,268400000,268500000.0,25.837,5071877000.0,231875000.0,263900000.0,166287000.0,18.897,1329541000.0
21,NWL,MRY,1999-12-31,1999-12-31,1999-12-31,2021-08-02,-129981000.0,6724088000.0,6391664750.0,2738569000.0,3985519000.0,1.05,9.57,-200066000.0,102164000.0,102164000.0,4975369000.0,95437000.0,1.68,1.493,1703212000.0,247433000.0,1455779000.0,1703212000.0,0.0,271731000.0,0.0,0.028,0.8,330960000.0,602691000.0,0.09,602691000.0,330960000.0,230939000.0,0.34,0.34,0.34,2697006000.0,2692976500.0,2697006000.0,9589737758.0,29.0,15.912,353885000.0,1.256,1.0,1736399000.0,0.259,2024925000.0,100021000.0,4670328000.0,4677951000.0,1034794000.0,76704000.0,0.0,76704000.0,4027082000.0,1629883000.0,2397199000.0,8179110758.0,15610000.0,-345934000.0,27411000.0,194725000.0,-225774000.0,-3638000.0,-530952000.0,14328000.0,553951000.0,-3751000.0,95437000.0,95437000.0,95437000.0,0.0,0.0,0.014,1392794000.0,343605000.0,376596000.0,2.353,3.033,85.702,85.294,1548191000.0,0.0,29.0,1.219,1.218,1178423000.0,2334609000.0,6711768000.0,6711768000.0,0.0,0.015,0.035,0.071,0.049,2269000.0,1104491000.0,1.0,282038302.0,281806000,281978000.0,23.817,4699163000.0,250587000.0,135502000.0,85655000.0,16.675,1108686000.0
22,NWL,MRY,1998-12-31,1998-12-31,1998-12-31,2021-08-02,-86181000.0,6289155000.0,4715313500.0,2450649000.0,3838506000.0,1.377,10.13,-318731000.0,86554000.0,86554000.0,4670358000.0,481834000.0,2.091,1.212,1495833000.0,101968000.0,1393865000.0,1495833000.0,0.0,263804000.0,0.0,0.017,0.72,917487000.0,1181291000.0,0.182,1181291000.0,917487000.0,816973000.0,1.72,1.7,1.72,2843732000.0,2077423250.0,2843732000.0,7622067726.0,8.0,6.452,160036000.0,0.57,1.0,1822814000.0,0.281,1867059000.0,100514000.0,4659494000.0,2987575000.0,1033488000.0,77284000.0,0.0,77284000.0,3445423000.0,1171881000.0,2273542000.0,6709244726.0,-63577000.0,-430104000.0,2712000.0,130156000.0,-212486000.0,-79618000.0,-461249000.0,277813000.0,478767000.0,-1477000.0,481834000.0,481834000.0,481834000.0,0.0,0.0,0.074,1142475000.0,680339000.0,322080000.0,0.419,2.359,13.924,23.983,1627090000.0,0.0,41.25,1.033,1.783,1078530000.0,2465064000.0,6493172000.0,6493172000.0,0.0,0.102,0.232,0.307,0.141,1377000.0,967916000.0,1.0,162648357.0,280731000,291883000.0,23.13,4422096000.0,108192000.0,335139000.0,31271000.0,15.752,1278768000.0
23,NWL,MRY,1997-12-31,1997-12-31,1997-12-31,2021-08-02,19521000.0,5775248000.0,4416839000.0,2249079000.0,3526169000.0,1.277,16.411,0.0,150131000.0,150131000.0,4005958000.0,321617000.0,1.81,1.17,1247895000.0,258201000.0,989694000.0,1247895000.0,0.0,247827000.0,0.0,0.015,0.64,435974000.0,683801000.0,0.121,683801000.0,435974000.0,321617000.0,1.15,1.14,1.15,2661417000.0,2080719500.0,2661417000.0,,,,633121000.0,3.904,1.0,1635483000.0,0.29,1516933000.0,114357000.0,4113624000.0,3186677500.0,902978000.0,358141000.0,0.0,358141000.0,3113831000.0,1242455000.0,1871376000.0,6766000000.0,118169000.0,0.0,0.0,0.0,0.0,-512752000.0,190453000.0,190453000.0,633121000.0,-2200000.0,321617000.0,321617000.0,321617000.0,0.0,0.0,0.057,995820000.0,639663000.0,299351000.0,0.557,2.542,21.037,36.957,1410522000.0,0.0,42.5,1.199,1.222,935657000.0,2195716000.0,5641441000.0,5641441000.0,0.0,0.073,0.155,0.137,0.077,0.0,838877000.0,1.0,159200000.0,162173000,163308000.0,34.787,4258315000.0,157132000.0,0.0,93530000.0,26.258,1006624000.0
24,NWL,MRY,1996-12-31,1996-12-31,1996-12-31,2021-08-02,28934000.0,3058430000.0,2992770500.0,1148464000.0,1909966000.0,0.993,9.268,-96230000.0,4363000.0,4363000.0,2020116000.0,259042000.0,1.725,1.039,794422000.0,108814000.0,685608000.0,794422000.0,0.0,118109000.0,0.0,0.018,0.56,486841000.0,604950000.0,0.203,604950000.0,486841000.0,428300000.0,1.6,1.6,1.6,1500022000.0,1397994000.0,1500022000.0,,,,269790000.0,1.667,1.0,952723000.0,0.32,922874000.0,58541000.0,2259731000.0,2244177000.0,524444000.0,299492000.0,0.0,299492000.0,1558408000.0,665884000.0,892524000.0,,-56429000.0,-58213000.0,7274000.0,-191635000.0,-88900000.0,-273261000.0,-149526000.0,-3513000.0,366020000.0,338000.0,259042000.0,259042000.0,259042000.0,0.0,0.0,0.087,485356000.0,467367000.0,114158000.0,0.35,,,19.688,567880000.0,0.0,31.5,,1.715,424479000.0,1114294000.0,2972839000.0,2972839000.0,0.0,0.087,0.185,0.217,0.164,0.0,461802000.0,1.0,,161858000,162281000.0,18.367,2135556000.0,126200000.0,169258000.0,85391000.0,13.194,482580000.0
25,NWL,MRY,1995-12-31,1995-12-31,1995-12-31,2021-08-02,7913000.0,2927111000.0,,1132874000.0,1794237000.0,,8.191,-82562000.0,58771000.0,58771000.0,1715585000.0,222471000.0,1.665,1.259,924626000.0,163048000.0,761578000.0,924626000.0,0.0,101722000.0,0.0,0.018,0.46,420597000.0,522319000.0,0.209,522319000.0,420597000.0,370785000.0,1.41,1.4,1.41,1295966000.0,,1295966000.0,,,,194180000.0,1.227,1.0,782829000.0,0.313,884084000.0,49812000.0,2228623000.0,,509245000.0,257166000.0,0.0,257166000.0,1631145000.0,680259000.0,950886000.0,,43879000.0,-187788000.0,7100000.0,64602000.0,-72766000.0,-1064000.0,-234398000.0,37324000.0,276742000.0,2599000.0,222471000.0,222471000.0,222471000.0,0.0,0.0,0.089,382636000.0,400193000.0,113927000.0,0.326,,,18.355,530285000.0,0.0,25.88,,1.639,390296000.0,938567000.0,2498414000.0,2498414000.0,0.0,,,,0.168,0.0,363356000.0,1.0,,158212000,158530000.0,15.792,2043027000.0,107499000.0,148314000.0,44030000.0,12.913,452615000.0
0,NWL,MRQ,2021-06-30,2021-06-30,2021-06-30,2021-08-02,-873000000.0,14620000000.0,,4655000000.0,9965000000.0,,9.37,-60000000.0,637000000.0,637000000.0,1827000000.0,197000000.0,1.233,2.662,5928000000.0,610000000.0,5318000000.0,5928000000.0,0.0,80000000.0,0.0,0.033,0.23,308000000.0,388000000.0,0.143,388000000.0,308000000.0,243000000.0,0.46,0.46,0.46,3986000000.0,,3986000000.0,16950991000.0,17.0,12.355,41000000.0,0.096,1.0,882000000.0,0.326,7033000000.0,65000000.0,9102000000.0,,2016000000.0,0.0,0.0,0.0,10609000000.0,3776000000.0,6833000000.0,11682991000.0,-41000000.0,0.0,0.0,-1000000.0,-98000000.0,-95000000.0,-55000000.0,-4000000.0,101000000.0,8000000.0,197000000.0,197000000.0,197000000.0,0.0,0.0,0.073,577000000.0,305000000.0,1577000000.0,0.5,2.931,16.294,16.254,1649000000.0,0.0,27.47,1.125,1.125,1717000000.0,-2888000000.0,2709000000.0,2709000000.0,0.0,,,,,12000000.0,572000000.0,1.0,425300000.0,425400000,427800000.0,6.368,7587000000.0,857000000.0,46000000.0,436000000.0,17.835,879000000.0
1,NWL,MRQ,2021-03-31,2021-03-31,2021-03-31,2021-08-02,-914000000.0,14340000000.0,,4385000000.0,9955000000.0,,9.028,-54000000.0,682000000.0,682000000.0,1557000000.0,89000000.0,1.304,2.732,5950000000.0,357000000.0,5593000000.0,5950000000.0,0.0,86000000.0,0.0,0.034,0.23,193000000.0,279000000.0,0.122,279000000.0,193000000.0,126000000.0,0.21,0.21,0.21,3836000000.0,,3836000000.0,16468788000.0,19.0,13.357,-79000000.0,-0.186,1.0,731000000.0,0.319,7031000000.0,67000000.0,9214000000.0,,1901000000.0,0.0,0.0,0.0,10479000000.0,3363000000.0,7116000000.0,11370788000.0,-332000000.0,0.0,0.0,-100000000.0,-100000000.0,-239000000.0,-54000000.0,0.0,-25000000.0,-14000000.0,89000000.0,89000000.0,89000000.0,0.0,0.0,0.039,539000000.0,192000000.0,1501000000.0,1.095,2.964,19.015,18.993,1664000000.0,0.0,26.78,1.162,1.163,1530000000.0,-3085000000.0,2288000000.0,2288000000.0,0.0,,,,,14000000.0,534000000.0,1.0,424600000.0,424900000,427600000.0,5.385,7309000000.0,843000000.0,37000000.0,438000000.0,17.202,1022000000.0
2,NWL,MRQ,2020-12-31,2020-12-31,2020-12-31,2021-08-02,-880000000.0,14700000000.0,,4628000000.0,10072000000.0,,9.135,-101000000.0,981000000.0,981000000.0,1805000000.0,127000000.0,1.278,2.788,6079000000.0,466000000.0,5613000000.0,6079000000.0,0.0,90000000.0,0.0,0.043,0.23,170000000.0,260000000.0,0.097,260000000.0,170000000.0,101000000.0,0.3,0.3,0.3,3874000000.0,,3874000000.0,14525889000.0,-20.0,-38.736,511000000.0,1.205,1.0,884000000.0,0.329,7117000000.0,69000000.0,9060000000.0,,1638000000.0,0.0,0.0,0.0,10800000000.0,3621000000.0,7179000000.0,9007889000.0,156000000.0,1000000.0,0.0,-302000000.0,-98000000.0,-385000000.0,-90000000.0,0.0,612000000.0,19000000.0,127000000.0,127000000.0,127000000.0,0.0,0.0,0.047,636000000.0,248000000.0,1526000000.0,0.767,2.325,-11.699,-11.665,1706000000.0,0.0,21.23,0.96,0.959,1678000000.0,-3174000000.0,2689000000.0,2689000000.0,0.0,,,,,13000000.0,608000000.0,1.0,424300000.0,424100000,424100000.0,6.34,7583000000.0,838000000.0,-26000000.0,414000000.0,17.88,1007000000.0
3,NWL,MRQ,2020-09-30,2020-09-30,2020-09-30,2021-08-02,-988000000.0,14720000000.0,,4704000000.0,10016000000.0,,8.782,-64000000.0,858000000.0,858000000.0,1785000000.0,304000000.0,1.514,2.944,6376000000.0,97000000.0,6279000000.0,6376000000.0,0.0,91000000.0,0.0,0.054,0.23,354000000.0,445000000.0,0.165,445000000.0,354000000.0,283000000.0,0.72,0.71,0.72,3726000000.0,,3726000000.0,13338988000.0,-18.0,-35.954,624000000.0,1.471,1.0,914000000.0,0.339,7090000000.0,71000000.0,10040000000.0,,1718000000.0,0.0,0.0,0.0,10970000000.0,3108000000.0,7862000000.0,7280988000.0,231000000.0,15000000.0,0.0,-307000000.0,-97000000.0,-413000000.0,-50000000.0,0.0,688000000.0,6000000.0,304000000.0,304000000.0,304000000.0,0.0,0.0,0.113,551000000.0,363000000.0,1415000000.0,0.319,1.954,-70.689,-68.64,1658000000.0,0.0,17.16,0.781,0.781,1814000000.0,-3301000000.0,2699000000.0,2699000000.0,0.0,,,,,10000000.0,545000000.0,1.0,424300000.0,424300000,425400000.0,6.361,7630000000.0,882000000.0,-21000000.0,463000000.0,17.983,1596000000.0
4,NWL,MRQ,2020-06-30,2020-06-30,2020-06-30,2021-08-02,-1006000000.0,14257000000.0,,4286000000.0,9971000000.0,,8.232,-36000000.0,619000000.0,619000000.0,1447000000.0,78000000.0,1.469,3.076,6677000000.0,402000000.0,6275000000.0,6677000000.0,0.0,85000000.0,0.0,0.058,0.23,164000000.0,249000000.0,0.118,249000000.0,164000000.0,93000000.0,0.18,0.18,0.18,3492000000.0,,3492000000.0,12775708000.0,-6.0,-8.28,73000000.0,0.172,1.0,664000000.0,0.315,7057000000.0,71000000.0,10341000000.0,,1714000000.0,0.0,0.0,0.0,10741000000.0,2917000000.0,7824000000.0,6734708000.0,147000000.0,0.0,0.0,160000000.0,-98000000.0,66000000.0,-32000000.0,0.0,109000000.0,4000000.0,78000000.0,78000000.0,78000000.0,0.0,0.0,0.037,501000000.0,163000000.0,1157000000.0,1.278,1.929,-6.52,-6.482,1671000000.0,0.0,15.88,0.733,0.733,1641000000.0,-3605000000.0,2111000000.0,2111000000.0,0.0,,,,,10000000.0,488000000.0,1.0,424100000.0,424200000,424700000.0,4.976,7200000000.0,860000000.0,15000000.0,471000000.0,16.973,1369000000.0
5,NWL,MRQ,2020-03-31,2020-03-31,2020-03-31,2021-08-02,-1055000000.0,13903000000.0,,3917000000.0,9986000000.0,,8.15,-58000000.0,476000000.0,476000000.0,1269000000.0,-1279000000.0,1.327,3.018,6517000000.0,639000000.0,5878000000.0,6517000000.0,0.0,91000000.0,0.0,0.069,0.23,-1420000000.0,-1329000000.0,-0.705,-1329000000.0,-1420000000.0,-1483000000.0,-3.02,-3.02,-3.02,3454000000.0,,3454000000.0,11540580000.0,-6.0,-7.658,-35000000.0,-0.083,1.0,617000000.0,0.327,7050000000.0,63000000.0,9943000000.0,,1700000000.0,0.0,0.0,0.0,10424000000.0,2951000000.0,7473000000.0,5624080000.0,116000000.0,0.0,0.0,289000000.0,-99000000.0,173000000.0,-56000000.0,0.0,23000000.0,-24000000.0,-1279000000.0,-1279000000.0,-1279000000.0,0.0,0.0,-0.678,2025000000.0,-1408000000.0,1036000000.0,-0.076,1.628,-5.508,-5.488,1684000000.0,0.0,13.28,0.588,0.589,1398000000.0,-3683000000.0,1886000000.0,1886000000.0,0.0,,,,,8000000.0,548000000.0,1.0,423500000.0,423800000,423800000.0,4.45,6853000000.0,873000000.0,-204000000.0,498000000.0,16.17,966000000.0
6,NWL,MRQ,2019-12-31,2019-12-31,2019-12-31,2021-08-02,-920000000.0,15642000000.0,,4110000000.0,11532000000.0,,11.725,-93000000.0,349000000.0,349000000.0,1772000000.0,794000000.0,1.38,2.145,6264000000.0,332000000.0,5932000000.0,6264000000.0,0.0,121000000.0,0.0,0.048,0.23,143000000.0,264000000.0,0.101,264000000.0,143000000.0,73000000.0,1.87,1.87,1.87,4963000000.0,,4963000000.0,14553248000.0,-23.0,-79.963,527000000.0,1.245,1.0,852000000.0,0.325,8625000000.0,70000000.0,9954000000.0,,1606000000.0,0.0,0.0,0.0,10646000000.0,2978000000.0,7668000000.0,8137748000.0,-95000000.0,242000000.0,0.0,-603000000.0,-98000000.0,-880000000.0,155000000.0,0.0,620000000.0,10000000.0,794000000.0,794000000.0,794000000.0,-16000000.0,0.0,0.303,720000000.0,132000000.0,1102000000.0,0.123,1.64,76.054,76.88,1770000000.0,0.0,19.22,0.838,0.837,1842000000.0,-2404000000.0,2624000000.0,2624000000.0,0.0,,,,,13000000.0,640000000.0,1.0,423400000.0,423300000,425700000.0,6.199,7017000000.0,776000000.0,-721000000.0,625000000.0,16.577,1132000000.0
7,NWL,MRQ,2019-09-30,2019-09-30,2019-09-30,2021-08-02,-1038100000.0,16010200000.0,,5468400000.0,10541800000.0,,9.772,-57000000.0,465400000.0,465400000.0,1722000000.0,-626000000.0,1.484,2.862,6880900000.0,633900000.0,6247000000.0,6880900000.0,0.0,151000000.0,0.0,0.049,0.23,-878000000.0,-727000000.0,-0.283,-727000000.0,-878000000.0,-953000000.0,-1.48,-1.48,-1.48,4137600000.0,,4137600000.0,14625448000.0,-25.0,-95.779,376000000.0,0.888,1.0,847000000.0,0.33,8289300000.0,75000000.0,10452200000.0,,1877200000.0,0.0,0.0,0.0,11841700000.0,3684200000.0,8157500000.0,7926048000.0,-159000000.0,14000000.0,0.0,-412000000.0,-98000000.0,-538000000.0,-41000000.0,0.0,433000000.0,-13000000.0,-626000000.0,-626000000.0,-626000000.0,-15000000.0,0.0,-0.244,1704000000.0,-857000000.0,1118500000.0,-0.155,1.916,-15.758,-12.735,1696700000.0,0.0,18.72,0.778,0.778,1872800000.0,-3198000000.0,2569000000.0,2569000000.0,0.0,,,,,9000000.0,630000000.0,1.0,423400000.0,423400000,423400000.0,6.068,7720900000.0,222500000.0,-327000000.0,759200000.0,18.235,1784200000.0
8,NWL,MRQ,2019-06-30,2019-06-30,2019-06-30,2021-08-02,-921300000.0,17666300000.0,,7061700000.0,10604600000.0,,11.739,-57000000.0,624500000.0,624500000.0,1615000000.0,90000000.0,2.252,2.548,7323900000.0,43400000.0,7280500000.0,7323900000.0,0.0,87000000.0,0.0,0.06,0.23,198000000.0,285000000.0,0.115,285000000.0,198000000.0,120000000.0,0.21,0.21,0.21,4969200000.0,,4969200000.0,13975902000.0,-2.0,-1.799,134000000.0,0.317,1.0,865000000.0,0.349,8462300000.0,78000000.0,12767600000.0,,1845200000.0,0.0,0.0,0.0,12661700000.0,3135800000.0,9525900000.0,6524202000.0,261000000.0,740000000.0,0.0,-531000000.0,-97000000.0,-631000000.0,698000000.0,0.0,191000000.0,3000000.0,90000000.0,90000000.0,90000000.0,33000000.0,0.0,0.036,634000000.0,231000000.0,1083800000.0,1.095,1.313,-0.908,-0.994,1569100000.0,0.0,15.42,0.642,0.642,1769000000.0,-2572200000.0,2480000000.0,2480000000.0,0.0,,,,,15000000.0,612000000.0,1.0,423100000.0,423300000,423500000.0,5.859,9204000000.0,234100000.0,30000000.0,1024900000.0,21.743,3925900000.0
9,NWL,MRQ,2019-03-31,2019-03-31,2019-03-31,2021-08-02,-936500000.0,18106100000.0,,7516100000.0,10590000000.0,,11.698,-58000000.0,364100000.0,364100000.0,1387000000.0,-151000000.0,2.116,2.652,7815800000.0,573600000.0,7242200000.0,7815800000.0,0.0,87000000.0,0.0,0.06,0.23,-91000000.0,-4000000.0,-0.002,-4000000.0,-91000000.0,-171000000.0,-0.36,-0.36,-0.36,4948400000.0,,4948400000.0,13005052000.0,-2.0,-1.702,-258000000.0,-0.61,1.0,655000000.0,0.321,8494700000.0,80000000.0,13511500000.0,,1799000000.0,0.0,0.0,0.0,13123000000.0,3551600000.0,9571400000.0,6485752000.0,-132000000.0,0.0,0.0,248000000.0,-98000000.0,145000000.0,-76000000.0,0.0,-200000000.0,-1000000.0,-151000000.0,-151000000.0,-151000000.0,77000000.0,0.0,-0.074,643000000.0,12000000.0,934900000.0,-0.639,1.311,-0.908,-0.993,1550000000.0,0.0,15.34,0.656,0.656,1606100000.0,-2662000000.0,2042000000.0,2042000000.0,0.0,,,,,5000000.0,569000000.0,1.0,422800000.0,423000000,423000000.0,4.827,9611400000.0,216000000.0,-20000000.0,1000700000.0,22.722,3964500000.0
10,NWL,MRQ,2018-12-31,2018-12-31,2018-12-31,2021-08-02,-912800000.0,17722400000.0,,5958500000.0,11763900000.0,,11.558,-110300000.0,495700000.0,495700000.0,2030200000.0,184000000.0,1.804,2.389,7015000000.0,318700000.0,6696300000.0,7015000000.0,0.0,96400000.0,0.0,0.049,0.23,196900000.0,293300000.0,0.095,293300000.0,196900000.0,93100000.0,0.16,0.16,0.16,5218400000.0,,5218400000.0,16847312000.0,-2.0,-2.27,388100000.0,0.86,1.0,1062700000.0,0.344,10024500000.0,103800000.0,10913700000.0,,1760700000.0,0.0,0.0,0.0,12469200000.0,3303500000.0,9165700000.0,8677812000.0,-947900000.0,2358400000.0,-995900000.0,-2578100000.0,-102700000.0,-3686000000.0,2247700000.0,0.0,498400000.0,-8000000.0,184000000.0,184000000.0,184000000.0,-72200000.0,0.0,0.059,935500000.0,127200000.0,1191600000.0,1.438,1.663,-1.25,-1.269,1226100000.0,0.0,18.59,0.855,0.867,2163500000.0,-2511300000.0,3092900000.0,3092900000.0,0.0,,,,,18100000.0,740900000.0,1.0,466800000.0,451500000,451500000.0,6.85,7697900000.0,183300000.0,-90900000.0,1090000000.0,17.05,2655000000.0
11,NWL,MRQ,2018-09-30,2018-09-30,2018-09-30,2021-08-02,-1037100000.0,22398100000.0,,12208500000.0,10189600000.0,,12.725,-72700000.0,1443600000.0,1443600000.0,1633300000.0,-7311000000.0,2.98,2.732,9613100000.0,316300000.0,9296800000.0,9613100000.0,0.0,82800000.0,0.0,0.045,0.23,-8425000000.0,-8342200000.0,-3.273,-8342200000.0,-8425000000.0,-8530600000.0,-15.52,-15.52,-15.52,5993300000.0,,5993300000.0,17815250000.0,-2.0,-2.479,499400000.0,1.06,1.0,915400000.0,0.359,8745000000.0,105600000.0,17725900000.0,,1857500000.0,0.0,0.0,0.0,16371900000.0,4096700000.0,12275200000.0,9591750000.0,-835800000.0,109200000.0,-511100000.0,-886400000.0,-107400000.0,-1505100000.0,98900000.0,0.0,572100000.0,-1700000.0,-7311000000.0,-7311000000.0,-7311000000.0,585700000.0,0.0,-2.869,8750500000.0,-7835100000.0,1172000000.0,-0.015,1.6,-1.753,-1.729,916900000.0,0.0,20.3,0.899,0.896,2015400000.0,-2694800000.0,2548700000.0,2548700000.0,0.0,,,,,20200000.0,604400000.0,1.0,472500000.0,471000000,471000000.0,5.411,13653100000.0,206100000.0,-1219600000.0,1563700000.0,28.987,8111800000.0
12,NWL,MRQ,2018-06-30,2018-06-30,2018-06-30,2021-08-02,-990200000.0,32191200000.0,,13747400000.0,18443800000.0,,28.709,-105900000.0,2279400000.0,2279400000.0,1426800000.0,131700000.0,3.165,1.304,10502900000.0,1202200000.0,9300700000.0,10502900000.0,0.0,105000000.0,0.0,0.036,0.23,305200000.0,410200000.0,0.186,410200000.0,305200000.0,184700000.0,0.27,0.27,0.27,13958300000.0,,13958300000.0,23223303000.0,24.0,15.162,-94700000.0,-0.195,1.0,774800000.0,0.352,16931100000.0,120500000.0,19140700000.0,,1860300000.0,0.0,0.0,0.0,18200000000.0,4342900000.0,13857100000.0,12526203000.0,1820400000.0,2665400000.0,0.0,-621600000.0,-112300000.0,-737600000.0,2565700000.0,0.0,11200000.0,-18900000.0,131700000.0,131700000.0,131700000.0,-208100000.0,0.0,0.06,690900000.0,83900000.0,1017300000.0,0.852,0.897,6.045,6.054,929000000.0,0.0,25.79,1.183,1.184,1928700000.0,4624500000.0,2201600000.0,2201600000.0,0.0,,,,,27600000.0,613600000.0,1.0,485700000.0,486200000,486200000.0,4.528,15260100000.0,215900000.0,53000000.0,3097900000.0,31.386,9404500000.0
13,NWL,MRQ,2018-03-31,2018-03-31,2018-03-31,2021-08-02,-711700000.0,33469400000.0,,8471300000.0,24998100000.0,,29.076,-95100000.0,459000000.0,459000000.0,1206200000.0,53300000.0,1.723,1.366,11156100000.0,1532600000.0,9623500000.0,11156100000.0,0.0,149800000.0,0.0,0.036,0.23,83000000.0,232800000.0,0.129,232800000.0,83000000.0,-33100000.0,0.11,0.11,0.11,14130900000.0,,14130900000.0,22429596000.0,24.0,14.594,-496800000.0,-1.022,1.0,605300000.0,0.334,22815300000.0,116100000.0,16433300000.0,,2584900000.0,0.0,0.0,0.0,19302100000.0,4917900000.0,14384200000.0,12362896000.0,-26700000.0,0.0,0.0,602100000.0,-112600000.0,474700000.0,-105300000.0,0.0,-401700000.0,5600000.0,53300000.0,53300000.0,53300000.0,-108000000.0,0.0,0.029,631700000.0,-26400000.0,1398200000.0,2.091,0.875,5.714,5.726,1564700000.0,0.0,25.48,1.133,1.135,2346000000.0,4542500000.0,1811500000.0,1811500000.0,0.0,,,,,10100000.0,626300000.0,1.0,485200000.0,486000000,486000000.0,3.727,10654100000.0,224900000.0,-86400000.0,3281100000.0,21.922,3553400000.0
14,NWL,MRQ,2017-12-31,2017-12-31,2017-12-31,2021-08-02,-763100000.0,33135500000.0,,10725700000.0,22409800000.0,,28.991,-113300000.0,485700000.0,485700000.0,2746300000.0,1652900000.0,2.185,1.34,10551000000.0,661800000.0,9889200000.0,10551000000.0,0.0,159800000.0,0.0,0.028,0.23,353400000.0,513200000.0,0.125,513200000.0,353400000.0,237500000.0,3.4,3.38,3.4,14144700000.0,,14144700000.0,25827190000.0,15.0,11.045,876700000.0,1.797,1.0,1361300000.0,0.331,17072600000.0,115900000.0,21220500000.0,,1662400000.0,0.0,0.0,0.0,18954200000.0,4907700000.0,14046500000.0,15144090000.0,-306600000.0,5500000.0,-152400000.0,-926900000.0,-111500000.0,-1189900000.0,-104900000.0,0.0,990000000.0,-1800000.0,1652900000.0,1652900000.0,1652900000.0,109400000.0,0.0,0.402,898300000.0,463000000.0,1226800000.0,0.068,1.071,5.509,5.469,972400000.0,0.0,30.9,1.356,1.346,1879300000.0,4611200000.0,4107600000.0,4107600000.0,0.0,,,,,9700000.0,871400000.0,1.0,490100000.0,487900000,488300000.0,8.419,16062900000.0,144800000.0,-1415400000.0,2552700000.0,32.923,5818000000.0
15,NWL,MRQ,2017-09-30,2017-09-30,2017-09-30,2021-08-02,-771600000.0,33888000000.0,,6949300000.0,26938700000.0,,25.967,-101700000.0,792300000.0,792300000.0,1601700000.0,234400000.0,1.456,1.658,11475400000.0,1291000000.0,10184400000.0,11475400000.0,0.0,155800000.0,0.0,0.02,0.23,219700000.0,375500000.0,0.152,375500000.0,219700000.0,103300000.0,0.48,0.48,0.48,12734400000.0,,12734400000.0,31526167000.0,19.0,13.763,81300000.0,0.166,1.0,864900000.0,0.351,24834100000.0,116400000.0,14962800000.0,,2861500000.0,0.0,0.0,0.0,21118000000.0,4774200000.0,16343800000.0,20912567000.0,12100000.0,123000000.0,0.0,65900000.0,-112800000.0,-208200000.0,25100000.0,0.0,183000000.0,12200000.0,234400000.0,234400000.0,234400000.0,-123300000.0,0.0,0.095,723800000.0,141100000.0,1699000000.0,0.479,1.642,16.578,16.412,1675200000.0,0.0,42.67,2.516,2.517,2916000000.0,3067700000.0,2466600000.0,2466600000.0,0.0,,,,,21500000.0,687900000.0,1.0,490100000.0,490400000,491500000.0,5.03,9053900000.0,35400000.0,-131100000.0,4888500000.0,18.462,2175100000.0
16,NWL,MRQ,2017-06-30,2017-06-30,2017-06-30,2021-08-02,-825000000.0,33950000000.0,,7130900000.0,26819100000.0,,25.283,-90500000.0,780200000.0,780200000.0,1650200000.0,223000000.0,1.488,1.77,11393800000.0,1221000000.0,10172800000.0,11393800000.0,0.0,149400000.0,0.0,0.015,0.23,266000000.0,415400000.0,0.164,415400000.0,266000000.0,151500000.0,0.46,0.46,0.46,12244400000.0,,12244400000.0,36400922000.0,20.0,15.309,-33700000.0,-0.07,1.0,877200000.0,0.347,24728500000.0,114500000.0,15043800000.0,,2649500000.0,0.0,0.0,0.0,21671800000.0,4791300000.0,16880500000.0,25903822000.0,92700000.0,38500000.0,0.0,186500000.0,-111400000.0,61900000.0,-47400000.0,0.0,56800000.0,21400000.0,223000000.0,223000000.0,223000000.0,-206400000.0,0.0,0.088,784900000.0,92300000.0,1719000000.0,0.5,2.116,21.345,21.363,1653200000.0,0.0,53.62,2.643,2.649,2988700000.0,2946700000.0,2527400000.0,2527400000.0,0.0,,,,,19300000.0,695800000.0,1.0,483100000.0,484300000,485900000.0,5.219,9221500000.0,39300000.0,-71500000.0,4930300000.0,19.041,2339600000.0
17,NWL,MRQ,2017-03-31,2017-03-31,2017-03-31,2021-08-02,-948700000.0,33335300000.0,,6488700000.0,26846600000.0,,24.774,-100700000.0,687500000.0,687500000.0,2149100000.0,638500000.0,1.503,1.776,11184600000.0,852500000.0,10332100000.0,11184600000.0,0.0,170600000.0,0.0,0.016,0.19,912300000.0,1082900000.0,0.332,1082900000.0,912300000.0,790100000.0,1.32,1.31,1.32,11995600000.0,,11995600000.0,34060108000.0,19.0,14.28,-364300000.0,-0.752,1.0,1117200000.0,0.342,24331100000.0,122200000.0,15183100000.0,,2476600000.0,0.0,0.0,0.0,21305500000.0,4318200000.0,16987300000.0,22754808000.0,100000000.0,1305600000.0,0.0,-725900000.0,-92900000.0,-859600000.0,1205700000.0,0.0,-263600000.0,17500000.0,638500000.0,638500000.0,638500000.0,0.0,0.0,0.195,963200000.0,154000000.0,1396900000.0,0.144,1.897,20.212,20.072,1563900000.0,0.0,47.17,2.044,2.052,2559600000.0,2835500000.0,3266300000.0,3266300000.0,0.0,,,,,20400000.0,931500000.0,1.0,482400000.0,484200000,485800000.0,6.746,9004200000.0,91400000.0,151600000.0,4883800000.0,18.596,2170500000.0
18,NWL,MRQ,2016-12-31,2016-12-31,2016-12-31,2021-08-02,-1044800000.0,33837500000.0,,7484500000.0,26353000000.0,,23.147,-153900000.0,587500000.0,587500000.0,-41800000.0,165600000.0,1.744,1.978,11892800000.0,601900000.0,11290900000.0,11892800000.0,0.0,130000000.0,0.0,0.017,0.19,286900000.0,416900000.0,7.866,416900000.0,286900000.0,163300000.0,0.34,0.34,0.34,11348800000.0,,11348800000.0,33616960000.0,34.0,23.569,837800000.0,1.709,1.0,94800000.0,1.789,24330700000.0,123600000.0,16520100000.0,,2116000000.0,0.0,0.0,0.0,22453100000.0,4292000000.0,18161100000.0,21539160000.0,-82500000.0,-9100000.0,0.0,-808000000.0,-91700000.0,-902900000.0,-150900000.0,0.0,991700000.0,-20400000.0,165600000.0,165600000.0,165600000.0,-566500000.0,0.0,3.125,383700000.0,-288900000.0,1518900000.0,0.559,1.898,40.809,35.72,1543400000.0,0.0,44.65,2.346,2.049,2746900000.0,2289900000.0,53000000.0,53000000.0,0.0,,,,,16100000.0,363200000.0,1.0,482400000.0,490300000,484900000.0,0.108,9506800000.0,95300000.0,-2300000.0,5082800000.0,19.39,3192500000.0
19,NWL,MRQ,2016-09-30,2016-09-30,2016-09-30,2021-08-02,-881000000.0,34415500000.0,,7880500000.0,26535000000.0,,23.61,-123600000.0,670000000.0,670000000.0,2679800000.0,186500000.0,1.938,2.009,12747800000.0,704500000.0,12043300000.0,12747800000.0,0.0,138000000.0,0.0,0.014,0.19,324600000.0,462600000.0,0.117,462600000.0,324600000.0,200100000.0,0.39,0.38,0.39,11427200000.0,,11427200000.0,37753152000.0,52.0,35.034,389200000.0,0.804,1.0,1274800000.0,0.322,24568600000.0,124500000.0,17858200000.0,,2434100000.0,0.0,0.0,0.0,22953200000.0,4066500000.0,18886700000.0,25392652000.0,42700000.0,-37600000.0,0.0,-230600000.0,-91900000.0,-317500000.0,-155200000.0,0.0,512800000.0,2600000.0,186500000.0,186500000.0,186500000.0,0.0,0.0,0.047,950900000.0,323900000.0,1433800000.0,0.487,2.222,67.642,59.169,1513700000.0,0.0,52.66,2.376,2.384,2772900000.0,2216100000.0,3954600000.0,3954600000.0,0.0,,,,,18700000.0,937900000.0,1.0,482200000.0,484000000,486200000.0,8.171,9846900000.0,0.0,13600000.0,5049800000.0,20.345,3814000000.0
20,NWL,MRQ,2016-06-30,2016-06-30,2016-06-30,2021-08-02,-881200000.0,33955300000.0,,6819200000.0,27136100000.0,,25.23,-112300000.0,627300000.0,627300000.0,2762900000.0,135200000.0,1.629,1.999,12987800000.0,943000000.0,12044800000.0,12987800000.0,0.0,126400000.0,0.0,0.016,0.19,296400000.0,422800000.0,0.11,422800000.0,296400000.0,169700000.0,0.3,0.3,0.3,11310700000.0,,11310700000.0,16220874000.0,28.0,19.412,485000000.0,1.082,1.0,1095700000.0,0.284,24934200000.0,126700000.0,17196600000.0,,2908700000.0,0.0,0.0,0.0,22612200000.0,4185000000.0,18427200000.0,13026474000.0,-7553600000.0,-8340300000.0,0.0,401900000.0,-91700000.0,310300000.0,-8448700000.0,0.0,597300000.0,-12500000.0,135200000.0,135200000.0,135200000.0,600000.0,0.0,0.035,958000000.0,137700000.0,1566800000.0,0.633,1.152,40.317,48.57,1709100000.0,0.0,48.57,1.576,2.635,2876600000.0,2122300000.0,3858600000.0,3858600000.0,0.0,,,,,19200000.0,947000000.0,1.0,268200000.0,448300000,450200000.0,8.607,9021100000.0,64900000.0,34500000.0,4559400000.0,20.123,2634200000.0
21,NWL,MRQ,2016-03-31,2016-03-31,2016-03-31,2021-08-02,-874200000.0,15332800000.0,,10488900000.0,4843900000.0,,6.607,-51600000.0,8180900000.0,8180900000.0,809300000.0,40500000.0,4.779,7.635,11375300000.0,768700000.0,10606600000.0,11375300000.0,0.0,42800000.0,0.0,0.017,0.19,81200000.0,124000000.0,0.094,124000000.0,81200000.0,51800000.0,0.15,0.15,0.15,1775200000.0,,1775200000.0,14635888000.0,30.0,21.969,-313000000.0,-1.165,1.0,505600000.0,0.385,3887500000.0,29400000.0,12444800000.0,,871500000.0,0.0,0.0,0.0,13554100000.0,2194900000.0,11359200000.0,11834288000.0,7906100000.0,-21000000.0,0.0,8309900000.0,-53300000.0,8238600000.0,-70000000.0,0.0,-261400000.0,-1100000.0,40500000.0,40500000.0,40500000.0,-200000.0,0.0,0.031,380200000.0,125400000.0,657100000.0,1.267,6.666,35.179,35.432,624500000.0,0.0,44.29,1.983,1.995,1187700000.0,2080600000.0,1314900000.0,1314900000.0,0.0,,,,,9900000.0,362500000.0,1.0,267200000.0,268700000,270100000.0,4.894,11445300000.0,38500000.0,11300000.0,203900000.0,42.595,8294000000.0
22,NWL,MRQ,2015-12-31,2015-12-31,2015-12-31,2021-08-02,-833800000.0,7259500000.0,,2493500000.0,4766000000.0,,6.792,-56700000.0,274800000.0,274800000.0,963600000.0,13200000.0,1.254,2.98,3057900000.0,388800000.0,2669100000.0,3057900000.0,0.0,43000000.0,0.0,0.017,0.19,25200000.0,68200000.0,0.044,68200000.0,25200000.0,100000.0,0.05,0.05,0.05,1822900000.0,,1822900000.0,14241968000.0,28.0,20.953,248100000.0,0.924,1.0,597200000.0,0.383,3854900000.0,25100000.0,4199100000.0,,721800000.0,0.0,0.0,0.0,5433100000.0,1988600000.0,3444500000.0,11773768000.0,8600000.0,-457200000.0,-19800000.0,296100000.0,-50900000.0,214800000.0,-510200000.0,0.0,304800000.0,-800000.0,13200000.0,13200000.0,13200000.0,-92900000.0,0.0,0.008,495300000.0,101900000.0,642400000.0,3.8,6.459,33.639,33.908,599200000.0,0.0,44.08,1.99,2.007,1250700000.0,2090900000.0,1560800000.0,1560800000.0,0.0,,,,,7200000.0,427600000.0,1.0,267100000.0,268400000,270600000.0,5.815,3404600000.0,38500000.0,-13100000.0,226600000.0,12.685,504900000.0
23,NWL,MRQ,2015-09-30,2015-09-30,2015-09-30,2021-08-02,-908700000.0,6793900000.0,,2586400000.0,4207500000.0,,6.64,-68900000.0,266200000.0,266200000.0,931100000.0,134200000.0,1.208,2.805,2734400000.0,637400000.0,2097000000.0,2734400000.0,0.0,43100000.0,0.0,0.019,0.19,177500000.0,220600000.0,0.144,220600000.0,177500000.0,160000000.0,0.5,0.5,0.5,1784800000.0,,1784800000.0,13259138000.0,24.0,18.106,271000000.0,1.008,1.0,598900000.0,0.391,3355600000.0,17500000.0,3765300000.0,,898800000.0,0.0,0.0,0.0,5005600000.0,2141200000.0,2864400000.0,10634338000.0,27500000.0,-2300000.0,-42300000.0,-144500000.0,-51000000.0,-232200000.0,-62700000.0,0.0,339900000.0,-17500000.0,134200000.0,134200000.0,134200000.0,-200000.0,0.0,0.088,412300000.0,186600000.0,679300000.0,0.38,5.958,27.352,27.576,594100000.0,0.0,39.71,1.808,1.815,1171300000.0,2141700000.0,1530000000.0,1530000000.0,0.0,,,,,7900000.0,391300000.0,1.0,267800000.0,268800000,271000000.0,5.692,3438300000.0,133600000.0,25800000.0,256000000.0,12.791,445200000.0
24,NWL,MRQ,2015-06-30,2015-06-30,2015-06-30,2021-08-02,-860200000.0,6958800000.0,,2753000000.0,4205800000.0,,6.598,-34900000.0,238700000.0,238700000.0,939900000.0,148500000.0,1.194,2.908,2863500000.0,782600000.0,2080900000.0,2863500000.0,0.0,43300000.0,0.0,0.018,0.19,210100000.0,253400000.0,0.162,253400000.0,210100000.0,192000000.0,0.55,0.55,0.55,1779600000.0,,1779600000.0,13665357000.0,25.0,19.104,67600000.0,0.251,1.0,621000000.0,0.398,3362500000.0,18100000.0,3914600000.0,,935600000.0,0.0,0.0,0.0,5175700000.0,2306500000.0,2869200000.0,11046257000.0,23300000.0,1100000.0,-50400000.0,42600000.0,-51200000.0,-55600000.0,-27900000.0,0.0,102500000.0,4300000.0,148500000.0,148500000.0,148500000.0,-400000.0,0.0,0.095,406300000.0,214700000.0,756700000.0,0.345,6.207,29.308,29.576,572000000.0,0.0,41.11,1.893,1.9,1304400000.0,2097700000.0,1560900000.0,1560900000.0,0.0,,,,,7300000.0,393000000.0,1.0,268700000.0,269700000,271700000.0,5.788,3596300000.0,129400000.0,43500000.0,235300000.0,13.334,446500000.0
25,NWL,MRQ,2015-03-31,2015-03-31,2015-03-31,2021-08-02,-887600000.0,6604600000.0,,2423000000.0,4181600000.0,,6.268,-50900000.0,215400000.0,215400000.0,776500000.0,54100000.0,1.185,2.893,2834500000.0,740400000.0,2094100000.0,2834500000.0,0.0,42200000.0,0.0,0.018,0.19,95300000.0,137500000.0,0.109,137500000.0,95300000.0,76100000.0,0.2,0.2,0.2,1695500000.0,,1695500000.0,12772795000.0,23.0,17.814,-205200000.0,-0.759,1.0,487500000.0,0.386,3351800000.0,19200000.0,3827700000.0,,852300000.0,0.0,0.0,0.0,4905600000.0,2044200000.0,2861400000.0,10490295000.0,16000000.0,2000000.0,-73600000.0,343400000.0,-53200000.0,218200000.0,-49100000.0,0.0,-154300000.0,1200000.0,54100000.0,54100000.0,54100000.0,2800000.0,0.0,0.043,389300000.0,98200000.0,615600000.0,0.95,6.187,27.679,28.312,563300000.0,0.0,39.07,1.816,1.829,1053200000.0,2046900000.0,1264000000.0,1264000000.0,0.0,,,,,6800000.0,362000000.0,1.0,268500000.0,270500000,272700000.0,4.673,3252800000.0,122900000.0,22000000.0,231100000.0,12.025,378800000.0
26,NWL,MRQ,2014-12-31,2014-12-31,2014-12-31,2021-08-02,-794400000.0,6564300000.0,,2292200000.0,4272100000.0,,6.787,-60900000.0,199400000.0,199400000.0,951900000.0,52000000.0,1.214,2.544,2481900000.0,397400000.0,2084500000.0,2481900000.0,0.0,41700000.0,0.0,0.017,0.17,79100000.0,120800000.0,0.079,120800000.0,79100000.0,62400000.0,0.19,0.19,0.19,1851400000.0,,1851400000.0,12380399000.0,23.0,18.116,229900000.0,0.843,1.0,574100000.0,0.376,3433200000.0,16700000.0,3525000000.0,,708500000.0,0.0,0.0,0.0,4709400000.0,1888600000.0,2820800000.0,10326199000.0,66800000.0,-278400000.0,-100600000.0,250800000.0,-46400000.0,122000000.0,-343500000.0,0.0,290800000.0,-2500000.0,52000000.0,52000000.0,52000000.0,-2700000.0,0.0,0.034,460600000.0,113500000.0,674100000.0,0.895,5.578,27.332,27.803,559100000.0,0.0,38.09,1.803,1.836,1248200000.0,2111200000.0,1526000000.0,1526000000.0,0.0,,,,,8600000.0,385600000.0,1.0,271100000.0,272800000,275900000.0,5.594,3131100000.0,39100000.0,10400000.0,105700000.0,11.478,403600000.0
27,NWL,MRQ,2014-09-30,2014-09-30,2014-09-30,2021-08-02,-689100000.0,6349200000.0,,2377400000.0,3971800000.0,,7.406,-34000000.0,132600000.0,132600000.0,907800000.0,122300000.0,1.086,2.133,2186800000.0,768100000.0,1418700000.0,2186800000.0,0.0,38700000.0,0.0,0.019,0.17,164900000.0,203600000.0,0.137,203600000.0,164900000.0,150600000.0,0.45,0.44,0.45,2025500000.0,,2025500000.0,11343658000.0,19.0,14.928,305200000.0,1.116,1.0,576700000.0,0.388,3173100000.0,14300000.0,3041600000.0,,789400000.0,0.0,0.0,0.0,4320200000.0,2188700000.0,2131500000.0,9421458000.0,-10100000.0,-308300000.0,-103900000.0,127700000.0,-46300000.0,-6300000.0,-344500000.0,0.0,339200000.0,1500000.0,122300000.0,122300000.0,122300000.0,600000.0,0.0,0.082,403500000.0,173200000.0,579100000.0,0.378,4.651,21.263,21.642,525300000.0,0.0,34.41,1.663,1.661,1158300000.0,2197200000.0,1484500000.0,1484500000.0,0.0,,,,,6800000.0,383800000.0,1.0,273800000.0,273500000,276400000.0,5.428,3176100000.0,144800000.0,28300000.0,0.0,11.613,188700000.0
28,NWL,MRQ,2014-06-30,2014-06-30,2014-06-30,2021-08-02,-620700000.0,6218100000.0,,2458600000.0,3759500000.0,,7.571,-35100000.0,142700000.0,142700000.0,906600000.0,150600000.0,1.238,1.959,2064900000.0,640700000.0,1424200000.0,2064900000.0,0.0,37600000.0,0.0,0.02,0.17,217500000.0,255100000.0,0.17,255100000.0,217500000.0,202500000.0,0.54,0.54,0.54,2100100000.0,,2100100000.0,10424333000.0,15.0,12.336,61100000.0,0.22,1.0,595600000.0,0.396,2955000000.0,15000000.0,3198900000.0,,811800000.0,0.0,0.0,0.0,4114500000.0,1986400000.0,2128100000.0,8574933000.0,5900000.0,3400000.0,-114300000.0,70500000.0,-46900000.0,-70600000.0,-31700000.0,0.0,96200000.0,12000000.0,150600000.0,150600000.0,150600000.0,-1600000.0,0.0,0.1,382300000.0,213300000.0,592900000.0,0.315,4.083,16.68,17.122,543000000.0,0.0,30.99,1.518,1.522,1230400000.0,2214900000.0,1502200000.0,1502200000.0,0.0,,,,,7500000.0,370800000.0,1.0,276700000.0,277400000,279700000.0,5.415,3263100000.0,135500000.0,51900000.0,0.0,11.763,472200000.0
29,NWL,MRQ,2014-03-31,2014-03-31,2014-03-31,2021-08-02,-635700000.0,5993900000.0,,2231300000.0,3762600000.0,,7.369,-31900000.0,136800000.0,136800000.0,757300000.0,52900000.0,1.437,1.894,1986200000.0,319500000.0,1666700000.0,1986200000.0,0.0,38100000.0,0.0,0.02,0.15,65800000.0,103900000.0,0.086,103900000.0,65800000.0,51400000.0,0.19,0.19,0.19,2070000000.0,,2070000000.0,9949210000.0,15.0,12.373,-124000000.0,-0.441,1.0,457000000.0,0.376,2968500000.0,14400000.0,3322000000.0,,801300000.0,0.0,0.0,0.0,3920400000.0,1552800000.0,2367600000.0,8339110000.0,-89500000.0,0.0,-44400000.0,144900000.0,-42900000.0,73900000.0,-32200000.0,0.0,-92100000.0,-39100000.0,52900000.0,52900000.0,52900000.0,-1100000.0,0.0,0.044,352300000.0,104700000.0,542800000.0,0.789,4.029,17.619,18.121,541300000.0,0.0,29.9,1.484,1.494,973100000.0,2212800000.0,1214300000.0,1214300000.0,0.0,,,,,7000000.0,340300000.0,1.0,278900000.0,280900000,283800000.0,4.323,3025400000.0,121300000.0,-1500000.0,0.0,10.77,678500000.0
30,NWL,MRQ,2013-12-31,2013-12-31,2013-12-31,2021-08-02,-645200000.0,6069700000.0,,2285600000.0,3784100000.0,,7.307,-52500000.0,226300000.0,226300000.0,923600000.0,117300000.0,1.424,1.928,1836400000.0,174800000.0,1661600000.0,1836400000.0,0.0,39500000.0,0.0,0.019,0.15,157800000.0,197300000.0,0.135,197300000.0,157800000.0,142800000.0,0.41,0.41,0.41,2071500000.0,,2071500000.0,10811952000.0,17.0,13.286,251700000.0,0.888,1.0,541700000.0,0.37,2975600000.0,15000000.0,3099700000.0,,684400000.0,0.0,0.0,0.0,3994700000.0,1604500000.0,2390200000.0,9308152000.0,28900000.0,8900000.0,-299000000.0,145100000.0,-42000000.0,-231300000.0,-43600000.0,0.0,304200000.0,-400000.0,117300000.0,117300000.0,117300000.0,-1000000.0,0.0,0.08,384300000.0,157400000.0,558900000.0,0.366,4.493,19.613,19.762,539600000.0,0.0,32.41,1.66,1.668,1105100000.0,2242100000.0,1465300000.0,1465300000.0,0.0,,,,,9500000.0,371700000.0,1.0,287200000.0,283500000,287000000.0,5.169,3094100000.0,134400000.0,25500000.0,108300000.0,10.914,681100000.0
31,NWL,MRQ,2013-09-30,2013-09-30,2013-09-30,2021-08-02,-777500000.0,6152900000.0,,2384200000.0,3768700000.0,,7.548,-28700000.0,197400000.0,197400000.0,913600000.0,193300000.0,1.652,1.808,1701200000.0,30100000.0,1671100000.0,1701200000.0,0.0,39800000.0,0.0,0.022,0.15,248900000.0,288700000.0,0.197,288700000.0,248900000.0,233200000.0,0.67,0.66,0.67,2189600000.0,,2189600000.0,9853600000.0,15.0,12.195,332100000.0,1.145,1.0,552500000.0,0.377,2970600000.0,15700000.0,3243300000.0,,822600000.0,0.0,0.0,0.0,3959800000.0,1442800000.0,2517000000.0,7925500000.0,43300000.0,180900000.0,-46800000.0,-383000000.0,-44000000.0,-472700000.0,154300000.0,0.0,360800000.0,900000.0,193300000.0,193300000.0,193300000.0,-71100000.0,0.0,0.132,374000000.0,178500000.0,575100000.0,0.224,3.62,17.259,17.296,523100000.0,0.0,27.5,1.426,1.436,1056900000.0,2416200000.0,1466100000.0,1466100000.0,0.0,,,,,8000000.0,342700000.0,1.0,288200000.0,290100000,292900000.0,5.054,3182300000.0,152900000.0,39900000.0,0.0,10.97,941400000.0
32,NWL,MRQ,2013-06-30,2013-06-30,2013-06-30,2021-08-02,-818600000.0,6402900000.0,,2600200000.0,3802700000.0,,7.002,-23400000.0,154100000.0,154100000.0,892000000.0,109800000.0,1.412,2.142,2082200000.0,413200000.0,1669000000.0,2082200000.0,0.0,39800000.0,0.0,0.021,0.15,174400000.0,214200000.0,0.145,214200000.0,174400000.0,159400000.0,0.38,0.37,0.38,2037000000.0,,2037000000.0,9511525000.0,16.0,12.781,39900000.0,0.137,1.0,582700000.0,0.395,2984400000.0,15000000.0,3505200000.0,,884700000.0,0.0,0.0,0.0,4362400000.0,1841400000.0,2521000000.0,7573125000.0,-20100000.0,0.0,-38600000.0,1400000.0,-43600000.0,-57600000.0,-23400000.0,0.0,63300000.0,-2400000.0,109800000.0,109800000.0,109800000.0,6800000.0,0.0,0.074,397300000.0,185400000.0,658100000.0,0.395,3.718,20.238,20.349,533400000.0,0.0,26.25,1.365,1.376,1215300000.0,2307600000.0,1474700000.0,1474700000.0,0.0,,,,,10300000.0,365300000.0,1.0,288500000.0,290900000,294300000.0,5.069,3418500000.0,155900000.0,49600000.0,0.0,11.751,758800000.0
33,NWL,MRQ,2013-03-31,2013-03-31,2013-03-31,2021-08-02,-811000000.0,6197200000.0,,2356600000.0,3840600000.0,,6.845,-33600000.0,174200000.0,174200000.0,767200000.0,54200000.0,1.407,2.12,2112600000.0,413000000.0,1699600000.0,2112600000.0,0.0,39800000.0,0.0,0.019,0.15,75200000.0,115000000.0,0.093,115000000.0,75200000.0,60600000.0,0.19,0.19,0.19,1985100000.0,,1985100000.0,9209640000.0,16.0,12.219,-156700000.0,-0.54,1.0,473600000.0,0.382,2983000000.0,14600000.0,3478000000.0,,815000000.0,0.0,0.0,0.0,4208600000.0,1674600000.0,2534000000.0,7475040000.0,-9600000.0,0.0,-33800000.0,200700000.0,-44500000.0,148100000.0,-33900000.0,0.0,-123100000.0,-700000.0,54200000.0,54200000.0,54200000.0,9600000.0,0.0,0.044,375800000.0,97800000.0,570100000.0,0.789,3.766,19.87,20.233,549500000.0,0.0,26.1,1.359,1.376,1021300000.0,2275900000.0,1240800000.0,1240800000.0,0.0,,,,,9400000.0,341400000.0,1.0,286400000.0,290000000,293100000.0,4.279,3214200000.0,155400000.0,6400000.0,0.0,11.083,682000000.0
34,NWL,MRQ,2012-12-31,2012-12-31,2012-12-31,2021-08-02,-789000000.0,6222000000.0,,2271100000.0,3950900000.0,,6.892,-47000000.0,183800000.0,183800000.0,881400000.0,101900000.0,1.446,2.114,1918400000.0,211900000.0,1706500000.0,1918400000.0,0.0,41600000.0,0.0,0.019,0.15,148500000.0,190100000.0,0.138,190100000.0,148500000.0,131100000.0,0.35,0.35,0.35,1996700000.0,,1996700000.0,8318852000.0,13.0,10.365,214300000.0,0.74,1.0,494400000.0,0.359,3024300000.0,17400000.0,3361500000.0,,696400000.0,0.0,0.0,0.0,4221800000.0,1570800000.0,2651000000.0,6404852000.0,-66300000.0,22600000.0,-25100000.0,-240700000.0,-43500000.0,-304300000.0,-24000000.0,0.0,261300000.0,700000.0,101900000.0,101900000.0,101900000.0,-2200000.0,0.0,0.074,344300000.0,150100000.0,527400000.0,0.429,3.208,15.96,16.138,560200000.0,0.0,22.27,1.163,1.177,1112400000.0,2294900000.0,1375800000.0,1375800000.0,0.0,,,,,6600000.0,325800000.0,1.0,287600000.0,289700000,293000000.0,4.749,3197700000.0,221000000.0,29200000.0,0.0,11.038,700300000.0
35,NWL,MRQ,2012-09-30,2012-09-30,2012-09-30,2021-08-02,-676100000.0,6363300000.0,,2424300000.0,3939000000.0,,7.098,-45200000.0,250100000.0,250100000.0,897900000.0,108300000.0,1.13,2.082,2164100000.0,798000000.0,1366100000.0,2164100000.0,0.0,41300000.0,0.0,0.019,0.1,183600000.0,224900000.0,0.154,224900000.0,183600000.0,165600000.0,0.37,0.37,0.37,2063300000.0,,2063300000.0,7636592000.0,12.0,9.817,256300000.0,0.882,1.0,559000000.0,0.384,3017100000.0,18000000.0,3114000000.0,,822800000.0,0.0,0.0,0.0,4296500000.0,2146200000.0,2150300000.0,5513192000.0,-120700000.0,-8500000.0,-25900000.0,-330700000.0,-29100000.0,-369500000.0,-56700000.0,0.0,301500000.0,4000000.0,108300000.0,108300000.0,108300000.0,-2100000.0,0.0,0.074,372000000.0,187000000.0,530000000.0,0.27,2.672,14.516,14.685,549600000.0,0.0,19.09,1.045,1.052,1074300000.0,2258600000.0,1456900000.0,1456900000.0,0.0,,,,,8100000.0,359700000.0,1.0,288800000.0,290700000,292700000.0,5.012,3346200000.0,115800000.0,57300000.0,0.0,11.511,278100000.0
36,NWL,MRQ,2012-06-30,2012-06-30,2012-06-30,2021-08-02,-706300000.0,6590800000.0,,2658700000.0,3932100000.0,,6.748,-36700000.0,370800000.0,370800000.0,872600000.0,111800000.0,1.086,2.342,2494200000.0,1121800000.0,1372400000.0,2494200000.0,0.0,41400000.0,0.0,0.019,0.1,182300000.0,223700000.0,0.157,223700000.0,182300000.0,161800000.0,0.38,0.38,0.38,1971200000.0,,1971200000.0,7381786000.0,33.0,19.264,66400000.0,0.227,1.0,552700000.0,0.388,3018100000.0,20500000.0,3247800000.0,,860000000.0,0.0,0.0,0.0,4616100000.0,2448300000.0,2167800000.0,5258786000.0,180700000.0,-3400000.0,-24900000.0,173500000.0,-29100000.0,121900000.0,-40300000.0,0.0,103100000.0,-4000000.0,111800000.0,111800000.0,111800000.0,-5500000.0,0.0,0.078,375300000.0,177400000.0,556400000.0,0.263,2.668,56.004,56.688,551700000.0,0.0,18.14,0.98,0.987,1105700000.0,2200900000.0,1425300000.0,1425300000.0,0.0,,,,,8800000.0,365300000.0,1.0,289900000.0,292100000,294000000.0,4.879,3572700000.0,160800000.0,50000000.0,0.0,12.231,210400000.0
37,NWL,MRQ,2012-03-31,2012-03-31,2012-03-31,2021-08-02,-661300000.0,6288800000.0,,2292000000.0,3996800000.0,,6.667,-48300000.0,190100000.0,190100000.0,762500000.0,79300000.0,1.326,2.228,2313100000.0,509700000.0,1803400000.0,2313100000.0,0.0,39400000.0,0.0,0.018,0.08,124500000.0,163900000.0,0.131,163900000.0,124500000.0,104300000.0,0.27,0.27,0.27,1947300000.0,,1947300000.0,7143004000.0,31.0,18.129,-95700000.0,-0.328,1.0,488000000.0,0.39,3059900000.0,20200000.0,3624000000.0,,858900000.0,0.0,0.0,0.0,4338000000.0,1727900000.0,2610100000.0,5136404000.0,19900000.0,6300000.0,-16400000.0,142400000.0,-24200000.0,105900000.0,-42000000.0,0.0,-47400000.0,3400000.0,79300000.0,79300000.0,79300000.0,-1000000.0,0.0,0.063,364800000.0,123200000.0,527400000.0,0.296,2.638,39.879,40.477,561600000.0,0.0,17.81,0.936,0.948,942200000.0,2152700000.0,1250500000.0,1250500000.0,0.0,,,,,9400000.0,352700000.0,1.0,288400000.0,292100000,294700000.0,4.281,3228900000.0,156400000.0,25000000.0,0.0,11.054,564100000.0
38,NWL,MRQ,2011-12-31,2011-12-31,2011-12-31,2021-08-02,-707000000.0,6160900000.0,,2148000000.0,4012900000.0,,6.337,-71700000.0,170200000.0,170200000.0,689800000.0,80400000.0,1.293,2.33,2176800000.0,367500000.0,1809300000.0,2176800000.0,0.0,40500000.0,0.0,0.018,0.08,124900000.0,165400000.0,0.145,165400000.0,124900000.0,103700000.0,0.28,0.27,0.28,1849100000.0,,1849100000.0,6851125000.0,29.0,17.375,209800000.0,0.719,1.0,452500000.0,0.396,3032100000.0,21200000.0,3474500000.0,,699900000.0,0.0,0.0,0.0,4308300000.0,1660900000.0,2647400000.0,4675425000.0,31300000.0,5300000.0,-27200000.0,-133500000.0,-23300000.0,-182400000.0,-67000000.0,0.0,281500000.0,-800000.0,80400000.0,80400000.0,80400000.0,53900000.0,0.0,0.07,271200000.0,181300000.0,468500000.0,0.286,2.528,37.344,37.558,551400000.0,0.0,16.15,0.848,0.86,1002000000.0,2097300000.0,1142300000.0,1142300000.0,0.0,,,,,14600000.0,300300000.0,1.0,289500000.0,291800000,294400000.0,3.915,3128800000.0,250900000.0,23300000.0,0.0,10.722,487100000.0
39,NWL,MRQ,2011-09-30,2011-09-30,2011-09-30,2021-08-02,-613200000.0,6211800000.0,,2288900000.0,3922900000.0,,6.518,-55100000.0,138900000.0,138900000.0,970600000.0,-177600000.0,1.289,2.276,2314600000.0,503300000.0,1811300000.0,2314600000.0,0.0,39600000.0,0.0,0.022,0.08,-209400000.0,-169800000.0,-0.11,-169800000.0,-209400000.0,-231200000.0,-0.61,-0.61,-0.61,1895300000.0,,1895300000.0,5843518000.0,26.0,15.01,240200000.0,0.826,1.0,579300000.0,0.374,3022400000.0,21800000.0,3589400000.0,,873200000.0,0.0,0.0,0.0,4313000000.0,1775700000.0,2537300000.0,3458918000.0,-4700000.0,33800000.0,-24400000.0,-226700000.0,-23500000.0,-274600000.0,-23400000.0,0.0,295300000.0,-2000000.0,-177600000.0,-177600000.0,-177600000.0,11200000.0,0.0,-0.115,771500000.0,-192200000.0,522900000.0,-0.131,1.825,28.705,28.951,537300000.0,0.0,11.87,0.595,0.594,985900000.0,2040500000.0,1549900000.0,1549900000.0,0.0,,,,,11700000.0,383400000.0,1.0,291400000.0,290800000,290800000.0,5.33,3189400000.0,164500000.0,-53600000.0,0.0,10.968,513200000.0
40,NWL,MRQ,2011-06-30,2011-06-30,2011-06-30,2021-08-02,-541000000.0,6892500000.0,,2532200000.0,4360300000.0,,7.411,-51200000.0,143600000.0,143600000.0,960900000.0,146700000.0,1.193,2.158,2528200000.0,722700000.0,1805500000.0,2528200000.0,0.0,40800000.0,0.0,0.015,0.08,193700000.0,234500000.0,0.152,234500000.0,193700000.0,172400000.0,0.5,0.49,0.5,2181200000.0,,2181200000.0,6987836000.0,18.0,12.436,41600000.0,0.141,1.0,584400000.0,0.378,3468800000.0,21300000.0,3685300000.0,,933200000.0,0.0,0.0,0.0,4707800000.0,2123000000.0,2584800000.0,4595136000.0,3900000.0,1400000.0,0.0,-11400000.0,-23400000.0,-35400000.0,-54900000.0,0.0,92800000.0,1400000.0,146700000.0,146700000.0,146700000.0,-1300000.0,0.0,0.095,388500000.0,195900000.0,659100000.0,0.16,2.107,14.078,14.089,544600000.0,0.0,15.78,0.802,0.811,1139900000.0,2241500000.0,1545300000.0,1545300000.0,0.0,,,,,8600000.0,387500000.0,1.0,291200000.0,294300000,304900000.0,5.251,3423700000.0,167800000.0,25700000.0,0.0,11.633,409200000.0
41,NWL,MRQ,2011-03-31,2011-03-31,2011-03-31,2021-08-02,-555200000.0,6637200000.0,,2304200000.0,4333000000.0,,6.918,-44900000.0,139700000.0,139700000.0,789300000.0,75700000.0,1.149,2.259,2532400000.0,736100000.0,1796300000.0,2532400000.0,0.0,40700000.0,0.0,0.01,0.05,123500000.0,164200000.0,0.129,164200000.0,123500000.0,101600000.0,0.26,0.25,0.26,2035200000.0,,2035200000.0,7788478000.0,19.0,13.44,-153200000.0,-0.521,1.0,484900000.0,0.381,3454400000.0,21900000.0,3570500000.0,,844700000.0,0.0,0.0,0.0,4598500000.0,2005000000.0,2593500000.0,5559178000.0,100000.0,-16200000.0,0.0,189500000.0,-14700000.0,167800000.0,-61100000.0,0.0,-108300000.0,1700000.0,75700000.0,75700000.0,75700000.0,-1800000.0,0.0,0.059,356900000.0,128000000.0,548900000.0,0.192,2.732,17.927,17.713,535200000.0,0.0,19.13,0.979,0.991,967200000.0,2118100000.0,1274200000.0,1274200000.0,0.0,,,,,8100000.0,351100000.0,1.0,290600000.0,294200000,298200000.0,4.331,3182800000.0,181400000.0,25900000.0,0.0,10.818,299200000.0
42,NWL,MRQ,2010-12-31,2010-12-31,2010-12-31,2021-08-02,-605000000.0,6405300000.0,,2132000000.0,4273300000.0,,6.48,-56600000.0,139600000.0,139600000.0,903900000.0,75700000.0,1.28,2.366,2368900000.0,305000000.0,2063900000.0,2368900000.0,0.0,42100000.0,0.0,0.011,0.05,118300000.0,160400000.0,0.111,160400000.0,118300000.0,95400000.0,0.26,0.26,0.26,1902000000.0,,1902000000.0,7681554000.0,18.0,13.039,148100000.0,0.505,1.0,537600000.0,0.373,3397800000.0,22900000.0,3570900000.0,,701600000.0,0.0,0.0,0.0,4499800000.0,1665900000.0,2833900000.0,5277654000.0,-13900000.0,7400000.0,0.0,-156200000.0,-14600000.0,-167700000.0,-51200000.0,0.0,204700000.0,300000.0,75700000.0,75700000.0,75700000.0,-2300000.0,0.0,0.053,419300000.0,118300000.0,472500000.0,0.192,2.775,18.025,17.481,529300000.0,0.0,18.18,0.933,0.907,997900000.0,2057300000.0,1441500000.0,1441500000.0,0.0,,,,,8700000.0,395200000.0,1.0,290300000.0,293500000,297300000.0,4.911,3007500000.0,217800000.0,19700000.0,0.0,10.247,466100000.0
43,NWL,MRQ,2010-09-30,2010-09-30,2010-09-30,2021-08-02,-568700000.0,6570200000.0,,2325500000.0,4244700000.0,,6.84,-38800000.0,153500000.0,153500000.0,902100000.0,28300000.0,1.234,2.513,2557400000.0,460900000.0,2096500000.0,2557400000.0,0.0,43300000.0,0.0,0.011,0.05,-40500000.0,2800000.0,0.002,2800000.0,-40500000.0,-70800000.0,0.1,0.09,0.1,1869400000.0,,1869400000.0,7140023000.0,17.0,11.896,155700000.0,0.57,1.0,563400000.0,0.384,3398400000.0,30300000.0,3691400000.0,,831200000.0,0.0,0.0,0.0,4697300000.0,1884300000.0,2813000000.0,4956523000.0,-106300000.0,9400000.0,-500100000.0,232300000.0,-12800000.0,-267100000.0,-38100000.0,0.0,194500000.0,4400000.0,28300000.0,28300000.0,28300000.0,0.0,0.0,0.019,388800000.0,174600000.0,553400000.0,0.5,2.651,17.848,17.99,533400000.0,0.0,17.81,0.886,0.87,1004900000.0,1996200000.0,1465500000.0,1465500000.0,0.0,,,,,9000000.0,372600000.0,1.0,278300000.0,273300000,301000000.0,5.362,3171800000.0,208300000.0,-99100000.0,19600000.0,11.606,441200000.0
44,NWL,MRQ,2010-06-30,2010-06-30,2010-06-30,2021-08-02,-645100000.0,6564500000.0,,2400800000.0,4163700000.0,,6.733,-37800000.0,259800000.0,259800000.0,908900000.0,130400000.0,1.361,2.462,2443300000.0,394000000.0,2049300000.0,2443300000.0,0.0,42700000.0,0.0,0.014,0.05,209400000.0,252100000.0,0.168,252100000.0,209400000.0,176200000.0,0.46,0.41,0.46,1895400000.0,,1895400000.0,6328548000.0,10.0,7.834,116200000.0,0.413,1.0,587300000.0,0.393,3338300000.0,33200000.0,3645500000.0,,802400000.0,0.0,0.0,0.0,4665600000.0,1764200000.0,2901400000.0,4072848000.0,6800000.0,0.0,0.0,-104500000.0,-14100000.0,-118800000.0,-31100000.0,0.0,154000000.0,2700000.0,130400000.0,130400000.0,130400000.0,0.0,0.0,0.087,383800000.0,203500000.0,597200000.0,0.109,2.149,12.161,12.303,536300000.0,0.0,14.64,0.73,0.739,1037600000.0,1981500000.0,1496200000.0,1496200000.0,0.0,,,,,8300000.0,362600000.0,1.0,278200000.0,281500000,315400000.0,5.315,3226200000.0,195700000.0,45800000.0,25700000.0,11.461,636600000.0
45,NWL,MRQ,2010-03-31,2010-03-31,2010-03-31,2021-08-02,-603900000.0,6416100000.0,,2236800000.0,4179300000.0,,6.446,-31500000.0,253000000.0,253000000.0,834700000.0,58400000.0,1.313,2.539,2508700000.0,495300000.0,2013400000.0,2508700000.0,0.0,44200000.0,0.0,0.013,0.05,130400000.0,174600000.0,0.134,174600000.0,130400000.0,98400000.0,0.21,0.19,0.21,1812100000.0,,1812100000.0,6453060000.0,10.0,8.107,-2100000.0,-0.007,1.0,471700000.0,0.361,3372900000.0,32000000.0,3594800000.0,,728600000.0,0.0,0.0,0.0,4600500000.0,1704100000.0,2896400000.0,4222560000.0,-25300000.0,-1500000.0,0.0,-1500000.0,-13900000.0,-18300000.0,-33000000.0,0.0,29400000.0,-3400000.0,58400000.0,58400000.0,58400000.0,0.0,0.0,0.045,341600000.0,130100000.0,501300000.0,0.238,2.33,13.612,13.694,550200000.0,0.0,15.2,0.756,0.765,915800000.0,1865200000.0,1306400000.0,1306400000.0,0.0,,,,,10500000.0,325600000.0,1.0,277800000.0,281100000,307800000.0,4.647,3043200000.0,187900000.0,40000000.0,18200000.0,10.826,532700000.0
46,NWL,MRQ,2009-12-31,2009-12-31,2009-12-31,2021-08-02,-585200000.0,6423900000.0,,2182100000.0,4241800000.0,,6.328,-45600000.0,278300000.0,278300000.0,819800000.0,60600000.0,1.24,2.61,2508800000.0,493500000.0,2015300000.0,2508800000.0,0.0,45500000.0,0.0,0.017,0.05,125200000.0,170700000.0,0.129,170700000.0,125200000.0,91800000.0,0.22,0.19,0.22,1778700000.0,,1778700000.0,6522177000.0,11.0,8.773,141500000.0,0.503,1.0,506400000.0,0.382,3400500000.0,33400000.0,3494400000.0,,688200000.0,0.0,0.0,0.0,4641700000.0,1759500000.0,2882200000.0,4168277000.0,-34700000.0,17100000.0,0.0,-143700000.0,-14100000.0,-158000000.0,-35400000.0,0.0,187100000.0,-28400000.0,60600000.0,60600000.0,60600000.0,300000.0,0.0,0.046,376700000.0,129700000.0,433600000.0,0.227,2.343,14.6,14.716,578100000.0,0.0,15.01,0.76,0.769,894100000.0,1820700000.0,1326200000.0,1326200000.0,0.0,,,,,9200000.0,363700000.0,1.0,277700000.0,281100000,308500000.0,4.718,3023400000.0,183800000.0,31200000.0,0.0,10.756,422600000.0
47,NWL,MRQ,2009-09-30,2009-09-30,2009-09-30,2021-08-02,-470000000.0,6623300000.0,,2262400000.0,4360900000.0,,6.545,-37000000.0,313000000.0,313000000.0,906400000.0,85500000.0,1.171,2.602,2666900000.0,634300000.0,2032600000.0,2666900000.0,0.0,45700000.0,0.0,0.026,0.05,164700000.0,210400000.0,0.145,210400000.0,164700000.0,129000000.0,0.3,0.28,0.3,1837900000.0,,1837900000.0,6966713000.0,35.0,18.543,290700000.0,1.035,1.0,542600000.0,0.374,3407100000.0,35700000.0,3638700000.0,,783500000.0,0.0,0.0,0.0,4781900000.0,1931400000.0,2850500000.0,4357113000.0,-105100000.0,-1100000.0,0.0,-384600000.0,-13900000.0,-398800000.0,-36900000.0,0.0,327700000.0,2900000.0,85500000.0,85500000.0,85500000.0,0.0,0.0,0.059,377300000.0,165300000.0,454100000.0,0.167,2.371,-137.016,-142.636,596900000.0,0.0,15.69,0.777,0.786,943700000.0,1774200000.0,1449000000.0,1449000000.0,0.0,,,,,9300000.0,350300000.0,1.0,277700000.0,280800000,301800000.0,5.16,3216200000.0,149200000.0,43500000.0,0.0,11.454,331000000.0
48,NWL,MRQ,2009-06-30,2009-06-30,2009-06-30,2021-08-02,-449900000.0,6916200000.0,,2602800000.0,4313400000.0,,6.336,-38300000.0,418100000.0,418100000.0,946000000.0,105700000.0,1.395,2.885,3027700000.0,634200000.0,2393500000.0,3027700000.0,0.0,42000000.0,0.0,0.055,0.05,198300000.0,240300000.0,0.16,240300000.0,198300000.0,158000000.0,0.38,0.37,0.38,1779200000.0,,1779200000.0,5573316000.0,38.0,17.239,60900000.0,0.217,1.0,558300000.0,0.371,3367600000.0,40300000.0,4292200000.0,,848400000.0,0.0,0.0,0.0,5133400000.0,1866000000.0,3267400000.0,2889816000.0,-337800000.0,-10700000.0,0.0,-382900000.0,-14000000.0,-397800000.0,-43600000.0,0.0,99200000.0,4400000.0,105700000.0,105700000.0,105700000.0,0.0,0.0,0.07,358800000.0,199500000.0,460800000.0,0.132,1.624,-46.385,-49.571,603100000.0,0.0,10.41,0.488,0.494,1096200000.0,1702600000.0,1504300000.0,1504300000.0,0.0,,,,,7800000.0,329300000.0,1.0,277600000.0,280800000,286800000.0,5.357,3548600000.0,145500000.0,52300000.0,0.0,12.637,736800000.0
49,NWL,MRQ,2009-03-31,2009-03-31,2009-03-31,2021-08-02,-513300000.0,7137400000.0,,2808100000.0,4329300000.0,,5.76,-32400000.0,755900000.0,755900000.0,781100000.0,33700000.0,1.404,3.414,3439400000.0,760400000.0,2679000000.0,3439400000.0,0.0,41900000.0,0.0,0.115,0.105,80100000.0,122000000.0,0.101,122000000.0,80100000.0,49500000.0,0.12,0.12,0.12,1616800000.0,,1616800000.0,4372436000.0,40.0,15.083,-43600000.0,-0.155,1.0,422800000.0,0.351,3309900000.0,30600000.0,4510800000.0,,927500000.0,0.0,0.0,0.0,5519900000.0,2000200000.0,3519700000.0,1768536000.0,480500000.0,-1400000.0,32700000.0,625500000.0,-29400000.0,527600000.0,-33500000.0,0.0,-11200000.0,-2400000.0,33700000.0,33700000.0,33700000.0,0.0,0.0,0.028,342000000.0,80800000.0,444400000.0,0.875,1.094,-23.424,-24.538,606900000.0,0.0,6.38,0.283,0.287,874700000.0,1610900000.0,1203900000.0,1203900000.0,0.0,,,,,8800000.0,311500000.0,1.0,277200000.0,280700000,280700000.0,4.289,3827500000.0,193800000.0,15800000.0,0.0,13.636,807900000.0
50,NWL,MRQ,2008-12-31,2008-12-31,2008-12-31,2021-08-02,-502400000.0,6792500000.0,,2393800000.0,4398700000.0,,5.66,-35700000.0,275400000.0,275400000.0,1016700000.0,-256100000.0,1.071,3.281,2879300000.0,761000000.0,2118300000.0,2879300000.0,0.0,45800000.0,0.0,0.086,0.21,-242800000.0,-197000000.0,-0.136,-197000000.0,-242800000.0,-277400000.0,-0.91,-0.91,-0.91,1586000000.0,,1586000000.0,5356816000.0,38.0,16.61,176200000.0,0.629,1.0,434800000.0,0.3,3339400000.0,34600000.0,3822900000.0,,912100000.0,0.0,0.0,0.0,5203900000.0,2234100000.0,2969800000.0,2711016000.0,54800000.0,4700000.0,0.0,-61100000.0,-58400000.0,-122000000.0,-28000000.0,0.0,211900000.0,-7100000.0,-256700000.0,-256700000.0,-256700000.0,0.0,600000.0,-0.177,672900000.0,-238100000.0,535500000.0,-0.231,1.709,-51.836,-54.333,630700000.0,0.0,9.78,0.419,0.423,969300000.0,1606600000.0,1451500000.0,1451500000.0,0.0,,,,,8100000.0,354500000.0,1.0,277200000.0,280200000,279900000.0,5.18,3453100000.0,100400000.0,-20700000.0,0.0,12.324,159700000.0
51,NWL,MRQ,2008-09-30,2008-09-30,2008-09-30,2021-08-02,-192600000.0,7258300000.0,,2678000000.0,4580300000.0,,7.975,-43900000.0,220600000.0,220600000.0,1185600000.0,55600000.0,1.261,2.252,2866400000.0,569700000.0,2296700000.0,2866400000.0,0.0,46500000.0,0.0,0.049,0.21,111500000.0,158000000.0,0.09,158000000.0,111500000.0,72700000.0,0.2,0.2,0.2,2232100000.0,,2232100000.0,7624946000.0,14.0,10.353,320400000.0,1.145,1.0,574700000.0,0.326,3691600000.0,38800000.0,4088600000.0,,1060700000.0,0.0,0.0,0.0,5026200000.0,2123900000.0,2902300000.0,4782746000.0,9200000.0,-16300000.0,0.0,-231400000.0,-58700000.0,-292800000.0,-54300000.0,0.0,364300000.0,-8000000.0,55000000.0,55000000.0,55000000.0,0.0,600000.0,0.031,407800000.0,166900000.0,608100000.0,1.05,2.143,15.438,15.691,656000000.0,0.0,17.26,0.718,0.725,1144800000.0,1949900000.0,1760300000.0,1760300000.0,0.0,,,,,10600000.0,394300000.0,1.0,277100000.0,279900000,279900000.0,6.289,3566700000.0,129600000.0,17700000.0,74800000.0,12.743,554100000.0
52,NWL,MRQ,2008-06-30,2008-06-30,2008-06-30,2021-08-02,-115000000.0,7563600000.0,,2912100000.0,4651500000.0,,8.226,-38200000.0,211400000.0,211400000.0,1201900000.0,92900000.0,1.081,2.284,3053600000.0,1093800000.0,1959800000.0,3053600000.0,0.0,46800000.0,0.0,0.05,0.21,160100000.0,206900000.0,0.113,206900000.0,160100000.0,121400000.0,0.33,0.33,0.33,2303400000.0,,2303400000.0,6755651000.0,10.0,8.115,-36300000.0,-0.13,1.0,623200000.0,0.341,3744100000.0,38700000.0,3968500000.0,,1141300000.0,0.0,0.0,0.0,5260200000.0,2693200000.0,2567000000.0,4649151000.0,-540700000.0,-615200000.0,0.0,170300000.0,-58600000.0,112900000.0,-653400000.0,0.0,1900000.0,-2100000.0,92500000.0,92500000.0,92500000.0,0.0,400000.0,0.051,462300000.0,160900000.0,656800000.0,0.636,2.018,10.939,11.046,675300000.0,0.0,16.79,0.706,0.714,1312700000.0,1953500000.0,1825100000.0,1825100000.0,0.0,,,,,9400000.0,392900000.0,1.0,276900000.0,280000000,280000000.0,6.518,3819500000.0,109600000.0,28900000.0,13400000.0,13.641,218900000.0
53,NWL,MRQ,2008-03-31,2008-03-31,2008-03-31,2021-08-02,-124000000.0,7205800000.0,,3103100000.0,4102700000.0,,8.044,-40000000.0,752100000.0,752100000.0,943200000.0,57300000.0,1.348,2.203,2858600000.0,911700000.0,1946900000.0,2858600000.0,0.0,44200000.0,0.0,0.037,0.21,110400000.0,154600000.0,0.108,154600000.0,110400000.0,84600000.0,0.2,0.2,0.2,2249900000.0,,2249900000.0,8183829000.0,11.0,9.071,-163200000.0,-0.583,1.0,490500000.0,0.342,3173500000.0,25800000.0,3836000000.0,,1091700000.0,0.0,0.0,0.0,4955900000.0,2302800000.0,2653100000.0,6328129000.0,422900000.0,-28900000.0,0.0,667700000.0,-58800000.0,607900000.0,-68400000.0,0.0,-123200000.0,6600000.0,56900000.0,56900000.0,56900000.0,500000.0,400000.0,0.04,379400000.0,111100000.0,571600000.0,1.05,2.813,13.331,13.374,690300000.0,0.0,22.87,0.98,0.991,1029600000.0,1919600000.0,1433700000.0,1433700000.0,0.0,,,,,7500000.0,361000000.0,1.0,276700000.0,279700000,279800000.0,5.126,4032300000.0,126700000.0,27700000.0,15300000.0,14.417,800300000.0
54,NWL,MRQ,2007-12-31,2007-12-31,2007-12-31,2021-08-02,-123200000.0,6682900000.0,,2651700000.0,4031200000.0,,7.847,-47300000.0,329200000.0,329200000.0,1066600000.0,108500000.0,1.034,1.974,2184900000.0,987500000.0,1197400000.0,2184900000.0,0.0,42600000.0,0.0,0.032,0.21,174400000.0,217000000.0,0.132,217000000.0,174400000.0,153200000.0,0.37,0.37,0.37,2247300000.0,,2247300000.0,9186284000.0,13.0,10.231,151800000.0,0.53,1.0,575900000.0,0.351,3110500000.0,21200000.0,2864300000.0,,940400000.0,0.0,0.0,0.0,4435600000.0,2563800000.0,1871800000.0,7228284000.0,159700000.0,-3700000.0,-18000000.0,61900000.0,-58700000.0,10600000.0,-51000000.0,0.0,199100000.0,1000000.0,105400000.0,105400000.0,105400000.0,-4400000.0,3100000.0,0.064,403000000.0,172900000.0,616900000.0,0.568,3.216,15.475,15.405,688600000.0,0.0,25.88,1.128,1.125,1166400000.0,1922700000.0,1642500000.0,1642500000.0,0.0,,,,,8500000.0,370700000.0,1.0,279300000.0,286400000,292100000.0,5.735,3572400000.0,131400000.0,47800000.0,44000000.0,12.473,87900000.0
55,NWL,MRQ,2007-09-30,2007-09-30,2007-09-30,2021-08-02,-146100000.0,6591000000.0,,2570000000.0,4021000000.0,,7.839,-41000000.0,169500000.0,169500000.0,1086300000.0,170200000.0,1.118,2.046,2127500000.0,795700000.0,1331800000.0,2127500000.0,0.0,42000000.0,0.0,0.029,0.21,212000000.0,254000000.0,0.151,254000000.0,212000000.0,184000000.0,0.62,0.61,0.62,2163600000.0,,2163600000.0,10142426000.0,14.0,11.246,242400000.0,0.878,1.0,601000000.0,0.356,3085200000.0,28000000.0,3164500000.0,,1000100000.0,0.0,0.0,0.0,4427400000.0,2299300000.0,2128100000.0,8049426000.0,6700000.0,-52300000.0,1400000.0,-127800000.0,-58700000.0,-185100000.0,-93300000.0,0.0,283400000.0,1700000.0,170200000.0,170200000.0,170200000.0,-300000.0,0.0,0.101,387200000.0,213800000.0,619200000.0,0.339,3.72,17.352,17.053,697400000.0,0.0,28.82,1.257,1.242,1127100000.0,1876100000.0,1687300000.0,1687300000.0,0.0,,,,,9400000.0,364500000.0,1.0,279300000.0,276000000,286100000.0,6.113,3505800000.0,104200000.0,13800000.0,2100000.0,12.702,270700000.0
56,NWL,MRQ,2007-06-30,2007-06-30,2007-06-30,2021-08-02,-162600000.0,6503600000.0,,2587000000.0,3916600000.0,,7.338,-36400000.0,162800000.0,162800000.0,1087500000.0,142200000.0,1.785,2.211,2255800000.0,23600000.0,2232200000.0,2255800000.0,0.0,46300000.0,0.0,0.029,0.21,230300000.0,276600000.0,0.163,276600000.0,230300000.0,202800000.0,0.52,0.51,0.52,2025300000.0,,2025300000.0,10334827000.0,15.0,11.93,121900000.0,0.442,1.0,605600000.0,0.358,2980300000.0,27500000.0,4167400000.0,,973500000.0,0.0,0.0,0.0,4478300000.0,1448900000.0,3029400000.0,8208027000.0,-55000000.0,-36700000.0,4900000.0,-88300000.0,-58700000.0,-142100000.0,-73100000.0,0.0,158300000.0,1900000.0,142200000.0,142200000.0,142200000.0,1000000.0,0.0,0.084,372800000.0,232800000.0,638500000.0,0.404,4.053,20.408,20.158,707300000.0,0.0,29.43,1.302,1.289,1215300000.0,1764500000.0,1693100000.0,1693100000.0,0.0,,,,,10000000.0,357300000.0,1.0,278900000.0,276000000,286100000.0,6.134,3523300000.0,96500000.0,60600000.0,700000.0,12.766,1138100000.0
57,NWL,MRQ,2007-03-31,2007-03-31,2007-03-31,2021-08-02,-196700000.0,6236800000.0,,2354900000.0,3881900000.0,,6.862,-32600000.0,217800000.0,217800000.0,909700000.0,49300000.0,1.817,2.294,2344600000.0,23800000.0,2320800000.0,2344600000.0,0.0,46100000.0,0.0,0.027,0.21,104200000.0,150300000.0,0.109,150300000.0,104200000.0,76800000.0,0.18,0.18,0.18,1893300000.0,,1893300000.0,10679384000.0,17.0,12.959,-18100000.0,-0.066,1.0,474700000.0,0.343,2913800000.0,27400000.0,4154000000.0,,934400000.0,0.0,0.0,0.0,4343500000.0,1295800000.0,3047700000.0,8630584000.0,16800000.0,-15600000.0,11700000.0,96700000.0,-58600000.0,49800000.0,-48200000.0,0.0,14500000.0,700000.0,49300000.0,49300000.0,49300000.0,15800000.0,0.0,0.036,353900000.0,120800000.0,555100000.0,1.167,4.558,22.742,22.529,735600000.0,0.0,31.09,1.382,1.374,979300000.0,1681000000.0,1384400000.0,1384400000.0,0.0,,,,,8500000.0,338400000.0,1.0,277600000.0,275900000,277900000.0,5.018,3323000000.0,96300000.0,27500000.0,900000.0,12.044,1059100000.0
58,NWL,MRQ,2006-12-31,2006-12-31,2006-12-31,2021-08-02,-184600000.0,6310500000.0,,2476900000.0,3833600000.0,,6.883,-44200000.0,201000000.0,201000000.0,1098500000.0,102200000.0,1.306,2.339,2249800000.0,277500000.0,1972300000.0,2249800000.0,0.0,46200000.0,0.0,0.029,0.21,174800000.0,221000000.0,0.135,221000000.0,174800000.0,145000000.0,0.37,0.37,0.37,1890200000.0,,1890200000.0,10343740000.0,18.0,13.709,194900000.0,0.71,1.0,539700000.0,0.329,2894500000.0,29800000.0,3568200000.0,,850600000.0,0.0,0.0,0.0,4420300000.0,1896600000.0,2523700000.0,8024940000.0,63600000.0,120500000.0,-8900000.0,-203700000.0,-58200000.0,-254100000.0,76300000.0,0.0,239100000.0,2300000.0,102200000.0,102200000.0,102200000.0,-9900000.0,0.0,0.062,372800000.0,166900000.0,549900000.0,0.568,4.246,20.844,20.679,746900000.0,0.0,28.95,1.294,1.282,1113600000.0,1690400000.0,1638200000.0,1638200000.0,0.0,,,,,19300000.0,356700000.0,1.0,277200000.0,274600000,251200000.0,5.966,3416000000.0,111400000.0,42800000.0,144300000.0,12.44,580300000.0
59,NWL,MRQ,2006-09-30,2006-09-30,2006-09-30,2021-08-02,-191800000.0,6513100000.0,,2704200000.0,3808900000.0,,6.635,-36900000.0,137400000.0,137400000.0,1050900000.0,108500000.0,1.321,2.575,2456200000.0,427400000.0,2028800000.0,2456200000.0,0.0,47800000.0,0.0,0.03,0.21,170600000.0,218400000.0,0.138,218400000.0,170600000.0,137700000.0,0.39,0.39,0.39,1822100000.0,,1822100000.0,10400608000.0,20.0,14.417,275300000.0,1.003,1.0,535200000.0,0.337,2850000000.0,32900000.0,3934400000.0,,946000000.0,0.0,0.0,0.0,4691000000.0,2047500000.0,2643500000.0,7841808000.0,21100000.0,12000000.0,6600000.0,-215500000.0,-58200000.0,-267100000.0,-24900000.0,0.0,312200000.0,900000.0,108500000.0,108500000.0,108500000.0,4200000.0,0.0,0.068,357000000.0,178200000.0,605400000.0,0.538,4.304,21.795,21.618,763600000.0,0.0,28.32,1.276,1.265,1079500000.0,1646500000.0,1586100000.0,1586100000.0,0.0,,,,,9300000.0,334900000.0,1.0,276900000.0,274600000,275600000.0,5.776,3663100000.0,117400000.0,29200000.0,100700000.0,13.34,656700000.0
60,NWL,MRQ,2006-06-30,2006-06-30,2006-06-30,2021-08-02,-219800000.0,6535700000.0,,2679400000.0,3856300000.0,,6.292,-31900000.0,116300000.0,116300000.0,1071100000.0,119500000.0,1.374,2.782,2675100000.0,429500000.0,2245600000.0,2675100000.0,0.0,50500000.0,0.0,0.033,0.21,183900000.0,234400000.0,0.143,234400000.0,183900000.0,148300000.0,0.44,0.43,0.44,1727900000.0,,1727900000.0,9713244000.0,20.0,14.316,71900000.0,0.262,1.0,563000000.0,0.345,2835700000.0,35600000.0,4308600000.0,,967800000.0,0.0,0.0,0.0,4807800000.0,1950200000.0,2857600000.0,7149744000.0,-59800000.0,-12700000.0,300000.0,-61200000.0,-58200000.0,-119100000.0,-44600000.0,0.0,103800000.0,100000.0,119500000.0,119500000.0,119500000.0,16000000.0,0.0,0.073,361300000.0,201700000.0,634800000.0,0.477,4.138,22.149,21.89,832400000.0,0.0,25.83,1.192,1.183,1157500000.0,1596200000.0,1634100000.0,1634100000.0,0.0,,,,,8500000.0,342200000.0,1.0,276800000.0,274600000,283600000.0,5.951,3700000000.0,131800000.0,28800000.0,43400000.0,13.474,729200000.0
61,NWL,MRQ,2006-03-31,2006-03-31,2006-03-31,2021-08-02,-216700000.0,6369500000.0,,2452400000.0,3917100000.0,,6.04,-25300000.0,176100000.0,176100000.0,910500000.0,54800000.0,1.381,2.841,2739600000.0,413700000.0,2325900000.0,2739600000.0,0.0,48800000.0,0.0,0.033,0.21,31900000.0,80700000.0,0.06,80700000.0,31900000.0,-1800000.0,0.2,0.21,0.2,1658100000.0,,1658100000.0,9395655000.0,21.0,14.834,-37000000.0,-0.135,1.0,432100000.0,0.322,2797900000.0,33700000.0,4358800000.0,,997600000.0,0.0,0.0,0.0,4711400000.0,1776300000.0,2935100000.0,6914655000.0,60600000.0,6600000.0,2000000.0,146400000.0,-58200000.0,90200000.0,-18700000.0,0.0,-11700000.0,800000.0,54800000.0,54800000.0,54800000.0,75400000.0,0.0,0.041,322300000.0,109800000.0,605900000.0,1.05,4.17,25.657,25.704,929100000.0,0.0,25.19,1.17,1.17,1043400000.0,1535000000.0,1342600000.0,1342600000.0,0.0,,,,,6900000.0,313200000.0,1.0,274500000.0,274500000,283300000.0,4.891,3571600000.0,105100000.0,-56600000.0,0.0,13.011,676100000.0
62,NWL,MRQ,2005-12-31,2005-12-31,2005-12-31,2021-08-02,-226700000.0,6446100000.0,,2472700000.0,3973400000.0,,5.988,-22300000.0,115500000.0,115500000.0,1102800000.0,77000000.0,1.376,2.923,2596500000.0,166800000.0,2429700000.0,2596500000.0,0.0,46300000.0,0.0,0.035,0.21,141600000.0,187900000.0,0.119,187900000.0,141600000.0,110700000.0,0.28,0.28,0.28,1643200000.0,,1643200000.0,8474890000.0,19.0,13.514,168000000.0,0.612,1.0,480200000.0,0.303,2706100000.0,30900000.0,4423600000.0,,793800000.0,0.0,0.0,0.0,4802900000.0,1797400000.0,3005500000.0,6551390000.0,-370000000.0,-668600000.0,200000.0,187800000.0,-57800000.0,130200000.0,-690900000.0,0.0,190300000.0,400000.0,77000000.0,77000000.0,77000000.0,8300000.0,0.0,0.049,352700000.0,127500000.0,590500000.0,0.75,3.987,26.07,25.848,854000000.0,0.0,23.78,1.146,1.141,1107700000.0,1538300000.0,1583000000.0,1583000000.0,0.0,,,,,1500000.0,307300000.0,1.0,275500000.0,274400000,275200000.0,5.769,3740000000.0,147500000.0,33700000.0,82600000.0,13.63,675300000.0
63,NWL,MRQ,2005-09-30,2005-09-30,2005-09-30,2021-08-02,-130100000.0,6127000000.0,,2763100000.0,3363900000.0,,6.265,-23900000.0,485500000.0,485500000.0,974200000.0,71500000.0,1.851,2.564,2409000000.0,31600000.0,2377400000.0,2409000000.0,0.0,39500000.0,0.0,0.037,0.21,136000000.0,175500000.0,0.122,175500000.0,136000000.0,101700000.0,0.26,0.27,0.26,1719100000.0,,1719100000.0,8442345000.0,17.0,12.672,335500000.0,1.223,1.0,462400000.0,0.322,2081200000.0,34300000.0,4476400000.0,,1010600000.0,0.0,0.0,0.0,4407900000.0,1492900000.0,2915000000.0,6235545000.0,273300000.0,7000000.0,-2800000.0,-6900000.0,-57900000.0,-67600000.0,-16900000.0,0.0,359400000.0,-1600000.0,71500000.0,71500000.0,71500000.0,65100000.0,0.0,0.05,262400000.0,200000000.0,576400000.0,0.808,3.627,20.89,20.78,1005700000.0,0.0,22.65,1.177,1.174,1082100000.0,1519200000.0,1436600000.0,1436600000.0,0.0,,,,,1700000.0,273000000.0,1.0,275300000.0,274400000,283300000.0,5.235,4045800000.0,71800000.0,30200000.0,46800000.0,14.744,1270200000.0
64,NWL,MRQ,2005-06-30,2005-06-30,2005-06-30,2021-08-02,-127500000.0,6083500000.0,,2639100000.0,3444400000.0,,6.214,-22900000.0,212200000.0,212200000.0,1063200000.0,66200000.0,1.814,2.568,2419000000.0,38400000.0,2380600000.0,2419000000.0,0.0,51900000.0,0.0,0.035,0.21,137400000.0,189300000.0,0.122,189300000.0,137400000.0,106300000.0,0.24,0.24,0.24,1705000000.0,,1705000000.0,8731052000.0,50.0,23.559,13500000.0,0.049,1.0,485400000.0,0.313,2109300000.0,31100000.0,4725900000.0,,1023700000.0,0.0,0.0,0.0,4378500000.0,1455100000.0,2923400000.0,6563152000.0,-217600000.0,4500000.0,0.0,-174800000.0,-57800000.0,-232600000.0,-18400000.0,0.0,36400000.0,-3000000.0,66200000.0,66200000.0,66200000.0,21200000.0,0.0,0.043,324600000.0,160800000.0,590200000.0,0.875,3.849,10938.587,,1113300000.0,0.0,23.84,1.197,1.194,1204500000.0,1505700000.0,1548600000.0,1548600000.0,0.0,,,,,1600000.0,292900000.0,1.0,275300000.0,274400000,274700000.0,5.644,3974200000.0,79200000.0,40100000.0,20700000.0,14.483,1184000000.0
65,NWL,MRQ,2005-03-31,2005-03-31,2005-03-31,2021-08-02,-89200000.0,6331900000.0,,2786500000.0,3545400000.0,,6.316,-23100000.0,429800000.0,429800000.0,988400000.0,36600000.0,1.708,2.653,2597700000.0,213900000.0,2383800000.0,2597700000.0,0.0,53900000.0,0.0,0.038,0.21,20700000.0,74600000.0,0.055,74600000.0,20700000.0,-10100000.0,0.13,0.13,0.13,1733200000.0,,1733200000.0,8154712000.0,57.0,23.521,32400000.0,0.118,1.0,374700000.0,0.275,2130200000.0,30800000.0,4738500000.0,,1057000000.0,0.0,0.0,0.0,4598700000.0,1631100000.0,2967600000.0,6029112000.0,-75800000.0,-17400000.0,0.0,-29200000.0,-58000000.0,-87200000.0,-40500000.0,0.0,55500000.0,-3600000.0,36600000.0,36600000.0,36600000.0,52800000.0,0.0,0.027,303500000.0,71200000.0,629400000.0,1.615,3.479,-1310.677,-1097.0,1211000000.0,0.0,21.94,1.077,1.075,1037400000.0,1497200000.0,1363100000.0,1363100000.0,0.0,,,,,1300000.0,297600000.0,1.0,274800000.0,274400000,274900000.0,4.968,4201700000.0,87100000.0,-46700000.0,0.0,15.312,1155400000.0
66,NWL,MRQ,2004-12-31,2004-12-31,2004-12-31,2021-08-02,-70400000.0,6666800000.0,,3012400000.0,3654400000.0,,6.429,-26700000.0,505600000.0,505600000.0,635400000.0,124200000.0,1.61,2.779,2631200000.0,206900000.0,2424300000.0,2631200000.0,0.0,37900000.0,0.0,0.035,0.21,188900000.0,226800000.0,0.239,226800000.0,188900000.0,159500000.0,0.46,0.46,0.46,1764200000.0,,1764200000.0,8961512000.0,93.0,29.334,211500000.0,0.771,1.0,312500000.0,0.33,2122100000.0,29400000.0,4799000000.0,,918000000.0,0.0,0.0,0.0,4902600000.0,1871300000.0,3031300000.0,6647412000.0,151100000.0,25300000.0,0.0,-33900000.0,-57800000.0,-91700000.0,-1400000.0,0.0,238200000.0,6000000.0,124200000.0,124200000.0,124200000.0,45900000.0,0.0,0.131,84400000.0,228100000.0,637100000.0,0.457,3.768,-57.256,-57.595,1231900000.0,0.0,24.19,1.165,1.163,1199400000.0,1518600000.0,947900000.0,947900000.0,0.0,,,,,2800000.0,135000000.0,1.0,274800000.0,274400000,275600000.0,3.454,4544700000.0,104300000.0,35300000.0,68800000.0,16.562,1141100000.0
67,NWL,MRQ,2004-09-30,2004-09-30,2004-09-30,2021-08-02,-141400000.0,6605200000.0,,2877300000.0,3727900000.0,,5.928,-25100000.0,354500000.0,354500000.0,1156600000.0,-226400000.0,1.473,3.06,2668600000.0,229000000.0,2439600000.0,2668600000.0,0.0,53900000.0,0.0,0.042,0.21,-174000000.0,-120100000.0,-0.074,-120100000.0,-174000000.0,-203500000.0,-0.83,-0.83,-0.83,1626700000.0,,1626700000.0,8068796000.0,-32.0,-198.739,259700000.0,0.946,1.0,464700000.0,0.287,2105100000.0,29500000.0,4860300000.0,,1060000000.0,15500000.0,0.0,15500000.0,4978500000.0,1953900000.0,3024600000.0,5508996000.0,243500000.0,39100000.0,0.0,1300000.0,-57500000.0,-56200000.0,14000000.0,0.0,284800000.0,900000.0,-226400000.0,-226400000.0,-226400000.0,70700000.0,0.0,-0.14,568300000.0,-103600000.0,633100000.0,-0.253,3.387,-12.191,-12.145,1341300000.0,0.0,20.04,0.871,0.87,1184300000.0,1452200000.0,1621300000.0,1621300000.0,0.0,,,,,0.0,297900000.0,1.0,274900000.0,274400000,274400000.0,5.909,4500100000.0,124600000.0,22900000.0,134000000.0,16.4,923400000.0
68,NWL,MRQ,2004-06-30,2004-06-30,2004-06-30,2021-08-02,-150800000.0,6865400000.0,,2719800000.0,4145600000.0,,6.925,-33500000.0,111000000.0,111000000.0,1189700000.0,61000000.0,1.43,2.613,2670800000.0,186800000.0,2484000000.0,2670800000.0,0.0,56700000.0,0.0,0.036,0.21,108700000.0,165400000.0,0.099,165400000.0,108700000.0,79200000.0,0.22,0.22,0.22,1900300000.0,,1900300000.0,9304000000.0,137.0,31.614,110200000.0,0.402,1.0,477500000.0,0.286,2402500000.0,29500000.0,5121000000.0,,1015200000.0,15500000.0,0.0,15500000.0,4965100000.0,1901700000.0,3063400000.0,6457800000.0,59100000.0,230600000.0,500000.0,-223900000.0,-58000000.0,-281400000.0,197100000.0,0.0,143700000.0,-300000.0,61000000.0,61000000.0,61000000.0,-2500000.0,0.0,0.037,369600000.0,107900000.0,657900000.0,0.955,3.398,-42.966,-42.727,1448600000.0,0.0,23.5,1.004,1.003,1309200000.0,1736200000.0,1667200000.0,1667200000.0,0.0,,,,,0.0,318800000.0,1.0,274800000.0,274400000,274500000.0,6.076,4462900000.0,148000000.0,18200000.0,71700000.0,16.264,818100000.0
69,NWL,MRQ,2004-03-31,2004-03-31,2004-03-31,2021-08-02,-132100000.0,7209400000.0,,2817100000.0,4392300000.0,,6.967,-36600000.0,51900000.0,51900000.0,1086400000.0,-74900000.0,1.523,2.771,2898100000.0,26800000.0,2871300000.0,2898100000.0,0.0,60900000.0,0.0,0.036,0.21,-27800000.0,33100000.0,0.022,33100000.0,-27800000.0,-58700000.0,-0.27,-0.27,-0.27,1911800000.0,,1911800000.0,9134960000.0,86.0,27.067,-43300000.0,-0.158,1.0,404400000.0,0.271,2436900000.0,30900000.0,5769200000.0,,991700000.0,15500000.0,0.0,15500000.0,5297600000.0,1849500000.0,3448100000.0,6375360000.0,-92500000.0,16500000.0,900000.0,-8000000.0,-57700000.0,-64800000.0,-20100000.0,0.0,-6700000.0,-900000.0,-74900000.0,-74900000.0,-74900000.0,108500000.0,0.0,-0.05,321400000.0,83000000.0,663500000.0,-0.778,3.335,-46.366,-46.4,1558300000.0,0.0,23.2,0.972,0.971,1253200000.0,1733200000.0,1490800000.0,1490800000.0,0.0,,,,,0.0,299800000.0,1.0,274800000.0,274400000,274500000.0,5.433,4772500000.0,210400000.0,16200000.0,85100000.0,17.392,967600000.0
70,NWL,MRQ,2003-12-31,2003-12-31,2003-12-31,2021-08-02,-167800000.0,7480700000.0,,3000200000.0,4480500000.0,,7.348,-52900000.0,144400000.0,144400000.0,1107700000.0,-211600000.0,1.484,2.71,2904000000.0,35400000.0,2868600000.0,2904000000.0,0.0,43000000.0,0.0,0.037,0.21,-162000000.0,-119000000.0,-0.077,-119000000.0,-162000000.0,-191800000.0,-0.77,-0.77,-0.77,2016300000.0,,2016300000.0,8772188000.0,42.0,20.074,299800000.0,1.093,1.0,435100000.0,0.282,2436900000.0,29800000.0,5781400000.0,,884800000.0,15500000.0,0.0,15500000.0,5464400000.0,2022000000.0,3442400000.0,6248088000.0,67300000.0,33700000.0,1800000.0,-209400000.0,-57800000.0,-265400000.0,-19200000.0,0.0,352700000.0,-800000.0,-211600000.0,-211600000.0,-211600000.0,220600000.0,0.0,-0.137,369500000.0,65600000.0,694700000.0,-0.273,3.099,-134.079,-133.941,1608800000.0,0.0,22.77,0.945,0.944,1397100000.0,1865700000.0,1542800000.0,1542800000.0,0.0,,,,,0.0,255200000.0,1.0,274400000.0,274400000,274300000.0,5.622,5043800000.0,220800000.0,19800000.0,80800000.0,18.381,978200000.0
71,NWL,MRQ,2003-09-30,2003-09-30,2003-09-30,2021-08-02,-125500000.0,7967100000.0,,3162500000.0,4804600000.0,,8.478,-58700000.0,77100000.0,77100000.0,1237300000.0,75200000.0,1.439,2.425,2601200000.0,62400000.0,2538800000.0,2601200000.0,0.0,65800000.0,0.0,0.039,0.21,149000000.0,214800000.0,0.124,214800000.0,149000000.0,115900000.0,0.27,0.27,0.27,2326300000.0,,2326300000.0,8625048000.0,16.0,11.415,220400000.0,0.803,1.0,491800000.0,0.284,2671600000.0,33100000.0,5622300000.0,,1271200000.0,0.0,0.0,0.0,5640800000.0,2197300000.0,3443500000.0,5946248000.0,41700000.0,-1300000.0,1300000.0,-120900000.0,-57900000.0,-177500000.0,-60000000.0,0.0,279100000.0,100000.0,75200000.0,75200000.0,75200000.0,10300000.0,0.0,0.043,331100000.0,160700000.0,815900000.0,0.778,2.556,22.8,22.573,1816700000.0,0.0,21.67,0.978,0.978,1392600000.0,2135100000.0,1729100000.0,1729100000.0,0.0,,,,,0.0,298800000.0,1.0,274400000.0,274400000,274400000.0,6.301,5295500000.0,200400000.0,40700000.0,141300000.0,19.298,965200000.0
72,NWL,MRQ,2003-06-30,2003-06-30,2003-06-30,2021-08-02,-110300000.0,8127600000.0,,3279600000.0,4848000000.0,,8.471,-95200000.0,35400000.0,35400000.0,1270300000.0,73800000.0,1.391,2.499,2714200000.0,167200000.0,2547000000.0,2714200000.0,0.0,61200000.0,0.0,0.03,0.21,147400000.0,208600000.0,0.116,208600000.0,147400000.0,113100000.0,0.27,0.27,0.27,2322800000.0,,2322800000.0,10297400000.0,19.0,13.612,5700000.0,0.021,1.0,525000000.0,0.292,2676600000.0,34300000.0,5772100000.0,,1365100000.0,0.0,0.0,0.0,5804800000.0,2357700000.0,3447100000.0,7677600000.0,25200000.0,-3700000.0,2700000.0,77400000.0,-57500000.0,22600000.0,-98900000.0,0.0,100900000.0,600000.0,73800000.0,73800000.0,73800000.0,8200000.0,0.0,0.041,372400000.0,152600000.0,863000000.0,0.778,3.305,29.326,28.571,1847200000.0,0.0,28.0,1.219,1.219,1455100000.0,2117800000.0,1795300000.0,1795300000.0,0.0,,,,,0.0,319600000.0,1.0,274200000.0,274200000,274700000.0,6.547,5451000000.0,213200000.0,39300000.0,134300000.0,19.88,921900000.0
73,NWL,MRQ,2003-03-31,2003-03-31,2003-03-31,2021-08-02,-192400000.0,7758700000.0,,3009100000.0,4749600000.0,,8.121,-93200000.0,10200000.0,10200000.0,1125200000.0,16000000.0,1.321,2.492,2630000000.0,252400000.0,2377600000.0,2630000000.0,0.0,59500000.0,0.0,0.03,0.21,72100000.0,131600000.0,0.084,131600000.0,72100000.0,35100000.0,0.06,0.06,0.06,2221800000.0,,2221800000.0,10021435000.0,18.0,12.687,-52700000.0,-0.193,1.0,432700000.0,0.278,2583800000.0,37000000.0,5516700000.0,,1285400000.0,0.0,0.0,0.0,5536900000.0,2278000000.0,3258900000.0,7770735000.0,-44900000.0,-444800000.0,202100000.0,307300000.0,-57700000.0,451700000.0,-538000000.0,0.0,40500000.0,900000.0,16000000.0,16000000.0,16000000.0,23900000.0,0.0,0.01,316400000.0,116300000.0,736500000.0,3.5,3.497,28.094,27.26,1853200000.0,0.0,28.35,1.215,1.212,1276400000.0,2101600000.0,1557900000.0,1557900000.0,0.0,,,,,0.0,292000000.0,1.0,274100000.0,273600000,274000000.0,5.694,5174900000.0,222600000.0,19100000.0,156500000.0,18.914,731100000.0
74,NWL,MRQ,2002-12-31,2002-12-31,2002-12-31,2021-08-02,-190200000.0,7404400000.0,,3080000000.0,4324400000.0,,7.717,-66900000.0,55100000.0,55100000.0,657900000.0,95800000.0,1.178,2.588,2821300000.0,449200000.0,2372100000.0,2821300000.0,0.0,32600000.0,0.0,0.028,0.21,168000000.0,200600000.0,0.201,200600000.0,168000000.0,119500000.0,0.36,0.36,0.36,2063500000.0,,2063500000.0,10527547916.0,168.0,33.559,232800000.0,0.871,1.0,338700000.0,0.34,2209400000.0,48500000.0,5346800000.0,,1196200000.0,15500000.0,0.0,15500000.0,5340900000.0,2614400000.0,2726500000.0,8108647916.0,48400000.0,-13700000.0,2700000.0,-116800000.0,-56200000.0,-170300000.0,-80600000.0,0.0,299700000.0,-400000.0,95800000.0,95800000.0,95800000.0,-46500000.0,0.0,0.096,228300000.0,110400000.0,686600000.0,0.583,3.93,-39.866,-39.908,1812800000.0,0.0,30.33,1.26,1.259,1377700000.0,2143200000.0,996600000.0,996600000.0,0.0,,,,,0.0,196300000.0,1.0,267347442.0,267400000,268900000.0,3.727,5195000000.0,213500000.0,23700000.0,164400000.0,19.428,465600000.0
75,NWL,MRQ,2002-09-30,2002-09-30,2002-09-30,2021-08-02,-162700000.0,7398100000.0,,3093400000.0,4304700000.0,,7.667,-84000000.0,6700000.0,6700000.0,1398000000.0,76200000.0,1.277,2.611,2425600000.0,435400000.0,1990200000.0,2425600000.0,0.0,72000000.0,0.0,0.027,0.21,143700000.0,215700000.0,0.111,215700000.0,143700000.0,114000000.0,0.29,0.29,0.29,2048700000.0,,2048700000.0,10784705761.0,305.0,32.89,186500000.0,0.698,1.0,550300000.0,0.282,2181300000.0,29700000.0,5213400000.0,,1277300000.0,0.0,0.0,0.0,5349400000.0,2422300000.0,2927100000.0,8247584761.0,-3400000.0,300000.0,6900000.0,-142500000.0,-56100000.0,-191700000.0,-82800000.0,0.0,270500000.0,600000.0,76200000.0,76200000.0,76200000.0,0.0,0.0,0.039,392900000.0,157400000.0,684900000.0,0.724,4.026,-36.094,-35.895,1826400000.0,0.0,30.87,1.138,1.138,1363000000.0,2103600000.0,1948300000.0,1948300000.0,0.0,,,,,0.0,341700000.0,1.0,267171518.0,267200000,277700000.0,7.292,5216800000.0,229900000.0,37800000.0,239600000.0,19.524,671100000.0
76,NWL,MRQ,2002-06-30,2002-06-30,2002-06-30,2021-08-02,-161206000.0,7397464000.0,,3162449000.0,4235015000.0,,7.587,-65200000.0,10068000.0,10068000.0,1374400000.0,88600000.0,1.457,2.652,2547189000.0,330648000.0,2216541000.0,2547189000.0,0.0,78400000.0,0.0,0.024,0.21,163600000.0,242000000.0,0.128,242000000.0,163600000.0,134300000.0,0.33,0.33,0.33,2025761000.0,,2025761000.0,11496967400.0,212.0,31.76,111000000.0,0.416,1.0,520600000.0,0.275,2149715000.0,29300000.0,5615093000.0,,1290715000.0,0.0,0.0,0.0,5371703000.0,2169777000.0,3201926000.0,9359249400.0,-100000.0,-240100000.0,5600000.0,175800000.0,-56100000.0,125300000.0,-301800000.0,0.0,176200000.0,200000.0,88600000.0,88600000.0,88600000.0,0.0,0.0,0.047,338900000.0,181700000.0,655792000.0,0.636,4.62,-42.311,-41.738,1776533000.0,0.0,35.06,1.325,1.325,1429215000.0,2083610000.0,1895000000.0,1895000000.0,0.0,,,,,0.0,330000000.0,1.0,266949498.0,267000000,268000000.0,7.097,5247749000.0,224269000.0,45700000.0,225295000.0,19.654,992672000.0
77,NWL,MRQ,2002-03-31,2002-03-31,2002-03-31,2021-08-02,-263447000.0,6610268000.0,,2776860000.0,3833408000.0,,7.067,-36000000.0,10159000.0,10159000.0,1177900000.0,-464000000.0,1.256,2.506,2147877000.0,582700000.0,1565177000.0,2147877000.0,0.0,68000000.0,0.0,0.026,0.21,-412600000.0,-344600000.0,-0.216,-344600000.0,-412600000.0,-437700000.0,-1.74,-1.73,-1.74,1885428000.0,,1885428000.0,11213503000.0,277.0,32.062,86500000.0,0.324,1.0,419100000.0,0.262,1744630000.0,25100000.0,4792724000.0,,1147358000.0,80120000.0,0.0,80120000.0,4724840000.0,2210632000.0,2514208000.0,9028700000.0,3400000.0,11300000.0,3800000.0,-46000000.0,-56000000.0,-98200000.0,-21300000.0,0.0,122500000.0,400000.0,-464000000.0,-464000000.0,-464000000.0,0.0,0.0,-0.291,308900000.0,110200000.0,525831000.0,-0.121,4.789,-37.969,-35.511,1645410000.0,0.0,31.96,1.309,1.237,1191346000.0,2051182000.0,1597000000.0,1597000000.0,0.0,,,,,0.0,299200000.0,1.0,282500000.0,266800000,267500000.0,5.986,4865638000.0,226794000.0,26300000.0,197719000.0,18.237,566228000.0
78,NWL,MRQ,2001-12-31,2001-12-31,2001-12-31,2021-08-02,-231600000.0,7266100000.0,,2850700000.0,4415400000.0,,9.114,-65100000.0,6800000.0,6800000.0,1278300000.0,70700000.0,1.125,1.986,2191600000.0,826600000.0,1365000000.0,2191600000.0,0.0,74100000.0,0.0,0.03,0.21,140700000.0,214800000.0,0.119,214800000.0,140700000.0,110400000.0,0.26,0.26,0.26,2433400000.0,,2433400000.0,9647232199.0,17.0,10.935,223500000.0,0.837,1.0,527800000.0,0.292,2353600000.0,30300000.0,4563400000.0,,1113800000.0,79500000.0,0.0,79500000.0,4832700000.0,2533900000.0,2298800000.0,7352111199.0,-2500000.0,-70200000.0,1800000.0,-112800000.0,-56000000.0,-167000000.0,-124000000.0,7800000.0,288600000.0,-100000.0,70700000.0,70700000.0,70700000.0,0.0,0.0,0.039,380800000.0,147000000.0,501300000.0,0.808,3.021,27.786,27.848,1689200000.0,0.0,27.57,1.064,1.064,1298200000.0,2571300000.0,1806100000.0,1806100000.0,0.0,,,,,0.0,328700000.0,1.0,266670700.0,267000000,268200000.0,6.764,4912500000.0,238500000.0,39700000.0,218800000.0,18.399,316800000.0
79,NWL,MRQ,2001-09-30,2001-09-30,2001-09-30,2021-08-02,-231318000.0,7226545000.0,,2933390000.0,4293155000.0,,9.063,-60427000.0,9257000.0,9257000.0,1278200000.0,83500000.0,1.18,1.99,2304378000.0,939338000.0,1365040000.0,2304378000.0,0.0,87296000.0,0.0,0.037,0.21,162500000.0,249796000.0,0.141,249796000.0,162500000.0,130200000.0,0.31,0.31,0.31,2417182000.0,,2417182000.0,8455259316.0,14.0,9.125,156616000.0,0.587,1.0,489600000.0,0.277,2171227000.0,32300000.0,4864474000.0,,1185450000.0,84863000.0,0.0,84863000.0,4809363000.0,2485965000.0,2323398000.0,6055923316.0,-6465000.0,-5517000.0,108000.0,-111144000.0,-56010000.0,-167046000.0,-56628000.0,0.0,217043000.0,166000.0,83500000.0,83500000.0,83500000.0,0.0,0.0,0.047,322000000.0,167600000.0,446279000.0,0.677,2.505,21.006,21.224,1692916000.0,0.0,22.71,0.882,0.882,1316139000.0,2556585000.0,1767800000.0,1767800000.0,0.0,,,,,0.0,296500000.0,1.0,266663290.0,266700000,266700000.0,6.628,5055318000.0,241671000.0,46700000.0,291188000.0,18.955,447425000.0
80,NWL,MRQ,2001-06-30,2001-06-30,2001-06-30,2021-08-02,-264563000.0,7200690000.0,,2936018000.0,4264672000.0,,8.837,-64529000.0,15790000.0,15790000.0,1271118000.0,72007000.0,1.764,2.056,2415126000.0,199621000.0,2215505000.0,2415126000.0,0.0,79853000.0,0.0,0.033,0.21,149893000.0,229746000.0,0.133,229746000.0,149893000.0,114297000.0,0.27,0.27,0.27,2356362000.0,,2356362000.0,9219374060.0,14.0,9.43,171164000.0,0.642,1.0,453535000.0,0.263,2155713000.0,35596000.0,5779642000.0,,1271658000.0,87057000.0,0.0,87057000.0,4844328000.0,1664671000.0,3179657000.0,6692836060.0,-4083000.0,-1016000.0,255000.0,-131319000.0,-55996000.0,-187060000.0,-52533000.0,0.0,235693000.0,-183000.0,72007000.0,72007000.0,72007000.0,0.0,0.0,0.042,300336000.0,153199000.0,429131000.0,0.778,2.84,20.418,20.574,1702000000.0,0.0,25.1,0.976,0.976,1246645000.0,2529175000.0,1724653000.0,1724653000.0,0.0,,,,,0.0,278459000.0,1.0,266646855.0,266648000,266813000.0,6.468,5044977000.0,237248000.0,42290000.0,256835000.0,18.92,1271347000.0
81,NWL,MRQ,2001-03-31,2001-03-31,2001-03-31,2021-08-02,-260286000.0,7168119000.0,,2872843000.0,4295276000.0,,8.793,-59744000.0,19873000.0,19873000.0,1218960000.0,38421000.0,1.858,2.058,2546411000.0,228138000.0,2318273000.0,2546411000.0,0.0,87551000.0,0.0,0.032,0.21,100308000.0,187859000.0,0.117,187859000.0,100308000.0,60987000.0,0.14,0.14,0.14,2344371000.0,,2344371000.0,9997755000.0,13.0,9.369,64320000.0,0.241,1.0,391776000.0,0.243,2150125000.0,39321000.0,5998243000.0,,1309991000.0,82857000.0,0.0,82857000.0,4823748000.0,1546289000.0,3277459000.0,7478300000.0,-2652000.0,-15367000.0,737000.0,463000.0,-55994000.0,-54794000.0,-70439000.0,0.0,124064000.0,-1483000.0,38421000.0,38421000.0,38421000.0,0.0,0.0,0.024,288659000.0,103117000.0,366475000.0,1.5,3.19,19.485,18.531,1719462000.0,0.0,26.5,1.081,1.022,1131531000.0,2513229000.0,1610736000.0,1610736000.0,0.0,,,,,0.0,264607000.0,1.0,282200000.0,266618000,266782000.0,6.041,5017994000.0,221979000.0,22566000.0,216165000.0,18.821,1326554000.0
82,NWL,MRQ,2000-12-31,2000-12-31,2000-12-31,2021-08-02,-172852000.0,7261825000.0,,2880367000.0,4381458000.0,,9.19,-76099000.0,22525000.0,22525000.0,1301037000.0,94366000.0,1.857,1.966,2546758000.0,227206000.0,2319552000.0,2546758000.0,0.0,70763000.0,0.0,0.037,0.21,188391000.0,259154000.0,0.147,259154000.0,188391000.0,153412000.0,0.35,0.35,0.35,2448641000.0,,2448641000.0,8227487854.0,10.0,7.425,262563000.0,0.985,1.0,461287000.0,0.262,2189948000.0,34979000.0,6045284000.0,,1262551000.0,81978000.0,0.0,81978000.0,4813184000.0,1550826000.0,3262358000.0,6064662854.0,1025000.0,-527010000.0,1409000.0,329894000.0,-55998000.0,275305000.0,-613513000.0,0.0,338662000.0,571000.0,94366000.0,94366000.0,94366000.0,0.0,0.0,0.054,266718000.0,194569000.0,342406000.0,0.6,2.477,14.385,14.49,1756903000.0,0.0,22.75,0.875,0.881,1183363000.0,2530864000.0,1762324000.0,1762324000.0,0.0,,,,,1000000.0,223694000.0,1.0,266578587.0,266432000,237039000.0,6.615,5071877000.0,231875000.0,59046000.0,166287000.0,19.036,1329541000.0
83,NWL,MRQ,2000-09-30,2000-09-30,2000-09-30,2021-08-02,-204106000.0,6788528000.0,,2854276000.0,3934252000.0,,8.921,-81434000.0,21439000.0,21439000.0,1287619000.0,122999000.0,1.982,1.855,2184264000.0,119518000.0,2064746000.0,2184264000.0,0.0,67684000.0,0.0,0.036,0.21,233183000.0,300867000.0,0.171,300867000.0,233183000.0,199999000.0,0.46,0.46,0.46,2378038000.0,,2378038000.0,8294934242.0,11.0,7.794,100129000.0,0.376,1.0,468753000.0,0.267,1973309000.0,33184000.0,5537835000.0,,1170533000.0,78755000.0,0.0,78755000.0,4410490000.0,1440209000.0,2970281000.0,6080567242.0,5542000.0,-2643000.0,842000.0,-41893000.0,-55981000.0,-97032000.0,-76875000.0,0.0,181563000.0,-2114000.0,122999000.0,122999000.0,122999000.0,0.0,0.0,0.07,232130000.0,236623000.0,343511000.0,0.457,2.557,15.244,15.412,1573960000.0,0.0,22.81,0.849,0.849,1236989000.0,2492564000.0,1756372000.0,1756372000.0,0.0,,,,,0.0,214509000.0,1.0,266574627.0,266567000,276500000.0,6.589,4815219000.0,260914000.0,77000000.0,151400000.0,18.064,1414067000.0
84,NWL,MRQ,2000-06-30,2000-06-30,2000-06-30,2021-08-02,-171020000.0,6819355000.0,,2847041000.0,3972314000.0,,8.791,-77879000.0,15897000.0,15897000.0,1299549000.0,128015000.0,1.86,1.91,2230264000.0,222046000.0,2008218000.0,2230264000.0,0.0,77070000.0,0.0,0.032,0.21,242142000.0,319212000.0,0.179,319212000.0,242142000.0,208154000.0,0.48,0.48,0.48,2343264000.0,,2343264000.0,9049596829.0,13.0,9.372,51264000.0,0.192,1.0,487476000.0,0.273,2025027000.0,33988000.0,5477870000.0,,1200547000.0,79029000.0,0.0,79029000.0,4476091000.0,1530825000.0,2945266000.0,6863182829.0,7869000.0,-13702000.0,-1394000.0,33185000.0,-55972000.0,-24181000.0,-95268000.0,0.0,129143000.0,-1825000.0,128015000.0,128015000.0,128015000.0,0.0,0.0,0.072,241859000.0,245617000.0,340930000.0,0.438,2.929,19.687,20.117,1573580000.0,0.0,25.75,0.978,0.978,1224305000.0,2425604000.0,1787025000.0,1787025000.0,0.0,,,,,0.0,221589000.0,1.0,266531372.0,266542000,276492000.0,6.704,4794328000.0,245589000.0,80139000.0,139433000.0,17.987,1316216000.0
85,NWL,MRQ,2000-03-31,2000-03-31,2000-03-31,2021-08-02,-140671000.0,6677988000.0,,2695357000.0,3982631000.0,,8.403,-81188000.0,8028000.0,8028000.0,1220495000.0,76220000.0,1.73,1.9,2194442000.0,317333000.0,1877109000.0,2194442000.0,0.0,77083000.0,0.0,0.033,0.21,151784000.0,228867000.0,0.14,228867000.0,151784000.0,123935000.0,0.28,0.28,0.28,2302830000.0,,2302830000.0,8597468000.0,17.0,10.865,-107056000.0,-0.391,1.0,408484000.0,0.251,2037121000.0,27849000.0,5269549000.0,,1168486000.0,77654000.0,0.0,77654000.0,4375158000.0,1557732000.0,2817426000.0,6996420000.0,-94136000.0,-54445000.0,-402557000.0,515714000.0,-57149000.0,56008000.0,-123644000.0,0.0,-25868000.0,-632000.0,76220000.0,76220000.0,76220000.0,0.0,0.0,0.047,253593000.0,154891000.0,361622000.0,0.75,3.038,27.912,27.264,1565358000.0,0.0,24.81,1.025,0.996,1130110000.0,2353620000.0,1628979000.0,1628979000.0,0.0,,,,,0.0,239608000.0,1.0,282000000.0,274059000,284016000.0,5.944,4640867000.0,237449000.0,47715000.0,89192000.0,16.934,1137625000.0
86,NWL,MRQ,1999-12-31,1999-12-31,1999-12-31,2021-08-02,-129981000.0,6724088000.0,,2738569000.0,3985519000.0,,9.564,-60340000.0,102164000.0,102164000.0,1541066000.0,71645000.0,1.68,1.493,1703212000.0,247433000.0,1455779000.0,1703212000.0,0.0,73529000.0,0.0,0.028,0.2,141758000.0,215287000.0,0.108,215287000.0,141758000.0,117450000.0,0.26,0.26,0.26,2697006000.0,,2697006000.0,9589737758.0,29.0,15.912,205316000.0,0.728,1.0,447715000.0,0.225,2024925000.0,24308000.0,4670328000.0,,1034794000.0,76704000.0,0.0,76704000.0,4027082000.0,1629883000.0,2397199000.0,8179110758.0,68182000.0,-311027000.0,874000.0,249758000.0,-56337000.0,194295000.0,-390058000.0,2890000.0,265656000.0,-1711000.0,71645000.0,71645000.0,71645000.0,0.0,0.0,0.036,304234000.0,143481000.0,376596000.0,0.769,3.033,85.702,85.294,1548191000.0,0.0,29.0,1.219,1.218,1178423000.0,2334609000.0,1988781000.0,1988781000.0,0.0,,,,,2269000.0,254513000.0,1.0,282038302.0,282010000,282698000.0,7.052,4699163000.0,250587000.0,45805000.0,85655000.0,16.663,1108686000.0
87,NWL,MRQ,1999-09-30,1999-09-30,1999-09-30,2021-08-02,-116842000.0,6298974000.0,,2539462000.0,3759512000.0,,9.555,-50695000.0,33982000.0,33982000.0,1164910000.0,72737000.0,1.795,1.338,1444609000.0,82619000.0,1361990000.0,1444609000.0,0.0,56937000.0,0.0,0.027,0.2,145253000.0,202190000.0,0.126,202190000.0,145253000.0,119241000.0,0.26,0.26,0.26,2693963000.0,,2693963000.0,9611243385.0,30.0,16.66,213504000.0,0.757,1.0,444570000.0,0.276,1908309000.0,26012000.0,4386689000.0,,1037793000.0,78685000.0,0.0,78685000.0,3605011000.0,1414603000.0,2190408000.0,8051530385.0,-15014000.0,427000.0,574000.0,-196568000.0,-56448000.0,-252442000.0,-27779000.0,11438000.0,264199000.0,1008000.0,72737000.0,72737000.0,72737000.0,0.0,0.0,0.045,294683000.0,149887000.0,332732000.0,0.769,2.989,91.791,89.25,1482262000.0,0.0,28.56,1.203,1.203,1207536000.0,2319423000.0,1609480000.0,1609480000.0,0.0,,,,,0.0,267485000.0,1.0,281916330.0,281937000,292041000.0,5.709,4390665000.0,114349000.0,46504000.0,0.0,15.573,1124859000.0
88,NWL,MRQ,1999-06-30,1999-06-30,1999-06-30,2021-08-02,-111436000.0,6308253000.0,,2531593000.0,3776660000.0,,9.518,-10912000.0,48996000.0,48996000.0,1176508000.0,30054000.0,2.029,1.352,1608709000.0,58686000.0,1550023000.0,1608709000.0,0.0,71225000.0,0.0,0.016,0.2,73710000.0,144935000.0,0.091,144935000.0,73710000.0,49270000.0,0.11,0.11,0.11,2682505000.0,,2682505000.0,14671206625.0,34.0,21.186,109343000.0,0.388,1.0,420806000.0,0.263,1871987000.0,24440000.0,4748017000.0,,1078431000.0,88868000.0,0.0,88868000.0,3625748000.0,1247962000.0,2377786000.0,13068352625.0,-20862000.0,-34607000.0,3866000.0,-35344000.0,-56364000.0,-87842000.0,-53063000.0,0.0,120255000.0,-212000.0,30054000.0,30054000.0,30054000.0,0.0,0.0,0.019,343850000.0,76956000.0,323458000.0,1.818,4.872,98.718,96.625,1514561000.0,0.0,46.38,1.967,1.967,1166204000.0,2303129000.0,1597314000.0,1597314000.0,0.0,,,,,0.0,322528000.0,1.0,281766982.0,281830000,281830000.0,5.668,4436266000.0,86624000.0,19216000.0,9737000.0,15.741,1283631000.0
89,NWL,MRQ,1999-03-31,1999-03-31,1999-03-31,2021-08-02,-117953000.0,6235344000.0,,2454545000.0,3780799000.0,,9.588,-78119000.0,69858000.0,69858000.0,1092885000.0,-78999000.0,2.243,1.311,1672712000.0,81949000.0,1590763000.0,1672712000.0,0.0,70040000.0,0.0,0.016,0.2,-29761000.0,40279000.0,0.027,40279000.0,-29761000.0,-55022000.0,-0.28,-0.28,-0.28,2698432000.0,,2698432000.0,8613198000.0,14.0,9.891,-174278000.0,-0.619,1.0,423308000.0,0.279,1837302000.0,25261000.0,4906770000.0,,1077455000.0,77030000.0,0.0,77030000.0,3536912000.0,1094126000.0,2442786000.0,7728250000.0,-16696000.0,-727000.0,22097000.0,176879000.0,-56625000.0,142351000.0,-60052000.0,0.0,-96159000.0,-2836000.0,-78999000.0,-78999000.0,-78999000.0,0.0,0.0,-0.052,450027000.0,-26719000.0,269555000.0,-0.714,2.864,31.629,53.977,1553686000.0,0.0,47.5,1.17,2.023,1059696000.0,2329439000.0,1516193000.0,1516193000.0,0.0,,,,,0.0,259965000.0,1.0,162700000.0,281447000,281447000.0,5.387,4398042000.0,104635000.0,23977000.0,39313000.0,15.627,1360419000.0
90,NWL,MRQ,1998-12-31,1998-12-31,1998-12-31,2021-08-02,-86181000.0,6289155000.0,,2450649000.0,3838506000.0,,10.116,-92570000.0,86554000.0,86554000.0,1500154000.0,63924000.0,2.091,1.212,1495833000.0,101968000.0,1393865000.0,1495833000.0,0.0,58182000.0,0.0,0.017,0.18,131324000.0,189506000.0,0.096,189506000.0,131324000.0,104410000.0,0.23,0.23,0.23,2843732000.0,,2843732000.0,7622067726.0,8.0,6.452,198440000.0,0.706,1.0,471614000.0,0.239,1867059000.0,26914000.0,4659494000.0,,1033488000.0,77284000.0,0.0,77284000.0,3445423000.0,1171881000.0,2273542000.0,6709244726.0,8583000.0,-54619000.0,2003000.0,-25158000.0,-53395000.0,-76550000.0,-204588000.0,-100508000.0,291010000.0,-1289000.0,63924000.0,63924000.0,63924000.0,0.0,0.0,0.032,334394000.0,137220000.0,322080000.0,0.783,2.359,13.924,23.983,1627090000.0,0.0,41.25,1.033,1.783,1078530000.0,2465064000.0,1971768000.0,1971768000.0,0.0,,,,,1377000.0,277407000.0,1.0,162648357.0,281100000,292348000.0,7.014,4422096000.0,108192000.0,40486000.0,31271000.0,15.731,1278768000.0
91,NWL,MRQ,1998-09-30,1998-09-30,1998-09-30,2021-08-02,-33616000.0,4603718000.0,,1767370000.0,2836348000.0,,6.715,-108698000.0,42443000.0,42443000.0,1081725000.0,117402000.0,1.665,1.442,955266000.0,42616000.0,912650000.0,955266000.0,0.0,65600000.0,0.0,0.015,0.18,252174000.0,317774000.0,0.204,317774000.0,252174000.0,222251000.0,0.42,0.42,0.42,1885531000.0,,1885531000.0,8273424999.0,10.0,6.937,31685000.0,0.113,1.0,478049000.0,0.306,1763299000.0,29923000.0,2691567000.0,,776093000.0,56412000.0,0.0,56412000.0,2718187000.0,1061675000.0,1656512000.0,7490420999.0,-37128000.0,-56238000.0,2269000.0,58765000.0,-53268000.0,7766000.0,-185245000.0,0.0,140383000.0,-32000.0,117402000.0,117402000.0,117402000.0,0.0,0.0,0.075,260659000.0,217390000.0,180422000.0,0.429,3.973,13.933,32.9,834486000.0,0.0,46.06,0.964,1.665,670193000.0,1554118000.0,1559774000.0,1559774000.0,0.0,,,,,0.0,227399000.0,1.0,162623122.0,280778000,292250000.0,5.555,2840419000.0,191232000.0,104849000.0,129449000.0,10.116,705695000.0
92,NWL,MRQ,1998-06-30,1998-06-30,1998-06-30,2021-08-02,-24767000.0,4251295000.0,,1662627000.0,2588668000.0,,6.493,-56275000.0,68422000.0,68422000.0,1082609000.0,142015000.0,1.829,1.333,851426000.0,81254000.0,770172000.0,851426000.0,0.0,72905000.0,0.0,0.014,0.18,250311000.0,323216000.0,0.207,323216000.0,250311000.0,228967000.0,0.51,0.5,0.51,1822320000.0,,1822320000.0,8489535585.0,11.0,7.884,-77400000.0,-0.276,1.0,476928000.0,0.306,1611698000.0,21344000.0,2513518000.0,,696440000.0,55388000.0,0.0,55388000.0,2428975000.0,909083000.0,1519892000.0,7936139585.0,77054000.0,-58429000.0,-3135000.0,289700000.0,-53185000.0,233380000.0,-136087000.0,0.0,-21125000.0,886000.0,142015000.0,142015000.0,142015000.0,0.0,0.0,0.091,248174000.0,228754000.0,138330000.0,0.353,4.355,15.639,32.77,763799000.0,0.0,49.81,1.112,1.96,629960000.0,1484232000.0,1559537000.0,1559537000.0,0.0,,,,,0.0,229052000.0,1.0,159328239.0,280652000,292100000.0,5.557,2639597000.0,188434000.0,86952000.0,92036000.0,9.405,753544000.0
93,NWL,MRQ,1998-03-31,1998-03-31,1998-03-31,2021-08-02,-22714000.0,3717086000.0,,1334040000.0,2383046000.0,,6.269,-61188000.0,12548000.0,12548000.0,1005870000.0,158493000.0,1.887,1.114,565944000.0,42824000.0,523120000.0,565944000.0,0.0,67117000.0,0.0,0.014,0.18,283678000.0,350795000.0,0.25,350795000.0,283678000.0,261345000.0,0.57,0.56,0.57,1758110000.0,,1758110000.0,8511466000.0,13.0,9.164,7311000.0,0.026,1.0,396223000.0,0.283,1477953000.0,22333000.0,2085721000.0,,662250000.0,53750000.0,0.0,53750000.0,1958976000.0,706808000.0,1252168000.0,7711648000.0,-112086000.0,-260818000.0,1575000.0,-193151000.0,-52638000.0,-244214000.0,64671000.0,378321000.0,68499000.0,-1042000.0,158493000.0,158493000.0,158493000.0,0.0,0.0,0.113,299248000.0,96975000.0,114157000.0,0.316,4.386,17.429,32.73,703975000.0,0.0,48.44,1.206,2.125,456388000.0,1415943000.0,1402093000.0,1402093000.0,0.0,,,,,0.0,234058000.0,1.0,159200000.0,280435000,291503000.0,5.0,2239133000.0,117878000.0,102852000.0,122062000.0,7.984,627232000.0
94,NWL,MRQ,1997-12-31,1997-12-31,1997-12-31,2021-08-02,19521000.0,5775248000.0,,2249079000.0,3526169000.0,,16.401,0.0,150131000.0,150131000.0,2374705000.0,119702000.0,1.81,1.17,1247895000.0,258201000.0,989694000.0,1247895000.0,0.0,153564000.0,0.0,0.015,0.16,47323000.0,200887000.0,0.062,200887000.0,47323000.0,-12671000.0,-0.1,-0.1,-0.1,2661417000.0,,2661417000.0,,,,436427000.0,2.69,1.0,871699000.0,0.269,1516933000.0,59994000.0,4113624000.0,,902978000.0,358141000.0,0.0,358141000.0,3113831000.0,1242455000.0,1871376000.0,6766000000.0,101739000.0,0.0,-4098000.0,-668904000.0,76334000.0,-1109420000.0,958137000.0,184064000.0,436427000.0,7048000.0,119702000.0,119702000.0,119702000.0,0.0,0.0,0.037,607825000.0,263874000.0,299351000.0,-1.6,2.542,21.037,36.957,1410522000.0,0.0,42.5,1.199,1.222,935657000.0,2195716000.0,3246404000.0,3246404000.0,0.0,,,,,0.0,473754000.0,1.0,159200000.0,162269000,164889000.0,20.006,4258315000.0,157132000.0,-132373000.0,93530000.0,26.242,1006624000.0
95,NWL,MRQ,1997-09-30,1997-09-30,1997-09-30,2021-08-02,,,,,,,,-25246000.0,,,627076000.0,87257000.0,,,,,,,,32379000.0,,0.015,0.16,169535000.0,201914000.0,0.218,201914000.0,169535000.0,144452000.0,0.54,0.54,0.54,,,,,,,142842000.0,0.881,1.0,298622000.0,0.323,,25083000.0,,,,,,,,,,,-1935000.0,-125333000.0,743000.0,18420000.0,-25455000.0,-6292000.0,-162911000.0,6389000.0,168088000.0,-820000.0,87257000.0,87257000.0,87257000.0,0.0,0.0,0.094,136273000.0,162349000.0,,0.296,,,,,0.0,40.0,,,,,925698000.0,925698000.0,0.0,,,,,0.0,126769000.0,1.0,,162206000,162846000.0,5.707,,,57195000.0,,,
96,NWL,MRQ,1997-06-30,1997-06-30,1997-06-30,2021-08-02,,,,,,,,-11614000.0,,,549278000.0,77020000.0,,,,,,,,31733000.0,,0.015,0.16,143511000.0,175244000.0,0.214,175244000.0,143511000.0,127522000.0,0.47,0.47,0.47,,,,,,,-25253000.0,-0.156,1.0,270111000.0,0.33,,15989000.0,,,,,,,,,,,17027000.0,-452471000.0,238000.0,538686000.0,-25447000.0,513477000.0,-480842000.0,0.0,-13639000.0,-1969000.0,77020000.0,77020000.0,77020000.0,0.0,0.0,0.094,130220000.0,139891000.0,,0.34,,,,,0.0,39.75,,,,,819389000.0,819389000.0,0.0,,,,,0.0,122934000.0,1.0,,162164000,162804000.0,5.053,,,50502000.0,,,
97,NWL,MRQ,1997-03-31,1997-03-31,1997-03-31,2021-08-02,,,,,,,,-15399000.0,,,440090000.0,37763000.0,,,,,,,,30151000.0,,0.017,0.16,75306000.0,105457000.0,0.168,105457000.0,75306000.0,62521000.0,0.24,0.24,0.24,,,,,,,26846000.0,0.169,1.0,189284000.0,0.301,,12785000.0,,,,,,,,,,,1338000.0,-117625000.0,3117000.0,111798000.0,-25432000.0,89483000.0,-123931000.0,0.0,42245000.0,-6459000.0,37763000.0,37763000.0,37763000.0,0.0,0.0,0.06,116034000.0,73250000.0,,0.667,,,,,0.0,33.5,,,,,629374000.0,629374000.0,0.0,,,,,0.0,109958000.0,1.0,,158958000,159598000.0,3.959,,,24758000.0,,,
98,NWL,MRQ,1996-12-31,1996-12-31,1996-12-31,2021-08-02,28934000.0,3058430000.0,,1148464000.0,1909966000.0,,9.268,,4363000.0,4363000.0,,,1.725,1.039,794422000.0,108814000.0,685608000.0,794422000.0,0.0,,0.0,0.018,0.14,,,,,,,,,,1500022000.0,,1500022000.0,,,,,,1.0,,,922874000.0,,2259731000.0,,524444000.0,299492000.0,0.0,299492000.0,1558408000.0,665884000.0,892524000.0,,,,,,,,,,,,,,,,,,,,114158000.0,,,,19.688,567880000.0,,31.5,,1.715,424479000.0,1114294000.0,,,,,,,,,,1.0,,161858000,,,2135556000.0,126200000.0,,85391000.0,13.194,482580000.0
99,NWL,MRQ,1995-12-31,1995-12-31,1995-12-31,2021-08-02,7913000.0,2927111000.0,,1132874000.0,1794237000.0,,8.191,,58771000.0,58771000.0,,,1.665,1.259,924626000.0,163048000.0,761578000.0,924626000.0,0.0,,0.0,0.018,0.12,,,,,,,,,,1295966000.0,,1295966000.0,,,,,,1.0,,,884084000.0,,2228623000.0,,509245000.0,257166000.0,0.0,257166000.0,1631145000.0,680259000.0,950886000.0,,,,,,,,,,,,,,,,,,,,113927000.0,,,,18.355,530285000.0,,25.88,,1.639,390296000.0,938567000.0,,,,,,,,,,1.0,,158212000,,,2043027000.0,107499000.0,,44030000.0,12.913,452615000.0
0,NWL,MRT,2021-06-30,2021-06-30,2021-06-30,2021-08-02,-873000000.0,14620000000.0,14595000000.0,4655000000.0,9965000000.0,0.712,9.37,-279000000.0,637000000.0,637000000.0,6974000000.0,717000000.0,1.233,2.662,5928000000.0,610000000.0,5318000000.0,5928000000.0,0.0,347000000.0,0.0,0.033,0.92,1025000000.0,1372000000.0,0.132,1372000000.0,1025000000.0,753000000.0,1.69,1.68,1.69,3986000000.0,3855500000.0,3986000000.0,16950991000.0,17.0,12.355,1097000000.0,2.579,1.0,3411000000.0,0.328,7033000000.0,272000000.0,9102000000.0,9354000000.0,2016000000.0,0.0,0.0,0.0,10609000000.0,3776000000.0,6833000000.0,11682991000.0,14000000.0,16000000.0,0.0,-710000000.0,-393000000.0,-1132000000.0,-249000000.0,-4000000.0,1376000000.0,19000000.0,717000000.0,717000000.0,717000000.0,0.0,0.0,0.069,2303000000.0,1108000000.0,1577000000.0,0.544,2.931,16.294,16.254,1649000000.0,0.0,27.47,1.125,1.125,1717000000.0,-2888000000.0,10385000000.0,10385000000.0,0.0,0.049,0.186,0.11,0.099,49000000.0,2259000000.0,1.0,425300000.0,425400000,427800000.0,24.412,7587000000.0,857000000.0,36000000.0,436000000.0,17.835,879000000.0
1,NWL,MRT,2021-03-31,2021-03-31,2021-03-31,2021-08-02,-914000000.0,14340000000.0,14504250000.0,4385000000.0,9955000000.0,0.675,9.028,-255000000.0,682000000.0,682000000.0,6594000000.0,598000000.0,1.304,2.732,5950000000.0,357000000.0,5593000000.0,5950000000.0,0.0,352000000.0,0.0,0.034,0.92,881000000.0,1233000000.0,0.126,1233000000.0,881000000.0,603000000.0,1.41,1.4,1.41,3836000000.0,3732000000.0,3836000000.0,16468788000.0,19.0,13.357,1129000000.0,2.657,1.0,3193000000.0,0.326,7031000000.0,278000000.0,9214000000.0,9663750000.0,1901000000.0,0.0,0.0,0.0,10479000000.0,3363000000.0,7116000000.0,11370788000.0,202000000.0,16000000.0,0.0,-549000000.0,-393000000.0,-971000000.0,-226000000.0,0.0,1384000000.0,15000000.0,598000000.0,598000000.0,598000000.0,0.0,0.0,0.061,2227000000.0,966000000.0,1501000000.0,0.652,2.964,19.015,18.993,1664000000.0,0.0,26.78,1.162,1.163,1530000000.0,-3085000000.0,9787000000.0,9787000000.0,0.0,0.041,0.16,0.091,0.09,47000000.0,2175000000.0,1.0,424600000.0,424900000,427600000.0,23.034,7309000000.0,843000000.0,5000000.0,438000000.0,17.202,1022000000.0
2,NWL,MRT,2020-12-31,2020-12-31,2020-12-31,2021-08-02,-880000000.0,14700000000.0,14395000000.0,4628000000.0,10072000000.0,0.652,9.135,-259000000.0,981000000.0,981000000.0,6306000000.0,-770000000.0,1.278,2.788,6079000000.0,466000000.0,5613000000.0,6079000000.0,0.0,357000000.0,0.0,0.043,0.92,-732000000.0,-375000000.0,-0.04,-375000000.0,-732000000.0,-1006000000.0,-1.82,-1.82,-1.82,3874000000.0,3636500000.0,3874000000.0,14525889000.0,-20.0,-38.736,1173000000.0,2.766,1.0,3079000000.0,0.328,7117000000.0,274000000.0,9060000000.0,9846000000.0,1638000000.0,0.0,0.0,0.0,10800000000.0,3621000000.0,7179000000.0,9007889000.0,650000000.0,16000000.0,0.0,-160000000.0,-392000000.0,-559000000.0,-228000000.0,0.0,1432000000.0,5000000.0,-770000000.0,-770000000.0,-770000000.0,0.0,0.0,-0.082,3713000000.0,-634000000.0,1526000000.0,-0.505,2.325,-11.699,-11.665,1706000000.0,0.0,21.23,0.96,0.959,1678000000.0,-3174000000.0,9385000000.0,9385000000.0,0.0,-0.053,-0.212,-0.074,-0.078,41000000.0,2189000000.0,1.0,424300000.0,424100000,424100000.0,22.129,7583000000.0,838000000.0,-236000000.0,414000000.0,17.88,1007000000.0
3,NWL,MRT,2020-09-30,2020-09-30,2020-09-30,2021-08-02,-988000000.0,14720000000.0,14630500000.0,4704000000.0,10016000000.0,0.637,8.782,-251000000.0,858000000.0,858000000.0,6273000000.0,-103000000.0,1.514,2.944,6376000000.0,97000000.0,6279000000.0,6376000000.0,0.0,388000000.0,0.0,0.054,0.92,-759000000.0,-371000000.0,-0.04,-371000000.0,-759000000.0,-1034000000.0,-0.25,-0.26,-0.25,3726000000.0,3908750000.0,3726000000.0,13338988000.0,-18.0,-35.954,1189000000.0,2.802,1.0,3047000000.0,0.327,7090000000.0,275000000.0,10040000000.0,10069500000.0,1718000000.0,0.0,0.0,0.0,10970000000.0,3108000000.0,7862000000.0,7280988000.0,399000000.0,257000000.0,0.0,-461000000.0,-392000000.0,-1054000000.0,17000000.0,0.0,1440000000.0,-4000000.0,-103000000.0,-103000000.0,-103000000.0,-16000000.0,0.0,-0.011,3797000000.0,-750000000.0,1415000000.0,-3.68,1.954,-70.689,-68.64,1658000000.0,0.0,17.16,0.781,0.781,1814000000.0,-3301000000.0,9320000000.0,9320000000.0,0.0,-0.007,-0.026,-0.075,-0.081,41000000.0,2221000000.0,1.0,424300000.0,424300000,425400000.0,21.966,7630000000.0,882000000.0,-931000000.0,463000000.0,17.983,1596000000.0
4,NWL,MRT,2020-06-30,2020-06-30,2020-06-30,2021-08-02,-1006000000.0,14257000000.0,14953050000.0,4286000000.0,9971000000.0,0.615,8.232,-244000000.0,619000000.0,619000000.0,6210000000.0,-1033000000.0,1.469,3.076,6677000000.0,402000000.0,6275000000.0,6677000000.0,0.0,448000000.0,0.0,0.058,0.92,-1991000000.0,-1543000000.0,-0.168,-1543000000.0,-1991000000.0,-2270000000.0,-2.45,-2.45,-2.45,3492000000.0,4011650000.0,3492000000.0,12775708000.0,-6.0,-8.28,941000000.0,2.218,1.0,2980000000.0,0.324,7057000000.0,279000000.0,10341000000.0,10172550000.0,1714000000.0,0.0,0.0,0.0,10741000000.0,2917000000.0,7824000000.0,6734708000.0,9000000.0,256000000.0,0.0,-566000000.0,-393000000.0,-1179000000.0,26000000.0,0.0,1185000000.0,-23000000.0,-1033000000.0,-1033000000.0,-1033000000.0,-31000000.0,0.0,-0.112,4950000000.0,-1970000000.0,1157000000.0,-0.376,1.929,-6.52,-6.482,1671000000.0,0.0,15.88,0.733,0.733,1641000000.0,-3605000000.0,9190000000.0,9190000000.0,0.0,-0.069,-0.258,-0.196,-0.217,40000000.0,2306000000.0,1.0,424100000.0,424200000,424700000.0,21.664,7200000000.0,860000000.0,-1237000000.0,471000000.0,16.973,1369000000.0
5,NWL,MRT,2020-03-31,2020-03-31,2020-03-31,2021-08-02,-1055000000.0,13903000000.0,15805375000.0,3917000000.0,9986000000.0,0.605,8.15,-265000000.0,476000000.0,476000000.0,6378000000.0,-1021000000.0,1.327,3.018,6517000000.0,639000000.0,5878000000.0,6517000000.0,0.0,450000000.0,0.0,0.069,0.92,-1957000000.0,-1507000000.0,-0.158,-1507000000.0,-1957000000.0,-2243000000.0,-2.42,-2.42,-2.42,3454000000.0,4380950000.0,3454000000.0,11540580000.0,-6.0,-7.658,1002000000.0,2.364,1.0,3181000000.0,0.333,7050000000.0,286000000.0,9943000000.0,10779200000.0,1700000000.0,0.0,0.0,0.0,10424000000.0,2951000000.0,7473000000.0,5624080000.0,123000000.0,996000000.0,0.0,-1257000000.0,-392000000.0,-1876000000.0,756000000.0,0.0,1267000000.0,-24000000.0,-1021000000.0,-1021000000.0,-1021000000.0,2000000.0,0.0,-0.107,5083000000.0,-1902000000.0,1036000000.0,-0.38,1.628,-5.508,-5.488,1684000000.0,0.0,13.28,0.588,0.589,1398000000.0,-3683000000.0,9559000000.0,9559000000.0,0.0,-0.065,-0.233,-0.182,-0.205,45000000.0,2430000000.0,1.0,423500000.0,423800000,423800000.0,22.555,6853000000.0,873000000.0,-1222000000.0,498000000.0,16.17,966000000.0
6,NWL,MRT,2019-12-31,2019-12-31,2019-12-31,2021-08-02,-920000000.0,15642000000.0,16856150000.0,4110000000.0,11532000000.0,0.576,11.725,-265000000.0,349000000.0,349000000.0,6496000000.0,107000000.0,1.38,2.145,6264000000.0,332000000.0,5932000000.0,6264000000.0,0.0,446000000.0,0.0,0.048,0.92,-628000000.0,-182000000.0,-0.019,-182000000.0,-628000000.0,-931000000.0,0.25,0.25,0.25,4963000000.0,4754550000.0,4963000000.0,14553248000.0,-23.0,-79.963,779000000.0,1.84,1.0,3219000000.0,0.331,8625000000.0,303000000.0,9954000000.0,11671325000.0,1606000000.0,0.0,0.0,0.0,10646000000.0,2978000000.0,7668000000.0,8137748000.0,-125000000.0,996000000.0,0.0,-1298000000.0,-391000000.0,-1904000000.0,736000000.0,0.0,1044000000.0,-1000000.0,107000000.0,107000000.0,107000000.0,79000000.0,0.0,0.011,3701000000.0,-482000000.0,1102000000.0,3.68,1.64,76.054,76.88,1770000000.0,0.0,19.22,0.838,0.837,1842000000.0,-2404000000.0,9715000000.0,9715000000.0,0.0,0.006,0.023,-0.054,-0.065,42000000.0,2451000000.0,1.0,423400000.0,423300000,423900000.0,22.951,7017000000.0,776000000.0,-1038000000.0,625000000.0,16.577,1132000000.0
7,NWL,MRT,2019-09-30,2019-09-30,2019-09-30,2021-08-02,-1038100000.0,16010200000.0,17376250000.0,5468400000.0,10541800000.0,0.586,9.772,-282300000.0,465400000.0,465400000.0,6754200000.0,-503000000.0,1.484,2.862,6880900000.0,633900000.0,6247000000.0,6880900000.0,0.0,421400000.0,0.0,0.049,0.92,-574100000.0,-152700000.0,-0.015,-152700000.0,-574100000.0,-910900000.0,-1.47,-1.47,-1.47,4137600000.0,4818400000.0,4137600000.0,14625448000.0,-25.0,-95.779,640100000.0,1.512,1.0,3429700000.0,0.337,8289300000.0,336800000.0,10452200000.0,11911250000.0,1877200000.0,0.0,0.0,0.0,11841700000.0,3684200000.0,8157500000.0,7926048000.0,-977900000.0,3112400000.0,-995900000.0,-3273100000.0,-395700000.0,-4710000000.0,2828700000.0,0.0,922400000.0,-19000000.0,-503000000.0,-503000000.0,-503000000.0,22800000.0,0.0,-0.049,3916500000.0,-486800000.0,1118500000.0,-0.626,1.916,-15.758,-12.735,1696700000.0,0.0,18.72,0.778,0.778,1872800000.0,-3198000000.0,10183900000.0,10183900000.0,0.0,-0.029,-0.104,-0.048,-0.056,47100000.0,2551900000.0,1.0,423400000.0,423400000,423400000.0,24.053,7720900000.0,222500000.0,-407900000.0,759200000.0,18.235,1784200000.0
8,NWL,MRT,2019-06-30,2019-06-30,2019-06-30,2021-08-02,-921300000.0,17666300000.0,18973225000.0,7061700000.0,10604600000.0,0.536,11.739,-298000000.0,624500000.0,624500000.0,6665500000.0,-7188000000.0,2.252,2.548,7323900000.0,43400000.0,7280500000.0,7323900000.0,0.0,353200000.0,0.0,0.06,0.92,-8121100000.0,-7767900000.0,-0.764,-7767900000.0,-8121100000.0,-8488500000.0,-15.51,-15.51,-15.51,4969200000.0,5282325000.0,4969200000.0,13975902000.0,-2.0,-1.799,763500000.0,1.804,1.0,3498100000.0,0.344,8462300000.0,367400000.0,12767600000.0,13729675000.0,1845200000.0,0.0,0.0,0.0,12661700000.0,3135800000.0,9525900000.0,6524202000.0,-1654700000.0,3207600000.0,-1507000000.0,-3747500000.0,-405100000.0,-5677100000.0,2968600000.0,0.0,1061500000.0,-7700000.0,-7188000000.0,-7188000000.0,-7188000000.0,623500000.0,0.0,-0.707,10963000000.0,-7464900000.0,1083800000.0,-0.059,1.313,-0.908,-0.994,1569100000.0,0.0,15.42,0.642,0.642,1769000000.0,-2572200000.0,10163600000.0,10163600000.0,0.0,-0.379,-1.361,-0.591,-0.799,58300000.0,2526300000.0,1.0,423100000.0,423300000,423500000.0,24.01,9204000000.0,234100000.0,-1300500000.0,1024900000.0,21.743,3925900000.0
9,NWL,MRT,2019-03-31,2019-03-31,2019-03-31,2021-08-02,-936500000.0,18106100000.0,22604450000.0,7516100000.0,10590000000.0,0.437,11.698,-346900000.0,364100000.0,364100000.0,6477300000.0,-7146300000.0,2.116,2.652,7815800000.0,573600000.0,7242200000.0,7815800000.0,0.0,371200000.0,0.0,0.06,0.92,-8013900000.0,-7642700000.0,-0.773,-7642700000.0,-8013900000.0,-8423800000.0,-15.45,-15.45,-15.45,4948400000.0,7529600000.0,4948400000.0,13005052000.0,-2.0,-1.702,534800000.0,1.264,1.0,3407900000.0,0.345,8494700000.0,409900000.0,13511500000.0,15322950000.0,1799000000.0,0.0,0.0,0.0,13123000000.0,3551600000.0,9571400000.0,6485752000.0,-95300000.0,5133000000.0,-1507000000.0,-3838100000.0,-420400000.0,-5783700000.0,4836300000.0,0.0,881700000.0,-29600000.0,-7146300000.0,-7146300000.0,-7146300000.0,382400000.0,0.0,-0.723,11019900000.0,-7612000000.0,934900000.0,-0.06,1.311,-0.908,-0.993,1550000000.0,0.0,15.34,0.656,0.656,1606100000.0,-2662000000.0,9885200000.0,9885200000.0,0.0,-0.316,-0.949,-0.523,-0.811,70900000.0,2527900000.0,1.0,422800000.0,423000000,423000000.0,23.369,9611400000.0,216000000.0,-1277500000.0,1000700000.0,22.722,3964500000.0
10,NWL,MRT,2018-12-31,2018-12-31,2018-12-31,2021-08-02,-912800000.0,17722400000.0,26445275000.0,5958500000.0,11763900000.0,0.384,11.016,-384000000.0,495700000.0,495700000.0,6636000000.0,-6942000000.0,1.804,2.389,7015000000.0,318700000.0,6696300000.0,7015000000.0,0.0,434000000.0,0.0,0.049,0.92,-7855000000.0,-7421000000.0,-0.731,-7421000000.0,-7855000000.0,-8301000000.0,-14.65,-14.65,-14.65,5218400000.0,9825225000.0,5218400000.0,16847312000.0,-2.0,-2.27,296000000.0,0.625,1.0,3518000000.0,0.346,10024500000.0,446000000.0,10913700000.0,16053400000.0,1760700000.0,0.0,0.0,0.0,12469200000.0,3303500000.0,9165700000.0,8677812000.0,10000000.0,5133000000.0,-1507000000.0,-3484000000.0,-435000000.0,-5454000000.0,4807000000.0,0.0,680000000.0,-23000000.0,-6942000000.0,-6942000000.0,-6942000000.0,309000000.0,0.0,-0.684,11072000000.0,-7554000000.0,1191600000.0,-0.063,1.663,-1.25,-1.269,1226100000.0,0.0,18.59,0.855,0.867,2163500000.0,-2511300000.0,10154000000.0,10154000000.0,0.0,-0.263,-0.707,-0.489,-0.774,76000000.0,2648000000.0,1.0,466800000.0,473700000,473700000.0,21.436,7697900000.0,183300000.0,-1359000000.0,1090000000.0,16.251,2655000000.0
11,NWL,MRT,2018-09-30,2018-09-30,2018-09-30,2021-08-02,-1037100000.0,22398100000.0,30298550000.0,12208500000.0,10189600000.0,0.352,12.725,-387000000.0,1443600000.0,1443600000.0,7012600000.0,-5473100000.0,2.98,2.732,9613100000.0,316300000.0,9296800000.0,9613100000.0,0.0,497400000.0,0.0,0.045,0.92,-7683400000.0,-7186000000.0,-0.674,-7186000000.0,-7683400000.0,-8141500000.0,-11.74,-11.76,-11.74,5993300000.0,12056800000.0,5993300000.0,17815250000.0,-2.0,-2.479,784600000.0,1.666,1.0,3656800000.0,0.343,8745000000.0,458100000.0,17725900000.0,18630100000.0,1857500000.0,0.0,0.0,0.0,16371900000.0,4096700000.0,12275200000.0,9591750000.0,651300000.0,2780100000.0,-663500000.0,-1832800000.0,-443800000.0,-2957900000.0,2454400000.0,0.0,1171600000.0,-16800000.0,-5473100000.0,-5473100000.0,-5473100000.0,379000000.0,0.0,-0.513,10971400000.0,-7314600000.0,1172000000.0,-0.078,1.6,-1.753,-1.729,916900000.0,0.0,20.3,0.899,0.896,2015400000.0,-2694800000.0,10669400000.0,10669400000.0,0.0,-0.181,-0.454,-0.412,-0.72,67600000.0,2715700000.0,1.0,472500000.0,471000000,471000000.0,22.653,13653100000.0,206100000.0,-2668400000.0,1563700000.0,28.987,8111800000.0
12,NWL,MRT,2018-06-30,2018-06-30,2018-06-30,2021-08-02,-990200000.0,32191200000.0,33171025000.0,13747400000.0,18443800000.0,0.319,28.709,-416000000.0,2279400000.0,2279400000.0,6981000000.0,2072300000.0,3.165,1.304,10502900000.0,1202200000.0,9300700000.0,10502900000.0,0.0,570400000.0,0.0,0.036,0.92,961300000.0,1531700000.0,0.145,1531700000.0,961300000.0,492400000.0,4.26,4.24,4.26,13958300000.0,13742075000.0,13958300000.0,23223303000.0,24.0,15.162,366500000.0,0.754,1.0,3606300000.0,0.341,16931100000.0,468900000.0,19140700000.0,17939325000.0,1860300000.0,0.0,0.0,0.0,18200000000.0,4342900000.0,13857100000.0,12526203000.0,1499200000.0,2793900000.0,-152400000.0,-880500000.0,-449200000.0,-1661000000.0,2380600000.0,0.0,782500000.0,-2900000.0,2072300000.0,2072300000.0,2072300000.0,-330000000.0,0.0,0.196,2944700000.0,661600000.0,1017300000.0,0.216,0.897,6.045,6.054,929000000.0,0.0,25.79,1.183,1.184,1928700000.0,4624500000.0,10587300000.0,10587300000.0,0.0,0.062,0.151,0.054,0.091,68900000.0,2799200000.0,1.0,485700000.0,486200000,486200000.0,21.776,15260100000.0,215900000.0,-1579900000.0,3097900000.0,31.386,9404500000.0
13,NWL,MRT,2018-03-31,2018-03-31,2018-03-31,2021-08-02,-711700000.0,33469400000.0,33610725000.0,8471300000.0,24998100000.0,0.325,29.076,-400600000.0,459000000.0,459000000.0,7204400000.0,2163600000.0,1.723,1.366,11156100000.0,1532600000.0,9623500000.0,11156100000.0,0.0,614800000.0,0.0,0.036,0.92,922100000.0,1536900000.0,0.141,1536900000.0,922100000.0,459200000.0,4.45,4.43,4.45,14130900000.0,13313600000.0,14130900000.0,22429596000.0,24.0,14.594,427500000.0,0.88,1.0,3708700000.0,0.34,22815300000.0,462900000.0,16433300000.0,16915100000.0,2584900000.0,0.0,0.0,0.0,19302100000.0,4917900000.0,14384200000.0,12362896000.0,-228500000.0,167000000.0,-152400000.0,-72400000.0,-448300000.0,-861500000.0,-232500000.0,0.0,828100000.0,37400000.0,2163600000.0,2163600000.0,2163600000.0,-328300000.0,0.0,0.198,3038700000.0,670000000.0,1398200000.0,0.207,0.875,5.714,5.726,1564700000.0,0.0,25.48,1.133,1.135,2346000000.0,4542500000.0,10913100000.0,10913100000.0,0.0,0.064,0.163,0.055,0.084,60600000.0,2881400000.0,1.0,485200000.0,486000000,486000000.0,22.455,10654100000.0,224900000.0,-1704400000.0,3281100000.0,21.922,3553400000.0
14,NWL,MRT,2017-12-31,2017-12-31,2017-12-31,2021-08-02,-763100000.0,33135500000.0,33577200000.0,10725700000.0,22409800000.0,0.333,29.062,-406200000.0,485700000.0,485700000.0,7359900000.0,2748800000.0,2.185,1.34,10551000000.0,661800000.0,9889200000.0,10551000000.0,0.0,635600000.0,0.0,0.028,0.88,1702700000.0,2338300000.0,0.209,2338300000.0,1702700000.0,1233800000.0,5.65,5.63,5.65,14144700000.0,12779775000.0,14144700000.0,25827190000.0,15.0,11.045,560000000.0,1.151,1.0,3810500000.0,0.341,17072600000.0,468900000.0,21220500000.0,16602550000.0,1662400000.0,0.0,0.0,0.0,18954200000.0,4907700000.0,14046500000.0,15144090000.0,-101800000.0,1472600000.0,-152400000.0,-1400400000.0,-428600000.0,-2195800000.0,1078500000.0,0.0,966200000.0,49300000.0,2748800000.0,2748800000.0,2748800000.0,-314500000.0,0.0,0.246,3103700000.0,706800000.0,1226800000.0,0.156,1.071,5.509,5.469,972400000.0,0.0,30.9,1.356,1.346,1879300000.0,4611200000.0,11170400000.0,11170400000.0,0.0,0.082,0.215,0.103,0.152,70900000.0,2924100000.0,1.0,490100000.0,486700000,488000000.0,22.951,16062900000.0,144800000.0,-1515000000.0,2552700000.0,33.004,5818000000.0
15,NWL,MRT,2017-09-30,2017-09-30,2017-09-30,2021-08-02,-771600000.0,33888000000.0,33752700000.0,6949300000.0,26938700000.0,0.246,25.967,-446800000.0,792300000.0,792300000.0,5359200000.0,1261500000.0,1.456,1.658,11475400000.0,1291000000.0,10184400000.0,11475400000.0,0.0,605800000.0,0.0,0.02,0.84,1684900000.0,2290700000.0,0.276,2290700000.0,1684900000.0,1208200000.0,2.6,2.59,2.6,12734400000.0,12080800000.0,12734400000.0,31526167000.0,19.0,13.763,521100000.0,1.063,1.0,2954100000.0,0.355,24834100000.0,476700000.0,14962800000.0,15427450000.0,2861500000.0,0.0,0.0,0.0,21118000000.0,4774200000.0,16343800000.0,20912567000.0,122300000.0,1458000000.0,0.0,-1281500000.0,-408800000.0,-1908800000.0,1032500000.0,0.0,967900000.0,30700000.0,1261500000.0,1261500000.0,1261500000.0,-896200000.0,0.0,0.152,2855600000.0,98500000.0,1699000000.0,0.323,1.642,16.578,16.412,1675200000.0,0.0,42.67,2.516,2.517,2916000000.0,3067700000.0,8313300000.0,8313300000.0,0.0,0.037,0.104,0.109,0.203,77300000.0,2678400000.0,1.0,490100000.0,490400000,491500000.0,16.952,9053900000.0,35400000.0,-53300000.0,4888500000.0,18.462,2175100000.0
16,NWL,MRT,2017-06-30,2017-06-30,2017-06-30,2021-08-02,-825000000.0,33950000000.0,33884575000.0,7130900000.0,26819100000.0,0.289,25.283,-468700000.0,780200000.0,780200000.0,6437300000.0,1213600000.0,1.488,1.77,11393800000.0,1221000000.0,10172800000.0,11393800000.0,0.0,588000000.0,0.0,0.015,0.8,1789800000.0,2377800000.0,0.243,2377800000.0,1789800000.0,1305000000.0,2.51,2.49,2.51,12244400000.0,11754000000.0,12244400000.0,36400922000.0,20.0,15.309,829000000.0,1.712,1.0,3364000000.0,0.343,24728500000.0,484800000.0,15043800000.0,16151300000.0,2649500000.0,0.0,0.0,0.0,21671800000.0,4791300000.0,16880500000.0,25903822000.0,152900000.0,1297400000.0,0.0,-1578000000.0,-387900000.0,-2018100000.0,852200000.0,0.0,1297700000.0,21100000.0,1213600000.0,1213600000.0,1213600000.0,-772900000.0,0.0,0.124,3082700000.0,281300000.0,1719000000.0,0.319,2.116,21.345,21.363,1653200000.0,0.0,53.62,2.643,2.649,2988700000.0,2946700000.0,9801300000.0,9801300000.0,0.0,0.036,0.103,0.111,0.183,74500000.0,2928400000.0,1.0,483100000.0,484300000,485900000.0,20.238,9221500000.0,39300000.0,91400000.0,4930300000.0,19.041,2339600000.0
17,NWL,MRT,2017-03-31,2017-03-31,2017-03-31,2021-08-02,-948700000.0,33335300000.0,33885900000.0,6488700000.0,26846600000.0,0.329,24.774,-490500000.0,687500000.0,687500000.0,7550000000.0,1125800000.0,1.503,1.776,11184600000.0,852500000.0,10332100000.0,11184600000.0,0.0,565000000.0,0.0,0.016,0.76,1820200000.0,2385200000.0,0.214,2385200000.0,1820200000.0,1323200000.0,2.35,2.33,2.35,11995600000.0,11520575000.0,11995600000.0,34060108000.0,19.0,14.28,1347700000.0,2.783,1.0,3582500000.0,0.322,24331100000.0,497000000.0,15183100000.0,16689500000.0,2476600000.0,0.0,0.0,0.0,21305500000.0,4318200000.0,16987300000.0,22754808000.0,-7493400000.0,-7081400000.0,0.0,-1362600000.0,-368200000.0,-1769700000.0,-7549100000.0,0.0,1838200000.0,-12800000.0,1125800000.0,1125800000.0,1125800000.0,-565900000.0,0.0,0.101,3255800000.0,326700000.0,1396900000.0,0.323,1.897,20.212,20.072,1563900000.0,0.0,47.17,2.044,2.052,2559600000.0,2835500000.0,11132500000.0,11132500000.0,0.0,0.033,0.098,0.109,0.164,74400000.0,3179600000.0,1.0,482400000.0,484200000,485800000.0,22.992,9004200000.0,91400000.0,197400000.0,4883800000.0,18.596,2170500000.0
18,NWL,MRT,2016-12-31,2016-12-31,2016-12-31,2021-08-02,-1044800000.0,33837500000.0,29385275000.0,7484500000.0,26353000000.0,0.312,26.938,-441400000.0,587500000.0,587500000.0,6210200000.0,527800000.0,1.744,1.978,11892800000.0,601900000.0,11290900000.0,11892800000.0,0.0,437200000.0,0.0,0.017,0.76,989100000.0,1426300000.0,0.155,1426300000.0,989100000.0,584900000.0,1.25,1.25,1.25,11348800000.0,8965475000.0,11348800000.0,33616960000.0,34.0,23.569,1399000000.0,3.321,1.0,2970900000.0,0.324,24330700000.0,404200000.0,16520100000.0,16004925000.0,2116000000.0,0.0,0.0,0.0,22453100000.0,4292000000.0,18161100000.0,21539160000.0,312700000.0,-8408000000.0,0.0,7673200000.0,-328600000.0,7328500000.0,-8824800000.0,0.0,1840400000.0,-31400000.0,527800000.0,527800000.0,527800000.0,-566100000.0,0.0,0.057,2672800000.0,298100000.0,1518900000.0,0.608,1.898,40.809,35.72,1543400000.0,0.0,44.65,2.346,2.049,2746900000.0,2289900000.0,9181100000.0,9181100000.0,0.0,0.018,0.059,0.062,0.108,63900000.0,2610600000.0,1.0,482400000.0,421300000,421300000.0,21.792,9506800000.0,95300000.0,57100000.0,5082800000.0,22.565,3192500000.0
19,NWL,MRT,2016-09-30,2016-09-30,2016-09-30,2021-08-02,-881000000.0,34415500000.0,22740775000.0,7880500000.0,26535000000.0,0.47,23.61,-344200000.0,670000000.0,670000000.0,7215600000.0,375400000.0,1.938,2.009,12747800000.0,704500000.0,12043300000.0,12747800000.0,0.0,350200000.0,0.0,0.014,0.76,727400000.0,1077600000.0,0.101,1077600000.0,727400000.0,421700000.0,0.89,0.88,0.89,11427200000.0,6584000000.0,11427200000.0,37753152000.0,52.0,35.034,809300000.0,1.672,1.0,3473300000.0,0.325,24568600000.0,305700000.0,17858200000.0,12924675000.0,2434100000.0,0.0,0.0,0.0,22953200000.0,4066500000.0,18886700000.0,25392652000.0,403800000.0,-8856100000.0,-19800000.0,8777300000.0,-287800000.0,8446200000.0,-9184100000.0,0.0,1153500000.0,-11800000.0,375400000.0,375400000.0,375400000.0,-92500000.0,0.0,0.035,2784400000.0,688900000.0,1433800000.0,0.854,2.222,67.642,59.169,1513700000.0,0.0,52.66,2.376,2.384,2772900000.0,2216100000.0,10688900000.0,10688900000.0,0.0,0.017,0.057,0.056,0.068,55000000.0,2675000000.0,1.0,482200000.0,484000000,486200000.0,22.085,9846900000.0,0.0,46300000.0,5049800000.0,20.345,3814000000.0
20,NWL,MRT,2016-06-30,2016-06-30,2016-06-30,2021-08-02,-881200000.0,33955300000.0,15835375000.0,6819200000.0,27136100000.0,0.522,25.23,-289500000.0,627300000.0,627300000.0,5466900000.0,323100000.0,1.629,1.999,12987800000.0,943000000.0,12044800000.0,12987800000.0,0.0,255300000.0,0.0,0.016,0.76,580300000.0,835600000.0,0.101,835600000.0,580300000.0,381600000.0,1.0,1.0,1.0,11310700000.0,4173400000.0,11310700000.0,16220874000.0,28.0,19.412,691100000.0,1.542,1.0,2797400000.0,0.338,24934200000.0,198700000.0,17196600000.0,9401450000.0,2908700000.0,0.0,0.0,0.0,22612200000.0,4185000000.0,18427200000.0,13026474000.0,388600000.0,-8820800000.0,-62100000.0,8863400000.0,-246900000.0,8531500000.0,-9091600000.0,0.0,980600000.0,-31900000.0,323100000.0,323100000.0,323100000.0,-92700000.0,0.0,0.039,2245800000.0,551600000.0,1566800000.0,0.76,1.152,40.317,48.57,1709100000.0,0.0,48.57,1.576,2.635,2876600000.0,2122300000.0,8264300000.0,8264300000.0,0.0,0.02,0.077,0.062,0.07,44200000.0,2128400000.0,1.0,268200000.0,448300000,450200000.0,18.435,9021100000.0,64900000.0,58500000.0,4559400000.0,20.123,2634200000.0
21,NWL,MRT,2016-03-31,2016-03-31,2016-03-31,2021-08-02,-874200000.0,15332800000.0,9086250000.0,10488900000.0,4843900000.0,0.657,6.607,-212100000.0,8180900000.0,8180900000.0,3643900000.0,336400000.0,4.779,7.635,11375300000.0,768700000.0,10606600000.0,11375300000.0,0.0,172200000.0,0.0,0.017,0.76,494000000.0,666200000.0,0.112,666200000.0,494000000.0,403900000.0,1.25,1.25,1.25,1775200000.0,1790625000.0,1775200000.0,14635888000.0,30.0,21.969,273700000.0,1.019,1.0,2322700000.0,0.389,3887500000.0,90100000.0,12444800000.0,6080950000.0,871500000.0,0.0,0.0,0.0,13554100000.0,2194900000.0,11359200000.0,11834288000.0,7965500000.0,-479400000.0,-112500000.0,8504100000.0,-206400000.0,8165600000.0,-670800000.0,0.0,485800000.0,-15100000.0,336400000.0,336400000.0,336400000.0,-93700000.0,0.0,0.056,1694100000.0,628600000.0,657100000.0,0.608,6.666,35.179,35.432,624500000.0,0.0,44.29,1.983,1.995,1187700000.0,2080600000.0,5966600000.0,5966600000.0,0.0,0.037,0.188,0.081,0.083,32300000.0,1574400000.0,1.0,267200000.0,268700000,270100000.0,22.205,11445300000.0,38500000.0,67500000.0,203900000.0,42.595,8294000000.0
22,NWL,MRT,2015-12-31,2015-12-31,2015-12-31,2021-08-02,-833800000.0,7259500000.0,6904200000.0,2493500000.0,4766000000.0,0.857,6.769,-211400000.0,274800000.0,274800000.0,3611100000.0,350000000.0,1.254,2.98,3057900000.0,388800000.0,2669100000.0,3057900000.0,0.0,171600000.0,0.0,0.017,0.76,508100000.0,679700000.0,0.115,679700000.0,508100000.0,428200000.0,1.3,1.29,1.3,1822900000.0,1770700000.0,1822900000.0,14241968000.0,28.0,20.953,381500000.0,1.417,1.0,2304600000.0,0.39,3854900000.0,79900000.0,4199100000.0,3926675000.0,721800000.0,0.0,0.0,0.0,5433100000.0,1988600000.0,3444500000.0,11773768000.0,75400000.0,-456400000.0,-186100000.0,537600000.0,-206300000.0,145200000.0,-649900000.0,0.0,592900000.0,-12800000.0,350000000.0,350000000.0,350000000.0,-90700000.0,0.0,0.059,1703200000.0,601400000.0,642400000.0,0.585,6.459,33.639,33.908,599200000.0,0.0,44.08,1.99,2.007,1250700000.0,2090900000.0,5915700000.0,5915700000.0,0.0,0.051,0.198,0.129,0.086,29200000.0,1573900000.0,1.0,267100000.0,269300000,271500000.0,21.967,3404600000.0,38500000.0,78200000.0,226600000.0,12.642,504900000.0
23,NWL,MRT,2015-09-30,2015-09-30,2015-09-30,2021-08-02,-908700000.0,6793900000.0,6730400000.0,2586400000.0,4207500000.0,0.874,6.64,-215600000.0,266200000.0,266200000.0,3599400000.0,388800000.0,1.208,2.805,2734400000.0,637400000.0,2097000000.0,2734400000.0,0.0,170300000.0,0.0,0.019,0.74,562000000.0,732300000.0,0.125,732300000.0,562000000.0,490500000.0,1.44,1.44,1.44,1784800000.0,1777825000.0,1784800000.0,13259138000.0,24.0,18.106,363300000.0,1.352,1.0,2281500000.0,0.388,3355600000.0,71500000.0,3765300000.0,3758150000.0,898800000.0,0.0,0.0,0.0,5005600000.0,2141200000.0,2864400000.0,10634338000.0,133600000.0,-277600000.0,-266900000.0,492300000.0,-201800000.0,52400000.0,-483200000.0,0.0,578900000.0,-14500000.0,388800000.0,388800000.0,388800000.0,-500000.0,0.0,0.066,1668500000.0,613000000.0,679300000.0,0.514,5.958,27.352,27.576,594100000.0,0.0,39.71,1.808,1.815,1171300000.0,2141700000.0,5880900000.0,5880900000.0,0.0,0.058,0.219,0.15,0.096,30600000.0,1531900000.0,1.0,267800000.0,268800000,271000000.0,21.878,3438300000.0,133600000.0,101700000.0,256000000.0,12.791,445200000.0
24,NWL,MRT,2015-06-30,2015-06-30,2015-06-30,2021-08-02,-860200000.0,6958800000.0,6619225000.0,2753000000.0,4205800000.0,0.882,6.598,-180700000.0,238700000.0,238700000.0,3576100000.0,376900000.0,1.194,2.908,2863500000.0,782600000.0,2080900000.0,2863500000.0,0.0,165900000.0,0.0,0.018,0.72,549400000.0,715300000.0,0.123,715300000.0,549400000.0,481100000.0,1.39,1.38,1.39,1779600000.0,1838000000.0,1779600000.0,13665357000.0,25.0,19.104,397500000.0,1.474,1.0,2259300000.0,0.387,3362500000.0,68300000.0,3914600000.0,3577225000.0,935600000.0,0.0,0.0,0.0,5175700000.0,2306500000.0,2869200000.0,11046257000.0,96000000.0,-583600000.0,-328500000.0,764500000.0,-197100000.0,278300000.0,-765000000.0,0.0,578200000.0,4500000.0,376900000.0,376900000.0,376900000.0,300000.0,0.0,0.065,1659700000.0,599600000.0,756700000.0,0.518,6.207,29.308,29.576,572000000.0,0.0,41.11,1.893,1.9,1304400000.0,2097700000.0,5835400000.0,5835400000.0,0.0,0.057,0.205,0.154,0.094,29500000.0,1524400000.0,1.0,268700000.0,269700000,271700000.0,21.637,3596300000.0,129400000.0,104200000.0,235300000.0,13.334,446500000.0
25,NWL,MRT,2015-03-31,2015-03-31,2015-03-31,2021-08-02,-887600000.0,6604600000.0,6434050000.0,2423000000.0,4181600000.0,0.898,6.268,-180900000.0,215400000.0,215400000.0,3542800000.0,379000000.0,1.185,2.893,2834500000.0,740400000.0,2094100000.0,2834500000.0,0.0,160200000.0,0.0,0.018,0.7,556800000.0,717000000.0,0.124,717000000.0,556800000.0,491600000.0,1.38,1.37,1.38,1695500000.0,1918125000.0,1695500000.0,12772795000.0,23.0,17.814,391000000.0,1.445,1.0,2233900000.0,0.387,3351800000.0,65200000.0,3827700000.0,3398300000.0,852300000.0,0.0,0.0,0.0,4905600000.0,2044200000.0,2861400000.0,10490295000.0,78600000.0,-581300000.0,-392400000.0,792400000.0,-192800000.0,263300000.0,-768800000.0,0.0,571900000.0,12200000.0,379000000.0,379000000.0,379000000.0,-900000.0,0.0,0.066,1635700000.0,598200000.0,615600000.0,0.507,6.187,27.679,28.312,563300000.0,0.0,39.07,1.816,1.829,1053200000.0,2046900000.0,5776700000.0,5776700000.0,0.0,0.059,0.198,0.164,0.096,29700000.0,1502200000.0,1.0,268500000.0,270500000,272700000.0,21.356,3252800000.0,122900000.0,112600000.0,231100000.0,12.025,378800000.0
26,NWL,MRT,2014-12-31,2014-12-31,2014-12-31,2021-08-02,-794400000.0,6564300000.0,6281375000.0,2292200000.0,4272100000.0,0.912,6.706,-161900000.0,199400000.0,199400000.0,3523600000.0,377800000.0,1.214,2.544,2481900000.0,397400000.0,2084500000.0,2481900000.0,0.0,156100000.0,0.0,0.017,0.66,527300000.0,683400000.0,0.119,683400000.0,527300000.0,466900000.0,1.37,1.35,1.37,1851400000.0,2011750000.0,1851400000.0,12380399000.0,23.0,18.116,472200000.0,1.71,1.0,2203400000.0,0.385,3433200000.0,60400000.0,3525000000.0,3271875000.0,708500000.0,0.0,0.0,0.0,4709400000.0,1888600000.0,2820800000.0,10326199000.0,-26900000.0,-583300000.0,-363200000.0,593900000.0,-182500000.0,119000000.0,-751900000.0,0.0,634100000.0,-28100000.0,377800000.0,377800000.0,377800000.0,-4800000.0,0.0,0.066,1598700000.0,604700000.0,674100000.0,0.482,5.578,27.332,27.803,559100000.0,0.0,38.09,1.803,1.836,1248200000.0,2111200000.0,5727000000.0,5727000000.0,0.0,0.06,0.188,0.161,0.092,29900000.0,1480500000.0,1.0,271100000.0,276100000,278900000.0,20.742,3131100000.0,39100000.0,89100000.0,105700000.0,11.34,403600000.0
27,NWL,MRT,2014-09-30,2014-09-30,2014-09-30,2021-08-02,-689100000.0,6349200000.0,6157725000.0,2377400000.0,3971800000.0,0.92,7.406,-153500000.0,132600000.0,132600000.0,3495300000.0,443100000.0,1.086,2.133,2186800000.0,768100000.0,1418700000.0,2186800000.0,0.0,153900000.0,0.0,0.019,0.64,606000000.0,759900000.0,0.134,759900000.0,606000000.0,547300000.0,1.59,1.58,1.59,2025500000.0,2066775000.0,2025500000.0,11343658000.0,19.0,14.928,494000000.0,1.806,1.0,2171000000.0,0.383,3173100000.0,58700000.0,3041600000.0,3165550000.0,789400000.0,0.0,0.0,0.0,4320200000.0,2188700000.0,2131500000.0,9421458000.0,-64800000.0,-296000000.0,-561600000.0,488200000.0,-178100000.0,-234300000.0,-452000000.0,0.0,647500000.0,-26000000.0,443100000.0,443100000.0,443100000.0,-3100000.0,0.0,0.078,1522400000.0,648600000.0,579100000.0,0.403,4.651,21.263,21.642,525300000.0,0.0,34.41,1.663,1.661,1158300000.0,2197200000.0,5666300000.0,5666300000.0,0.0,0.072,0.214,0.191,0.107,30800000.0,1466600000.0,1.0,273800000.0,273500000,276400000.0,20.718,3176100000.0,144800000.0,104200000.0,0.0,11.613,188700000.0
28,NWL,MRT,2014-06-30,2014-06-30,2014-06-30,2021-08-02,-620700000.0,6218100000.0,6108650000.0,2458600000.0,3759500000.0,0.925,7.571,-148200000.0,142700000.0,142700000.0,3501100000.0,514100000.0,1.238,1.959,2064900000.0,640700000.0,1424200000.0,2064900000.0,0.0,155000000.0,0.0,0.02,0.62,690000000.0,845000000.0,0.15,845000000.0,690000000.0,629900000.0,1.81,1.8,1.81,2100100000.0,2107800000.0,2100100000.0,10424333000.0,15.0,12.336,520900000.0,1.878,1.0,2146800000.0,0.38,2955000000.0,60100000.0,3198900000.0,3215975000.0,811800000.0,0.0,0.0,0.0,4114500000.0,1986400000.0,2128100000.0,8574933000.0,-11400000.0,193200000.0,-504500000.0,-22500000.0,-175800000.0,-700700000.0,46800000.0,0.0,669100000.0,-26600000.0,514100000.0,514100000.0,514100000.0,-74800000.0,0.0,0.091,1492900000.0,653900000.0,592900000.0,0.343,4.083,16.68,17.122,543000000.0,0.0,30.99,1.518,1.522,1230400000.0,2214900000.0,5647900000.0,5647900000.0,0.0,0.084,0.244,0.215,0.122,32000000.0,1425500000.0,1.0,276700000.0,277400000,279700000.0,20.36,3263100000.0,135500000.0,115800000.0,0.0,11.763,472200000.0
29,NWL,MRT,2014-03-31,2014-03-31,2014-03-31,2021-08-02,-635700000.0,5993900000.0,6154850000.0,2231300000.0,3762600000.0,0.913,7.369,-136500000.0,136800000.0,136800000.0,3486500000.0,473300000.0,1.437,1.894,1986200000.0,319500000.0,1666700000.0,1986200000.0,0.0,157200000.0,0.0,0.02,0.6,646900000.0,804100000.0,0.143,804100000.0,646900000.0,586800000.0,1.65,1.63,1.65,2070000000.0,2092025000.0,2070000000.0,9949210000.0,15.0,12.373,499700000.0,1.779,1.0,2133900000.0,0.38,2968500000.0,60100000.0,3322000000.0,3292550000.0,801300000.0,0.0,0.0,0.0,3920400000.0,1552800000.0,2367600000.0,8339110000.0,-37400000.0,189800000.0,-428800000.0,-91600000.0,-172500000.0,-687700000.0,55100000.0,0.0,636200000.0,-41000000.0,473300000.0,473300000.0,473300000.0,-66400000.0,0.0,0.084,1507900000.0,626000000.0,542800000.0,0.364,4.029,17.619,18.121,541300000.0,0.0,29.9,1.484,1.494,973100000.0,2212800000.0,5620400000.0,5620400000.0,0.0,0.077,0.226,0.196,0.115,34800000.0,1420000000.0,1.0,278900000.0,280900000,283800000.0,20.009,3025400000.0,121300000.0,113500000.0,0.0,10.77,678500000.0
30,NWL,MRT,2013-12-31,2013-12-31,2013-12-31,2021-08-02,-645200000.0,6069700000.0,6205675000.0,2285600000.0,3784100000.0,0.904,7.178,-138200000.0,226300000.0,226300000.0,3482100000.0,474600000.0,1.424,1.928,1836400000.0,174800000.0,1661600000.0,1836400000.0,0.0,158900000.0,0.0,0.019,0.6,654900000.0,813800000.0,0.145,813800000.0,654900000.0,594600000.0,1.64,1.63,1.64,2071500000.0,2070800000.0,2071500000.0,10811952000.0,17.0,13.286,467000000.0,1.618,1.0,2124900000.0,0.379,2975600000.0,60300000.0,3099700000.0,3331550000.0,684400000.0,0.0,0.0,0.0,3994700000.0,1604500000.0,2390200000.0,9308152000.0,42500000.0,189800000.0,-418200000.0,-35800000.0,-174100000.0,-613500000.0,53400000.0,0.0,605200000.0,-2600000.0,474600000.0,474600000.0,474600000.0,-58300000.0,0.0,0.085,1509800000.0,615100000.0,558900000.0,0.366,4.493,19.613,19.762,539600000.0,0.0,32.41,1.66,1.668,1105100000.0,2242100000.0,5607000000.0,5607000000.0,0.0,0.076,0.229,0.197,0.117,37200000.0,1399500000.0,1.0,287200000.0,288600000,291800000.0,19.428,3094100000.0,134400000.0,120000000.0,108300000.0,10.721,681100000.0
31,NWL,MRT,2013-09-30,2013-09-30,2013-09-30,2021-08-02,-777500000.0,6152900000.0,6243750000.0,2384200000.0,3768700000.0,0.89,7.548,-132700000.0,197400000.0,197400000.0,3454200000.0,459200000.0,1.652,1.808,1701200000.0,30100000.0,1671100000.0,1701200000.0,0.0,161000000.0,0.0,0.022,0.6,647000000.0,808000000.0,0.145,808000000.0,647000000.0,584300000.0,1.59,1.57,1.59,2189600000.0,2052100000.0,2189600000.0,9853600000.0,15.0,12.195,429600000.0,1.481,1.0,2103200000.0,0.378,2970600000.0,62700000.0,3243300000.0,3397000000.0,822600000.0,0.0,0.0,0.0,3959800000.0,1442800000.0,2517000000.0,7925500000.0,-52700000.0,203500000.0,-144300000.0,-421600000.0,-175600000.0,-686500000.0,73000000.0,0.0,562300000.0,-1500000.0,459200000.0,459200000.0,459200000.0,-56900000.0,0.0,0.083,1491400000.0,611800000.0,575100000.0,0.377,3.62,17.259,17.296,523100000.0,0.0,27.5,1.426,1.436,1056900000.0,2416200000.0,5557400000.0,5557400000.0,0.0,0.074,0.224,0.19,0.116,34300000.0,1375200000.0,1.0,288200000.0,290100000,292900000.0,19.157,3182300000.0,152900000.0,125100000.0,0.0,10.97,941400000.0
32,NWL,MRT,2013-06-30,2013-06-30,2013-06-30,2021-08-02,-818600000.0,6402900000.0,6296350000.0,2600200000.0,3802700000.0,0.881,7.002,-149200000.0,154100000.0,154100000.0,3438500000.0,374200000.0,1.412,2.142,2082200000.0,413200000.0,1669000000.0,2082200000.0,0.0,162500000.0,0.0,0.021,0.55,581700000.0,744200000.0,0.134,744200000.0,581700000.0,516700000.0,1.29,1.28,1.29,2037000000.0,2020525000.0,2037000000.0,9511525000.0,16.0,12.781,353800000.0,1.216,1.0,2109700000.0,0.38,2984400000.0,65000000.0,3505200000.0,3364675000.0,884700000.0,0.0,0.0,0.0,4362400000.0,1841400000.0,2521000000.0,7573125000.0,-216700000.0,14100000.0,-123400000.0,-369300000.0,-160700000.0,-583300000.0,-138000000.0,0.0,503000000.0,1600000.0,374200000.0,374200000.0,374200000.0,12100000.0,0.0,0.067,1489400000.0,620300000.0,658100000.0,0.426,3.718,20.238,20.349,533400000.0,0.0,26.25,1.365,1.376,1215300000.0,2307600000.0,5548200000.0,5548200000.0,0.0,0.059,0.185,0.173,0.105,34400000.0,1392200000.0,1.0,288500000.0,290900000,294300000.0,19.073,3418500000.0,155900000.0,142500000.0,0.0,11.751,758800000.0
33,NWL,MRT,2013-03-31,2013-03-31,2013-03-31,2021-08-02,-811000000.0,6197200000.0,6343325000.0,2356600000.0,3840600000.0,0.867,6.845,-162500000.0,174200000.0,174200000.0,3419100000.0,376200000.0,1.407,2.12,2112600000.0,413000000.0,1699600000.0,2112600000.0,0.0,164100000.0,0.0,0.019,0.5,589600000.0,753700000.0,0.137,753700000.0,589600000.0,519100000.0,1.29,1.29,1.29,1985100000.0,2004075000.0,1985100000.0,9209640000.0,16.0,12.219,380300000.0,1.311,1.0,2079700000.0,0.378,2983000000.0,70500000.0,3478000000.0,3300325000.0,815000000.0,0.0,0.0,0.0,4208600000.0,1674600000.0,2534000000.0,7475040000.0,-15900000.0,10700000.0,-109700000.0,-197200000.0,-146200000.0,-403800000.0,-154900000.0,0.0,542800000.0,0.0,376200000.0,376200000.0,376200000.0,-200000.0,0.0,0.068,1467400000.0,612300000.0,570100000.0,0.388,3.766,19.87,20.233,549500000.0,0.0,26.1,1.359,1.376,1021300000.0,2275900000.0,5498800000.0,5498800000.0,0.0,0.059,0.188,0.179,0.107,32900000.0,1392200000.0,1.0,286400000.0,290000000,293100000.0,18.961,3214200000.0,155400000.0,142900000.0,0.0,11.083,682000000.0
34,NWL,MRT,2012-12-31,2012-12-31,2012-12-31,2021-08-02,-789000000.0,6222000000.0,6366225000.0,2271100000.0,3950900000.0,0.865,6.857,-177200000.0,183800000.0,183800000.0,3414400000.0,401300000.0,1.446,2.114,1918400000.0,211900000.0,1706500000.0,1918400000.0,0.0,163700000.0,0.0,0.019,0.43,638900000.0,802600000.0,0.146,802600000.0,638900000.0,562800000.0,1.38,1.37,1.38,1996700000.0,1994625000.0,1996700000.0,8318852000.0,13.0,10.365,441300000.0,1.515,1.0,2094100000.0,0.38,3024300000.0,76100000.0,3361500000.0,3336825000.0,696400000.0,0.0,0.0,0.0,4221800000.0,1570800000.0,2651000000.0,6404852000.0,13600000.0,17000000.0,-92300000.0,-255500000.0,-125900000.0,-446000000.0,-163000000.0,0.0,618500000.0,4100000.0,401300000.0,401300000.0,401300000.0,-10800000.0,0.0,0.073,1456400000.0,637700000.0,527400000.0,0.312,3.208,15.96,16.138,560200000.0,0.0,22.27,1.163,1.177,1112400000.0,2294900000.0,5508500000.0,5508500000.0,0.0,0.063,0.201,0.191,0.116,32900000.0,1403500000.0,1.0,287600000.0,291200000,293600000.0,18.917,3197700000.0,221000000.0,161500000.0,0.0,10.981,700300000.0
35,NWL,MRT,2012-09-30,2012-09-30,2012-09-30,2021-08-02,-676100000.0,6363300000.0,6350950000.0,2424300000.0,3939000000.0,0.831,7.098,-201900000.0,250100000.0,250100000.0,3222800000.0,379800000.0,1.13,2.082,2164100000.0,798000000.0,1366100000.0,2164100000.0,0.0,162600000.0,0.0,0.019,0.36,615300000.0,777900000.0,0.147,777900000.0,615300000.0,535400000.0,1.3,1.29,1.3,2063300000.0,1957725000.0,2063300000.0,7636592000.0,12.0,9.817,436800000.0,1.503,1.0,2052200000.0,0.389,3017100000.0,79900000.0,3114000000.0,3365075000.0,822800000.0,0.0,0.0,0.0,4296500000.0,2146200000.0,2150300000.0,5513192000.0,111200000.0,-300000.0,-94400000.0,-148300000.0,-105700000.0,-324100000.0,-206000000.0,0.0,638700000.0,2600000.0,379800000.0,379800000.0,379800000.0,45300000.0,0.0,0.072,1383300000.0,668900000.0,530000000.0,0.277,2.672,14.516,14.685,549600000.0,0.0,19.09,1.045,1.052,1074300000.0,2258600000.0,5275000000.0,5275000000.0,0.0,0.06,0.194,0.183,0.117,40900000.0,1378000000.0,1.0,288800000.0,290700000,292700000.0,18.146,3346200000.0,115800000.0,155600000.0,0.0,11.511,278100000.0
36,NWL,MRT,2012-06-30,2012-06-30,2012-06-30,2021-08-02,-706300000.0,6590800000.0,6313075000.0,2658700000.0,3932100000.0,0.85,6.748,-211800000.0,370800000.0,370800000.0,3295500000.0,93900000.0,1.086,2.342,2494200000.0,1121800000.0,1372400000.0,2494200000.0,0.0,160900000.0,0.0,0.019,0.34,222300000.0,383200000.0,0.071,383200000.0,222300000.0,138600000.0,0.32,0.31,0.32,1971200000.0,1915725000.0,1971200000.0,7381786000.0,33.0,19.264,420700000.0,1.44,1.0,2072500000.0,0.386,3018100000.0,83700000.0,3247800000.0,3483925000.0,860000000.0,0.0,0.0,0.0,4616100000.0,2448300000.0,2167800000.0,5258786000.0,227200000.0,42000000.0,-92900000.0,-44300000.0,-100100000.0,-229200000.0,-172700000.0,0.0,632500000.0,-3400000.0,93900000.0,93900000.0,93900000.0,58600000.0,0.0,0.017,1782800000.0,289700000.0,556400000.0,1.062,2.668,56.004,56.688,551700000.0,0.0,18.14,0.98,0.987,1105700000.0,2200900000.0,5368000000.0,5368000000.0,0.0,0.015,0.049,0.064,0.041,44500000.0,1401700000.0,1.0,289900000.0,292100000,294000000.0,18.377,3572700000.0,160800000.0,44700000.0,0.0,12.231,210400000.0
37,NWL,MRT,2012-03-31,2012-03-31,2012-03-31,2021-08-02,-661300000.0,6288800000.0,6388500000.0,2292000000.0,3996800000.0,0.859,6.667,-226300000.0,190100000.0,190100000.0,3383800000.0,128800000.0,1.326,2.228,2313100000.0,509700000.0,1803400000.0,2313100000.0,0.0,160300000.0,0.0,0.018,0.32,233700000.0,394000000.0,0.072,394000000.0,233700000.0,149200000.0,0.44,0.42,0.44,1947300000.0,1968225000.0,1947300000.0,7143004000.0,31.0,18.129,395900000.0,1.355,1.0,2104200000.0,0.383,3059900000.0,84500000.0,3624000000.0,3593300000.0,858900000.0,0.0,0.0,0.0,4338000000.0,1727900000.0,2610100000.0,5136404000.0,50400000.0,46800000.0,-68000000.0,-229200000.0,-94400000.0,-386500000.0,-187300000.0,0.0,622200000.0,2000000.0,128800000.0,128800000.0,128800000.0,62800000.0,0.0,0.023,1796000000.0,308200000.0,527400000.0,0.727,2.638,39.879,40.477,561600000.0,0.0,17.81,0.936,0.948,942200000.0,2152700000.0,5488000000.0,5488000000.0,0.0,0.02,0.065,0.065,0.043,44300000.0,1423900000.0,1.0,288400000.0,292100000,294700000.0,18.788,3228900000.0,156400000.0,20400000.0,0.0,11.054,564100000.0
38,NWL,MRT,2011-12-31,2011-12-31,2011-12-31,2021-08-02,-707000000.0,6160900000.0,6475600000.0,2148000000.0,4012900000.0,0.851,6.298,-222900000.0,170200000.0,170200000.0,3410600000.0,125200000.0,1.293,2.33,2176800000.0,367500000.0,1809300000.0,2176800000.0,0.0,161600000.0,0.0,0.018,0.29,232700000.0,394300000.0,0.072,394300000.0,232700000.0,146500000.0,0.43,0.42,0.43,1849100000.0,1990200000.0,1849100000.0,6851125000.0,29.0,17.375,338400000.0,1.153,1.0,2101100000.0,0.381,3032100000.0,86200000.0,3474500000.0,3579925000.0,699900000.0,0.0,0.0,0.0,4308300000.0,1660900000.0,2647400000.0,4675425000.0,30600000.0,24300000.0,-51600000.0,-182100000.0,-84900000.0,-324600000.0,-206400000.0,0.0,561300000.0,300000.0,125200000.0,125200000.0,125200000.0,62000000.0,0.0,0.023,1788100000.0,313000000.0,468500000.0,0.674,2.528,37.344,37.558,551400000.0,0.0,16.15,0.848,0.86,1002000000.0,2097300000.0,5511700000.0,5511700000.0,0.0,0.019,0.063,0.065,0.042,43000000.0,1422300000.0,1.0,289500000.0,293600000,296200000.0,18.773,3128800000.0,250900000.0,21300000.0,0.0,10.657,487100000.0
39,NWL,MRT,2011-09-30,2011-09-30,2011-09-30,2021-08-02,-613200000.0,6211800000.0,6536700000.0,2288900000.0,3922900000.0,0.889,6.518,-207800000.0,138900000.0,138900000.0,3624700000.0,120500000.0,1.289,2.276,2314600000.0,503300000.0,1811300000.0,2314600000.0,0.0,163200000.0,0.0,0.022,0.26,226100000.0,389300000.0,0.067,389300000.0,226100000.0,138200000.0,0.41,0.39,0.41,1895300000.0,2003425000.0,1895300000.0,5843518000.0,26.0,15.01,276700000.0,0.952,1.0,2186200000.0,0.376,3022400000.0,87900000.0,3589400000.0,3604025000.0,873200000.0,0.0,0.0,0.0,4313000000.0,1775700000.0,2537300000.0,3458918000.0,-14600000.0,26400000.0,-24400000.0,-204800000.0,-76200000.0,-309900000.0,-190600000.0,0.0,484500000.0,1400000.0,120500000.0,120500000.0,120500000.0,5800000.0,0.0,0.021,1936200000.0,250000000.0,522900000.0,0.634,1.825,28.705,28.951,537300000.0,0.0,11.87,0.595,0.594,985900000.0,2040500000.0,5810900000.0,5810900000.0,0.0,0.018,0.06,0.063,0.039,37100000.0,1517200000.0,1.0,291400000.0,290800000,290800000.0,19.982,3189400000.0,164500000.0,17700000.0,0.0,10.968,513200000.0
40,NWL,MRT,2011-06-30,2011-06-30,2011-06-30,2021-08-02,-541000000.0,6892500000.0,6626300000.0,2532200000.0,4360300000.0,0.864,7.411,-191500000.0,143600000.0,143600000.0,3556200000.0,326400000.0,1.193,2.158,2528200000.0,722700000.0,1805500000.0,2528200000.0,0.0,166900000.0,0.0,0.015,0.23,395000000.0,561900000.0,0.098,561900000.0,395000000.0,298600000.0,1.12,1.09,1.12,2181200000.0,1996950000.0,2181200000.0,6987836000.0,18.0,12.436,192200000.0,0.653,1.0,2170300000.0,0.379,3468800000.0,96400000.0,3685300000.0,3629525000.0,933200000.0,0.0,0.0,0.0,4707800000.0,2123000000.0,2584800000.0,4595136000.0,-116200000.0,2000000.0,-500100000.0,254200000.0,-65500000.0,-302400000.0,-205300000.0,0.0,383700000.0,7800000.0,326400000.0,326400000.0,326400000.0,-5400000.0,0.0,0.057,1553500000.0,616800000.0,659100000.0,0.205,2.107,14.078,14.089,544600000.0,0.0,15.78,0.802,0.811,1139900000.0,2241500000.0,5726500000.0,5726500000.0,0.0,0.049,0.163,0.109,0.069,34400000.0,1506400000.0,1.0,291200000.0,294300000,304900000.0,19.458,3423700000.0,167800000.0,-27800000.0,0.0,11.633,409200000.0
41,NWL,MRT,2011-03-31,2011-03-31,2011-03-31,2021-08-02,-555200000.0,6637200000.0,6544300000.0,2304200000.0,4333000000.0,0.868,6.918,-178100000.0,139700000.0,139700000.0,3504200000.0,310100000.0,1.149,2.259,2532400000.0,736100000.0,1796300000.0,2532400000.0,0.0,168800000.0,0.0,0.01,0.2,410700000.0,579500000.0,0.102,579500000.0,410700000.0,302400000.0,1.08,1.01,1.08,2035200000.0,1925500000.0,2035200000.0,7788478000.0,19.0,13.44,266800000.0,0.907,1.0,2173200000.0,0.383,3454400000.0,108300000.0,3570500000.0,3619575000.0,844700000.0,0.0,0.0,0.0,4598500000.0,2005000000.0,2593500000.0,5559178000.0,-113300000.0,600000.0,-500100000.0,161100000.0,-56200000.0,-385800000.0,-181500000.0,0.0,444900000.0,9100000.0,310100000.0,310100000.0,310100000.0,-4100000.0,0.0,0.055,1548800000.0,624400000.0,548900000.0,0.185,2.732,17.927,17.713,535200000.0,0.0,19.13,0.979,0.991,967200000.0,2118100000.0,5677400000.0,5677400000.0,0.0,0.047,0.161,0.113,0.072,34100000.0,1481500000.0,1.0,290600000.0,294200000,298200000.0,19.298,3182800000.0,181400000.0,-7700000.0,0.0,10.818,299200000.0
42,NWL,MRT,2010-12-31,2010-12-31,2010-12-31,2021-08-02,-605000000.0,6405300000.0,6489025000.0,2132000000.0,4273300000.0,0.872,6.735,-164700000.0,139600000.0,139600000.0,3509500000.0,292800000.0,1.28,2.366,2368900000.0,305000000.0,2063900000.0,2368900000.0,0.0,172300000.0,0.0,0.011,0.2,416800000.0,589100000.0,0.104,589100000.0,416800000.0,298400000.0,1.04,0.96,1.04,1902000000.0,1869725000.0,1902000000.0,7681554000.0,18.0,13.039,417900000.0,1.48,1.0,2148700000.0,0.38,3397800000.0,118400000.0,3570900000.0,3625650000.0,701600000.0,0.0,0.0,0.0,4499800000.0,1665900000.0,2833900000.0,5277654000.0,-138700000.0,15300000.0,-500100000.0,-29900000.0,-55400000.0,-571900000.0,-153400000.0,0.0,582600000.0,4000000.0,292800000.0,292800000.0,292800000.0,-4600000.0,0.0,0.052,1525200000.0,623500000.0,472500000.0,0.192,2.775,18.025,17.481,529300000.0,0.0,18.18,0.933,0.907,997900000.0,2057300000.0,5658200000.0,5658200000.0,0.0,0.045,0.157,0.115,0.074,36500000.0,1447800000.0,1.0,290300000.0,282400000,305400000.0,20.036,3007500000.0,217800000.0,5600000.0,0.0,10.65,466100000.0
43,NWL,MRT,2010-09-30,2010-09-30,2010-09-30,2021-08-02,-568700000.0,6570200000.0,6493675000.0,2325500000.0,4244700000.0,0.861,6.84,-153700000.0,153500000.0,153500000.0,3465500000.0,277700000.0,1.234,2.513,2557400000.0,460900000.0,2096500000.0,2557400000.0,0.0,175700000.0,0.0,0.011,0.2,424500000.0,600200000.0,0.107,600200000.0,424500000.0,295600000.0,0.99,0.88,0.99,1869400000.0,1838900000.0,1869400000.0,7140023000.0,17.0,11.896,411300000.0,1.505,1.0,2128800000.0,0.381,3398400000.0,128900000.0,3691400000.0,3606525000.0,831200000.0,0.0,0.0,0.0,4697300000.0,1884300000.0,2813000000.0,4956523000.0,-159500000.0,25000000.0,-500100000.0,-17400000.0,-54900000.0,-562200000.0,-137600000.0,0.0,565000000.0,-24700000.0,277700000.0,277700000.0,277700000.0,300000.0,0.0,0.05,1490900000.0,637900000.0,553400000.0,0.202,2.651,17.848,17.99,533400000.0,0.0,17.81,0.886,0.87,1004900000.0,1996200000.0,5594300000.0,5594300000.0,0.0,0.043,0.151,0.118,0.076,37000000.0,1424500000.0,1.0,278300000.0,273300000,301000000.0,20.469,3171800000.0,208300000.0,17900000.0,19600000.0,11.606,441200000.0
44,NWL,MRT,2010-06-30,2010-06-30,2010-06-30,2021-08-02,-645100000.0,6564500000.0,6506950000.0,2400800000.0,4163700000.0,0.857,6.733,-151900000.0,259800000.0,259800000.0,3469800000.0,334900000.0,1.361,2.462,2443300000.0,394000000.0,2049300000.0,2443300000.0,0.0,178100000.0,0.0,0.014,0.2,629700000.0,807800000.0,0.145,807800000.0,629700000.0,495400000.0,1.19,1.07,1.19,1895400000.0,1831025000.0,1895400000.0,6328548000.0,10.0,7.834,546300000.0,1.941,1.0,2108000000.0,0.378,3338300000.0,134300000.0,3645500000.0,3593350000.0,802400000.0,0.0,0.0,0.0,4665600000.0,1764200000.0,2901400000.0,4072848000.0,-158300000.0,14500000.0,0.0,-634300000.0,-56000000.0,-693900000.0,-136400000.0,0.0,698200000.0,-26200000.0,334900000.0,334900000.0,334900000.0,300000.0,0.0,0.06,1479400000.0,628600000.0,597200000.0,0.168,2.149,12.161,12.303,536300000.0,0.0,14.64,0.73,0.739,1037600000.0,1981500000.0,5577800000.0,5577800000.0,0.0,0.051,0.183,0.175,0.113,37300000.0,1402200000.0,1.0,278200000.0,281500000,315400000.0,19.815,3226200000.0,195700000.0,160500000.0,25700000.0,11.461,636600000.0
45,NWL,MRT,2010-03-31,2010-03-31,2010-03-31,2021-08-02,-603900000.0,6416100000.0,6594875000.0,2236800000.0,4179300000.0,0.847,6.446,-152400000.0,253000000.0,253000000.0,3506900000.0,310200000.0,1.313,2.539,2508700000.0,495300000.0,2013400000.0,2508700000.0,0.0,177400000.0,0.0,0.013,0.2,618600000.0,796000000.0,0.143,796000000.0,618600000.0,477200000.0,1.11,1.03,1.11,1812100000.0,1801975000.0,1812100000.0,6453060000.0,10.0,8.107,491000000.0,1.747,1.0,2079000000.0,0.372,3372900000.0,141400000.0,3594800000.0,3755025000.0,728600000.0,0.0,0.0,0.0,4600500000.0,1704100000.0,2896400000.0,4222560000.0,-502900000.0,3800000.0,0.0,-912700000.0,-55900000.0,-972900000.0,-148900000.0,0.0,643400000.0,-24500000.0,310200000.0,310200000.0,310200000.0,300000.0,0.0,0.056,1454400000.0,624600000.0,501300000.0,0.18,2.33,13.612,13.694,550200000.0,0.0,15.2,0.756,0.765,915800000.0,1865200000.0,5585900000.0,5585900000.0,0.0,0.047,0.172,0.165,0.111,36800000.0,1368900000.0,1.0,277800000.0,281100000,307800000.0,19.872,3043200000.0,187900000.0,167000000.0,18200000.0,10.826,532700000.0
46,NWL,MRT,2009-12-31,2009-12-31,2009-12-31,2021-08-02,-585200000.0,6423900000.0,6775200000.0,2182100000.0,4241800000.0,0.809,6.334,-153300000.0,278300000.0,278300000.0,3453300000.0,285500000.0,1.24,2.61,2508800000.0,493500000.0,2015300000.0,2508800000.0,0.0,175100000.0,0.0,0.017,0.255,568300000.0,743400000.0,0.136,743400000.0,568300000.0,428300000.0,1.02,0.97,1.02,1778700000.0,1753150000.0,1778700000.0,6522177000.0,11.0,8.773,449500000.0,1.601,1.0,2030100000.0,0.37,3400500000.0,140000000.0,3494400000.0,3984025000.0,688200000.0,0.0,0.0,0.0,4641700000.0,1759500000.0,2882200000.0,4168277000.0,2900000.0,3900000.0,32700000.0,-285700000.0,-71400000.0,-427000000.0,-149400000.0,0.0,602800000.0,-23500000.0,285500000.0,285500000.0,285500000.0,300000.0,0.0,0.052,1454800000.0,575300000.0,433600000.0,0.25,2.343,14.6,14.716,578100000.0,0.0,15.01,0.76,0.769,894100000.0,1820700000.0,5483400000.0,5483400000.0,0.0,0.042,0.163,0.143,0.104,35100000.0,1354800000.0,1.0,277700000.0,280800000,294400000.0,19.528,3023400000.0,183800000.0,142800000.0,0.0,10.767,422600000.0
47,NWL,MRT,2009-09-30,2009-09-30,2009-09-30,2021-08-02,-470000000.0,6623300000.0,6867350000.0,2262400000.0,4360900000.0,0.817,6.545,-143400000.0,313000000.0,313000000.0,3650200000.0,-31200000.0,1.171,2.602,2666900000.0,634300000.0,2032600000.0,2666900000.0,0.0,175400000.0,0.0,0.026,0.415,200300000.0,375700000.0,0.067,375700000.0,200300000.0,59100000.0,-0.11,-0.14,-0.11,1837900000.0,1704975000.0,1837900000.0,6966713000.0,35.0,18.543,484200000.0,1.724,1.0,1958500000.0,0.349,3407100000.0,141200000.0,3638700000.0,4066150000.0,783500000.0,0.0,0.0,0.0,4781900000.0,1931400000.0,2850500000.0,4357113000.0,92400000.0,-8500000.0,32700000.0,-203100000.0,-115700000.0,-391000000.0,-142000000.0,0.0,627600000.0,-2200000.0,-31800000.0,-31800000.0,-31800000.0,0.0,600000.0,-0.006,1751000000.0,207500000.0,454100000.0,-3.773,2.371,-137.016,-142.636,596900000.0,0.0,15.69,0.777,0.786,943700000.0,1774200000.0,5608700000.0,5608700000.0,0.0,-0.005,-0.019,0.049,0.036,34000000.0,1345600000.0,1.0,277700000.0,280800000,301800000.0,19.974,3216200000.0,149200000.0,90900000.0,0.0,11.454,331000000.0
48,NWL,MRT,2009-06-30,2009-06-30,2009-06-30,2021-08-02,-449900000.0,6916200000.0,7026100000.0,2602800000.0,4313400000.0,0.843,6.336,-150300000.0,418100000.0,418100000.0,3929400000.0,-61100000.0,1.395,2.885,3027700000.0,634200000.0,2393500000.0,3027700000.0,0.0,176200000.0,0.0,0.055,0.575,147100000.0,323300000.0,0.055,323300000.0,147100000.0,2800000.0,-0.21,-0.22,-0.21,1779200000.0,1803525000.0,1779200000.0,5573316000.0,38.0,17.239,513900000.0,1.83,1.0,1990600000.0,0.336,3367600000.0,144300000.0,4292200000.0,4178625000.0,848400000.0,0.0,0.0,0.0,5133400000.0,1866000000.0,3267400000.0,2889816000.0,206700000.0,-23700000.0,32700000.0,-49900000.0,-160500000.0,-285000000.0,-159400000.0,0.0,664200000.0,-13100000.0,-62300000.0,-62300000.0,-62300000.0,0.0,1200000.0,-0.011,1781500000.0,209100000.0,460800000.0,-2.738,1.624,-46.385,-49.571,603100000.0,0.0,10.41,0.488,0.494,1096200000.0,1702600000.0,5920000000.0,5920000000.0,0.0,-0.009,-0.035,0.035,0.025,35300000.0,1389600000.0,1.0,277600000.0,280800000,286800000.0,21.083,3548600000.0,145500000.0,65100000.0,0.0,12.637,736800000.0
49,NWL,MRT,2009-03-31,2009-03-31,2009-03-31,2021-08-02,-513300000.0,7137400000.0,7187950000.0,2808100000.0,4329300000.0,0.868,5.76,-150200000.0,755900000.0,755900000.0,4185300000.0,-73900000.0,1.404,3.414,3439400000.0,760400000.0,2679000000.0,3439400000.0,0.0,181000000.0,0.0,0.115,0.735,108900000.0,289900000.0,0.046,289900000.0,108900000.0,-33800000.0,-0.26,-0.26,-0.26,1616800000.0,1934575000.0,1616800000.0,4372436000.0,40.0,15.083,416700000.0,1.485,1.0,2055500000.0,0.329,3309900000.0,142700000.0,4510800000.0,4097700000.0,927500000.0,0.0,0.0,0.0,5519900000.0,2000200000.0,3519700000.0,1768536000.0,3800000.0,-628200000.0,32700000.0,503300000.0,-205100000.0,225700000.0,-769200000.0,0.0,566900000.0,-19600000.0,-75500000.0,-75500000.0,-75500000.0,0.0,1600000.0,-0.012,1885000000.0,170500000.0,444400000.0,-2.827,1.094,-23.424,-24.538,606900000.0,0.0,6.38,0.283,0.287,874700000.0,1610900000.0,6240800000.0,6240800000.0,0.0,-0.011,-0.039,0.027,0.017,36900000.0,1453200000.0,1.0,277200000.0,280700000,280700000.0,22.233,3827500000.0,193800000.0,41700000.0,0.0,13.636,807900000.0
50,NWL,MRT,2008-12-31,2008-12-31,2008-12-31,2021-08-02,-502400000.0,6792500000.0,7205050000.0,2393800000.0,4398700000.0,0.898,5.666,-157800000.0,275400000.0,275400000.0,4347400000.0,-50300000.0,1.071,3.281,2879300000.0,761000000.0,2118300000.0,2879300000.0,0.0,183300000.0,0.0,0.086,0.84,139200000.0,322500000.0,0.05,322500000.0,139200000.0,1300000.0,-0.18,-0.18,-0.18,1586000000.0,2092850000.0,1586000000.0,5356816000.0,38.0,16.61,297100000.0,1.061,1.0,2123200000.0,0.328,3339400000.0,137900000.0,3822900000.0,3929000000.0,912100000.0,0.0,0.0,0.0,5203900000.0,2234100000.0,2969800000.0,2711016000.0,-53800000.0,-655700000.0,0.0,545500000.0,-234500000.0,306000000.0,-804100000.0,0.0,454900000.0,-10600000.0,-52300000.0,-52300000.0,-52300000.0,500000.0,2000000.0,-0.008,1922400000.0,200800000.0,535500000.0,-4.667,1.709,-51.836,-54.333,630700000.0,0.0,9.78,0.419,0.423,969300000.0,1606600000.0,6470600000.0,6470600000.0,0.0,-0.007,-0.025,0.035,0.022,35600000.0,1502700000.0,1.0,277200000.0,279900000,279900000.0,23.118,3453100000.0,100400000.0,53600000.0,0.0,12.337,159700000.0
51,NWL,MRT,2008-09-30,2008-09-30,2008-09-30,2021-08-02,-192600000.0,7258300000.0,7177650000.0,2678000000.0,4580300000.0,0.928,7.975,-169400000.0,220600000.0,220600000.0,4397300000.0,314300000.0,1.261,2.252,2866400000.0,569700000.0,2296700000.0,2866400000.0,0.0,180100000.0,0.0,0.049,0.84,556400000.0,736500000.0,0.111,736500000.0,556400000.0,431900000.0,1.1,1.1,1.1,2232100000.0,2258175000.0,2232100000.0,7624946000.0,14.0,10.353,272700000.0,0.974,1.0,2264300000.0,0.34,3691600000.0,124500000.0,4088600000.0,3689350000.0,1060700000.0,0.0,0.0,0.0,5026200000.0,2123900000.0,2902300000.0,4782746000.0,51100000.0,-664100000.0,-18000000.0,668500000.0,-234800000.0,438600000.0,-827100000.0,0.0,442100000.0,-2500000.0,309800000.0,309800000.0,309800000.0,-3900000.0,4500000.0,0.047,1652500000.0,611800000.0,608100000.0,0.764,2.143,15.438,15.691,656000000.0,0.0,17.26,0.718,0.725,1144800000.0,1949900000.0,6661600000.0,6661600000.0,0.0,0.043,0.137,0.151,0.084,36000000.0,1518900000.0,1.0,277100000.0,279900000,279900000.0,23.8,3566700000.0,129600000.0,122100000.0,74800000.0,12.743,554100000.0
52,NWL,MRT,2008-06-30,2008-06-30,2008-06-30,2021-08-02,-115000000.0,7563600000.0,7010825000.0,2912100000.0,4651500000.0,0.94,8.226,-166500000.0,211400000.0,211400000.0,4298000000.0,428900000.0,1.081,2.284,3053600000.0,1093800000.0,1959800000.0,3053600000.0,0.0,175600000.0,0.0,0.05,0.84,656900000.0,832500000.0,0.126,832500000.0,656900000.0,543200000.0,1.52,1.51,1.52,2303400000.0,2241050000.0,2303400000.0,6755651000.0,10.0,8.115,194700000.0,0.695,1.0,2290600000.0,0.348,3744100000.0,113700000.0,3968500000.0,3458325000.0,1141300000.0,0.0,0.0,0.0,5260200000.0,2693200000.0,2567000000.0,4649151000.0,48600000.0,-700100000.0,-16600000.0,772100000.0,-234800000.0,546300000.0,-866100000.0,0.0,361200000.0,7200000.0,425000000.0,425000000.0,425000000.0,-4200000.0,3900000.0,0.065,1631900000.0,658700000.0,656800000.0,0.553,2.018,10.939,11.046,675300000.0,0.0,16.79,0.706,0.714,1312700000.0,1953500000.0,6588600000.0,6588600000.0,0.0,0.061,0.19,0.19,0.1,34800000.0,1489100000.0,1.0,276900000.0,280000000,280000000.0,23.531,3819500000.0,109600000.0,118200000.0,13400000.0,13.641,218900000.0
53,NWL,MRT,2008-03-31,2008-03-31,2008-03-31,2021-08-02,-124000000.0,7205800000.0,6745825000.0,3103100000.0,4102700000.0,0.957,8.044,-164700000.0,752100000.0,752100000.0,4183600000.0,478200000.0,1.348,2.203,2858600000.0,911700000.0,1946900000.0,2858600000.0,0.0,175100000.0,0.0,0.037,0.84,727100000.0,902200000.0,0.14,902200000.0,727100000.0,624600000.0,1.71,1.69,1.71,2249900000.0,2171525000.0,2249900000.0,8183829000.0,11.0,9.071,352900000.0,1.262,1.0,2273000000.0,0.352,3173500000.0,102500000.0,3836000000.0,3508050000.0,1091700000.0,0.0,0.0,0.0,4955900000.0,2302800000.0,2653100000.0,6328129000.0,534300000.0,-121600000.0,-11700000.0,513500000.0,-234900000.0,291300000.0,-285800000.0,0.0,517600000.0,11200000.0,474700000.0,474700000.0,474700000.0,-3200000.0,3500000.0,0.074,1542400000.0,730600000.0,571600000.0,0.491,2.813,13.331,13.374,690300000.0,0.0,22.87,0.98,0.991,1029600000.0,1919600000.0,6456600000.0,6456600000.0,0.0,0.07,0.219,0.207,0.113,35400000.0,1453500000.0,1.0,276700000.0,279700000,279800000.0,23.084,4032300000.0,126700000.0,149900000.0,15300000.0,14.417,800300000.0
54,NWL,MRT,2007-12-31,2007-12-31,2007-12-31,2021-08-02,-123200000.0,6682900000.0,6503575000.0,2651700000.0,4031200000.0,0.985,8.066,-157300000.0,329200000.0,329200000.0,4150100000.0,470200000.0,1.034,1.974,2184900000.0,987500000.0,1197400000.0,2184900000.0,0.0,177000000.0,0.0,0.032,0.84,720900000.0,897900000.0,0.14,897900000.0,720900000.0,616800000.0,1.68,1.67,1.68,2247300000.0,2082375000.0,2247300000.0,9186284000.0,13.0,10.231,498000000.0,1.788,1.0,2257200000.0,0.352,3110500000.0,104100000.0,2864300000.0,3587550000.0,940400000.0,0.0,0.0,0.0,4435600000.0,2563800000.0,1871800000.0,7228284000.0,128200000.0,-108300000.0,0.0,-57500000.0,-234700000.0,-266800000.0,-265600000.0,0.0,655300000.0,5300000.0,467100000.0,467100000.0,467100000.0,12100000.0,3100000.0,0.073,1516900000.0,740300000.0,616900000.0,0.5,3.216,15.475,15.405,688600000.0,0.0,25.88,1.128,1.125,1166400000.0,1922700000.0,6407300000.0,6407300000.0,0.0,0.072,0.224,0.201,0.113,36400000.0,1430900000.0,1.0,279300000.0,278600000,287600000.0,22.998,3572400000.0,131400000.0,149700000.0,44000000.0,12.823,87900000.0
55,NWL,MRT,2007-09-30,2007-09-30,2007-09-30,2021-08-02,-146100000.0,6591000000.0,6410475000.0,2570000000.0,4021000000.0,0.999,7.839,-154200000.0,169500000.0,169500000.0,4182000000.0,463900000.0,1.118,2.046,2127500000.0,795700000.0,1331800000.0,2127500000.0,0.0,180600000.0,0.0,0.029,0.84,721300000.0,901900000.0,0.141,901900000.0,721300000.0,608600000.0,1.69,1.67,1.69,2163600000.0,1993100000.0,2163600000.0,10142426000.0,14.0,11.246,541100000.0,1.961,1.0,2221000000.0,0.347,3085200000.0,112700000.0,3164500000.0,3763525000.0,1000100000.0,0.0,0.0,0.0,4427400000.0,2299300000.0,2128100000.0,8049426000.0,32100000.0,15900000.0,9100000.0,-323100000.0,-234200000.0,-531500000.0,-138300000.0,0.0,695300000.0,6600000.0,463900000.0,463900000.0,463900000.0,6600000.0,0.0,0.072,1486700000.0,734300000.0,619200000.0,0.497,3.72,17.352,17.053,697400000.0,0.0,28.82,1.257,1.242,1127100000.0,1876100000.0,6403000000.0,6403000000.0,0.0,0.072,0.233,0.192,0.113,47200000.0,1416900000.0,1.0,279300000.0,276000000,286100000.0,23.199,3505800000.0,104200000.0,144700000.0,2100000.0,12.702,270700000.0
56,NWL,MRT,2007-06-30,2007-06-30,2007-06-30,2021-08-02,-162600000.0,6503600000.0,6391000000.0,2587000000.0,3916600000.0,0.986,7.338,-150100000.0,162800000.0,162800000.0,4146600000.0,402200000.0,1.785,2.211,2255800000.0,23600000.0,2232200000.0,2255800000.0,0.0,186400000.0,0.0,0.029,0.84,679900000.0,866300000.0,0.137,866300000.0,679900000.0,562300000.0,1.46,1.45,1.46,2025300000.0,1907725000.0,2025300000.0,10334827000.0,15.0,11.93,574000000.0,2.08,1.0,2155200000.0,0.342,2980300000.0,117600000.0,4167400000.0,3956000000.0,973500000.0,0.0,0.0,0.0,4478300000.0,1448900000.0,3029400000.0,8208027000.0,46500000.0,80200000.0,14300000.0,-410800000.0,-233700000.0,-613500000.0,-69900000.0,0.0,724100000.0,5800000.0,402200000.0,402200000.0,402200000.0,11100000.0,0.0,0.064,1456500000.0,698700000.0,638500000.0,0.575,4.053,20.408,20.158,707300000.0,0.0,29.43,1.302,1.289,1215300000.0,1764500000.0,6301800000.0,6301800000.0,0.0,0.063,0.211,0.172,0.108,47100000.0,1387300000.0,1.0,278900000.0,276000000,286100000.0,22.833,3523300000.0,96500000.0,160100000.0,700000.0,12.766,1138100000.0
57,NWL,MRT,2007-03-31,2007-03-31,2007-03-31,2021-08-02,-196700000.0,6236800000.0,6399025000.0,2354900000.0,3881900000.0,0.976,6.862,-145600000.0,217800000.0,217800000.0,4130200000.0,379500000.0,1.817,2.294,2344600000.0,23800000.0,2320800000.0,2344600000.0,0.0,190600000.0,0.0,0.027,0.84,633500000.0,824100000.0,0.132,824100000.0,633500000.0,507800000.0,1.38,1.37,1.38,1893300000.0,1833375000.0,1893300000.0,10679384000.0,17.0,12.959,524000000.0,1.899,1.0,2112600000.0,0.338,2913800000.0,125700000.0,4154000000.0,3991300000.0,934400000.0,0.0,0.0,0.0,4343500000.0,1295800000.0,3047700000.0,8630584000.0,41700000.0,104200000.0,9700000.0,-383700000.0,-233200000.0,-590500000.0,-41400000.0,0.0,669600000.0,4000000.0,379500000.0,379500000.0,379500000.0,26100000.0,0.0,0.061,1445000000.0,667600000.0,555100000.0,0.609,4.558,22.742,22.529,735600000.0,0.0,31.09,1.382,1.374,979300000.0,1681000000.0,6242800000.0,6242800000.0,0.0,0.059,0.207,0.159,0.101,45600000.0,1372200000.0,1.0,277600000.0,275900000,277900000.0,22.627,3323000000.0,96300000.0,128300000.0,900000.0,12.044,1059100000.0
58,NWL,MRT,2006-12-31,2006-12-31,2006-12-31,2021-08-02,-184600000.0,6310500000.0,6432200000.0,2476900000.0,3833600000.0,0.964,6.883,-138300000.0,201000000.0,201000000.0,4131000000.0,385000000.0,1.306,2.339,2249800000.0,277500000.0,1972300000.0,2249800000.0,0.0,193300000.0,0.0,0.029,0.84,561200000.0,754500000.0,0.122,754500000.0,561200000.0,429200000.0,1.4,1.4,1.4,1890200000.0,1774575000.0,1890200000.0,10343740000.0,18.0,13.709,505100000.0,1.839,1.0,2070000000.0,0.334,2894500000.0,132000000.0,3568200000.0,4042500000.0,850600000.0,0.0,0.0,0.0,4420300000.0,1896600000.0,2523700000.0,8024940000.0,85500000.0,126400000.0,0.0,-334000000.0,-232800000.0,-550100000.0,-11900000.0,0.0,643400000.0,4100000.0,385000000.0,385000000.0,385000000.0,85700000.0,0.0,0.062,1413400000.0,656600000.0,549900000.0,0.6,4.246,20.844,20.679,746900000.0,0.0,28.95,1.294,1.282,1113600000.0,1690400000.0,6201000000.0,6201000000.0,0.0,0.06,0.217,0.139,0.091,44000000.0,1347000000.0,1.0,277200000.0,274600000,275500000.0,22.582,3416000000.0,111400000.0,44200000.0,144300000.0,12.44,580300000.0
59,NWL,MRT,2006-09-30,2006-09-30,2006-09-30,2021-08-02,-191800000.0,6513100000.0,6466100000.0,2704200000.0,3808900000.0,0.95,6.635,-116400000.0,137400000.0,137400000.0,4135300000.0,359800000.0,1.321,2.575,2456200000.0,427400000.0,2028800000.0,2456200000.0,0.0,193400000.0,0.0,0.03,0.84,528000000.0,721400000.0,0.117,721400000.0,528000000.0,394900000.0,1.31,1.31,1.31,1822100000.0,1712825000.0,1822100000.0,10400608000.0,20.0,14.417,478200000.0,1.741,1.0,2010500000.0,0.327,2850000000.0,133100000.0,3934400000.0,4256350000.0,946000000.0,0.0,0.0,0.0,4691000000.0,2047500000.0,2643500000.0,7841808000.0,-348100000.0,-662700000.0,9100000.0,57500000.0,-232400000.0,-165800000.0,-779100000.0,0.0,594600000.0,2200000.0,359800000.0,359800000.0,359800000.0,103900000.0,0.0,0.059,1393300000.0,617200000.0,605400000.0,0.641,4.304,21.795,21.618,763600000.0,0.0,28.32,1.276,1.265,1079500000.0,1646500000.0,6145800000.0,6145800000.0,0.0,0.056,0.21,0.124,0.086,26200000.0,1297600000.0,1.0,276900000.0,274600000,275600000.0,22.381,3663100000.0,117400000.0,35100000.0,100700000.0,13.34,656700000.0
60,NWL,MRT,2006-06-30,2006-06-30,2006-06-30,2021-08-02,-219800000.0,6535700000.0,6369575000.0,2679400000.0,3856300000.0,0.941,6.292,-103400000.0,116300000.0,116300000.0,4058600000.0,322800000.0,1.374,2.782,2675100000.0,429500000.0,2245600000.0,2675100000.0,0.0,185100000.0,0.0,0.033,0.84,493400000.0,678500000.0,0.113,678500000.0,493400000.0,358900000.0,1.18,1.19,1.18,1727900000.0,1687075000.0,1727900000.0,9713244000.0,20.0,14.316,538400000.0,1.961,1.0,1937700000.0,0.323,2835700000.0,134500000.0,4308600000.0,4391850000.0,967800000.0,0.0,0.0,0.0,4807800000.0,1950200000.0,2857600000.0,7149744000.0,-95900000.0,-667700000.0,-300000.0,266100000.0,-232100000.0,33700000.0,-771100000.0,0.0,641800000.0,-300000.0,322800000.0,322800000.0,322800000.0,164800000.0,0.0,0.054,1298700000.0,639000000.0,634800000.0,0.712,4.138,22.149,21.89,832400000.0,0.0,25.83,1.192,1.183,1157500000.0,1596200000.0,5996300000.0,5996300000.0,0.0,0.051,0.191,0.112,0.082,18600000.0,1235700000.0,1.0,276800000.0,274600000,283600000.0,21.836,3700000000.0,131800000.0,36100000.0,43400000.0,13.474,729200000.0
61,NWL,MRT,2006-03-31,2006-03-31,2006-03-31,2021-08-02,-216700000.0,6369500000.0,6256525000.0,2452400000.0,3917100000.0,0.945,6.04,-94400000.0,176100000.0,176100000.0,4050700000.0,269500000.0,1.381,2.841,2739600000.0,413700000.0,2325900000.0,2739600000.0,0.0,186500000.0,0.0,0.033,0.84,446900000.0,633400000.0,0.107,633400000.0,446900000.0,316900000.0,0.98,1.0,0.98,1658100000.0,1681350000.0,1658100000.0,9395655000.0,21.0,14.834,480000000.0,1.749,1.0,1860100000.0,0.315,2797900000.0,130000000.0,4358800000.0,4496175000.0,997600000.0,0.0,0.0,0.0,4711400000.0,1776300000.0,2935100000.0,6914655000.0,-253700000.0,-650500000.0,-600000.0,152500000.0,-231700000.0,-79800000.0,-744900000.0,0.0,574400000.0,-3400000.0,269500000.0,269500000.0,269500000.0,170000000.0,0.0,0.046,1262000000.0,598100000.0,605900000.0,0.857,4.17,25.657,25.704,929100000.0,0.0,25.19,1.17,1.17,1043400000.0,1535000000.0,5910800000.0,5910800000.0,0.0,0.043,0.16,0.099,0.076,11700000.0,1186400000.0,1.0,274500000.0,274500000,283300000.0,21.533,3571600000.0,105100000.0,47400000.0,0.0,13.011,676100000.0
62,NWL,MRT,2005-12-31,2005-12-31,2005-12-31,2021-08-02,-226700000.0,6446100000.0,6247125000.0,2472700000.0,3973400000.0,0.915,5.988,-92200000.0,115500000.0,115500000.0,3959100000.0,251300000.0,1.376,2.923,2596500000.0,166800000.0,2429700000.0,2596500000.0,0.0,191600000.0,0.0,0.035,0.84,435500000.0,627100000.0,0.11,627100000.0,435500000.0,308400000.0,0.92,0.91,0.92,1643200000.0,1700125000.0,1643200000.0,8474890000.0,19.0,13.514,549400000.0,2.002,1.0,1758100000.0,0.308,2706100000.0,127100000.0,4423600000.0,4591100000.0,793800000.0,0.0,0.0,0.0,4802900000.0,1797400000.0,3005500000.0,6551390000.0,-390100000.0,-674500000.0,-2600000.0,-23100000.0,-231500000.0,-257200000.0,-766700000.0,0.0,641600000.0,-7800000.0,251300000.0,251300000.0,251300000.0,155000000.0,0.0,0.044,1190700000.0,567400000.0,590500000.0,0.913,3.987,26.07,25.848,854000000.0,0.0,23.78,1.146,1.141,1107700000.0,1538300000.0,5717200000.0,5717200000.0,0.0,0.04,0.148,0.095,0.076,6100000.0,1117700000.0,1.0,275500000.0,274400000,274900000.0,20.835,3740000000.0,147500000.0,57100000.0,82600000.0,13.63,675300000.0
63,NWL,MRT,2005-09-30,2005-09-30,2005-09-30,2021-08-02,-130100000.0,6127000000.0,6302300000.0,2763100000.0,3363900000.0,0.84,6.265,-96600000.0,485500000.0,485500000.0,3661200000.0,298500000.0,1.851,2.564,2409000000.0,31600000.0,2377400000.0,2409000000.0,0.0,183200000.0,0.0,0.037,0.84,483000000.0,666200000.0,0.126,666200000.0,483000000.0,357400000.0,1.09,1.1,1.09,1719100000.0,1730375000.0,1719100000.0,8442345000.0,17.0,12.672,592900000.0,2.161,1.0,1635000000.0,0.309,2081200000.0,125600000.0,4476400000.0,4684950000.0,1010600000.0,0.0,0.0,0.0,4407900000.0,1492900000.0,2915000000.0,6235545000.0,131000000.0,19400000.0,-2800000.0,-244800000.0,-231500000.0,-479100000.0,-77200000.0,0.0,689500000.0,-2200000.0,298500000.0,298500000.0,298500000.0,185000000.0,0.0,0.056,974900000.0,660100000.0,576400000.0,0.771,3.627,20.89,20.78,1005700000.0,0.0,22.65,1.177,1.174,1082100000.0,1519200000.0,5296200000.0,5296200000.0,0.0,0.047,0.173,0.103,0.091,7400000.0,998500000.0,1.0,275300000.0,274400000,283300000.0,19.301,4045800000.0,71800000.0,58900000.0,46800000.0,14.744,1270200000.0
64,NWL,MRT,2005-06-30,2005-06-30,2005-06-30,2021-08-02,-127500000.0,6083500000.0,6421850000.0,2639100000.0,3444400000.0,0.853,6.214,-97800000.0,212200000.0,212200000.0,3843600000.0,600000.0,1.814,2.568,2419000000.0,38400000.0,2380600000.0,2419000000.0,0.0,197600000.0,0.0,0.035,0.84,173000000.0,370600000.0,0.068,370600000.0,173000000.0,52200000.0,0.0,0.0,0.0,1705000000.0,1707275000.0,1705000000.0,8731052000.0,50.0,23.559,517100000.0,1.884,1.0,1637300000.0,0.299,2109300000.0,120800000.0,4725900000.0,4780925000.0,1023700000.0,0.0,0.0,0.0,4378500000.0,1455100000.0,2923400000.0,6563152000.0,101200000.0,51500000.0,0.0,-236600000.0,-231100000.0,-467700000.0,-46300000.0,0.0,614900000.0,300000.0,600000.0,600000.0,600000.0,190600000.0,0.0,0.0,1280800000.0,356500000.0,590200000.0,,3.849,10938.587,,1113300000.0,0.0,23.84,1.197,1.194,1204500000.0,1505700000.0,5480900000.0,5480900000.0,0.0,0.0,0.0,0.036,0.032,5700000.0,1023400000.0,1.0,275300000.0,274400000,274700000.0,19.974,3974200000.0,79200000.0,51600000.0,20700000.0,14.483,1184000000.0
65,NWL,MRT,2005-03-31,2005-03-31,2005-03-31,2021-08-02,-89200000.0,6331900000.0,6617325000.0,2786500000.0,3545400000.0,0.846,6.316,-108400000.0,429800000.0,429800000.0,3970100000.0,-4600000.0,1.708,2.653,2597700000.0,213900000.0,2383800000.0,2597700000.0,0.0,202400000.0,0.0,0.038,0.84,144300000.0,346700000.0,0.062,346700000.0,144300000.0,25100000.0,-0.02,-0.02,-0.02,1733200000.0,1756100000.0,1733200000.0,8154712000.0,57.0,23.521,613800000.0,2.237,1.0,1629400000.0,0.291,2130200000.0,119200000.0,4738500000.0,4879700000.0,1057000000.0,0.0,0.0,0.0,4598700000.0,1631100000.0,2967600000.0,6029112000.0,377900000.0,277600000.0,500000.0,-285700000.0,-231300000.0,-516500000.0,169200000.0,0.0,722200000.0,3000000.0,-4600000.0,-4600000.0,-4600000.0,166900000.0,0.0,-0.001,1325800000.0,303600000.0,629400000.0,-42.0,3.479,-1310.677,-1097.0,1211000000.0,0.0,21.94,1.077,1.075,1037400000.0,1497200000.0,5599500000.0,5599500000.0,0.0,-0.001,-0.003,0.03,0.026,4100000.0,1049300000.0,1.0,274800000.0,274400000,274900000.0,20.406,4201700000.0,87100000.0,29700000.0,0.0,15.312,1155400000.0
66,NWL,MRT,2004-12-31,2004-12-31,2004-12-31,2021-08-02,-70400000.0,6666800000.0,6836700000.0,3012400000.0,3654400000.0,0.835,6.429,-121900000.0,505600000.0,505600000.0,4050600000.0,-116100000.0,1.61,2.779,2631200000.0,206900000.0,2424300000.0,2631200000.0,0.0,209400000.0,0.0,0.035,0.84,96100000.0,305500000.0,0.054,305500000.0,96100000.0,-23200000.0,-0.42,-0.42,-0.42,1764200000.0,1800750000.0,1764200000.0,8961512000.0,93.0,29.334,538100000.0,1.961,1.0,1656500000.0,0.29,2122100000.0,119300000.0,4799000000.0,5137375000.0,918000000.0,0.0,0.0,0.0,4902600000.0,1871300000.0,3031300000.0,6647412000.0,361200000.0,311500000.0,1400000.0,-264500000.0,-231000000.0,-494100000.0,189600000.0,0.0,660000000.0,5700000.0,-116100000.0,-116100000.0,-116100000.0,221100000.0,0.0,-0.02,1342300000.0,314200000.0,637100000.0,-2.0,3.768,-57.256,-57.595,1231900000.0,0.0,24.19,1.165,1.163,1199400000.0,1518600000.0,5707100000.0,5707100000.0,0.0,-0.017,-0.064,0.019,0.017,2800000.0,1050100000.0,1.0,274800000.0,274400000,274700000.0,20.798,4544700000.0,104300000.0,92900000.0,68800000.0,16.562,1141100000.0
67,NWL,MRT,2004-09-30,2004-09-30,2004-09-30,2021-08-02,-141400000.0,6605200000.0,7040175000.0,2877300000.0,3727900000.0,0.898,5.928,-148100000.0,354500000.0,354500000.0,4540400000.0,-451900000.0,1.473,3.06,2668600000.0,229000000.0,2439600000.0,2668600000.0,0.0,214500000.0,0.0,0.042,0.84,-255100000.0,-40600000.0,-0.006,-40600000.0,-255100000.0,-374800000.0,-1.65,-1.65,-1.65,1626700000.0,1863775000.0,1626700000.0,8068796000.0,-32.0,-198.739,626400000.0,2.283,1.0,1781700000.0,0.282,2105100000.0,119700000.0,4860300000.0,5382975000.0,1060000000.0,15500000.0,0.0,15500000.0,4978500000.0,1953900000.0,3024600000.0,5508996000.0,277400000.0,319900000.0,3200000.0,-440000000.0,-231000000.0,-667800000.0,171800000.0,0.0,774500000.0,-1100000.0,-451900000.0,-451900000.0,-451900000.0,397300000.0,0.0,-0.071,1628800000.0,152900000.0,633100000.0,-0.509,3.387,-12.191,-12.145,1341300000.0,0.0,20.04,0.871,0.87,1184300000.0,1452200000.0,6322100000.0,6322100000.0,0.0,-0.064,-0.242,-0.047,-0.04,0.0,1171700000.0,1.0,274900000.0,274400000,274400000.0,23.04,4500100000.0,124600000.0,77100000.0,134000000.0,16.4,923400000.0
68,NWL,MRT,2004-06-30,2004-06-30,2004-06-30,2021-08-02,-150800000.0,6865400000.0,7380650000.0,2719800000.0,4145600000.0,0.871,6.925,-181700000.0,111000000.0,111000000.0,4621100000.0,-150300000.0,1.43,2.613,2670800000.0,186800000.0,2484000000.0,2670800000.0,0.0,226400000.0,0.0,0.036,0.84,67900000.0,294300000.0,0.046,294300000.0,67900000.0,-55400000.0,-0.55,-0.55,-0.55,1900300000.0,2038675000.0,1900300000.0,9304000000.0,137.0,31.614,587100000.0,2.14,1.0,1808800000.0,0.281,2402500000.0,123300000.0,5121000000.0,5573475000.0,1015200000.0,15500000.0,0.0,15500000.0,4965100000.0,1901700000.0,3063400000.0,6457800000.0,75600000.0,279500000.0,4500000.0,-562200000.0,-231400000.0,-789100000.0,97800000.0,0.0,768800000.0,-1900000.0,-150300000.0,-150300000.0,-150300000.0,336900000.0,0.0,-0.023,1391600000.0,417200000.0,657900000.0,-1.527,3.398,-42.966,-42.727,1448600000.0,0.0,23.5,1.004,1.003,1309200000.0,1736200000.0,6429900000.0,6429900000.0,0.0,-0.02,-0.074,0.012,0.011,0.0,1172600000.0,1.0,274800000.0,274400000,274500000.0,23.433,4462900000.0,148000000.0,94900000.0,71700000.0,16.264,818100000.0
69,NWL,MRT,2004-03-31,2004-03-31,2004-03-31,2021-08-02,-132100000.0,7209400000.0,7696200000.0,2817100000.0,4392300000.0,0.852,6.967,-243400000.0,51900000.0,51900000.0,4701700000.0,-137500000.0,1.523,2.771,2898100000.0,26800000.0,2871300000.0,2898100000.0,0.0,230900000.0,0.0,0.036,0.84,106600000.0,337500000.0,0.051,337500000.0,106600000.0,-21500000.0,-0.5,-0.5,-0.5,1911800000.0,2144300000.0,1911800000.0,9134960000.0,86.0,27.067,482600000.0,1.759,1.0,1856300000.0,0.283,2436900000.0,128100000.0,5769200000.0,5736250000.0,991700000.0,15500000.0,0.0,15500000.0,5297600000.0,1849500000.0,3448100000.0,6375360000.0,41700000.0,45200000.0,6700000.0,-260900000.0,-230900000.0,-485100000.0,-198200000.0,0.0,726000000.0,-1000000.0,-137500000.0,-137500000.0,-137500000.0,347600000.0,0.0,-0.021,1394400000.0,461900000.0,663500000.0,-1.68,3.335,-46.366,-46.4,1558300000.0,0.0,23.2,0.972,0.971,1253200000.0,1733200000.0,6558000000.0,6558000000.0,0.0,-0.018,-0.064,0.019,0.016,0.0,1173400000.0,1.0,274800000.0,274400000,274500000.0,23.899,4772500000.0,210400000.0,116000000.0,85100000.0,17.392,967600000.0
70,NWL,MRT,2003-12-31,2003-12-31,2003-12-31,2021-08-02,-167800000.0,7480700000.0,7833525000.0,3000200000.0,4480500000.0,0.844,7.356,-300000000.0,144400000.0,144400000.0,4732700000.0,-46600000.0,1.484,2.71,2904000000.0,35400000.0,2868600000.0,2904000000.0,0.0,229500000.0,0.0,0.037,0.84,207500000.0,437000000.0,0.066,437000000.0,207500000.0,73200000.0,-0.17,-0.17,-0.17,2016300000.0,2221800000.0,2016300000.0,8772188000.0,42.0,20.074,473200000.0,1.726,1.0,1882100000.0,0.285,2436900000.0,134300000.0,5781400000.0,5673125000.0,884800000.0,15500000.0,0.0,15500000.0,5464400000.0,2022000000.0,3442400000.0,6248088000.0,89300000.0,-416100000.0,207900000.0,54400000.0,-230900000.0,31400000.0,-716100000.0,0.0,773200000.0,800000.0,-46600000.0,-46600000.0,-46600000.0,264500000.0,0.0,-0.007,1384500000.0,497600000.0,694700000.0,-4.941,3.099,-134.079,-133.941,1608800000.0,0.0,22.77,0.945,0.944,1397100000.0,1865700000.0,6614800000.0,6614800000.0,0.0,-0.006,-0.021,0.037,0.031,0.0,1160700000.0,1.0,274400000.0,274100000,274300000.0,24.133,5043800000.0,220800000.0,119800000.0,80800000.0,18.401,978200000.0
71,NWL,MRT,2003-09-30,2003-09-30,2003-09-30,2021-08-02,-125500000.0,7967100000.0,7814450000.0,3162500000.0,4804600000.0,0.778,8.478,-314000000.0,77100000.0,77100000.0,4290700000.0,260800000.0,1.439,2.425,2601200000.0,62400000.0,2538800000.0,2601200000.0,0.0,219100000.0,0.0,0.039,0.84,536500000.0,755600000.0,0.124,755600000.0,536500000.0,383600000.0,0.96,0.96,0.96,2326300000.0,2233600000.0,2326300000.0,8625048000.0,16.0,11.415,406200000.0,1.48,1.0,1788200000.0,0.294,2671600000.0,152900000.0,5622300000.0,5564475000.0,1271200000.0,0.0,0.0,0.0,5640800000.0,2197300000.0,3443500000.0,5946248000.0,70400000.0,-463500000.0,208800000.0,147000000.0,-229300000.0,126500000.0,-777500000.0,0.0,720200000.0,1200000.0,260800000.0,260800000.0,260800000.0,-4100000.0,0.0,0.043,1248200000.0,540000000.0,815900000.0,0.875,2.556,22.8,22.573,1816700000.0,0.0,21.67,0.978,0.978,1392600000.0,2135100000.0,6078900000.0,6078900000.0,0.0,0.033,0.117,0.096,0.088,0.0,1106700000.0,1.0,274400000.0,274400000,274400000.0,22.153,5295500000.0,200400000.0,122800000.0,141300000.0,19.298,965200000.0
72,NWL,MRT,2003-06-30,2003-06-30,2003-06-30,2021-08-02,-110300000.0,8127600000.0,7672200000.0,3279600000.0,4848000000.0,0.821,8.471,-339300000.0,35400000.0,35400000.0,4451400000.0,261800000.0,1.391,2.499,2714200000.0,167200000.0,2547000000.0,2714200000.0,0.0,225300000.0,0.0,0.03,0.84,531200000.0,756500000.0,0.12,756500000.0,531200000.0,381700000.0,0.98,0.98,0.98,2322800000.0,2164200000.0,2322800000.0,10297400000.0,19.0,13.612,372300000.0,1.358,1.0,1846700000.0,0.293,2676600000.0,149500000.0,5772100000.0,5462250000.0,1365100000.0,0.0,0.0,0.0,5804800000.0,2357700000.0,3447100000.0,7677600000.0,25300000.0,-461900000.0,214400000.0,125400000.0,-227500000.0,112300000.0,-800300000.0,0.0,711600000.0,1700000.0,261800000.0,261800000.0,261800000.0,-14400000.0,0.0,0.042,1310000000.0,536700000.0,863000000.0,0.857,3.305,29.326,28.571,1847200000.0,0.0,28.0,1.219,1.219,1455100000.0,2117800000.0,6298100000.0,6298100000.0,0.0,0.034,0.121,0.097,0.084,0.0,1149600000.0,1.0,274200000.0,274200000,274700000.0,22.969,5451000000.0,213200000.0,119900000.0,134300000.0,19.88,921900000.0
73,NWL,MRT,2003-03-31,2003-03-31,2003-03-31,2021-08-02,-192400000.0,7758700000.0,7489666000.0,3009100000.0,4749600000.0,0.854,8.121,-309300000.0,10200000.0,10200000.0,4555500000.0,276600000.0,1.321,2.492,2630000000.0,252400000.0,2377600000.0,2630000000.0,0.0,242500000.0,0.0,0.03,0.84,547400000.0,789900000.0,0.123,789900000.0,547400000.0,402900000.0,1.04,1.04,1.04,2221800000.0,2089940250.0,2221800000.0,10021435000.0,18.0,12.687,477600000.0,1.746,1.0,1842300000.0,0.288,2583800000.0,144500000.0,5516700000.0,5422998250.0,1285400000.0,0.0,0.0,0.0,5536900000.0,2278000000.0,3258900000.0,7770735000.0,0.0,-698300000.0,217300000.0,223800000.0,-226100000.0,215000000.0,-1003200000.0,0.0,786900000.0,1300000.0,276600000.0,276600000.0,276600000.0,-22600000.0,0.0,0.043,1276500000.0,565800000.0,736500000.0,0.808,3.497,28.094,27.26,1853200000.0,0.0,28.35,1.215,1.212,1276400000.0,2101600000.0,6397800000.0,6397800000.0,0.0,0.037,0.132,0.101,0.086,0.0,1160000000.0,1.0,274100000.0,273600000,274000000.0,23.384,5174900000.0,222600000.0,126300000.0,156500000.0,18.914,731100000.0
74,NWL,MRT,2002-12-31,2002-12-31,2002-12-31,2021-08-02,-190200000.0,7404400000.0,7202558000.0,3080000000.0,4324400000.0,0.894,7.726,-252100000.0,55100000.0,55100000.0,4608200000.0,-203400000.0,1.178,2.588,2821300000.0,449200000.0,2372100000.0,2821300000.0,0.0,251000000.0,0.0,0.028,0.84,62700000.0,313700000.0,0.049,313700000.0,62700000.0,-69900000.0,-0.76,-0.76,-0.76,2063500000.0,2005847250.0,2063500000.0,10527547916.0,168.0,33.559,616800000.0,2.309,1.0,1828700000.0,0.284,2209400000.0,132600000.0,5346800000.0,5242004250.0,1196200000.0,15500000.0,0.0,15500000.0,5340900000.0,2614400000.0,2726500000.0,8108647916.0,48300000.0,-242200000.0,19000000.0,-129500000.0,-224400000.0,-334900000.0,-486500000.0,0.0,868900000.0,800000.0,-203400000.0,-203400000.0,-203400000.0,-46500000.0,0.0,-0.032,1269000000.0,559700000.0,686600000.0,-1.105,3.93,-39.866,-39.908,1812800000.0,0.0,30.33,1.26,1.259,1377700000.0,2143200000.0,6436900000.0,6436900000.0,0.0,-0.028,-0.101,0.012,0.01,0.0,1167200000.0,1.0,267347442.0,267100000,268000000.0,24.099,5195000000.0,213500000.0,133500000.0,164400000.0,19.45,465600000.0
75,NWL,MRT,2002-09-30,2002-09-30,2002-09-30,2021-08-02,-162700000.0,7398100000.0,7167983000.0,3093400000.0,4304700000.0,1.011,7.667,-250300000.0,6700000.0,6700000.0,5228600000.0,-228500000.0,1.277,2.611,2425600000.0,435400000.0,1990200000.0,2425600000.0,0.0,292500000.0,0.0,0.027,0.84,35400000.0,327900000.0,0.045,327900000.0,35400000.0,-79000000.0,-0.86,-0.85,-0.86,2048700000.0,2098322250.0,2048700000.0,10784705761.0,305.0,32.89,607500000.0,2.274,1.0,2017800000.0,0.278,2181300000.0,114400000.0,5213400000.0,5046154250.0,1277300000.0,0.0,0.0,0.0,5349400000.0,2422300000.0,2927100000.0,8247584761.0,-2600000.0,-298700000.0,18100000.0,-125500000.0,-224200000.0,-331600000.0,-529900000.0,7800000.0,857800000.0,1100000.0,-228500000.0,-228500000.0,-228500000.0,0.0,0.0,-0.032,1421500000.0,596300000.0,684900000.0,-0.977,4.026,-36.094,-35.895,1826400000.0,0.0,30.87,1.138,1.138,1363000000.0,2103600000.0,7246400000.0,7246400000.0,0.0,-0.032,-0.109,0.007,0.005,0.0,1299600000.0,1.0,267171518.0,267200000,277700000.0,27.12,5216800000.0,229900000.0,149500000.0,239600000.0,19.524,671100000.0
76,NWL,MRT,2002-06-30,2002-06-30,2002-06-30,2021-08-02,-161206000.0,7397464000.0,7125094250.0,3162449000.0,4235015000.0,0.992,7.587,-226727000.0,10068000.0,10068000.0,5108800000.0,-221200000.0,1.457,2.652,2547189000.0,330648000.0,2216541000.0,2547189000.0,0.0,307796000.0,0.0,0.024,0.84,54200000.0,361996000.0,0.051,361996000.0,54200000.0,-62800000.0,-0.84,-0.83,-0.84,2025761000.0,2190442750.0,2025761000.0,11496967400.0,212.0,31.76,577616000.0,2.163,1.0,1957100000.0,0.277,2149715000.0,117000000.0,5615093000.0,4958922750.0,1290715000.0,0.0,0.0,0.0,5371703000.0,2169777000.0,3201926000.0,9359249400.0,-5665000.0,-304517000.0,11308000.0,-94144000.0,-224110000.0,-306946000.0,-503728000.0,7800000.0,804343000.0,666000.0,-221200000.0,-221200000.0,-221200000.0,0.0,0.0,-0.031,1350600000.0,606500000.0,655792000.0,-1.0,4.62,-42.311,-41.738,1776533000.0,0.0,35.06,1.325,1.325,1429215000.0,2083610000.0,7065900000.0,7065900000.0,0.0,-0.031,-0.101,0.011,0.008,0.0,1254400000.0,1.0,266949498.0,267000000,268000000.0,26.464,5247749000.0,224269000.0,158400000.0,225295000.0,19.654,992672000.0
77,NWL,MRT,2002-03-31,2002-03-31,2002-03-31,2021-08-02,-263447000.0,6610268000.0,7075900750.0,2776860000.0,3833408000.0,0.975,7.067,-226056000.0,10159000.0,10159000.0,5005518000.0,-237793000.0,1.256,2.506,2147877000.0,582700000.0,1565177000.0,2147877000.0,0.0,309249000.0,0.0,0.026,0.84,40493000.0,349742000.0,0.051,349742000.0,40493000.0,-82803000.0,-0.9,-0.89,-0.9,1885428000.0,2273093000.0,1885428000.0,11213503000.0,277.0,32.062,637780000.0,2.39,1.0,1890035000.0,0.274,1744630000.0,123296000.0,4792724000.0,5000060000.0,1147358000.0,80120000.0,0.0,80120000.0,4724840000.0,2210632000.0,2514208000.0,9028700000.0,-9648000.0,-65433000.0,5963000.0,-401263000.0,-224006000.0,-619306000.0,-254461000.0,7800000.0,863836000.0,283000.0,-237793000.0,-237793000.0,-237793000.0,0.0,0.0,-0.034,1312036000.0,577999000.0,525831000.0,-0.933,4.789,-37.969,-35.511,1645410000.0,0.0,31.96,1.309,1.237,1191346000.0,2051182000.0,6895553000.0,6895553000.0,0.0,-0.034,-0.105,0.008,0.006,0.0,1202859000.0,1.0,282500000.0,266800000,267500000.0,25.845,4865638000.0,226794000.0,154990000.0,197719000.0,18.237,566228000.0
78,NWL,MRT,2001-12-31,2001-12-31,2001-12-31,2021-08-02,-231600000.0,7266100000.0,7215363500.0,2850700000.0,4415400000.0,0.958,9.124,-249800000.0,6800000.0,6800000.0,5046600000.0,264600000.0,1.125,1.986,2191600000.0,826600000.0,1365000000.0,2191600000.0,0.0,328800000.0,0.0,0.03,0.84,553400000.0,882200000.0,0.128,882200000.0,553400000.0,415900000.0,0.99,0.99,0.99,2433400000.0,2387828750.0,2433400000.0,9647232199.0,17.0,10.935,615600000.0,2.308,1.0,1862700000.0,0.27,2353600000.0,137500000.0,4563400000.0,5301439750.0,1113800000.0,79500000.0,0.0,79500000.0,4832700000.0,2533900000.0,2298800000.0,7352111199.0,-15700000.0,-92100000.0,2900000.0,-354800000.0,-224000000.0,-575900000.0,-303600000.0,7800000.0,865400000.0,-1600000.0,264600000.0,264600000.0,264600000.0,0.0,0.0,0.038,1291800000.0,570900000.0,501300000.0,0.848,3.021,27.786,27.848,1689200000.0,0.0,27.57,1.064,1.064,1298200000.0,2571300000.0,6909300000.0,6909300000.0,0.0,0.037,0.111,0.104,0.08,0.0,1168200000.0,1.0,266670700.0,266700000,267000000.0,25.907,4912500000.0,238500000.0,151300000.0,218800000.0,18.42,316800000.0
79,NWL,MRT,2001-09-30,2001-09-30,2001-09-30,2021-08-02,-231318000.0,7226545000.0,7214294750.0,2933390000.0,4293155000.0,0.952,9.063,-260799000.0,9257000.0,9257000.0,5069315000.0,288294000.0,1.18,1.99,2304378000.0,939338000.0,1365040000.0,2304378000.0,0.0,325463000.0,0.0,0.037,0.84,601092000.0,926555000.0,0.135,926555000.0,601092000.0,458896000.0,1.07,1.07,1.07,2417182000.0,2391639000.0,2417182000.0,8455259316.0,14.0,9.125,654663000.0,2.455,1.0,1796198000.0,0.262,2171227000.0,142196000.0,4864474000.0,5671910750.0,1185450000.0,84863000.0,0.0,84863000.0,4809363000.0,2485965000.0,2323398000.0,6055923316.0,-12175000.0,-548910000.0,2509000.0,87894000.0,-223998000.0,-133595000.0,-793113000.0,0.0,915462000.0,-929000.0,288294000.0,288294000.0,288294000.0,0.0,0.0,0.042,1177713000.0,618485000.0,446279000.0,0.785,2.505,21.006,21.224,1692916000.0,0.0,22.71,0.882,0.882,1316139000.0,2556585000.0,6865513000.0,6865513000.0,0.0,0.04,0.121,0.106,0.088,1000000.0,1063260000.0,1.0,266663290.0,266700000,266700000.0,25.742,5055318000.0,241671000.0,170602000.0,291188000.0,18.955,447425000.0
80,NWL,MRT,2001-06-30,2001-06-30,2001-06-30,2021-08-02,-264563000.0,7200690000.0,7104790500.0,2936018000.0,4264672000.0,0.965,8.837,-281806000.0,15790000.0,15790000.0,5078734000.0,327793000.0,1.764,2.056,2415126000.0,199621000.0,2215505000.0,2415126000.0,0.0,305851000.0,0.0,0.033,0.84,671775000.0,977626000.0,0.143,977626000.0,671775000.0,528695000.0,1.22,1.22,1.22,2356362000.0,2381853000.0,2356362000.0,9219374060.0,14.0,9.43,598176000.0,2.243,1.0,1775351000.0,0.259,2155713000.0,143080000.0,5779642000.0,5840251000.0,1271658000.0,87057000.0,0.0,87057000.0,4844328000.0,1664671000.0,3179657000.0,6692836060.0,-168000.0,-546036000.0,3243000.0,157145000.0,-223969000.0,-63581000.0,-813360000.0,0.0,879982000.0,-3209000.0,327793000.0,327793000.0,327793000.0,0.0,0.0,0.048,1087843000.0,687508000.0,429131000.0,0.689,2.84,20.418,20.574,1702000000.0,0.0,25.1,0.976,0.976,1246645000.0,2529175000.0,6854085000.0,6854085000.0,0.0,0.046,0.138,0.115,0.098,1000000.0,981269000.0,1.0,266646855.0,266648000,266813000.0,25.705,5044977000.0,237248000.0,200902000.0,256835000.0,18.92,1271347000.0
81,NWL,MRT,2001-03-31,2001-03-31,2001-03-31,2021-08-02,-260286000.0,7168119000.0,7009456750.0,2872843000.0,4295276000.0,0.987,8.793,-295156000.0,19873000.0,19873000.0,5107165000.0,383801000.0,1.858,2.058,2546411000.0,228138000.0,2318273000.0,2546411000.0,0.0,303068000.0,0.0,0.032,0.84,764024000.0,1067092000.0,0.154,1067092000.0,764024000.0,622552000.0,1.43,1.43,1.43,2344371000.0,2378578500.0,2344371000.0,9997755000.0,13.0,9.369,478276000.0,1.794,1.0,1809292000.0,0.262,2150125000.0,141472000.0,5998243000.0,5764808000.0,1309991000.0,82857000.0,0.0,82857000.0,4823748000.0,1546289000.0,3277459000.0,7478300000.0,11784000.0,-558722000.0,1594000.0,321649000.0,-223945000.0,99298000.0,-856095000.0,0.0,773432000.0,-4851000.0,383801000.0,383801000.0,383801000.0,0.0,0.0,0.055,1029366000.0,779926000.0,366475000.0,0.587,3.19,19.485,18.531,1719462000.0,0.0,26.5,1.081,1.022,1131531000.0,2513229000.0,6916457000.0,6916457000.0,0.0,0.055,0.161,0.133,0.11,1000000.0,924399000.0,1.0,282200000.0,266618000,266782000.0,25.941,5017994000.0,221979000.0,238751000.0,216165000.0,18.821,1326554000.0
82,NWL,MRT,2000-12-31,2000-12-31,2000-12-31,2021-08-02,-172852000.0,7261825000.0,6886924000.0,2880367000.0,4381458000.0,1.007,9.123,-316600000.0,22525000.0,22525000.0,5108700000.0,421600000.0,1.857,1.966,2546758000.0,227206000.0,2319552000.0,2546758000.0,0.0,292600000.0,0.0,0.037,0.84,815500000.0,1108100000.0,0.16,1108100000.0,815500000.0,685500000.0,1.57,1.57,1.57,2448641000.0,2368193250.0,2448641000.0,8227487854.0,10.0,7.425,306900000.0,1.143,1.0,1826000000.0,0.263,2189948000.0,130000000.0,6045284000.0,5582634500.0,1262551000.0,81978000.0,0.0,81978000.0,4813184000.0,1550826000.0,3262358000.0,6064662854.0,-79700000.0,-597800000.0,-401700000.0,836900000.0,-225100000.0,210100000.0,-909300000.0,0.0,623500000.0,-4000000.0,421600000.0,421600000.0,421600000.0,0.0,0.0,0.061,994300000.0,831700000.0,342406000.0,0.535,2.477,14.385,14.49,1756903000.0,0.0,22.75,0.875,0.881,1183363000.0,2530864000.0,6934700000.0,6934700000.0,0.0,0.061,0.178,0.146,0.118,1000000.0,899400000.0,1.0,266578587.0,268400000,268500000.0,25.837,5071877000.0,231875000.0,263900000.0,166287000.0,18.897,1329541000.0
83,NWL,MRT,2000-09-30,2000-09-30,2000-09-30,2021-08-02,-204106000.0,6788528000.0,6752489750.0,2854276000.0,3934252000.0,1.061,8.921,-300841000.0,21439000.0,21439000.0,5348729000.0,398879000.0,1.982,1.855,2184264000.0,119518000.0,2064746000.0,2184264000.0,0.0,295366000.0,0.0,0.036,0.83,768867000.0,1064233000.0,0.149,1064233000.0,768867000.0,649538000.0,1.48,1.48,1.48,2378038000.0,2430284500.0,2378038000.0,8294934242.0,11.0,7.794,249653000.0,0.937,1.0,1812428000.0,0.253,1973309000.0,119329000.0,5537835000.0,5238895500.0,1170533000.0,78755000.0,0.0,78755000.0,4410490000.0,1440209000.0,2970281000.0,6080567242.0,-12543000.0,-381817000.0,-402235000.0,756764000.0,-225439000.0,129090000.0,-685845000.0,2890000.0,550494000.0,-6282000.0,398879000.0,398879000.0,398879000.0,0.0,0.0,0.056,1031816000.0,780612000.0,343511000.0,0.561,2.557,15.244,15.412,1573960000.0,0.0,22.81,0.849,0.849,1236989000.0,2492564000.0,7161157000.0,7161157000.0,0.0,0.059,0.164,0.147,0.107,2269000.0,930219000.0,1.0,266574627.0,266567000,276500000.0,26.864,4815219000.0,260914000.0,250659000.0,151400000.0,18.064,1414067000.0
84,NWL,MRT,2000-06-30,2000-06-30,2000-06-30,2021-08-02,-171020000.0,6819355000.0,6630101250.0,2847041000.0,3972314000.0,1.058,8.791,-270102000.0,15897000.0,15897000.0,5226020000.0,348617000.0,1.86,1.91,2230264000.0,222046000.0,2008218000.0,2230264000.0,0.0,284619000.0,0.0,0.032,0.82,680937000.0,965556000.0,0.138,965556000.0,680937000.0,568780000.0,1.28,1.28,1.28,2343264000.0,2509265750.0,2343264000.0,9049596829.0,13.0,9.372,363028000.0,1.362,1.0,1788245000.0,0.255,2025027000.0,112157000.0,5477870000.0,4951109000.0,1200547000.0,79029000.0,0.0,79029000.0,4476091000.0,1530825000.0,2945266000.0,6863182829.0,-33099000.0,-378747000.0,-402503000.0,602089000.0,-225906000.0,-26320000.0,-636749000.0,14328000.0,633130000.0,-3160000.0,348617000.0,348617000.0,348617000.0,0.0,0.0,0.05,1094369000.0,693876000.0,340930000.0,0.641,2.929,19.687,20.117,1573580000.0,0.0,25.75,0.978,0.978,1224305000.0,2425604000.0,7014265000.0,7014265000.0,0.0,0.053,0.139,0.138,0.097,2269000.0,983195000.0,1.0,266531372.0,266542000,276492000.0,26.316,4794328000.0,245589000.0,220163000.0,139433000.0,17.987,1316216000.0
85,NWL,MRT,2000-03-31,2000-03-31,2000-03-31,2021-08-02,-140671000.0,6677988000.0,6502325750.0,2695357000.0,3982631000.0,1.05,8.403,-203135000.0,8028000.0,8028000.0,5102979000.0,250656000.0,1.73,1.9,2194442000.0,317333000.0,1877109000.0,2194442000.0,0.0,278774000.0,0.0,0.033,0.81,512505000.0,791279000.0,0.116,791279000.0,512505000.0,409896000.0,0.91,0.91,0.91,2302830000.0,2594076000.0,2302830000.0,8597468000.0,17.0,10.865,421107000.0,1.537,1.0,1721575000.0,0.252,2037121000.0,102609000.0,5269549000.0,4768645750.0,1168486000.0,77654000.0,0.0,77654000.0,4375158000.0,1557732000.0,2817426000.0,6996420000.0,-61830000.0,-399652000.0,-397243000.0,533560000.0,-226298000.0,-89981000.0,-594544000.0,14328000.0,624242000.0,-1547000.0,250656000.0,250656000.0,250656000.0,0.0,0.0,0.037,1196360000.0,525215000.0,361622000.0,0.89,3.038,27.912,27.264,1565358000.0,0.0,24.81,1.025,0.996,1130110000.0,2353620000.0,6824554000.0,6824554000.0,0.0,0.039,0.097,0.107,0.075,2269000.0,1084134000.0,1.0,282000000.0,274059000,284016000.0,24.902,4640867000.0,237449000.0,159240000.0,89192000.0,16.934,1137625000.0
86,NWL,MRT,1999-12-31,1999-12-31,1999-12-31,2021-08-02,-129981000.0,6724088000.0,6391664750.0,2738569000.0,3985519000.0,1.05,9.57,-200066000.0,102164000.0,102164000.0,4975369000.0,95437000.0,1.68,1.493,1703212000.0,247433000.0,1455779000.0,1703212000.0,0.0,271731000.0,0.0,0.028,0.8,330960000.0,602691000.0,0.09,602691000.0,330960000.0,230939000.0,0.34,0.34,0.34,2697006000.0,2692976500.0,2697006000.0,9589737758.0,29.0,15.912,353885000.0,1.256,1.0,1736399000.0,0.259,2024925000.0,100021000.0,4670328000.0,4677951000.0,1034794000.0,76704000.0,0.0,76704000.0,4027082000.0,1629883000.0,2397199000.0,8179110758.0,15610000.0,-345934000.0,27411000.0,194725000.0,-225774000.0,-3638000.0,-530952000.0,14328000.0,553951000.0,-3751000.0,95437000.0,95437000.0,95437000.0,0.0,0.0,0.014,1392794000.0,343605000.0,376596000.0,2.353,3.033,85.702,85.294,1548191000.0,0.0,29.0,1.219,1.218,1178423000.0,2334609000.0,6711768000.0,6711768000.0,0.0,0.015,0.035,0.071,0.049,2269000.0,1104491000.0,1.0,282038302.0,281806000,281978000.0,23.817,4699163000.0,250587000.0,135502000.0,85655000.0,16.675,1108686000.0
87,NWL,MRT,1999-09-30,1999-09-30,1999-09-30,2021-08-02,-116842000.0,6298974000.0,6282931500.0,2539462000.0,3759512000.0,1.066,9.555,-232296000.0,33982000.0,33982000.0,4934457000.0,87716000.0,1.795,1.338,1444609000.0,82619000.0,1361990000.0,1444609000.0,0.0,256384000.0,0.0,0.027,0.78,320526000.0,576910000.0,0.086,576910000.0,320526000.0,217899000.0,0.32,0.32,0.32,2693963000.0,2729658000.0,2693963000.0,9611243385.0,30.0,16.66,347009000.0,1.231,1.0,1760298000.0,0.263,1908309000.0,102627000.0,4386689000.0,4675242500.0,1037793000.0,78685000.0,0.0,78685000.0,3605011000.0,1414603000.0,2190408000.0,8051530385.0,-43989000.0,-89526000.0,28540000.0,-80191000.0,-222832000.0,-274483000.0,-345482000.0,-89070000.0,579305000.0,-3329000.0,87716000.0,87716000.0,87716000.0,0.0,0.0,0.013,1422954000.0,337344000.0,332732000.0,2.438,2.989,91.791,89.25,1482262000.0,0.0,28.56,1.203,1.203,1207536000.0,2319423000.0,6694755000.0,6694755000.0,0.0,0.014,0.032,0.069,0.048,1377000.0,1127385000.0,1.0,281916330.0,281937000,292041000.0,23.746,4390665000.0,114349000.0,130183000.0,0.0,15.573,1124859000.0
88,NWL,MRT,1999-06-30,1999-06-30,1999-06-30,2021-08-02,-111436000.0,6308253000.0,5859117500.0,2531593000.0,3776660000.0,1.134,9.518,-290299000.0,48996000.0,48996000.0,4851272000.0,132381000.0,2.029,1.352,1608709000.0,58686000.0,1550023000.0,1608709000.0,0.0,265047000.0,0.0,0.016,0.76,427447000.0,692494000.0,0.104,692494000.0,427447000.0,320909000.0,0.48,0.48,0.48,2682505000.0,2527550000.0,2682505000.0,14671206625.0,34.0,21.186,165190000.0,0.586,1.0,1793777000.0,0.27,1871987000.0,106538000.0,4748017000.0,4251462000.0,1078431000.0,88868000.0,0.0,88868000.0,3625748000.0,1247962000.0,2377786000.0,13068352625.0,-66103000.0,-146191000.0,30235000.0,175142000.0,-219652000.0,-14275000.0,-502948000.0,-100508000.0,455489000.0,-4369000.0,132381000.0,132381000.0,132381000.0,0.0,0.0,0.02,1388930000.0,404847000.0,323458000.0,1.583,4.872,98.718,96.625,1514561000.0,0.0,46.38,1.967,1.967,1166204000.0,2303129000.0,6645049000.0,6645049000.0,0.0,0.023,0.052,0.101,0.064,1377000.0,1087299000.0,1.0,281766982.0,281830000,281830000.0,23.578,4436266000.0,86624000.0,188528000.0,9737000.0,15.741,1283631000.0
89,NWL,MRT,1999-03-31,1999-03-31,1999-03-31,2021-08-02,-117953000.0,6235344000.0,5344878000.0,2454545000.0,3780799000.0,1.236,9.588,-335662000.0,69858000.0,69858000.0,4757373000.0,244342000.0,2.243,1.311,1672712000.0,81949000.0,1590763000.0,1672712000.0,0.0,266727000.0,0.0,0.016,0.74,604048000.0,870775000.0,0.132,870775000.0,604048000.0,500606000.0,0.88,0.87,0.88,2698432000.0,2312503750.0,2698432000.0,8613198000.0,14.0,9.891,-21553000.0,-0.077,1.0,1849899000.0,0.28,1837302000.0,103442000.0,4906770000.0,3692837250.0,1077455000.0,77030000.0,0.0,77030000.0,3536912000.0,1094126000.0,2442786000.0,7728250000.0,31813000.0,-170013000.0,23234000.0,500186000.0,-216473000.0,306947000.0,-585972000.0,-100508000.0,314109000.0,-3271000.0,244342000.0,244342000.0,244342000.0,0.0,0.0,0.037,1293254000.0,556645000.0,269555000.0,0.841,2.864,31.629,53.977,1553686000.0,0.0,47.5,1.17,2.023,1059696000.0,2329439000.0,6607272000.0,6607272000.0,0.0,0.046,0.106,0.164,0.091,1377000.0,993823000.0,1.0,162700000.0,281447000,281447000.0,23.476,4398042000.0,104635000.0,256264000.0,39313000.0,15.627,1360419000.0
90,NWL,MRT,1998-12-31,1998-12-31,1998-12-31,2021-08-02,-86181000.0,6289155000.0,4715313500.0,2450649000.0,3838506000.0,1.377,10.13,-318731000.0,86554000.0,86554000.0,4670358000.0,481834000.0,2.091,1.212,1495833000.0,101968000.0,1393865000.0,1495833000.0,0.0,263804000.0,0.0,0.017,0.72,917487000.0,1181291000.0,0.182,1181291000.0,917487000.0,816973000.0,1.72,1.7,1.72,2843732000.0,2077423250.0,2843732000.0,7622067726.0,8.0,6.452,160036000.0,0.57,1.0,1822814000.0,0.281,1867059000.0,100514000.0,4659494000.0,2987575000.0,1033488000.0,77284000.0,0.0,77284000.0,3445423000.0,1171881000.0,2273542000.0,6709244726.0,-63577000.0,-430104000.0,2712000.0,130156000.0,-212486000.0,-79618000.0,-461249000.0,277813000.0,478767000.0,-1477000.0,481834000.0,481834000.0,481834000.0,0.0,0.0,0.074,1142475000.0,680339000.0,322080000.0,0.419,2.359,13.924,23.983,1627090000.0,0.0,41.25,1.033,1.783,1078530000.0,2465064000.0,6493172000.0,6493172000.0,0.0,0.102,0.232,0.307,0.141,1377000.0,967916000.0,1.0,162648357.0,280731000,291883000.0,23.13,4422096000.0,108192000.0,335139000.0,31271000.0,15.752,1278768000.0
91,NWL,MRT,1998-09-30,1998-09-30,1998-09-30,2021-08-02,-33616000.0,4603718000.0,4586836750.0,1767370000.0,2836348000.0,1.693,6.715,-226161000.0,42443000.0,42443000.0,5544909000.0,537612000.0,1.665,1.442,955266000.0,42616000.0,912650000.0,955266000.0,0.0,359186000.0,0.0,0.015,0.7,833486000.0,1192672000.0,0.154,1192672000.0,833486000.0,699892000.0,1.4,1.38,1.4,1885531000.0,2031844500.0,1885531000.0,8273424999.0,10.0,6.937,398023000.0,1.418,1.0,2222899000.0,0.286,1763299000.0,133594000.0,2691567000.0,2851107500.0,776093000.0,56412000.0,0.0,56412000.0,2718187000.0,1061675000.0,1656512000.0,7490420999.0,29579000.0,-375485000.0,-3389000.0,-513590000.0,-82757000.0,-1112488000.0,701476000.0,562385000.0,624184000.0,6860000.0,537612000.0,537612000.0,537612000.0,0.0,0.0,0.069,1415906000.0,806993000.0,180422000.0,0.5,3.973,13.933,32.9,834486000.0,0.0,46.06,0.964,1.665,670193000.0,1554118000.0,7767808000.0,7767808000.0,0.0,0.117,0.265,0.292,0.107,0.0,1164263000.0,1.0,162623122.0,280778000,292250000.0,27.665,2840419000.0,191232000.0,162280000.0,129449000.0,10.116,705695000.0
92,NWL,MRT,1998-06-30,1998-06-30,1998-06-30,2021-08-02,-24767000.0,4251295000.0,,1662627000.0,2588668000.0,,6.493,-142709000.0,68422000.0,68422000.0,5090260000.0,507467000.0,1.829,1.333,851426000.0,81254000.0,770172000.0,851426000.0,0.0,325965000.0,0.0,0.014,0.68,750847000.0,1076812000.0,0.151,1076812000.0,750847000.0,622093000.0,1.52,1.5,1.52,1822320000.0,,1822320000.0,8489535585.0,11.0,7.884,509180000.0,1.814,1.0,2043472000.0,0.286,1611698000.0,128754000.0,2513518000.0,,696440000.0,55388000.0,0.0,55388000.0,2428975000.0,909083000.0,1519892000.0,7936139585.0,64772000.0,-444580000.0,-4915000.0,-553935000.0,-54944000.0,-1126546000.0,723810000.0,568774000.0,651889000.0,6072000.0,507467000.0,507467000.0,507467000.0,0.0,0.0,0.071,1291520000.0,751952000.0,138330000.0,0.447,4.355,15.639,32.77,763799000.0,0.0,49.81,1.112,1.96,629960000.0,1484232000.0,7133732000.0,7133732000.0,0.0,,,,0.105,0.0,1063633000.0,1.0,159328239.0,280652000,292100000.0,25.418,2639597000.0,188434000.0,114626000.0,92036000.0,9.405,753544000.0
93,NWL,MRT,1998-03-31,1998-03-31,1998-03-31,2021-08-02,-22714000.0,3717086000.0,,1334040000.0,2383046000.0,,6.269,-98048000.0,12548000.0,12548000.0,4556929000.0,442472000.0,1.887,1.114,565944000.0,42824000.0,523120000.0,565944000.0,0.0,284793000.0,0.0,0.014,0.66,644047000.0,928840000.0,0.145,928840000.0,644047000.0,520648000.0,1.48,1.47,1.48,1758110000.0,,1758110000.0,8511466000.0,13.0,9.164,561327000.0,2.002,1.0,1836655000.0,0.287,1477953000.0,123399000.0,2085721000.0,,662250000.0,53750000.0,0.0,53750000.0,1958976000.0,706808000.0,1252168000.0,7711648000.0,4745000.0,-838622000.0,-1542000.0,-304949000.0,-27206000.0,-846449000.0,379055000.0,568774000.0,659375000.0,3217000.0,442472000.0,442472000.0,442472000.0,0.0,0.0,0.069,1173566000.0,663089000.0,114157000.0,0.446,4.386,17.429,32.73,703975000.0,0.0,48.44,1.206,2.125,456388000.0,1415943000.0,6393584000.0,6393584000.0,0.0,,,,0.101,0.0,957515000.0,1.0,159200000.0,280435000,291503000.0,22.799,2239133000.0,117878000.0,78176000.0,122062000.0,7.984,627232000.0
94,NWL,MRT,1997-12-31,1997-12-31,1997-12-31,2021-08-02,19521000.0,5775248000.0,4416839000.0,2249079000.0,3526169000.0,1.277,16.411,0.0,150131000.0,150131000.0,4005958000.0,321617000.0,1.81,1.17,1247895000.0,258201000.0,989694000.0,1247895000.0,0.0,247827000.0,0.0,0.015,0.64,435974000.0,683801000.0,0.121,683801000.0,435974000.0,321617000.0,1.15,1.14,1.15,2661417000.0,2080719500.0,2661417000.0,,,,633121000.0,3.904,1.0,1635483000.0,0.29,1516933000.0,114357000.0,4113624000.0,3186677500.0,902978000.0,358141000.0,0.0,358141000.0,3113831000.0,1242455000.0,1871376000.0,6766000000.0,118169000.0,0.0,0.0,0.0,0.0,-512752000.0,190453000.0,190453000.0,633121000.0,-2200000.0,321617000.0,321617000.0,321617000.0,0.0,0.0,0.057,995820000.0,639663000.0,299351000.0,0.557,2.542,21.037,36.957,1410522000.0,0.0,42.5,1.199,1.222,935657000.0,2195716000.0,5641441000.0,5641441000.0,0.0,0.073,0.155,0.137,0.077,0.0,838877000.0,1.0,159200000.0,162173000,163308000.0,34.787,4258315000.0,157132000.0,0.0,93530000.0,26.258,1006624000.0
95,NWL,MRT,1997-09-30,1997-09-30,1997-09-30,2021-08-02,,,,,,,,,,,,,,,,,,,,,,0.015,0.62,,,,,,,,,,,,,,,,,,1.0,,,,,,,,,,,,,,,,,,,,,,,,,,,,,,,,,,,,,,,,40.0,,,,,,,,,,,,,,1.0,,162206000,,,,,,,,
96,NWL,MRT,1997-06-30,1997-06-30,1997-06-30,2021-08-02,,,,,,,,,,,,,,,,,,,,,,0.015,0.6,,,,,,,,,,,,,,,,,,1.0,,,,,,,,,,,,,,,,,,,,,,,,,,,,,,,,,,,,,,,,39.75,,,,,,,,,,,,,,1.0,,162164000,,,,,,,,
97,NWL,MRT,1997-03-31,1997-03-31,1997-03-31,2021-08-02,,,,,,,,,,,,,,,,,,,,,,0.017,0.58,,,,,,,,,,,,,,,,,,1.0,,,,,,,,,,,,,,,,,,,,,,,,,,,,,,,,,,,,,,,,33.5,,,,,,,,,,,,,,1.0,,158958000,,,,,,,,
98,NWL,MRT,1996-12-31,1996-12-31,1996-12-31,2021-08-02,28934000.0,3058430000.0,2992770500.0,1148464000.0,1909966000.0,0.993,9.268,-96230000.0,4363000.0,4363000.0,2020116000.0,259042000.0,1.725,1.039,794422000.0,108814000.0,685608000.0,794422000.0,0.0,118109000.0,0.0,0.018,0.56,486841000.0,604950000.0,0.203,604950000.0,486841000.0,428300000.0,1.6,1.6,1.6,1500022000.0,1397994000.0,1500022000.0,,,,269790000.0,1.667,1.0,952723000.0,0.32,922874000.0,58541000.0,2259731000.0,2244177000.0,524444000.0,299492000.0,0.0,299492000.0,1558408000.0,665884000.0,892524000.0,,-56429000.0,-58213000.0,7274000.0,-191635000.0,-88900000.0,-273261000.0,-149526000.0,-3513000.0,366020000.0,338000.0,259042000.0,259042000.0,259042000.0,0.0,0.0,0.087,485356000.0,467367000.0,114158000.0,0.35,,,19.688,567880000.0,0.0,31.5,,1.715,424479000.0,1114294000.0,2972839000.0,2972839000.0,0.0,0.087,0.185,0.217,0.164,0.0,461802000.0,1.0,,161858000,162281000.0,18.367,2135556000.0,126200000.0,169258000.0,85391000.0,13.194,482580000.0
99,NWL,MRT,1995-12-31,1995-12-31,1995-12-31,2021-08-02,7913000.0,2927111000.0,,1132874000.0,1794237000.0,,8.191,-82562000.0,58771000.0,58771000.0,1715585000.0,222471000.0,1.665,1.259,924626000.0,163048000.0,761578000.0,924626000.0,0.0,101722000.0,0.0,0.018,0.46,420597000.0,522319000.0,0.209,522319000.0,420597000.0,370785000.0,1.41,1.4,1.41,1295966000.0,,1295966000.0,,,,194180000.0,1.227,1.0,782829000.0,0.313,884084000.0,49812000.0,2228623000.0,,509245000.0,257166000.0,0.0,257166000.0,1631145000.0,680259000.0,950886000.0,,43879000.0,-187788000.0,7100000.0,64602000.0,-72766000.0,-1064000.0,-234398000.0,37324000.0,276742000.0,2599000.0,222471000.0,222471000.0,222471000.0,0.0,0.0,0.089,382636000.0,400193000.0,113927000.0,0.326,,,18.355,530285000.0,0.0,25.88,,1.639,390296000.0,938567000.0,2498414000.0,2498414000.0,0.0,,,,0.168,0.0,363356000.0,1.0,,158212000,158530000.0,15.792,2043027000.0,107499000.0,148314000.0,44030000.0,12.913,452615000.0
