None,ticker,dimension,calendardate,datekey,reportperiod,lastupdated,accoci,assets,assetsavg,assetsc,assetsnc,assetturnover,bvps,capex,cashneq,cashnequsd,cor,consolinc,currentratio,de,debt,debtc,debtnc,debtusd,deferredrev,depamor,deposits,divyield,dps,ebit,ebitda,ebitdamargin,ebitdausd,ebitusd,ebt,eps,epsdil,epsusd,equity,equityavg,equityusd,ev,evebit,evebitda,fcf,fcfps,fxusd,gp,grossmargin,intangibles,intexp,invcap,invcapavg,inventory,investments,investmentsc,investmentsnc,liabilities,liabilitiesc,liabilitiesnc,marketcap,ncf,ncfbus,ncfcommon,ncfdebt,ncfdiv,ncff,ncfi,ncfinv,ncfo,ncfx,netinc,netinccmn,netinccmnusd,netincdis,netincnci,netmargin,opex,opinc,payables,payoutratio,pb,pe,pe1,ppnenet,prefdivis,price,ps,ps1,receivables,retearn,revenue,revenueusd,rnd,roa,roe,roic,ros,sbcomp,sgna,sharefactor,sharesbas,shareswa,shareswadil,sps,tangibles,taxassets,taxexp,taxliabilities,tbvps,workingcapital
0,FWLT,MRY,2013-12-31,2013-12-31,2013-12-31,2019-10-16,-509317000.0,2740272000.0,2638350500.0,1583741000.0,1156531000.0,1.253,7.623,-27725000.0,639057000.0,639057000.0,2747401000.0,101107000.0,1.311,2.587,126232000.0,12513000.0,113719000.0,126232000.0,569652000.0,57574000.0,0.0,0.0,0.0,162560000.0,220134000.0,0.067,220134000.0,162560000.0,149333000.0,0.97,0.96,0.97,750099000.0,700734250.0,750099000.0,2788324424.0,17.0,12.666,164295000.0,1.67,1.0,559049000.0,0.169,283264000.0,13227000.0,736225000.0,816502250.0,197232000.0,181315000.0,0.0,181315000.0,1940443000.0,1207958000.0,732485000.0,3209159424.0,-26132000.0,-15058000.0,-130975000.0,-14856000.0,0.0,-158582000.0,-58635000.0,0.0,192020000.0,-935000.0,97167000.0,97167000.0,97167000.0,0.0,3940000.0,0.029,422510000.0,136539000.0,282403000.0,0.0,4.278,33.027,33.624,279981000.0,0.0,32.616,0.971,0.971,744092000.0,933160000.0,3306450000.0,3306450000.0,0.0,0.037,0.139,0.199,0.049,18853000.0,357682000.0,1.0,98393359.0,98393359,,33.604,2457008000.0,112563000.0,52166000.0,78792000.0,24.971,375783000.0
1,FWLT,MRY,2012-12-31,2012-12-31,2012-12-31,2019-10-16,-567603000.0,2733924000.0,2748518750.0,1613542000.0,1120382000.0,1.234,6.733,-34687000.0,644511000.0,644511000.0,2801351000.0,149896000.0,1.372,2.756,137706000.0,13672000.0,124034000.0,137706000.0,564356000.0,50234000.0,0.0,0.0,0.0,212086000.0,262320000.0,0.077,262320000.0,212086000.0,198289000.0,1.27,1.27,1.27,713990000.0,748354500.0,713990000.0,1902371712.0,9.0,7.252,58614000.0,0.553,1.0,590043000.0,0.174,238618000.0,13797000.0,812314000.0,786311750.0,228979000.0,205476000.0,0.0,205476000.0,1967937000.0,1176187000.0,791750000.0,2548747712.0,-135727000.0,-65471000.0,-90169000.0,-17010000.0,0.0,-125578000.0,-117392000.0,1255000.0,93301000.0,13942000.0,136022000.0,136022000.0,136022000.0,0.0,13874000.0,0.04,399181000.0,190862000.0,298411000.0,0.0,3.57,18.738,18.927,285402000.0,0.0,24.037,0.752,0.752,710313000.0,835993000.0,3391394000.0,3391394000.0,0.0,0.049,0.182,0.27,0.063,21623000.0,334075000.0,1.0,106035631.0,106035631,,31.984,2495306000.0,99456000.0,62267000.0,105881000.0,23.533,437355000.0
2,FWLT,MRY,2011-12-31,2011-12-31,2011-12-31,2019-10-16,-530068000.0,2613880000.0,2903240750.0,1523187000.0,1090693000.0,1.536,5.882,-26219000.0,762143000.0,762143000.0,3918440000.0,176728000.0,1.396,2.724,149111000.0,12683000.0,136428000.0,149111000.0,550746000.0,44551000.0,0.0,0.0,0.0,233773000.0,278324000.0,0.062,278324000.0,233773000.0,220897000.0,1.35,1.35,1.35,687747000.0,891401750.0,687747000.0,1359716723.0,6.0,4.885,159527000.0,1.364,1.0,539668000.0,0.121,186506000.0,12876000.0,723358000.0,740185500.0,166648000.0,212403000.0,1294000.0,211109000.0,1873215000.0,1090984000.0,782231000.0,2211872723.0,-339114000.0,-29374000.0,-397480000.0,-12530000.0,0.0,-421302000.0,-75489000.0,-1546000.0,185746000.0,-28069000.0,162383000.0,162383000.0,162383000.0,0.0,14345000.0,0.036,363249000.0,176419000.0,250821000.0,0.0,3.216,13.621,14.013,341987000.0,0.0,18.917,0.496,0.496,531689000.0,699971000.0,4458108000.0,4458108000.0,0.0,0.056,0.182,0.316,0.052,21849000.0,309380000.0,1.0,116924823.0,116924823,,38.128,2427374000.0,88098000.0,58514000.0,84267000.0,20.76,432203000.0
3,FWLT,MRY,2010-12-31,2010-12-31,2010-12-31,2019-10-16,-464504000.0,3060477000.0,3050260250.0,1994500000.0,1065977000.0,1.334,7.853,-23278000.0,1084665000.0,1084665000.0,3468933000.0,230709000.0,1.647,2.108,164570000.0,11996000.0,152574000.0,164570000.0,684090000.0,54155000.0,0.0,0.0,0.0,305548000.0,359703000.0,0.088,359703000.0,305548000.0,289938000.0,1.71,1.7,1.71,967693000.0,904783750.0,967693000.0,3325896740.0,11.0,9.246,155390000.0,1.261,1.0,598786000.0,0.147,154987000.0,15610000.0,774721000.0,873391000.0,165389000.0,217071000.0,0.0,217071000.0,2040193000.0,1210674000.0,829519000.0,4203949740.0,60005000.0,-959000.0,-73434000.0,-19047000.0,0.0,-100494000.0,-13114000.0,5106000.0,178668000.0,-5055000.0,215407000.0,215407000.0,215407000.0,0.0,15302000.0,0.053,349961000.0,248825000.0,239071000.0,0.0,4.344,19.516,19.952,362087000.0,0.0,34.118,1.033,1.033,676806000.0,537588000.0,4067719000.0,4067719000.0,0.0,0.071,0.238,0.35,0.075,22978000.0,303330000.0,1.0,123218303.0,123218303,,33.012,2905490000.0,83011000.0,74531000.0,76802000.0,23.58,783826000.0
4,FWLT,MRY,2009-12-31,2009-12-31,2009-12-31,2019-10-16,-438004000.0,3187738000.0,3084904500.0,1941555000.0,1246183000.0,1.639,6.546,-45623000.0,1032063000.0,1032063000.0,4297687000.0,361358000.0,1.514,2.784,212440000.0,36930000.0,175510000.0,212440000.0,600725000.0,45759000.0,0.0,0.0,0.0,458040000.0,503799000.0,0.1,503799000.0,458040000.0,443918000.0,2.77,2.75,2.77,831517000.0,663860750.0,831517000.0,2929524547.0,6.0,5.815,244992000.0,1.929,1.0,758647000.0,0.15,161731000.0,14122000.0,924380000.0,916996500.0,219774000.0,228030000.0,0.0,228030000.0,2314681000.0,1282004000.0,1032677000.0,3696057547.0,223995000.0,-33530000.0,518000.0,374000.0,0.0,1456000.0,-87265000.0,3780000.0,290615000.0,19189000.0,350156000.0,350156000.0,350156000.0,0.0,11202000.0,0.069,352203000.0,406444000.0,303436000.0,0.0,4.445,10.555,10.504,398132000.0,0.0,29.097,0.731,0.731,645814000.0,322181000.0,5056334000.0,5056334000.0,0.0,0.114,0.527,0.5,0.091,22842000.0,294907000.0,1.0,127025033.0,127025033,,39.806,3026007000.0,136246000.0,93762000.0,123008000.0,23.822,659551000.0
5,FWLT,MRY,2008-12-31,2008-12-26,2008-12-26,2019-10-16,-494788000.0,3011254000.0,3436798000.0,1790186000.0,1221068000.0,1.994,2.935,-103965000.0,795900000.0,795900000.0,5958644000.0,533869000.0,1.203,6.578,217364000.0,24375000.0,192989000.0,217364000.0,750233000.0,44798000.0,0.0,0.0,0.0,641269000.0,686067000.0,0.1,686067000.0,641269000.0,623648000.0,3.73,3.68,3.73,392562000.0,747086250.0,392562000.0,1986388040.0,3.0,2.895,324961000.0,2.43,1.0,895646000.0,0.131,122039000.0,17621000.0,822065000.0,799915000.0,241135000.0,213224000.0,2448000.0,210776000.0,2582388000.0,1488614000.0,1093774000.0,3098670040.0,-275381000.0,-20146000.0,-482798000.0,25855000.0,0.0,-466104000.0,-128584000.0,-1673000.0,428926000.0,-109619000.0,526620000.0,526620000.0,526620000.0,0.0,7249000.0,0.077,344872000.0,550774000.0,365347000.0,0.0,7.893,5.884,6.211,383209000.0,0.0,23.167,0.452,0.452,706415000.0,-27975000.0,6854290000.0,6854290000.0,0.0,0.153,0.705,0.802,0.094,15716000.0,283883000.0,1.0,133753790.0,133753790,,51.246,2889215000.0,148423000.0,97028000.0,110960000.0,21.601,301572000.0
6,FWLT,MRY,2007-12-31,2007-12-28,2007-12-28,2019-10-16,-261114000.0,3248988000.0,2917737250.0,2044383000.0,1204605000.0,1.75,3.975,-51295000.0,1069481000.0,1069481000.0,4362922000.0,399451000.0,1.342,4.685,205346000.0,19368000.0,185978000.0,205346000.0,744236000.0,41691000.0,0.0,0.0,0.0,550149000.0,591840000.0,0.116,591840000.0,550149000.0,530294000.0,2.78,2.72,2.78,571041000.0,373626500.0,571041000.0,10411636123.0,19.0,17.592,377020000.0,2.624,1.0,744321000.0,0.146,114535000.0,19855000.0,746545000.0,800033000.0,239737000.0,198346000.0,0.0,198346000.0,2675219000.0,1523773000.0,1151446000.0,11094949123.0,437657000.0,-1377000.0,18076000.0,9030000.0,0.0,35069000.0,-45961000.0,0.0,428315000.0,20234000.0,393874000.0,393874000.0,393874000.0,0.0,5577000.0,0.077,285632000.0,458689000.0,372531000.0,0.0,19.429,28.169,27.779,337485000.0,0.0,77.225,2.172,2.172,682532000.0,-554595000.0,5107243000.0,5107243000.0,0.0,0.135,1.054,0.688,0.108,2401000.0,246237000.0,1.0,143670674.0,143670674,,35.548,3134453000.0,148568000.0,136420000.0,136832000.0,21.817,520610000.0
7,FWLT,MRY,2006-12-31,2006-12-29,2006-12-29,2019-10-16,-343342000.0,2565549000.0,2281050000.0,1389628000.0,1175921000.0,1.532,0.457,-30293000.0,629967000.0,629967000.0,2987261000.0,261984000.0,1.114,39.885,202969000.0,21477000.0,181492000.0,202969000.0,622422000.0,30877000.0,0.0,0.0,0.0,368637000.0,399514000.0,0.114,399514000.0,368637000.0,343693000.0,1.82,1.72,1.82,62727000.0,-56814000.0,62727000.0,3450509124.0,9.0,8.637,234666000.0,1.708,1.0,507787000.0,0.145,113577000.0,24944000.0,777371000.0,757240250.0,159121000.0,167186000.0,0.0,167186000.0,2501839000.0,1247603000.0,1254236000.0,3743416124.0,260218000.0,-6116000.0,93278000.0,-93654000.0,0.0,-828000.0,-25555000.0,0.0,264959000.0,21642000.0,261984000.0,261984000.0,261984000.0,0.0,0.0,0.075,170652000.0,337135000.0,263715000.0,0.0,59.678,14.289,14.972,302488000.0,0.0,27.249,1.071,1.071,572711000.0,-944113000.0,3495048000.0,3495048000.0,0.0,0.115,-4.611,0.487,0.105,13678000.0,225330000.0,1.0,137378816.0,137378816,,25.441,2451972000.0,147808000.0,81709000.0,117379000.0,17.848,142025000.0
8,FWLT,MRY,2005-12-31,2005-12-30,2005-12-30,2019-10-16,-314796000.0,1894706000.0,1995657500.0,851523000.0,1043183000.0,1.102,-3.04,-10809000.0,372663000.0,372663000.0,1853613000.0,-109749000.0,0.854,-6.554,315412000.0,21459000.0,293953000.0,315412000.0,410676000.0,28215000.0,0.0,0.0,0.0,-19563000.0,8652000.0,0.004,8652000.0,-19563000.0,-70181000.0,-1.18,-1.18,-1.18,-341158000.0,-431712000.0,-341158000.0,2188828106.0,-112.0,252.985,40004000.0,0.356,1.0,346342000.0,0.157,115048000.0,50618000.0,724843000.0,927361000.0,139328000.0,168193000.0,0.0,168193000.0,2235864000.0,997564000.0,1238300000.0,2039613106.0,59102000.0,-1067000.0,5651000.0,-44869000.0,0.0,-41451000.0,63587000.0,24424000.0,50813000.0,-13847000.0,-109749000.0,-109749000.0,-109749000.0,0.0,0.0,-0.05,330371000.0,15971000.0,233815000.0,0.0,-5.979,-18.584,-15.403,258672000.0,0.0,18.176,0.927,0.927,325676000.0,-1206097000.0,2199955000.0,2199955000.0,0.0,-0.055,0.254,-0.021,-0.009,8919000.0,216691000.0,1.0,112215926.0,112215926,,19.605,1779658000.0,75570000.0,39568000.0,68563000.0,15.859,-146041000.0
9,FWLT,MRY,2004-12-31,2004-12-31,2004-12-31,2019-10-16,-296743000.0,2177699000.0,2288736500.0,1039458000.0,1138241000.0,1.163,-53.277,-9613000.0,364411000.0,364411000.0,2400662000.0,-285294000.0,0.831,-5.144,570073000.0,35214000.0,534859000.0,570073000.0,559881000.0,32755000.0,0.0,0.0,0.0,-137550000.0,-104795000.0,-0.039,-104795000.0,-137550000.0,-232172000.0,-28.92,-28.92,-28.92,-525565000.0,-676036500.0,-525565000.0,306759173.0,-2.0,-2.927,-40476000.0,-4.103,1.0,260662000.0,0.098,121502000.0,94622000.0,1010278000.0,1229310750.0,241140000.0,184099000.0,25775000.0,158324000.0,2703264000.0,1251581000.0,1451683000.0,101216173.0,-72528000.0,0.0,0.0,-27843000.0,0.0,-30506000.0,-19499000.0,-9426000.0,-30863000.0,8340000.0,-285294000.0,-285294000.0,-285294000.0,0.0,0.0,-0.107,274545000.0,-13883000.0,288899000.0,0.0,-0.193,-0.355,-0.271,280305000.0,0.0,7.843,0.038,0.029,429566000.0,-1096348000.0,2661324000.0,2661324000.0,0.0,-0.125,0.422,-0.112,-0.052,1724000.0,213919000.0,1.0,12905996.0,9864740,9864740.0,269.781,2056197000.0,76858000.0,53122000.0,61006000.0,208.439,-212123000.0
10,FWLT,MRY,2003-12-31,2003-12-26,2003-12-26,2019-10-16,-303999000.0,2506530000.0,2638303500.0,1174376000.0,1332154000.0,1.411,-212.559,-12870000.0,416780000.0,416780000.0,3439401000.0,-157063000.0,0.87,-3.873,1033072000.0,21100000.0,1011972000.0,1033072000.0,552754000.0,35574000.0,0.0,0.0,0.0,-14153000.0,21421000.0,0.006,21421000.0,-14153000.0,-109637000.0,-38.265,-38.265,-38.265,-872440000.0,-847401250.0,-872440000.0,393897241.0,-28.0,18.388,-74968000.0,-18.265,1.0,284414000.0,0.076,122689000.0,95484000.0,1649774000.0,1564533750.0,173293000.0,155949000.0,13390000.0,142559000.0,3378970000.0,1350359000.0,2028611000.0,45132241.0,19790000.0,0.0,0.0,-48926000.0,0.0,-51805000.0,105895000.0,-6808000.0,-62098000.0,27798000.0,-157063000.0,-157063000.0,-157063000.0,0.0,0.0,-0.042,273646000.0,10768000.0,305286000.0,0.0,-0.052,-0.287,-0.289,309615000.0,0.0,11.07,0.012,0.012,563190000.0,-811054000.0,3723815000.0,3723815000.0,0.0,-0.06,0.185,-0.009,-0.004,0.0,205565000.0,1.0,4077156.0,4104458,4104458.0,907.261,2383841000.0,94107000.0,47426000.0,48687000.0,580.793,-175983000.0
11,FWLT,MRY,2002-12-31,2002-12-27,2002-12-27,2019-10-16,-369438000.0,2842277000.0,3136774750.0,1329847000.0,1512430000.0,1.122,-190.674,-53395000.0,429098000.0,429098000.0,3426910000.0,-525219000.0,0.917,-4.64,837588000.0,46036000.0,791552000.0,837588000.0,645763000.0,44425000.0,0.0,0.0,0.0,-427534000.0,-383109000.0,-0.109,-383109000.0,-427534000.0,-510562000.0,-128.235,-128.235,-128.235,-780939000.0,-371740750.0,-780939000.0,399029885.0,-1.0,-1.042,106970000.0,26.118,1.0,92267000.0,0.026,122882000.0,83028000.0,1678090000.0,1608564000.0,279824000.0,88794000.0,271000.0,88523000.0,3623216000.0,1449795000.0,2173421000.0,49564885.0,120285000.0,0.0,0.0,62063000.0,0.0,60002000.0,-122706000.0,93000.0,160365000.0,22624000.0,-525219000.0,-525219000.0,-525219000.0,0.0,0.0,-0.149,226524000.0,-134257000.0,283940000.0,0.0,-0.063,-0.094,-0.095,407819000.0,0.0,12.157,0.014,0.014,650165000.0,-653991000.0,3519177000.0,3519177000.0,0.0,-0.167,1.413,-0.266,-0.121,0.0,226524000.0,1.0,4077156.0,4095670,4095670.0,859.243,2719395000.0,110733000.0,14657000.0,72850000.0,663.968,-119948000.0
12,FWLT,MRY,2001-12-31,2001-12-28,2001-12-28,2019-10-16,-161834000.0,3325837000.0,3408811250.0,1754376000.0,1571461000.0,0.995,-11.851,-33998000.0,224020000.0,224020000.0,3164025000.0,-336360000.0,0.734,-69.653,864267000.0,726412000.0,137855000.0,864267000.0,580766000.0,55750000.0,0.0,0.0,0.0,-144231000.0,-88481000.0,-0.026,-88481000.0,-144231000.0,-212965000.0,-82.3,-82.3,-82.3,-48444000.0,253031250.0,-48444000.0,947665280.0,-7.0,-10.71,-122679000.0,-30.012,1.0,228449000.0,0.067,274543000.0,68734000.0,1302921000.0,2276775750.0,504128000.0,84785000.0,271000.0,84514000.0,3374281000.0,2388620000.0,985661000.0,188588280.0,32127000.0,0.0,590000.0,91198000.0,-4888000.0,85533000.0,43212000.0,1530000.0,-88681000.0,-7937000.0,-336360000.0,-336360000.0,-336360000.0,0.0,0.0,-0.099,351887000.0,-123438000.0,408581000.0,0.0,-3.893,-0.561,-0.562,399198000.0,0.0,46.255,0.056,0.056,1011717000.0,-128772000.0,3392474000.0,3392474000.0,0.0,-0.099,-1.329,-0.063,-0.043,0.0,225392000.0,1.0,4077156.0,4087600,4087600.0,829.943,3051294000.0,56939000.0,123395000.0,103743000.0,746.476,-634244000.0
13,FWLT,MRY,2000-12-31,2000-12-29,2000-12-29,2019-10-16,-118707000.0,3502401000.0,3377704750.0,1622976000.0,1879425000.0,1.175,84.547,10896000.0,191893000.0,191893000.0,3565147000.0,36987000.0,1.116,9.154,795000000.0,123355000.0,671645000.0,795000000.0,521277000.0,57716000.0,0.0,0.0,0.0,119670000.0,177386000.0,0.045,177386000.0,119670000.0,52166000.0,9.1,9.1,9.1,344935000.0,363170000.0,344935000.0,987673510.0,8.0,5.568,-5848000.0,-1.433,1.0,404208000.0,0.102,288135000.0,67504000.0,2362770000.0,2397365750.0,464329000.0,122367000.0,1816000.0,120551000.0,3157466000.0,1454603000.0,1702863000.0,211384510.0,21625000.0,0.0,-154000.0,-107000.0,-9773000.0,-12633000.0,38248000.0,15230000.0,-16744000.0,12754000.0,36987000.0,36987000.0,36987000.0,0.0,0.0,0.009,264931000.0,139277000.0,405707000.0,0.0,0.613,5.715,5.702,495034000.0,0.0,51.888,0.053,0.053,965404000.0,222096000.0,3969355000.0,3969355000.0,0.0,0.011,0.102,0.05,0.03,0.0,222110000.0,1.0,4073824.0,4079800,4080500.0,972.929,3214266000.0,162252000.0,15179000.0,54188000.0,787.849,168373000.0
14,FWLT,MRY,1999-12-31,1999-12-31,1999-12-31,2019-10-16,-77219000.0,3438109000.0,3329499000.0,1615096000.0,1823013000.0,1.185,92.254,14483000.0,170268000.0,170268000.0,3569196000.0,-145365000.0,1.098,8.147,897515000.0,83046000.0,814469000.0,897515000.0,610023000.0,60448000.0,0.0,0.0,0.0,-138156000.0,-77708000.0,-0.02,-77708000.0,-138156000.0,-193188000.0,-35.7,-35.7,-35.7,375863000.0,504964500.0,375863000.0,949971086.0,-7.0,-12.225,8863000.0,2.175,1.0,374878000.0,0.095,301494000.0,55032000.0,2392310000.0,2262262000.0,420033000.0,125708000.0,17053000.0,108655000.0,3062246000.0,1471552000.0,1590694000.0,357232086.0,-9800000.0,0.0,-860000.0,-21147000.0,-21983000.0,-48375000.0,60299000.0,43923000.0,-5620000.0,-16104000.0,-145365000.0,-145365000.0,-145365000.0,0.0,0.0,-0.037,494865000.0,-119987000.0,385012000.0,0.0,0.95,-2.457,-2.457,648199000.0,0.0,87.716,0.091,0.091,1014424000.0,211529000.0,3944074000.0,3944074000.0,0.0,-0.044,-0.288,-0.061,-0.035,0.0,238211000.0,1.0,4072589.0,4074200,4074200.0,968.061,3136615000.0,126402000.0,-47823000.0,66960000.0,769.873,143544000.0
15,FWLT,MRY,1998-12-31,1998-12-25,1998-12-25,2019-10-16,-46349000.0,3322301000.0,3358736500.0,1672842000.0,1649459000.0,1.369,140.469,-131519000.0,180068000.0,180068000.0,4166257000.0,-31506000.0,1.121,4.807,962527000.0,126802000.0,835725000.0,962527000.0,563271000.0,59994000.0,0.0,0.0,0.0,47789000.0,107783000.0,0.023,107783000.0,47789000.0,47789000.0,-7.7,-7.7,-7.7,572118000.0,597186000.0,572118000.0,1475113127.0,31.0,13.686,-190608000.0,-46.799,1.0,430735000.0,0.094,285245000.0,0.0,2327849000.0,2415970250.0,478481000.0,157050000.0,61223000.0,95827000.0,2750183000.0,1491666000.0,1258517000.0,530699127.0,12651000.0,0.0,-240000.0,177774000.0,-34195000.0,143339000.0,-74157000.0,30011000.0,-59089000.0,2558000.0,-31506000.0,-31506000.0,-31506000.0,0.0,0.0,-0.007,300415000.0,130320000.0,434969000.0,0.0,0.928,-16.844,-16.927,676786000.0,0.0,130.339,0.115,0.115,960617000.0,377147000.0,4596992000.0,4596992000.0,0.0,-0.009,-0.053,0.02,0.01,0.0,253401000.0,1.0,4071686.0,4072900,4072900.0,1128.678,3037056000.0,70359000.0,79295000.0,112110000.0,745.674,181176000.0
16,FWLT,MRY,1997-12-31,1997-12-26,1997-12-26,2019-10-16,-48887000.0,3357700000.0,3434017000.0,1545271000.0,1812429000.0,1.215,156.235,-60179000.0,167417000.0,167417000.0,3791998000.0,5624000.0,1.094,4.283,942944000.0,87276000.0,855668000.0,942944000.0,578474000.0,62010000.0,0.0,0.0,0.0,19516000.0,81526000.0,0.02,81526000.0,19516000.0,19516000.0,1.4,1.4,1.4,635517000.0,662237500.0,635517000.0,,,,-173389000.0,-42.626,1.0,380017000.0,0.091,298217000.0,0.0,2422708000.0,2386928500.0,415186000.0,219517000.0,91888000.0,127629000.0,2722183000.0,1412302000.0,1309881000.0,1094106229.0,-99732000.0,185601000.0,2760000.0,7723000.0,-33953000.0,-23470000.0,54514000.0,29360000.0,-113210000.0,-17566000.0,5624000.0,5624000.0,5624000.0,0.0,0.0,0.001,268026000.0,111991000.0,380016000.0,0.0,1.722,194.542,191.934,824452000.0,0.0,268.708,0.262,0.262,885728000.0,442848000.0,4172015000.0,4172015000.0,0.0,0.002,0.008,0.008,0.005,0.0,268026000.0,1.0,4071727.0,4067700,4080400.0,1025.645,3059483000.0,59171000.0,13892000.0,55675000.0,752.141,132969000.0
17,FWLT,MRY,1996-12-31,1996-12-26,1996-12-26,2019-10-16,-20545000.0,3510334000.0,,1762448000.0,1747886000.0,,169.728,-142248000.0,267149000.0,267149000.0,3510970000.0,82240000.0,1.222,4.095,881321000.0,85042000.0,796279000.0,881321000.0,562984000.0,63605000.0,0.0,0.0,0.0,126866000.0,190471000.0,0.047,190471000.0,126866000.0,126866000.0,20.3,20.2,20.3,688958000.0,,688958000.0,,,,-31292000.0,-7.709,1.0,529641000.0,0.131,331463000.0,0.0,2351149000.0,,403515000.0,210905000.0,137180000.0,73725000.0,2821376000.0,1441894000.0,1379482000.0,,100018000.0,-14798000.0,3545000.0,205033000.0,-32867000.0,175711000.0,-192544000.0,-24572000.0,110956000.0,5895000.0,82240000.0,82240000.0,82240000.0,0.0,0.0,0.02,320921000.0,208720000.0,359503000.0,0.0,,,18.501,724779000.0,0.0,375.574,,0.377,960081000.0,471177000.0,4040611000.0,4040611000.0,0.0,,,,0.031,0.0,296921000.0,1.0,,4059200,4075900.0,995.421,3178871000.0,42415000.0,44626000.0,72030000.0,783.127,320554000.0
18,FWLT,MRY,1995-12-31,1995-12-26,1995-12-26,2019-10-16,,,,,,,,-56514000.0,,,2642290000.0,28534000.0,,,,,,,,54625000.0,,0.0,0.0,69663000.0,124288000.0,0.04,124288000.0,69663000.0,69663000.0,7.9,7.8,7.9,,,,,,,-161821000.0,-44.552,1.0,439640000.0,0.143,,0.0,,,,,,,,,,,-68670000.0,-133451000.0,158882000.0,96892000.0,-27591000.0,228183000.0,-201418000.0,2143000.0,-105307000.0,9872000.0,28534000.0,28534000.0,28534000.0,0.0,0.0,0.009,300489000.0,139151000.0,,0.0,,,53.484,,0.0,422.52,,0.498,,,3081930000.0,3081930000.0,0.0,,,,0.023,0.0,250369000.0,1.0,,3632200,3642900.0,848.502,,,41129000.0,,,
0,FWLT,MRQ,2014-09-30,2014-09-30,2014-09-30,2019-10-16,-542490000.0,2520915000.0,,1469136000.0,1051779000.0,,8.349,-4812000.0,508075000.0,508075000.0,728969000.0,25763000.0,1.421,1.968,112346000.0,15867000.0,96479000.0,112346000.0,481211000.0,15397000.0,0.0,0.0,0.0,43862000.0,59259000.0,0.069,59259000.0,43862000.0,41193000.0,0.25,0.25,0.25,835567000.0,,835567000.0,2727488898.0,18.0,13.144,-24981000.0,-0.25,1.0,130752000.0,0.152,264885000.0,2669000.0,826063000.0,,237249000.0,165846000.0,0.0,165846000.0,1644533000.0,1034238000.0,610295000.0,3164442898.0,-70879000.0,0.0,776000.0,-908000.0,0.0,-2936000.0,-31354000.0,0.0,-20169000.0,-16420000.0,25440000.0,25440000.0,25440000.0,0.0,323000.0,0.03,95458000.0,35294000.0,243589000.0,0.0,3.787,34.801,34.37,253537000.0,0.0,31.62,0.96,0.96,708264000.0,1061261000.0,859721000.0,859721000.0,0.0,,,,,4818000.0,80118000.0,1.0,100077258.0,100077258,,8.591,2256030000.0,94713000.0,15753000.0,79984000.0,22.543,434898000.0
1,FWLT,MRQ,2014-06-30,2014-06-30,2014-06-30,2019-10-16,-507515000.0,2659567000.0,,1576780000.0,1082787000.0,,8.454,-7245000.0,555827000.0,555827000.0,716722000.0,86574000.0,1.386,2.107,118873000.0,16398000.0,102475000.0,118873000.0,539729000.0,14823000.0,0.0,0.0,0.0,91949000.0,106772000.0,0.125,106772000.0,91949000.0,91949000.0,0.86,0.85,0.86,842987000.0,,842987000.0,2941510756.0,17.0,12.566,5343000.0,0.054,1.0,135045000.0,0.159,279307000.0,0.0,805390000.0,,201725000.0,166738000.0,0.0,166738000.0,1776188000.0,1137916000.0,638272000.0,3397231756.0,-9330000.0,-2000000.0,15842000.0,-6139000.0,0.0,-30278000.0,7333000.0,0.0,12588000.0,1027000.0,85594000.0,85594000.0,85594000.0,0.0,980000.0,0.1,85882000.0,49163000.0,278066000.0,0.0,4.03,29.26,28.63,270913000.0,0.0,34.07,1.049,1.049,778020000.0,1035821000.0,851767000.0,851767000.0,0.0,,,,,5035000.0,83147000.0,1.0,99713289.0,99713289,,8.542,2380260000.0,102149000.0,6355000.0,87190000.0,23.871,438864000.0
2,FWLT,MRQ,2014-03-31,2014-03-31,2014-03-31,2019-10-16,-514070000.0,2721995000.0,,1605303000.0,1116692000.0,,7.814,-5769000.0,581447000.0,581447000.0,618164000.0,14940000.0,1.344,2.471,125726000.0,12696000.0,113030000.0,125726000.0,635383000.0,14315000.0,0.0,0.0,0.0,30447000.0,44762000.0,0.061,44762000.0,30447000.0,26785000.0,0.17,0.17,0.17,774073000.0,,774073000.0,2661233214.0,16.0,11.839,-49444000.0,-0.499,1.0,115535000.0,0.157,277612000.0,3662000.0,793844000.0,,201034000.0,181736000.0,0.0,181736000.0,1912583000.0,1194818000.0,717765000.0,3174058214.0,-28323000.0,0.0,1720000.0,-646000.0,0.0,-5301000.0,23577000.0,0.0,-43675000.0,-2924000.0,17067000.0,17067000.0,17067000.0,0.0,-2127000.0,0.023,94758000.0,20777000.0,248442000.0,0.0,4.1,31.362,30.81,274667000.0,0.0,32.042,0.977,0.977,790586000.0,950227000.0,733699000.0,733699000.0,0.0,,,,,4326000.0,82047000.0,1.0,99058160.0,99058160,,7.407,2444383000.0,109101000.0,9718000.0,77337000.0,24.676,410485000.0
3,FWLT,MRQ,2013-12-31,2013-12-31,2013-12-31,2019-10-16,-509317000.0,2740272000.0,,1583741000.0,1156531000.0,,7.623,-5915000.0,639057000.0,639057000.0,718543000.0,-37054000.0,1.311,2.587,126232000.0,12513000.0,113719000.0,126232000.0,569652000.0,14746000.0,0.0,0.0,0.0,-18027000.0,-3281000.0,-0.004,-3281000.0,-18027000.0,-21278000.0,-0.36,-0.36,-0.36,750099000.0,,750099000.0,2788324424.0,17.0,12.666,72408000.0,0.736,1.0,132530000.0,0.156,283264000.0,3251000.0,736225000.0,,197232000.0,181315000.0,0.0,181315000.0,1940443000.0,1207958000.0,732485000.0,3209159424.0,59061000.0,616000.0,14863000.0,-6229000.0,0.0,8585000.0,-30738000.0,0.0,78323000.0,2891000.0,-37171000.0,-37171000.0,-37171000.0,0.0,117000.0,-0.044,143247000.0,-10717000.0,282403000.0,0.0,4.278,33.027,33.624,279981000.0,0.0,32.616,0.971,0.971,744092000.0,933160000.0,851073000.0,851073000.0,0.0,,,,,4611000.0,92028000.0,1.0,98393359.0,98393359,,8.65,2457008000.0,112563000.0,15893000.0,78792000.0,24.971,375783000.0
4,FWLT,MRQ,2013-09-30,2013-09-30,2013-09-30,2019-10-16,-562766000.0,2648934000.0,,1519266000.0,1129668000.0,,7.313,-4276000.0,551731000.0,551731000.0,648360000.0,50146000.0,1.365,2.627,130896000.0,13783000.0,117113000.0,130896000.0,527642000.0,14032000.0,0.0,0.0,0.0,71795000.0,85827000.0,0.107,85827000.0,71795000.0,68407000.0,0.52,0.51,0.52,717604000.0,,717604000.0,2219532101.0,11.0,8.48,43365000.0,0.442,1.0,153466000.0,0.191,286953000.0,3388000.0,828179000.0,,207809000.0,192253000.0,0.0,192253000.0,1885042000.0,1112967000.0,772075000.0,2554733101.0,82391000.0,35039000.0,2402000.0,-617000.0,0.0,-315000.0,27236000.0,0.0,47641000.0,7829000.0,50613000.0,50613000.0,50613000.0,-1760000.0,-467000.0,0.063,95078000.0,58388000.0,277627000.0,0.0,3.56,18.166,18.463,280245000.0,0.0,26.033,0.802,0.802,724213000.0,970331000.0,801826000.0,801826000.0,0.0,,,,,4673000.0,85521000.0,1.0,98133694.0,98133694,,8.171,2361981000.0,106668000.0,17794000.0,85112000.0,24.069,406299000.0
5,FWLT,MRQ,2013-06-30,2013-06-30,2013-06-30,2019-10-16,-577456000.0,2564163000.0,,1441684000.0,1122479000.0,,6.46,-9672000.0,464155000.0,464155000.0,709800000.0,71710000.0,1.303,2.891,128954000.0,13262000.0,115692000.0,128954000.0,518192000.0,13454000.0,0.0,0.0,0.0,84018000.0,97472000.0,0.113,97472000.0,84018000.0,84018000.0,0.71,0.71,0.71,646946000.0,,646946000.0,1763449035.0,8.0,6.622,92829000.0,0.927,1.0,153607000.0,0.178,276766000.0,0.0,845752000.0,,200297000.0,170641000.0,0.0,170641000.0,1870525000.0,1106444000.0,764081000.0,2148761035.0,-60978000.0,-25987000.0,-114935000.0,-7378000.0,0.0,-122316000.0,-40508000.0,-121000.0,102501000.0,-655000.0,70699000.0,70699000.0,70699000.0,-2383000.0,1011000.0,0.082,86541000.0,67066000.0,315447000.0,0.0,3.321,14.495,15.005,280182000.0,0.0,21.457,0.676,0.676,739024000.0,919718000.0,863407000.0,863407000.0,0.0,,,,,4894000.0,89801000.0,1.0,100142099.0,100142099,,8.622,2287397000.0,101973000.0,13319000.0,81232000.0,22.842,335240000.0
6,FWLT,MRQ,2013-03-31,2013-03-31,2013-03-31,2019-10-16,-577933000.0,2600033000.0,,1490873000.0,1109160000.0,,6.588,-7862000.0,520026000.0,520026000.0,670698000.0,16305000.0,1.351,2.714,134714000.0,13386000.0,121328000.0,134714000.0,537518000.0,15342000.0,0.0,0.0,0.0,20858000.0,36200000.0,0.046,36200000.0,20858000.0,18186000.0,0.12,0.12,0.12,688288000.0,,688288000.0,1851724267.0,11.0,8.173,-44307000.0,-0.424,1.0,119446000.0,0.151,254951000.0,2672000.0,855853000.0,,242919000.0,205313000.0,0.0,205313000.0,1868172000.0,1103917000.0,764255000.0,2359369267.0,-106606000.0,-24813000.0,-33305000.0,-632000.0,0.0,-44536000.0,-14625000.0,121000.0,-36445000.0,-11000000.0,13026000.0,13026000.0,13026000.0,0.0,3279000.0,0.016,97644000.0,21802000.0,284260000.0,0.0,3.428,21.765,22.36,321859000.0,0.0,22.584,0.725,0.725,682264000.0,849019000.0,790144000.0,790144000.0,0.0,,,,,4675000.0,90332000.0,1.0,104471572.0,104471572,,7.563,2345082000.0,98100000.0,5160000.0,100355000.0,22.447,386956000.0
7,FWLT,MRQ,2012-12-31,2012-12-31,2012-12-31,2019-10-16,-567603000.0,2733924000.0,,1613542000.0,1120382000.0,,6.733,-8290000.0,644511000.0,644511000.0,573239000.0,9457000.0,1.372,2.756,137706000.0,13672000.0,124034000.0,137706000.0,564356000.0,14693000.0,0.0,0.0,0.0,27532000.0,42225000.0,0.058,42225000.0,27532000.0,24597000.0,0.06,0.07,0.06,713990000.0,,713990000.0,1902371712.0,9.0,7.252,-25594000.0,-0.241,1.0,156807000.0,0.215,238618000.0,2935000.0,812314000.0,,228979000.0,205476000.0,0.0,205476000.0,1967937000.0,1176187000.0,791750000.0,2548747712.0,-127048000.0,-69691000.0,-39983000.0,-5952000.0,0.0,-51768000.0,-61574000.0,0.0,-17304000.0,3598000.0,6295000.0,6295000.0,6295000.0,0.0,3162000.0,0.009,120484000.0,36323000.0,298411000.0,0.0,3.57,18.738,18.927,285402000.0,0.0,24.037,0.752,0.752,710313000.0,835993000.0,730046000.0,730046000.0,0.0,,,,,5200000.0,88150000.0,1.0,106035631.0,106035631,,6.885,2495306000.0,99456000.0,18302000.0,105881000.0,23.533,437355000.0
8,FWLT,MRQ,2012-09-30,2012-09-30,2012-09-30,2019-10-16,-518004000.0,2784452000.0,,1689099000.0,1095353000.0,,7.333,-10373000.0,788332000.0,788332000.0,643076000.0,62279000.0,1.424,2.449,141956000.0,12874000.0,129082000.0,141956000.0,573815000.0,12178000.0,0.0,0.0,0.0,78209000.0,90387000.0,0.113,90387000.0,78209000.0,75012000.0,0.54,0.54,0.54,791003000.0,,791003000.0,1891956926.0,8.0,6.646,19688000.0,0.183,1.0,154220000.0,0.193,177973000.0,3197000.0,773777000.0,,246414000.0,202717000.0,0.0,202717000.0,1937364000.0,1186326000.0,751038000.0,2554411926.0,-57889000.0,-897000.0,-39834000.0,-4584000.0,0.0,-45193000.0,-54111000.0,0.0,30061000.0,11354000.0,58222000.0,58222000.0,58222000.0,0.0,4057000.0,0.073,88320000.0,65900000.0,321100000.0,0.0,3.229,15.117,15.278,340100000.0,0.0,23.681,0.677,0.677,630458000.0,829698000.0,797296000.0,797296000.0,0.0,,,,,5672000.0,77495000.0,1.0,107867980.0,107867980,,7.391,2606479000.0,93850000.0,16790000.0,91195000.0,24.164,502773000.0
9,FWLT,MRQ,2012-06-30,2012-06-30,2012-06-30,2019-10-16,-534323000.0,2741126000.0,,1701813000.0,1039313000.0,,6.974,-8379000.0,802643000.0,802643000.0,797529000.0,35117000.0,1.436,2.578,140188000.0,12610000.0,127578000.0,140188000.0,571591000.0,10343000.0,0.0,0.0,0.0,47399000.0,57742000.0,0.062,57742000.0,47399000.0,43150000.0,0.29,0.29,0.29,751907000.0,,751907000.0,1305049455.0,6.0,4.963,142193000.0,1.319,1.0,138933000.0,0.148,178336000.0,4249000.0,714893000.0,,212209000.0,193474000.0,0.0,193474000.0,1938236000.0,1185442000.0,752794000.0,1840170455.0,118355000.0,-1000000.0,33000.0,-5788000.0,0.0,-5755000.0,-7524000.0,1255000.0,150572000.0,-18938000.0,30859000.0,30859000.0,30859000.0,0.0,4258000.0,0.033,101176000.0,37757000.0,343758000.0,0.0,2.447,12.467,12.931,333519000.0,0.0,17.069,0.448,0.448,623589000.0,771476000.0,936462000.0,936462000.0,0.0,,,,,5768000.0,85289000.0,1.0,107808822.0,107808822,,8.686,2562790000.0,90216000.0,12291000.0,79323000.0,23.772,516371000.0
10,FWLT,MRQ,2012-03-31,2012-03-31,2012-03-31,2019-10-16,-515125000.0,2734573000.0,,1651747000.0,1082826000.0,,6.835,-7645000.0,686465000.0,686465000.0,793764000.0,43043000.0,1.413,2.65,151344000.0,13004000.0,138340000.0,151344000.0,598845000.0,13020000.0,0.0,0.0,0.0,58946000.0,71966000.0,0.077,71966000.0,58946000.0,55530000.0,0.38,0.38,0.38,736518000.0,,736518000.0,1810785064.0,7.0,5.967,-77673000.0,-0.721,1.0,139332000.0,0.149,186391000.0,3416000.0,844263000.0,,209487000.0,213991000.0,1334000.0,212657000.0,1951847000.0,1168798000.0,783049000.0,2423817064.0,-69145000.0,6117000.0,-10385000.0,-686000.0,0.0,-22862000.0,5817000.0,0.0,-70028000.0,17928000.0,40646000.0,40646000.0,40646000.0,0.0,2397000.0,0.044,89342000.0,49990000.0,300380000.0,0.0,3.291,13.461,14.513,344876000.0,0.0,22.495,0.557,0.557,680674000.0,740617000.0,933096000.0,933096000.0,0.0,,,,,4983000.0,83281000.0,1.0,107749674.0,107749674,,8.66,2548182000.0,89253000.0,14884000.0,80928000.0,23.649,482949000.0
11,FWLT,MRQ,2011-12-31,2011-12-31,2011-12-31,2019-10-16,-530068000.0,2613880000.0,,1523187000.0,1090693000.0,,5.882,-3334000.0,762143000.0,762143000.0,955385000.0,40926000.0,1.396,2.724,149111000.0,12683000.0,136428000.0,149111000.0,550746000.0,7153000.0,0.0,0.0,0.0,57421000.0,64574000.0,0.058,64574000.0,57421000.0,54930000.0,0.34,0.34,0.34,687747000.0,,687747000.0,1359716723.0,6.0,4.885,-30904000.0,-0.264,1.0,150737000.0,0.136,186506000.0,2491000.0,723358000.0,,166648000.0,212403000.0,1294000.0,211109000.0,1873215000.0,1090984000.0,782231000.0,2211872723.0,-243690000.0,-29376000.0,-169235000.0,-4530000.0,0.0,-174763000.0,-30111000.0,1315000.0,-27570000.0,-11246000.0,39245000.0,39245000.0,39245000.0,0.0,1681000.0,0.035,107755000.0,42982000.0,250821000.0,0.0,3.216,13.621,14.013,341987000.0,0.0,18.917,0.496,0.496,531689000.0,699971000.0,1106122000.0,1106122000.0,0.0,,,,,6076000.0,80050000.0,1.0,116924823.0,116924823,,9.46,2427374000.0,88098000.0,15685000.0,84267000.0,20.76,432203000.0
12,FWLT,MRQ,2011-09-30,2011-09-30,2011-09-30,2019-10-16,-438559000.0,2843617000.0,,1790452000.0,1053165000.0,,7.458,-5608000.0,1009829000.0,1009829000.0,995792000.0,42690000.0,1.6,2.102,157673000.0,12599000.0,145074000.0,157673000.0,670624000.0,12221000.0,0.0,0.0,0.0,56439000.0,68660000.0,0.061,68660000.0,56439000.0,53360000.0,0.31,0.31,0.31,898234000.0,,898234000.0,1205115686.0,5.0,4.232,68744000.0,0.571,1.0,136064000.0,0.12,150518000.0,3079000.0,721718000.0,,167268000.0,209688000.0,2699000.0,206989000.0,1888168000.0,1119225000.0,768943000.0,2117707686.0,-75494000.0,-1000.0,-79931000.0,-775000.0,0.0,-82456000.0,-17319000.0,-2861000.0,74352000.0,-50071000.0,36858000.0,36858000.0,36858000.0,0.0,5832000.0,0.033,86013000.0,50051000.0,203151000.0,0.0,2.358,13.583,13.737,352749000.0,0.0,17.583,0.464,0.464,563669000.0,660726000.0,1131856000.0,1131856000.0,0.0,,,,,5684000.0,75087000.0,1.0,120442142.0,120442142,,9.398,2693099000.0,75005000.0,16502000.0,82363000.0,22.36,671227000.0
13,FWLT,MRQ,2011-06-30,2011-06-30,2011-06-30,2019-10-16,-397785000.0,3048631000.0,,1954631000.0,1094000000.0,,7.903,-5747000.0,1078268000.0,1078268000.0,1030266000.0,67836000.0,1.598,2.059,165676000.0,13435000.0,152241000.0,165676000.0,685037000.0,12506000.0,0.0,0.0,0.0,85780000.0,98286000.0,0.083,98286000.0,85780000.0,82353000.0,0.52,0.52,0.52,979251000.0,,979251000.0,2754974845.0,11.0,9.084,66714000.0,0.538,1.0,153612000.0,0.13,156453000.0,3427000.0,756697000.0,,168017000.0,215684000.0,0.0,215684000.0,2015843000.0,1222889000.0,792954000.0,3720476845.0,-65590000.0,3000.0,-128199000.0,-6674000.0,0.0,-134874000.0,-12480000.0,0.0,72461000.0,9303000.0,63309000.0,63309000.0,63309000.0,0.0,4527000.0,0.053,89123000.0,64489000.0,284228000.0,0.0,3.799,21.787,21.758,370714000.0,0.0,30.026,0.858,0.858,649058000.0,623868000.0,1183878000.0,1183878000.0,0.0,,,,,5222000.0,80402000.0,1.0,123907971.0,123907971,,9.554,2892178000.0,78639000.0,19044000.0,84325000.0,23.341,731742000.0
14,FWLT,MRQ,2011-03-31,2011-03-31,2011-03-31,2019-10-16,-439190000.0,3106835000.0,,2007647000.0,1099188000.0,,8.011,-11530000.0,1136082000.0,1136082000.0,936997000.0,25276000.0,1.638,2.058,170580000.0,12520000.0,158060000.0,170580000.0,717515000.0,12671000.0,0.0,0.0,0.0,34133000.0,46804000.0,0.045,46804000.0,34133000.0,30254000.0,0.18,0.18,0.18,1000375000.0,,1000375000.0,3723191066.0,15.0,12.611,54973000.0,0.44,1.0,99255000.0,0.096,157068000.0,3879000.0,758969000.0,,171875000.0,232431000.0,0.0,232431000.0,2058888000.0,1225296000.0,833592000.0,4643286066.0,45660000.0,0.0,-20115000.0,-551000.0,0.0,-29209000.0,-15579000.0,0.0,66503000.0,23945000.0,22971000.0,22971000.0,22971000.0,0.0,2305000.0,0.022,80358000.0,18897000.0,252085000.0,0.0,4.642,27.918,28.168,372423000.0,0.0,37.182,1.117,1.117,631069000.0,560559000.0,1036252000.0,1036252000.0,0.0,,,,,4867000.0,73841000.0,1.0,124880649.0,124880649,,8.298,2949767000.0,91726000.0,7283000.0,75662000.0,23.621,782351000.0
15,FWLT,MRQ,2010-12-31,2010-12-31,2010-12-31,2019-10-16,-464504000.0,3060477000.0,,1994500000.0,1065977000.0,,7.853,-8452000.0,1084665000.0,1084665000.0,1073017000.0,36117000.0,1.647,2.108,164570000.0,11996000.0,152574000.0,164570000.0,684090000.0,16761000.0,0.0,0.0,0.0,54273000.0,71034000.0,0.059,71034000.0,54273000.0,51588000.0,0.27,0.26,0.27,967693000.0,,967693000.0,3325896740.0,11.0,9.246,2649000.0,0.021,1.0,138924000.0,0.115,154987000.0,2685000.0,774721000.0,,165389000.0,217071000.0,0.0,217071000.0,2040193000.0,1210674000.0,829519000.0,4203949740.0,17010000.0,-2220000.0,23067000.0,-11022000.0,0.0,12061000.0,-343000.0,5346000.0,11101000.0,-5809000.0,32769000.0,32769000.0,32769000.0,0.0,3348000.0,0.027,109456000.0,29468000.0,239071000.0,0.0,4.344,19.516,19.952,362087000.0,0.0,34.118,1.033,1.033,676806000.0,537588000.0,1211941000.0,1211941000.0,0.0,,,,,7728000.0,89888000.0,1.0,123218303.0,123218303,,9.836,2905490000.0,83011000.0,18819000.0,76802000.0,23.58,783826000.0
16,FWLT,MRQ,2010-09-30,2010-09-30,2010-09-30,2019-10-16,-463941000.0,3097750000.0,,1938830000.0,1158920000.0,,7.044,-5388000.0,1073019000.0,1073019000.0,764789000.0,56578000.0,1.629,2.388,194966000.0,35627000.0,159339000.0,194966000.0,633050000.0,12407000.0,0.0,0.0,0.0,74743000.0,87150000.0,0.096,87150000.0,74743000.0,70413000.0,0.41,0.41,0.41,898285000.0,,898285000.0,2265020352.0,7.0,5.709,110854000.0,0.869,1.0,139920000.0,0.155,155424000.0,4330000.0,874171000.0,,197748000.0,225430000.0,268000.0,225162000.0,2145293000.0,1190102000.0,955191000.0,3082854352.0,66240000.0,-750000.0,-99129000.0,-342000.0,0.0,-100172000.0,-8523000.0,-2000.0,116242000.0,58693000.0,51720000.0,51720000.0,51720000.0,0.0,4858000.0,0.057,79351000.0,60569000.0,262694000.0,0.0,3.432,12.444,12.397,371883000.0,0.0,24.175,0.748,0.748,613475000.0,504819000.0,904709000.0,904709000.0,0.0,,,,,5678000.0,73622000.0,1.0,127521939.0,127521939,,7.095,2942326000.0,121511000.0,18693000.0,101240000.0,23.073,748728000.0
17,FWLT,MRQ,2010-06-30,2010-06-30,2010-06-30,2019-10-16,-516725000.0,2948212000.0,,1830622000.0,1117590000.0,,6.981,-3200000.0,1002102000.0,1002102000.0,857636000.0,62648000.0,1.688,2.26,184268000.0,34397000.0,149871000.0,184268000.0,581464000.0,11928000.0,0.0,0.0,0.0,78311000.0,90239000.0,0.09,90239000.0,78311000.0,74267000.0,0.46,0.46,0.46,890184000.0,,890184000.0,1869692744.0,5.0,4.271,52342000.0,0.41,1.0,147860000.0,0.147,150165000.0,4044000.0,895972000.0,,195336000.0,200742000.0,240000.0,200502000.0,2012026000.0,1084241000.0,927785000.0,2654270744.0,20225000.0,3232000.0,594000.0,-6532000.0,0.0,-8450000.0,540000.0,-238000.0,55542000.0,-27407000.0,58858000.0,58858000.0,58858000.0,0.0,3790000.0,0.059,79908000.0,67952000.0,226421000.0,0.0,2.982,9.28,9.251,357909000.0,0.0,20.815,0.599,0.599,584281000.0,453099000.0,1005496000.0,1005496000.0,0.0,,,,,4972000.0,69515000.0,1.0,127519110.0,127519110,,7.885,2798047000.0,108063000.0,15409000.0,89858000.0,21.942,746381000.0
18,FWLT,MRQ,2010-03-31,2010-03-31,2010-03-31,2019-10-16,-482022000.0,3094602000.0,,1901310000.0,1193292000.0,,6.77,-6238000.0,984447000.0,984447000.0,773491000.0,75366000.0,1.579,2.536,199869000.0,35672000.0,164197000.0,199869000.0,631079000.0,13059000.0,0.0,0.0,0.0,98221000.0,111280000.0,0.118,111280000.0,98221000.0,93670000.0,0.57,0.56,0.57,862973000.0,,862973000.0,2599690360.0,6.0,5.102,-10455000.0,-0.082,1.0,172082000.0,0.182,157116000.0,4551000.0,948700000.0,,254014000.0,223488000.0,0.0,223488000.0,2188792000.0,1204208000.0,984584000.0,3419313360.0,-43470000.0,-1221000.0,2034000.0,-1151000.0,0.0,-3933000.0,-4788000.0,0.0,-4217000.0,-30532000.0,72060000.0,72060000.0,72060000.0,0.0,3306000.0,0.076,81246000.0,90836000.0,251403000.0,0.0,3.962,9.788,9.719,377589000.0,0.0,26.824,0.722,0.722,609881000.0,394241000.0,945573000.0,945573000.0,0.0,,,,,4600000.0,70305000.0,1.0,127472783.0,127472783,,7.418,2937486000.0,124082000.0,21610000.0,109747000.0,23.044,697102000.0
19,FWLT,MRQ,2009-12-31,2009-12-31,2009-12-31,2019-10-16,-438004000.0,3187738000.0,,1941555000.0,1246183000.0,,6.546,-8943000.0,1032063000.0,1032063000.0,1084532000.0,63663000.0,1.514,2.784,212440000.0,36930000.0,175510000.0,212440000.0,600725000.0,12850000.0,0.0,0.0,0.0,95233000.0,108083000.0,0.085,108083000.0,95233000.0,91228000.0,0.51,0.51,0.51,831517000.0,,831517000.0,2929524547.0,6.0,5.815,70753000.0,0.557,1.0,182099000.0,0.144,161731000.0,4005000.0,924380000.0,,219774000.0,228030000.0,0.0,228030000.0,2314681000.0,1282004000.0,1032677000.0,3696057547.0,35025000.0,-24647000.0,269000.0,4620000.0,0.0,5151000.0,-42307000.0,4783000.0,79696000.0,-7515000.0,65091000.0,65091000.0,65091000.0,0.0,-1428000.0,0.051,113092000.0,69007000.0,303436000.0,0.0,4.445,10.555,10.504,398132000.0,0.0,29.097,0.731,0.731,645814000.0,322181000.0,1266631000.0,1266631000.0,0.0,,,,,6942000.0,80754000.0,1.0,127025033.0,127025033,,9.972,3026007000.0,136246000.0,26137000.0,123008000.0,23.822,659551000.0
20,FWLT,MRQ,2009-09-30,2009-09-30,2009-09-30,2019-10-16,-452416000.0,3172857000.0,,1957301000.0,1215556000.0,,5.828,-9972000.0,984560000.0,984560000.0,1022542000.0,95989000.0,1.467,3.238,218027000.0,23226000.0,194801000.0,218027000.0,680579000.0,11463000.0,0.0,0.0,0.0,116707000.0,128170000.0,0.105,128170000.0,116707000.0,112059000.0,0.71,0.71,0.71,736904000.0,,736904000.0,3327684570.0,7.0,6.645,106993000.0,0.846,1.0,193837000.0,0.159,131465000.0,4648000.0,940285000.0,,276011000.0,222898000.0,3645000.0,219253000.0,2386276000.0,1334574000.0,1051702000.0,3987621570.0,113148000.0,0.0,277000.0,-354000.0,0.0,138000.0,-5743000.0,258000.0,116965000.0,1788000.0,89998000.0,89998000.0,89998000.0,0.0,5991000.0,0.074,84348000.0,109489000.0,290553000.0,0.0,5.411,10.359,10.409,400295000.0,0.0,31.538,0.735,0.735,650746000.0,257090000.0,1216379000.0,1216379000.0,0.0,,,,,5045000.0,75881000.0,1.0,126437389.0,126437389,,9.62,3041392000.0,136453000.0,22061000.0,120025000.0,24.055,622727000.0
21,FWLT,MRQ,2009-06-30,2009-06-30,2009-06-30,2019-10-16,-468033000.0,3054677000.0,,1820840000.0,1233837000.0,,4.939,-12065000.0,874485000.0,874485000.0,1088842000.0,127334000.0,1.392,3.822,214548000.0,23020000.0,191528000.0,214548000.0,660998000.0,10895000.0,0.0,0.0,0.0,151067000.0,161962000.0,0.124,161962000.0,151067000.0,149765000.0,0.97,0.96,0.97,624315000.0,,624315000.0,2378596285.0,5.0,4.422,39750000.0,0.314,1.0,219959000.0,0.168,129808000.0,1302000.0,957238000.0,,261668000.0,215596000.0,3777000.0,211819000.0,2386049000.0,1307694000.0,1078355000.0,2967436285.0,71210000.0,-8883000.0,0.0,-2921000.0,0.0,-2822000.0,-24315000.0,-1234000.0,51815000.0,46532000.0,122204000.0,122204000.0,122204000.0,0.0,5130000.0,0.093,77678000.0,142281000.0,298641000.0,0.0,4.753,7.017,7.313,396165000.0,0.0,23.473,0.5,0.5,633878000.0,167092000.0,1308801000.0,1308801000.0,0.0,,,,,5501000.0,69024000.0,1.0,126417247.0,126417247,,10.353,2924869000.0,144198000.0,27561000.0,123581000.0,23.137,513146000.0
22,FWLT,MRQ,2009-03-31,2009-03-31,2009-03-31,2019-10-16,-504659000.0,2924346000.0,,1729810000.0,1194536000.0,,3.66,-14643000.0,799747000.0,799747000.0,1101771000.0,74372000.0,1.262,5.243,210907000.0,23443000.0,187464000.0,210907000.0,698949000.0,10551000.0,0.0,0.0,0.0,95033000.0,105584000.0,0.083,105584000.0,95033000.0,90866000.0,0.58,0.57,0.58,462707000.0,,462707000.0,1604231220.0,3.0,2.69,27496000.0,0.218,1.0,162752000.0,0.129,118298000.0,4167000.0,846083000.0,,237889000.0,212946000.0,2401000.0,210545000.0,2425836000.0,1371125000.0,1054711000.0,2182767220.0,4612000.0,0.0,-28000.0,-971000.0,0.0,-1011000.0,-14900000.0,-27000.0,42139000.0,-21616000.0,72863000.0,72863000.0,72863000.0,0.0,1509000.0,0.058,77085000.0,85667000.0,327528000.0,0.0,4.717,4.731,5.139,379282000.0,0.0,17.267,0.345,0.345,642744000.0,44888000.0,1264523000.0,1264523000.0,0.0,,,,,5354000.0,69248000.0,1.0,126416237.0,126416237,,10.003,2806048000.0,141095000.0,18003000.0,114033000.0,22.197,358685000.0
23,FWLT,MRQ,2008-12-31,2008-12-26,2008-12-26,2019-10-16,-494788000.0,3011254000.0,,1790186000.0,1221068000.0,,2.935,-41550000.0,795900000.0,795900000.0,1435990000.0,105272000.0,1.203,6.578,217364000.0,24375000.0,192989000.0,217364000.0,750233000.0,11432000.0,0.0,0.0,0.0,93644000.0,105076000.0,0.064,105076000.0,93644000.0,92227000.0,0.77,0.74,0.77,392562000.0,,392562000.0,1986388040.0,3.0,2.895,-20416000.0,-0.153,1.0,203199000.0,0.124,122039000.0,1417000.0,822065000.0,,241135000.0,213224000.0,2448000.0,210776000.0,2582388000.0,1488614000.0,1093774000.0,3098670040.0,-535761000.0,-3191000.0,-435366000.0,6554000.0,0.0,-428908000.0,-43789000.0,-1673000.0,21134000.0,-84198000.0,99882000.0,99882000.0,99882000.0,0.0,5390000.0,0.061,131719000.0,71480000.0,365347000.0,0.0,7.893,5.884,6.211,383209000.0,0.0,23.167,0.452,0.452,706415000.0,-27975000.0,1639189000.0,1639189000.0,0.0,,,,,5277000.0,65112000.0,1.0,133753790.0,133753790,,12.255,2889215000.0,148423000.0,-7655000.0,110960000.0,21.601,301572000.0
24,FWLT,MRQ,2008-09-30,2008-09-26,2008-09-26,2019-10-16,-269446000.0,3637566000.0,,2426940000.0,1210626000.0,,6.593,-20195000.0,1335354000.0,1335354000.0,1489095000.0,128754000.0,1.512,2.82,223072000.0,19490000.0,203582000.0,223072000.0,835236000.0,11080000.0,0.0,0.0,0.0,154163000.0,165243000.0,0.096,165243000.0,154163000.0,148970000.0,0.89,0.88,0.89,951011000.0,,951011000.0,4313074906.0,6.0,6.05,142758000.0,0.99,1.0,229260000.0,0.133,126765000.0,5193000.0,793870000.0,,291466000.0,210168000.0,0.0,210168000.0,2681663000.0,1604649000.0,1077014000.0,5402937906.0,38730000.0,-7856000.0,-50219000.0,2273000.0,0.0,-50483000.0,-9476000.0,0.0,162953000.0,-64264000.0,127920000.0,127920000.0,127920000.0,0.0,834000.0,0.074,90084000.0,139176000.0,360675000.0,0.0,5.681,10.702,10.672,364377000.0,0.0,37.459,0.809,0.809,758596000.0,-127857000.0,1718355000.0,1718355000.0,0.0,,,,,3953000.0,74831000.0,1.0,144237852.0,144237852,,11.913,3510801000.0,142109000.0,21050000.0,151058000.0,24.34,822291000.0
25,FWLT,MRQ,2008-06-30,2008-06-27,2008-06-27,2019-10-16,-230054000.0,3655300000.0,,2381151000.0,1274149000.0,,6.303,-27684000.0,1317708000.0,1317708000.0,1454806000.0,161307000.0,1.473,3.018,227845000.0,20263000.0,207582000.0,227845000.0,844602000.0,10930000.0,0.0,0.0,0.0,209498000.0,220428000.0,0.13,220428000.0,209498000.0,204638000.0,1.12,1.11,1.12,908617000.0,,908617000.0,9344019287.0,14.0,12.858,102732000.0,0.713,1.0,246216000.0,0.145,126414000.0,4860000.0,822123000.0,,299361000.0,221849000.0,0.0,221849000.0,2742067000.0,1616900000.0,1125167000.0,10327487287.0,110003000.0,-289000.0,969000.0,14341000.0,0.0,15437000.0,-38614000.0,0.0,130416000.0,2764000.0,160755000.0,160755000.0,160755000.0,0.0,552000.0,0.095,65976000.0,180240000.0,368118000.0,0.0,11.366,20.409,20.296,368008000.0,0.0,71.646,1.649,1.649,736105000.0,-255777000.0,1701022000.0,1701022000.0,0.0,,,,,4021000.0,79044000.0,1.0,144146806.0,144146806,,11.801,3528886000.0,150199000.0,43883000.0,158225000.0,24.481,764251000.0
26,FWLT,MRQ,2008-03-31,2008-03-28,2008-03-28,2019-10-16,-238706000.0,3443072000.0,,2193353000.0,1249719000.0,,5.108,-14536000.0,1196374000.0,1196374000.0,1578753000.0,138536000.0,1.397,3.674,212906000.0,19520000.0,193386000.0,212906000.0,835542000.0,11356000.0,0.0,0.0,0.0,183964000.0,195320000.0,0.109,195320000.0,183964000.0,177813000.0,0.96,0.95,0.96,736155000.0,,736155000.0,7291684037.0,13.0,11.669,99887000.0,0.693,1.0,216971000.0,0.121,127541000.0,6151000.0,761602000.0,,239918000.0,220748000.0,0.0,220748000.0,2704492000.0,1570461000.0,1134031000.0,8155819037.0,111647000.0,-8810000.0,1818000.0,2687000.0,0.0,-2150000.0,-36705000.0,0.0,114423000.0,36079000.0,138063000.0,138063000.0,138063000.0,0.0,473000.0,0.077,57093000.0,159878000.0,327591000.0,0.0,11.079,19.553,19.381,349903000.0,0.0,56.593,1.418,1.418,711848000.0,-416532000.0,1795724000.0,1795724000.0,0.0,,,,,2465000.0,64896000.0,1.0,144113515.0,144113515,,12.46,3315531000.0,150108000.0,39750000.0,161653000.0,23.006,622892000.0
27,FWLT,MRQ,2007-12-31,2007-12-28,2007-12-28,2019-10-16,-261114000.0,3248988000.0,,2044383000.0,1204605000.0,,3.975,-17791000.0,1069481000.0,1069481000.0,1295480000.0,83675000.0,1.342,4.685,205346000.0,19368000.0,185978000.0,205346000.0,744236000.0,14571000.0,0.0,0.0,0.0,117397000.0,131968000.0,0.09,131968000.0,117397000.0,112194000.0,0.54,0.54,0.54,571041000.0,,571041000.0,10411636123.0,19.0,17.592,168873000.0,1.175,1.0,170003000.0,0.116,114535000.0,5203000.0,746545000.0,,239737000.0,198346000.0,0.0,198346000.0,2675219000.0,1523773000.0,1151446000.0,11094949123.0,188147000.0,-140000.0,-6604000.0,14925000.0,0.0,17575000.0,-15104000.0,0.0,186664000.0,-988000.0,78098000.0,78098000.0,78098000.0,0.0,5577000.0,0.053,81111000.0,88892000.0,372531000.0,0.0,19.429,28.169,27.779,337485000.0,0.0,77.225,2.172,2.172,682532000.0,-554595000.0,1465483000.0,1465483000.0,0.0,,,,,1189000.0,66158000.0,1.0,143670674.0,143670674,,10.2,3134453000.0,148568000.0,34096000.0,136832000.0,21.817,520610000.0
28,FWLT,MRQ,2007-09-30,2007-09-28,2007-09-28,2019-10-16,-310686000.0,3035509000.0,,1851271000.0,1184238000.0,,3.085,-20488000.0,883081000.0,883081000.0,1101912000.0,129101000.0,1.292,5.895,199768000.0,24567000.0,175201000.0,199768000.0,686805000.0,9721000.0,0.0,0.0,0.0,169256000.0,178977000.0,0.138,178977000.0,169256000.0,164540000.0,0.91,0.89,0.91,439969000.0,,439969000.0,8667148692.0,16.0,15.315,89248000.0,0.626,1.0,197960000.0,0.152,114005000.0,4716000.0,804949000.0,,239697000.0,191406000.0,0.0,191406000.0,2593813000.0,1433242000.0,1160571000.0,9252922692.0,103661000.0,-5060000.0,5421000.0,146000.0,0.0,2451000.0,-21805000.0,0.0,109736000.0,13279000.0,129101000.0,129101000.0,129101000.0,0.0,0.0,0.099,61725000.0,136235000.0,323391000.0,0.0,21.031,24.422,24.028,326886000.0,0.0,64.875,1.914,1.914,690457000.0,-632693000.0,1299872000.0,1299872000.0,0.0,,,,,1732000.0,62686000.0,1.0,142626038.0,142626038,,9.114,2921504000.0,147283000.0,35439000.0,140266000.0,20.484,418029000.0
29,FWLT,MRQ,2007-06-30,2007-06-29,2007-06-29,2019-10-16,-324196000.0,2771473000.0,,1604856000.0,1166617000.0,,2.054,-6876000.0,782866000.0,782866000.0,1020920000.0,71850000.0,1.235,8.574,197092000.0,22192000.0,174900000.0,197092000.0,615029000.0,8561000.0,0.0,0.0,0.0,110037000.0,118598000.0,0.1,118598000.0,110037000.0,104826000.0,0.51,0.5,0.51,289206000.0,,289206000.0,7036991036.0,16.0,14.599,151441000.0,1.075,1.0,168846000.0,0.142,113775000.0,5211000.0,772033000.0,,240535000.0,169182000.0,0.0,169182000.0,2479541000.0,1299891000.0,1179650000.0,7446217036.0,163399000.0,-567000.0,10153000.0,-5607000.0,0.0,7126000.0,-7362000.0,0.0,158317000.0,5318000.0,71850000.0,71850000.0,71850000.0,0.0,0.0,0.06,62305000.0,106541000.0,288948000.0,0.0,25.747,22.869,22.499,304031000.0,0.0,52.872,1.675,1.675,558989000.0,-761794000.0,1189766000.0,1189766000.0,0.0,,,,,-859000.0,62305000.0,1.0,140835110.0,140835110,,8.448,2657698000.0,145244000.0,32976000.0,145320000.0,18.871,304965000.0
30,FWLT,MRQ,2007-03-31,2007-03-30,2007-03-30,2019-10-16,-333875000.0,2614979000.0,,1460152000.0,1154827000.0,,1.39,-6140000.0,612600000.0,612600000.0,944610000.0,114825000.0,1.202,12.45,203374000.0,21132000.0,182242000.0,203374000.0,603150000.0,8838000.0,0.0,0.0,0.0,153459000.0,162297000.0,0.141,162297000.0,153459000.0,148734000.0,0.82,0.8,0.82,194290000.0,,194290000.0,3606606003.0,7.0,6.991,-32542000.0,-0.233,1.0,207512000.0,0.18,114381000.0,4725000.0,876605000.0,,210521000.0,160251000.0,0.0,160251000.0,2418868000.0,1214767000.0,1204101000.0,4033604003.0,-17550000.0,4390000.0,9106000.0,-434000.0,0.0,7917000.0,-1690000.0,0.0,-26402000.0,2625000.0,114825000.0,114825000.0,114825000.0,0.0,0.0,0.1,55088000.0,152424000.0,258387000.0,0.0,20.761,11.137,10.889,302145000.0,0.0,28.855,1.008,1.008,608253000.0,-833644000.0,1152122000.0,1152122000.0,0.0,,,,,339000.0,55088000.0,1.0,139789076.0,139789076,,8.242,2500598000.0,145607000.0,33909000.0,132546000.0,17.888,245385000.0
31,FWLT,MRQ,2006-12-31,2006-12-29,2006-12-29,2019-10-16,-343342000.0,2565549000.0,,1389628000.0,1175921000.0,,0.457,-10912000.0,629967000.0,629967000.0,1022981000.0,63108000.0,1.114,39.885,202969000.0,21477000.0,181492000.0,202969000.0,622422000.0,8593000.0,0.0,0.0,0.0,97471000.0,106064000.0,0.089,106064000.0,97471000.0,92330000.0,0.46,0.445,0.46,62727000.0,,62727000.0,3450509124.0,9.0,8.637,120426000.0,0.877,1.0,170338000.0,0.143,113577000.0,5141000.0,777371000.0,,159121000.0,167186000.0,0.0,167186000.0,2501839000.0,1247603000.0,1254236000.0,3743416124.0,123975000.0,-3211000.0,5551000.0,-13904000.0,0.0,-7848000.0,-9573000.0,0.0,131338000.0,10058000.0,63108000.0,63108000.0,63108000.0,0.0,0.0,0.053,126746000.0,43592000.0,263715000.0,0.0,59.678,14.289,14.972,302488000.0,0.0,27.249,1.071,1.071,572711000.0,-944113000.0,1193319000.0,1193319000.0,0.0,,,,,1834000.0,65760000.0,1.0,137378816.0,137378816,,8.686,2451972000.0,147808000.0,29222000.0,117379000.0,17.848,142025000.0
32,FWLT,MRQ,2006-09-30,2006-09-29,2006-09-29,2019-10-16,-318793000.0,2302735000.0,,1227376000.0,1075359000.0,,0.101,-9323000.0,509746000.0,509746000.0,781391000.0,75827000.0,1.017,165.157,216839000.0,20864000.0,195975000.0,216839000.0,582526000.0,8018000.0,0.0,0.0,0.0,87041000.0,95059000.0,0.104,95059000.0,87041000.0,81973000.0,0.56,0.535,0.56,13857000.0,,13857000.0,2470405703.0,16.0,13.109,155244000.0,1.135,1.0,129189000.0,0.142,113678000.0,5068000.0,688953000.0,,162982000.0,155604000.0,0.0,155604000.0,2288581000.0,1207197000.0,1081384000.0,2608046703.0,146754000.0,-1737000.0,1807000.0,-3443000.0,0.0,-1636000.0,-15852000.0,0.0,164567000.0,-325000.0,75827000.0,75827000.0,75827000.0,0.0,0.0,0.083,15469000.0,113720000.0,242863000.0,0.0,188.211,33.997,1271.35,294076000.0,0.0,19.07,0.893,0.893,539343000.0,-1007221000.0,910580000.0,910580000.0,0.0,,,,,4112000.0,51543000.0,1.0,136759964.0,136759964,,6.658,2189057000.0,75675000.0,6146000.0,83148000.0,16.007,20179000.0
33,FWLT,MRQ,2006-06-30,2006-06-30,2006-06-30,2019-10-16,-315878000.0,2224070000.0,,1075750000.0,1148320000.0,,-0.476,-5771000.0,358095000.0,358095000.0,617365000.0,108418000.0,0.92,-35.387,220454000.0,22970000.0,197484000.0,220454000.0,557206000.0,7216000.0,0.0,0.0,0.0,145281000.0,152497000.0,0.205,152497000.0,145281000.0,138493000.0,0.81,0.765,0.81,-64677000.0,,-64677000.0,2788793462.0,33.0,24.542,-10796000.0,-0.079,1.0,127942000.0,0.172,114754000.0,6788000.0,802864000.0,,199922000.0,182448000.0,0.0,182448000.0,2288747000.0,1168811000.0,1119936000.0,2901977462.0,-67126000.0,-1001000.0,4662000.0,-72630000.0,0.0,-69772000.0,-979000.0,0.0,-5025000.0,8650000.0,108418000.0,108418000.0,108418000.0,0.0,0.0,0.145,-21702000.0,149644000.0,225303000.0,0.0,-44.869,-183.449,-29.651,291236000.0,0.0,21.348,1.142,1.142,498465000.0,-1083048000.0,745307000.0,745307000.0,0.0,,,,,4556000.0,57888000.0,1.0,135934190.0,135934190,,5.483,2109316000.0,76510000.0,30075000.0,107726000.0,15.517,-93061000.0
34,FWLT,MRQ,2006-03-31,2006-03-31,2006-03-31,2019-10-16,-313684000.0,2031846000.0,,992661000.0,1039185000.0,,-1.896,-4287000.0,425618000.0,425618000.0,565524000.0,14631000.0,0.951,-9.496,312434000.0,17547000.0,294887000.0,312434000.0,485106000.0,7050000.0,0.0,0.0,0.0,38844000.0,45894000.0,0.071,45894000.0,38844000.0,30897000.0,-0.04,-0.04,-0.04,-239163000.0,,-239163000.0,3052246124.0,-652.0,130.644,-30208000.0,-0.239,1.0,80318000.0,0.124,114585000.0,7947000.0,759773000.0,,166631000.0,171844000.0,0.0,171844000.0,2271009000.0,1044304000.0,1226705000.0,3109497124.0,56615000.0,-167000.0,81258000.0,-3677000.0,0.0,78428000.0,849000.0,0.0,-25921000.0,3259000.0,14631000.0,14631000.0,14631000.0,0.0,0.0,0.023,50139000.0,30179000.0,203891000.0,0.0,-13.002,-32.27,-19.242,256833000.0,0.0,23.379,1.339,1.27,376616000.0,-1191466000.0,645842000.0,645842000.0,0.0,,,,,3176000.0,50139000.0,1.0,133001238.0,126138872,126138872.0,5.12,1917261000.0,74793000.0,16266000.0,81678000.0,15.2,-51643000.0
35,FWLT,MRQ,2005-12-31,2005-12-30,2005-12-30,2019-10-16,-314796000.0,1894706000.0,,851523000.0,1043183000.0,,-3.04,-4133000.0,372663000.0,372663000.0,558506000.0,-122162000.0,0.854,-6.554,315412000.0,21459000.0,293953000.0,315412000.0,410676000.0,6854000.0,0.0,0.0,0.0,-111859000.0,-105005000.0,-0.17,-105005000.0,-111859000.0,-121065000.0,-1.315,-1.295,-1.315,-341158000.0,,-341158000.0,2188828106.0,-112.0,252.985,45801000.0,0.408,1.0,60010000.0,0.097,115048000.0,9206000.0,724843000.0,,139328000.0,168193000.0,0.0,168193000.0,2235864000.0,997564000.0,1238300000.0,2039613106.0,38440000.0,-1067000.0,5636000.0,-19918000.0,0.0,-14283000.0,5627000.0,0.0,49934000.0,-2838000.0,-122162000.0,-122162000.0,-122162000.0,0.0,0.0,-0.198,164050000.0,-104040000.0,233815000.0,0.0,-5.979,-18.584,-15.403,258672000.0,0.0,18.176,0.927,0.927,325676000.0,-1206097000.0,618516000.0,618516000.0,0.0,,,,,2476000.0,50370000.0,1.0,112215926.0,112215926,,5.512,1779658000.0,75570000.0,1097000.0,68563000.0,15.859,-146041000.0
36,FWLT,MRQ,2005-09-30,2005-09-30,2005-09-30,2019-10-16,-294137000.0,1936475000.0,,865012000.0,1071463000.0,,-4.172,-2987000.0,342072000.0,342072000.0,434406000.0,-16706000.0,0.823,-6.164,491287000.0,32635000.0,458652000.0,491287000.0,351850000.0,6964000.0,0.0,0.0,0.0,13284000.0,20248000.0,0.038,20248000.0,13284000.0,694000.0,-0.175,-0.175,-0.175,-375004000.0,,-375004000.0,1606328500.0,66.0,29.514,20518000.0,0.228,1.0,97950000.0,0.184,116212000.0,12590000.0,918950000.0,,101194000.0,165635000.0,0.0,165635000.0,2311479000.0,1050528000.0,1260951000.0,1372213500.0,41891000.0,0.0,15000.0,-4216000.0,0.0,-4200000.0,22534000.0,0.0,23505000.0,52000.0,-16706000.0,-16706000.0,-16706000.0,0.0,0.0,-0.031,50975000.0,46975000.0,224680000.0,0.0,-3.659,-16.543,0.885,261402000.0,0.0,15.265,0.618,0.618,415154000.0,-1083935000.0,532356000.0,532356000.0,0.0,,,,,2184000.0,50975000.0,1.0,89892264.0,89892264,,5.922,1820263000.0,68702000.0,17400000.0,90386000.0,20.249,-185516000.0
37,FWLT,MRQ,2005-06-30,2005-07-01,2005-07-01,2019-10-16,-294754000.0,2011525000.0,,937679000.0,1073846000.0,,-5.492,-2640000.0,326416000.0,326416000.0,415560000.0,27879000.0,0.842,-5.103,560531000.0,35896000.0,524635000.0,560531000.0,354820000.0,7173000.0,0.0,0.0,0.0,55053000.0,62226000.0,0.118,62226000.0,55053000.0,40979000.0,0.315,0.275,0.315,-490198000.0,,-490198000.0,1151024344.0,-7.0,-9.497,7766000.0,0.087,1.0,110458000.0,0.21,117254000.0,14074000.0,1015318000.0,,146656000.0,167491000.0,0.0,167491000.0,2501723000.0,1113068000.0,1388655000.0,894076344.0,36361000.0,0.0,0.0,-3871000.0,0.0,-3871000.0,37550000.0,24825000.0,10406000.0,-7724000.0,27879000.0,27879000.0,27879000.0,0.0,0.0,0.053,59313000.0,51145000.0,253124000.0,0.0,-1.824,-3.174,-0.293,264591000.0,0.0,10.017,0.371,0.371,477688000.0,-1067229000.0,526018000.0,526018000.0,0.0,,,,,2130000.0,59313000.0,1.0,89256434.0,89256434,,5.893,1894271000.0,71507000.0,13100000.0,83669000.0,21.223,-175389000.0
38,FWLT,MRQ,2005-03-31,2005-04-01,2005-04-01,2019-10-16,-295035000.0,2139924000.0,,1014264000.0,1125660000.0,,-6.233,-1049000.0,308292000.0,308292000.0,445957000.0,1240000.0,0.827,-5.111,565240000.0,35664000.0,529576000.0,565240000.0,451022000.0,7224000.0,0.0,0.0,0.0,23959000.0,31183000.0,0.06,31183000.0,23959000.0,9211000.0,0.015,0.01,0.015,-520488000.0,,-520488000.0,965672576.0,-7.0,-8.926,-34081000.0,-0.408,1.0,77108000.0,0.147,119538000.0,14748000.0,1050333000.0,,187955000.0,190564000.0,24859000.0,165705000.0,2660412000.0,1227001000.0,1433411000.0,760010576.0,-57590000.0,0.0,0.0,-16864000.0,0.0,-19097000.0,-2124000.0,-401000.0,-33032000.0,-3337000.0,1240000.0,1240000.0,1240000.0,0.0,0.0,0.002,55217000.0,21891000.0,261013000.0,0.0,-1.46,-2.717,-0.313,272078000.0,66000.0,8.525,0.302,0.283,523666000.0,-1095108000.0,523065000.0,523065000.0,0.0,,,,,2129000.0,55217000.0,1.0,89155716.0,83506490,96198184.0,6.264,2020386000.0,76850000.0,7971000.0,77507000.0,24.194,-212737000.0
39,FWLT,MRQ,2004-12-31,2004-12-31,2004-12-31,2019-10-16,-296743000.0,2177699000.0,,1039458000.0,1138241000.0,,-53.277,-2136000.0,364411000.0,364411000.0,607034000.0,-95361000.0,0.831,-5.144,570073000.0,35214000.0,534859000.0,570073000.0,559881000.0,8626000.0,0.0,0.0,0.0,-67857000.0,-59231000.0,-0.093,-59231000.0,-67857000.0,-84925000.0,17.085,17.085,17.085,-525565000.0,,-525565000.0,306759173.0,-2.0,-2.927,13327000.0,1.351,1.0,32358000.0,0.051,121502000.0,17068000.0,1010278000.0,,241140000.0,184099000.0,25775000.0,158324000.0,2703264000.0,1251581000.0,1451683000.0,101216173.0,5192000.0,0.0,0.0,-8999000.0,0.0,-8999000.0,-9543000.0,-2096000.0,15463000.0,8271000.0,-95361000.0,-95361000.0,-95361000.0,0.0,0.0,-0.149,106043000.0,-73685000.0,288899000.0,0.0,-0.193,-0.355,-0.271,280305000.0,0.0,7.843,0.038,0.029,429566000.0,-1096348000.0,639392000.0,639392000.0,0.0,,,,,1724000.0,45417000.0,1.0,12905996.0,9864740,,64.816,2056197000.0,76858000.0,10436000.0,61006000.0,208.439,-212123000.0
40,FWLT,MRQ,2004-09-30,2004-09-24,2004-09-24,2019-10-16,-305967000.0,2268344000.0,,1067285000.0,1201059000.0,,-108.222,-3549000.0,350634000.0,350634000.0,673487000.0,-215470000.0,0.834,-6.141,556177000.0,23918000.0,532259000.0,556177000.0,477899000.0,24129000.0,0.0,0.0,0.0,-179512000.0,-155383000.0,-0.216,-155383000.0,-179512000.0,-205986000.0,-51.615,-51.615,-51.615,-441238000.0,,-441238000.0,544149409.0,-6.0,-21.798,-33778000.0,-8.285,1.0,47067000.0,0.065,119733000.0,26474000.0,1074800000.0,,215138000.0,122793000.0,21246000.0,101547000.0,2709582000.0,1279354000.0,1430228000.0,18939409.0,-35454000.0,0.0,0.0,26000.0,0.0,26000.0,-6322000.0,4320000.0,-30229000.0,1071000.0,-215470000.0,-215470000.0,-215470000.0,0.0,0.0,-0.299,54860000.0,-7793000.0,234212000.0,0.0,-0.043,-0.07,-0.071,279176000.0,0.0,4.645,0.006,0.006,504839000.0,-1000987000.0,720554000.0,720554000.0,0.0,,,,,0.0,54860000.0,1.0,4077156.0,4077156,,176.73,2148611000.0,85702000.0,9484000.0,80202000.0,526.988,-212069000.0
41,FWLT,MRQ,2004-06-30,2004-06-25,2004-06-25,2019-10-16,-313697000.0,2289960000.0,,1017973000.0,1271987000.0,,-210.098,-2169000.0,379336000.0,379336000.0,528994000.0,29835000.0,0.774,-3.673,904546000.0,137468000.0,767078000.0,904546000.0,454551000.0,0.0,0.0,0.0,0.0,75241000.0,75241000.0,0.118,75241000.0,75241000.0,49593000.0,7.265,6.14,7.265,-856601000.0,,-856601000.0,525312199.0,6.0,4.035,-47834000.0,-11.732,1.0,106025000.0,0.167,120471000.0,25648000.0,1379685000.0,,146335000.0,126299000.0,25342000.0,100957000.0,3146561000.0,1315014000.0,1831547000.0,57624199.0,-53785000.0,0.0,0.0,-13923000.0,0.0,-13923000.0,10389000.0,-19959000.0,-45665000.0,-4586000.0,29835000.0,29835000.0,29835000.0,0.0,0.0,0.047,56458000.0,49567000.0,243032000.0,0.0,-0.067,-0.7,-0.705,284537000.0,0.0,14.133,0.018,0.018,482905000.0,-785517000.0,635019000.0,635019000.0,0.0,,,,,0.0,56458000.0,1.0,4077156.0,4077156,,155.75,2169489000.0,85749000.0,19758000.0,76685000.0,532.108,-297041000.0
42,FWLT,MRQ,2004-03-31,2004-03-26,2004-03-26,2019-10-16,-308003000.0,2418943000.0,,1092996000.0,1325947000.0,,-214.527,-1759000.0,448635000.0,448635000.0,591147000.0,-4298000.0,0.833,-3.746,916323000.0,20945000.0,895378000.0,916323000.0,578049000.0,0.0,0.0,0.0,0.0,34578000.0,34578000.0,0.052,34578000.0,34578000.0,9146000.0,-1.045,-1.045,-1.045,-880742000.0,,-880742000.0,392565774.0,26.0,7.707,27809000.0,6.774,1.0,75212000.0,0.113,121301000.0,25432000.0,1452480000.0,,127184000.0,93914000.0,5128000.0,88786000.0,3299685000.0,1312850000.0,1986835000.0,62862774.0,11519000.0,0.0,0.0,-4947000.0,0.0,-7610000.0,-14023000.0,8309000.0,29568000.0,3584000.0,-4298000.0,-4298000.0,-4298000.0,0.0,0.0,-0.006,57184000.0,18028000.0,207395000.0,0.0,-0.071,-0.444,-0.447,303606000.0,0.0,15.418,0.018,0.018,528722000.0,-815352000.0,666359000.0,666359000.0,0.0,,,,,0.0,57184000.0,1.0,4077156.0,4105500,4105500.0,162.309,2297642000.0,91163000.0,13444000.0,71893000.0,559.65,-219854000.0
43,FWLT,MRQ,2003-12-31,2003-12-26,2003-12-26,2019-10-16,-303999000.0,2506530000.0,,1174376000.0,1332154000.0,,-212.488,-1898000.0,416780000.0,416780000.0,1046563000.0,-81008000.0,0.87,-3.873,1033072000.0,21100000.0,1011972000.0,1033072000.0,552754000.0,35574000.0,0.0,0.0,0.0,-14973000.0,20601000.0,0.019,20601000.0,-14973000.0,-53261000.0,-19.765,-19.765,-19.765,-872440000.0,,-872440000.0,393897241.0,-28.0,18.388,-45655000.0,-11.12,1.0,34380000.0,0.032,122689000.0,38288000.0,1649774000.0,,173293000.0,155949000.0,13390000.0,142559000.0,3378970000.0,1350359000.0,2028611000.0,45132241.0,-43608000.0,0.0,0.0,-13834000.0,0.0,-13834000.0,4357000.0,553000.0,-43757000.0,9626000.0,-81008000.0,-81008000.0,-81008000.0,0.0,0.0,-0.075,42971000.0,-8591000.0,305286000.0,0.0,-0.052,-0.287,-0.289,309615000.0,0.0,11.07,0.012,0.012,563190000.0,-811054000.0,1080943000.0,1080943000.0,0.0,,,,,0.0,60459000.0,1.0,4077156.0,4105832,4105832.0,263.27,2383841000.0,94107000.0,27747000.0,48687000.0,580.599,-175983000.0
44,FWLT,MRQ,2003-09-30,2003-09-26,2003-09-26,2019-10-16,-384080000.0,2596917000.0,,1191800000.0,1405117000.0,,-212.352,-3438000.0,456974000.0,456974000.0,806494000.0,-26897000.0,0.891,-3.98,805739000.0,28208000.0,777531000.0,805739000.0,608589000.0,0.0,0.0,0.0,0.0,-247000.0,-247000.0,0.0,-247000.0,-247000.0,-21611000.0,-6.5,-6.5,-6.5,-871513000.0,,-871513000.0,436994104.0,-5.0,-6.247,50302000.0,12.257,1.0,89704000.0,0.1,122174000.0,21364000.0,1485909000.0,,197096000.0,103002000.0,13176000.0,89826000.0,3468430000.0,1337599000.0,2130831000.0,46744104.0,37216000.0,0.0,0.0,-3456000.0,0.0,-3456000.0,-13125000.0,-7356000.0,53740000.0,57000.0,-26897000.0,-26897000.0,-26897000.0,0.0,0.0,-0.03,84629000.0,5075000.0,576770000.0,0.0,-0.054,-0.248,-0.25,341396000.0,0.0,11.465,0.013,0.013,539845000.0,-730046000.0,896198000.0,896198000.0,0.0,,,,,0.0,45978000.0,1.0,4077156.0,4104100,4104100.0,218.367,2474743000.0,106941000.0,5286000.0,62597000.0,602.993,-145799000.0
45,FWLT,MRQ,2003-06-30,2003-06-27,2003-06-27,2019-10-16,-383665000.0,2670925000.0,,1221457000.0,1449468000.0,,-205.682,-3921000.0,419008000.0,419008000.0,859215000.0,-29338000.0,0.891,-4.164,809258000.0,28103000.0,781155000.0,809258000.0,596936000.0,0.0,0.0,0.0,0.0,-3993000.0,-3993000.0,-0.004,-3993000.0,-3993000.0,-22403000.0,-7.2,-7.2,-7.2,-844201000.0,,-844201000.0,437410894.0,-2.0,-2.362,-59032000.0,-14.383,1.0,76591000.0,0.082,123128000.0,18410000.0,1566590000.0,,213280000.0,91582000.0,281000.0,91301000.0,3515126000.0,1371457000.0,2143669000.0,85428894.0,-13619000.0,0.0,0.0,-17548000.0,0.0,-17548000.0,45339000.0,-3000.0,-55111000.0,13701000.0,-29338000.0,-29338000.0,-29338000.0,0.0,0.0,-0.031,73062000.0,3529000.0,608533000.0,0.0,-0.101,-0.274,-0.275,370199000.0,0.0,20.953,0.024,0.025,595465000.0,-703149000.0,935806000.0,935806000.0,0.0,,,,,0.0,47388000.0,1.0,4077156.0,4104400,4104400.0,228.001,2547797000.0,108413000.0,6935000.0,69246000.0,620.748,-150000000.0
46,FWLT,MRQ,2003-03-31,2003-03-28,2003-03-28,2019-10-16,-370253000.0,2778842000.0,,1273033000.0,1505809000.0,,-195.309,-3613000.0,472596000.0,472596000.0,727129000.0,-19820000.0,0.877,-4.467,824578000.0,46300000.0,778278000.0,824578000.0,646000000.0,0.0,0.0,0.0,0.0,5060000.0,5060000.0,0.006,5060000.0,5060000.0,-12362000.0,-4.8,-4.8,-4.8,-801451000.0,,-801451000.0,570175473.0,-2.0,-2.414,-20583000.0,-5.016,1.0,83739000.0,0.103,122679000.0,17422000.0,1555862000.0,,224943000.0,93427000.0,274000.0,93153000.0,3580293000.0,1452283000.0,2128010000.0,54400473.0,39801000.0,0.0,0.0,-14088000.0,0.0,-16967000.0,69324000.0,-2000.0,-16970000.0,4414000.0,-19820000.0,-19820000.0,-19820000.0,0.0,0.0,-0.024,72984000.0,10755000.0,605663000.0,0.0,-0.068,-0.147,-0.148,397019000.0,0.0,13.343,0.015,0.016,608412000.0,-673811000.0,810868000.0,810868000.0,0.0,,,,,0.0,51740000.0,1.0,4077156.0,4103500,4103500.0,197.604,2656163000.0,105853000.0,7458000.0,71607000.0,647.292,-179250000.0
47,FWLT,MRQ,2002-12-31,2002-12-27,2002-12-27,2019-10-16,-369438000.0,2842277000.0,,1329847000.0,1512430000.0,,-190.483,-7018000.0,429098000.0,429098000.0,961504000.0,-112103000.0,0.917,-4.64,837588000.0,46036000.0,791552000.0,837588000.0,645763000.0,11390000.0,0.0,0.0,0.0,-82158000.0,-70768000.0,-0.075,-70768000.0,-82158000.0,-116325000.0,-27.335,-27.335,-27.335,-780939000.0,,-780939000.0,399029885.0,-1.0,-1.042,-64779000.0,-15.801,1.0,-21444000.0,-0.023,122882000.0,34167000.0,1678090000.0,,279824000.0,88794000.0,271000.0,88523000.0,3623216000.0,1449795000.0,2173421000.0,49564885.0,-98421000.0,0.0,0.0,-52072000.0,0.0,-52072000.0,3776000.0,88000.0,-57761000.0,7636000.0,-112103000.0,-112103000.0,-112103000.0,0.0,0.0,-0.119,-65377000.0,43933000.0,283940000.0,0.0,-0.063,-0.094,-0.095,407819000.0,0.0,12.157,0.014,0.014,650165000.0,-653991000.0,940060000.0,940060000.0,0.0,,,,,0.0,60716000.0,1.0,4077156.0,4099780,4099780.0,229.295,2719395000.0,110733000.0,-4222000.0,72850000.0,663.303,-119948000.0
48,FWLT,MRQ,2002-09-30,2002-09-27,2002-09-27,2019-10-16,-154416000.0,3184409000.0,,1591058000.0,1593351000.0,,-87.112,-35437000.0,521445000.0,521445000.0,857927000.0,-151010000.0,0.98,-9.924,870910000.0,72227000.0,798683000.0,870910000.0,718119000.0,10332000.0,0.0,0.0,0.0,-125806000.0,-115474000.0,-0.142,-115474000.0,-125806000.0,-142710000.0,-36.9,-36.9,-36.9,-356837000.0,,-356837000.0,502974445.0,-1.0,-0.991,97737000.0,23.86,1.0,-43740000.0,-0.054,199933000.0,16904000.0,1711163000.0,,364731000.0,87737000.0,282000.0,87455000.0,3541246000.0,1622778000.0,1918468000.0,66489445.0,98702000.0,0.0,0.0,49762000.0,0.0,49762000.0,-74555000.0,1000.0,133174000.0,-9679000.0,-151010000.0,-151010000.0,-151010000.0,0.0,0.0,-0.185,76912000.0,-120652000.0,694529000.0,0.0,-0.186,-0.088,-0.088,398254000.0,0.0,16.308,0.018,0.018,751029000.0,-444788000.0,814187000.0,814187000.0,0.0,,,,,0.0,53844000.0,1.0,4077156.0,4096300,4096300.0,198.762,2984476000.0,55346000.0,8300000.0,103161000.0,728.578,-31720000.0
49,FWLT,MRQ,2002-06-30,2002-06-28,2002-06-28,2019-10-16,-156262000.0,3227143000.0,,1678688000.0,1548455000.0,,-50.868,-6375000.0,384618000.0,384618000.0,895547000.0,-85996000.0,1.077,-16.494,821103000.0,63506000.0,757597000.0,821103000.0,654986000.0,11189000.0,0.0,0.0,0.0,-66248000.0,-55059000.0,-0.057,-55059000.0,-66248000.0,-81301000.0,-21.0,-21.0,-21.0,-208278000.0,,-208278000.0,571277636.0,-1.0,-1.587,-67415000.0,-16.465,1.0,63354000.0,0.066,200552000.0,15053000.0,1905005000.0,,421153000.0,84429000.0,285000.0,84144000.0,3435421000.0,1558071000.0,1877350000.0,64474636.0,-79154000.0,0.0,0.0,-1633000.0,0.0,-1633000.0,-47151000.0,4000.0,-61040000.0,30670000.0,-85996000.0,-85996000.0,-85996000.0,0.0,0.0,-0.09,123425000.0,-60071000.0,694434000.0,0.0,-0.31,-0.106,-0.107,387144000.0,0.0,15.814,0.018,0.018,882624000.0,-294178000.0,958901000.0,958901000.0,0.0,,,,,0.0,57706000.0,1.0,4077156.0,4094500,4094500.0,234.192,3026591000.0,64363000.0,4695000.0,106783000.0,739.185,120617000.0
50,FWLT,MRQ,2002-03-31,2002-03-29,2002-03-29,2019-10-16,-174489000.0,3293270000.0,,1825949000.0,1467321000.0,,-34.435,-4565000.0,423178000.0,423178000.0,711932000.0,-176110000.0,0.742,-24.372,929981000.0,780857000.0,149124000.0,929981000.0,616103000.0,11514000.0,0.0,0.0,0.0,-153322000.0,-141808000.0,-0.176,-141808000.0,-153322000.0,-170226000.0,-43.0,-43.0,-43.0,-140909000.0,,-140909000.0,898100436.0,-3.0,-3.317,141427000.0,34.562,1.0,94097000.0,0.117,199583000.0,16904000.0,1139998000.0,,445024000.0,77908000.0,268000.0,77640000.0,3434179000.0,2460492000.0,973687000.0,139023436.0,199158000.0,0.0,0.0,66006000.0,0.0,63945000.0,-4776000.0,0.0,145992000.0,-6003000.0,-176110000.0,-176110000.0,-176110000.0,0.0,0.0,-0.218,54258000.0,39839000.0,726953000.0,0.0,-0.987,-0.267,-0.268,388427000.0,0.0,34.098,0.04,0.04,951121000.0,-208582000.0,806029000.0,806029000.0,0.0,,,,,0.0,54258000.0,1.0,4077156.0,4092000,4092000.0,196.977,3093687000.0,56399000.0,5884000.0,99523000.0,756.033,-634543000.0
51,FWLT,MRQ,2001-12-31,2001-12-28,2001-12-28,2019-10-16,-161834000.0,3325837000.0,,1754376000.0,1571461000.0,,-11.846,-62317000.0,224020000.0,224020000.0,1073471000.0,-345102000.0,0.734,-69.653,864267000.0,726412000.0,137855000.0,864267000.0,580766000.0,14185000.0,0.0,0.0,0.0,-209520000.0,-195335000.0,-0.189,-195335000.0,-209520000.0,-227272000.0,-84.4,-84.4,-84.4,-48444000.0,,-48444000.0,947665280.0,-7.0,-10.71,24869000.0,6.081,1.0,-38567000.0,-0.037,274543000.0,17752000.0,1302921000.0,,504128000.0,84785000.0,271000.0,84514000.0,3374281000.0,2388620000.0,985661000.0,188588280.0,56385000.0,0.0,0.0,-34160000.0,1367000.0,-34160000.0,5209000.0,986000.0,87186000.0,-1850000.0,-345102000.0,-345102000.0,-345102000.0,0.0,0.0,-0.333,193190000.0,-231757000.0,408581000.0,0.0,-3.893,-0.561,-0.562,399198000.0,0.0,46.255,0.056,0.056,1011717000.0,-128772000.0,1034904000.0,1034904000.0,0.0,,,,,0.0,66695000.0,1.0,4077156.0,4089400,4013500.0,253.07,3051294000.0,56939000.0,117830000.0,103743000.0,746.147,-634244000.0
52,FWLT,MRQ,2001-09-30,2001-09-28,2001-09-28,2019-10-16,-121984000.0,3512465000.0,,1694440000.0,1818025000.0,,89.687,6947000.0,167635000.0,167635000.0,740408000.0,777000.0,1.342,8.579,926712000.0,41581000.0,885131000.0,926712000.0,446745000.0,13742000.0,0.0,0.0,0.0,18379000.0,32121000.0,0.039,32121000.0,18379000.0,-341000.0,0.2,0.2,0.2,366676000.0,,366676000.0,943317224.0,7.0,5.119,-27540000.0,-6.736,1.0,78744000.0,0.096,277720000.0,18720000.0,2731426000.0,,509351000.0,84980000.0,1265000.0,83715000.0,3145789000.0,1262396000.0,1883393000.0,201483224.0,32086000.0,0.0,0.0,49888000.0,-1367000.0,48521000.0,8459000.0,1550000.0,-34487000.0,9593000.0,777000.0,777000.0,777000.0,0.0,0.0,0.001,46226000.0,32518000.0,648863000.0,0.0,0.549,10.588,10.743,468168000.0,0.0,49.418,0.058,0.059,997498000.0,246498000.0,819152000.0,819152000.0,0.0,,,,,0.0,46226000.0,1.0,4077156.0,4088400,4097100.0,200.36,3234745000.0,173904000.0,-1118000.0,72609000.0,791.201,432044000.0
53,FWLT,MRQ,2001-06-30,2001-06-29,2001-06-29,2019-10-16,-146035000.0,3409679000.0,,1599325000.0,1810354000.0,,83.486,30122000.0,135549000.0,135549000.0,742461000.0,324000.0,1.269,8.988,877383000.0,43104000.0,834279000.0,877383000.0,500240000.0,13950000.0,0.0,0.0,0.0,20290000.0,34240000.0,0.041,34240000.0,20290000.0,4856000.0,0.1,0.1,0.1,341383000.0,,341383000.0,1050581200.0,8.0,5.833,-43189000.0,-10.562,1.0,97722000.0,0.116,279496000.0,15434000.0,2612109000.0,,497104000.0,84233000.0,1449000.0,82784000.0,3068296000.0,1259908000.0,1808388000.0,364756200.0,-23381000.0,0.0,96000.0,24598000.0,-2445000.0,20882000.0,34245000.0,2532000.0,-73311000.0,-5197000.0,324000.0,324000.0,324000.0,0.0,0.0,0.0,60359000.0,37363000.0,603229000.0,0.0,1.068,12.845,12.963,469574000.0,0.0,89.446,0.1,0.1,953289000.0,245256000.0,840183000.0,840183000.0,0.0,,,,,0.0,60359000.0,1.0,4077956.0,4089100,4125100.0,205.469,3130183000.0,167871000.0,4532000.0,66400000.0,765.494,339417000.0
54,FWLT,MRQ,2001-03-31,2001-03-30,2001-03-30,2019-10-16,-136468000.0,3387264000.0,,1557351000.0,1829913000.0,,86.325,-8750000.0,158930000.0,158930000.0,607685000.0,8105000.0,1.171,8.609,844755000.0,120391000.0,724364000.0,844755000.0,474703000.0,13873000.0,0.0,0.0,0.0,10507000.0,24380000.0,0.035,24380000.0,10507000.0,10507000.0,1.9,1.9,1.9,352510000.0,,352510000.0,1325769678.0,11.0,7.664,-76819000.0,-18.812,1.0,90550000.0,0.13,282815000.0,0.0,2460647000.0,,498572000.0,119031000.0,2613000.0,116418000.0,3034754000.0,1329627000.0,1705127000.0,722662678.0,-32963000.0,0.0,494000.0,50872000.0,-3810000.0,47556000.0,-1967000.0,-804000.0,-68069000.0,-10483000.0,8105000.0,8105000.0,8105000.0,0.0,0.0,0.012,51397000.0,39153000.0,638281000.0,0.0,2.05,19.68,19.945,483222000.0,0.0,177.508,0.189,0.189,900912000.0,246912000.0,698235000.0,698235000.0,0.0,,,,,0.0,51397000.0,1.0,4071156.0,4083500,4114500.0,170.989,3104449000.0,143892000.0,2402000.0,48239000.0,760.242,227724000.0
55,FWLT,MRQ,2000-12-31,2000-12-29,2000-12-29,2019-10-16,-118707000.0,3502401000.0,,1622976000.0,1879425000.0,,84.51,27365000.0,191893000.0,191893000.0,973892000.0,9823000.0,1.116,9.154,795000000.0,123355000.0,671645000.0,795000000.0,521277000.0,13785000.0,0.0,0.0,0.0,79746000.0,93531000.0,0.086,93531000.0,79746000.0,12242000.0,2.4,2.4,2.4,344935000.0,,344935000.0,987673510.0,8.0,5.568,76309000.0,18.696,1.0,114868000.0,0.106,288135000.0,67504000.0,2362770000.0,,464329000.0,122367000.0,1816000.0,120551000.0,3157466000.0,1454603000.0,1702863000.0,211384510.0,48307000.0,0.0,-71000.0,-28154000.0,-2444000.0,-33268000.0,14559000.0,3817000.0,48944000.0,18072000.0,9823000.0,9823000.0,9823000.0,0.0,0.0,0.009,102641000.0,12227000.0,405707000.0,0.0,0.613,5.715,5.702,495034000.0,0.0,51.888,0.053,0.053,965404000.0,222096000.0,1088760000.0,1088760000.0,0.0,,,,,0.0,59820000.0,1.0,4073824.0,4081600,4082300.0,266.748,3214266000.0,162252000.0,2419000.0,54188000.0,787.501,168373000.0
56,FWLT,MRQ,2000-09-30,2000-09-29,2000-09-29,2019-10-16,-108677000.0,3302257000.0,,1542374000.0,1759883000.0,,89.28,8701000.0,143586000.0,143586000.0,926574000.0,10145000.0,1.113,8.065,919875000.0,153822000.0,766053000.0,919875000.0,490401000.0,14272000.0,0.0,0.0,0.0,13673000.0,27945000.0,0.027,27945000.0,13673000.0,13673000.0,2.5,2.5,2.5,364305000.0,,364305000.0,1114303917.0,-11.0,-26.627,14610000.0,3.58,1.0,94982000.0,0.093,289643000.0,0.0,2402877000.0,,441828000.0,116897000.0,3041000.0,113856000.0,2937952000.0,1386026000.0,1551926000.0,291911917.0,18136000.0,0.0,0.0,-25219000.0,-2443000.0,-27662000.0,39400000.0,-874000.0,5909000.0,489000.0,10145000.0,10145000.0,10145000.0,0.0,0.0,0.01,53249000.0,41733000.0,664640000.0,0.0,0.801,-2.515,-2.514,617320000.0,0.0,71.656,0.073,0.074,955337000.0,231364000.0,1021556000.0,1021556000.0,0.0,,,,,0.0,53249000.0,1.0,4073824.0,4080500,4081500.0,250.351,3012614000.0,129720000.0,3528000.0,49851000.0,738.295,156348000.0
57,FWLT,MRQ,2000-06-30,2000-06-30,2000-06-30,2019-10-16,-91582000.0,3317210000.0,,1531629000.0,1785581000.0,,91.604,-14760000.0,125450000.0,125450000.0,923123000.0,8647000.0,1.108,7.877,947842000.0,147592000.0,800250000.0,947842000.0,513933000.0,14573000.0,0.0,0.0,0.0,12562000.0,27135000.0,0.027,27135000.0,12562000.0,12562000.0,2.1,2.1,2.1,373698000.0,,373698000.0,1066750538.0,-7.0,-12.626,-104998000.0,-25.738,1.0,99620000.0,0.097,294014000.0,0.0,2463749000.0,,415398000.0,121757000.0,2167000.0,119590000.0,2943512000.0,1381839000.0,1561673000.0,347274538.0,-62265000.0,0.0,0.0,41443000.0,-2443000.0,39000000.0,-10000000.0,12904000.0,-90238000.0,-1027000.0,8647000.0,8647000.0,8647000.0,0.0,0.0,0.008,54940000.0,44680000.0,632462000.0,0.0,0.929,-2.329,-2.329,640767000.0,0.0,85.245,0.089,0.089,990530000.0,223662000.0,1022743000.0,1022743000.0,0.0,,,,,0.0,54940000.0,1.0,4073824.0,4079500,4080800.0,250.703,3023196000.0,121174000.0,3915000.0,45352000.0,741.07,149790000.0
58,FWLT,MRQ,2000-03-31,2000-03-31,2000-03-31,2019-10-16,-89334000.0,3388951000.0,,1586251000.0,1802700000.0,,90.676,-10410000.0,187715000.0,187715000.0,741558000.0,8372000.0,1.093,8.166,907191000.0,103873000.0,803318000.0,907191000.0,613817000.0,15086000.0,0.0,0.0,0.0,13689000.0,28775000.0,0.034,28775000.0,13689000.0,13689000.0,2.1,2.1,2.1,369742000.0,,369742000.0,998897731.0,-7.0,-11.261,8231000.0,2.019,1.0,94738000.0,0.113,296917000.0,0.0,2360067000.0,,441646000.0,128283000.0,15071000.0,113212000.0,3019209000.0,1451443000.0,1567766000.0,271650731.0,17447000.0,0.0,-83000.0,11823000.0,-2443000.0,9297000.0,-5711000.0,-617000.0,18641000.0,-4780000.0,8372000.0,8372000.0,8372000.0,0.0,0.0,0.01,54101000.0,40637000.0,621221000.0,0.0,0.735,-1.783,-1.784,637428000.0,0.0,66.714,0.072,0.072,945781000.0,217458000.0,836296000.0,836296000.0,0.0,,,,,0.0,54101000.0,1.0,4071885.0,4077623,34.0,205.094,3092034000.0,117447000.0,5317000.0,64035000.0,758.293,134808000.0
59,FWLT,MRQ,1999-12-31,1999-12-31,1999-12-31,2019-10-16,-77219000.0,3438109000.0,,1615096000.0,1823013000.0,,92.213,-22906000.0,170268000.0,170268000.0,990196000.0,-143243000.0,1.098,8.147,897515000.0,83046000.0,814469000.0,897515000.0,610023000.0,15312000.0,0.0,0.0,0.0,-141015000.0,-125703000.0,-0.115,-125703000.0,-141015000.0,-196047000.0,-35.2,-35.2,-35.2,375863000.0,,375863000.0,949971086.0,-7.0,-12.225,16081000.0,3.945,1.0,105943000.0,0.097,301494000.0,55032000.0,2392310000.0,,420033000.0,125708000.0,17053000.0,108655000.0,3062246000.0,1471552000.0,1590694000.0,357232086.0,-15216000.0,0.0,0.0,157846000.0,-2444000.0,-18161000.0,-33474000.0,13548000.0,38987000.0,-2568000.0,-143243000.0,-143243000.0,-143243000.0,0.0,0.0,-0.131,319724000.0,-213781000.0,385012000.0,0.0,0.95,-2.457,-2.457,648199000.0,0.0,87.716,0.091,0.091,1014424000.0,211529000.0,1096139000.0,1096139000.0,0.0,,,,,0.0,63070000.0,1.0,4072589.0,4076045,4076045.0,268.922,3136615000.0,126402000.0,-52804000.0,66960000.0,769.524,143544000.0
60,FWLT,MRQ,1999-09-30,1999-09-24,1999-09-24,2019-10-16,-65681000.0,3326263000.0,,1726534000.0,1599729000.0,,130.395,95037000.0,185484000.0,185484000.0,877476000.0,-22910000.0,1.19,5.261,778223000.0,73655000.0,704568000.0,778223000.0,636261000.0,14923000.0,0.0,0.0,0.0,-29620000.0,-14697000.0,-0.015,-14697000.0,-29620000.0,-29620000.0,-5.6,-5.6,-5.6,531300000.0,,531300000.0,1173253862.0,44.0,13.478,101049000.0,24.8,1.0,78718000.0,0.082,275375000.0,0.0,2192156000.0,,450088000.0,134439000.0,26216000.0,108223000.0,2794963000.0,1451471000.0,1343492000.0,475470862.0,13949000.0,0.0,0.0,-103316000.0,-2443000.0,-105759000.0,112676000.0,7876000.0,6012000.0,1020000.0,-22910000.0,-22910000.0,-22910000.0,0.0,0.0,-0.024,60886000.0,17832000.0,642799000.0,0.0,0.895,32.807,32.43,643928000.0,0.0,116.749,0.112,0.112,1052299000.0,355486000.0,956194000.0,956194000.0,0.0,,,,,0.0,60886000.0,1.0,4072589.0,4074558,4074558.0,234.674,3050888000.0,104703000.0,-6710000.0,113102000.0,748.765,275063000.0
61,FWLT,MRQ,1999-06-30,1999-06-25,1999-06-25,2019-10-16,-73924000.0,3246865000.0,,1594503000.0,1652362000.0,,134.638,-25309000.0,171535000.0,171535000.0,788295000.0,5385000.0,1.115,4.921,869318000.0,193580000.0,675738000.0,869318000.0,531381000.0,11979000.0,0.0,0.0,0.0,10945000.0,22924000.0,0.026,22924000.0,10945000.0,10945000.0,1.3,1.3,1.3,548410000.0,,548410000.0,1197856727.0,32.0,12.227,-46992000.0,-11.537,1.0,85468000.0,0.098,277039000.0,0.0,2237662000.0,,458179000.0,139584000.0,34094000.0,105490000.0,2698455000.0,1429947000.0,1268508000.0,548426727.0,5031000.0,0.0,0.0,-118699000.0,-8548000.0,41931000.0,-4815000.0,16379000.0,-21683000.0,-10402000.0,5385000.0,5385000.0,5385000.0,0.0,0.0,0.006,59043000.0,26425000.0,641057000.0,0.0,1.0,-14.883,-14.963,690750000.0,0.0,134.663,0.125,0.125,952675000.0,380839000.0,873763000.0,873763000.0,0.0,,,,,0.0,59043000.0,1.0,4072589.0,4073214,1062.0,214.514,2969826000.0,64841000.0,5560000.0,93749000.0,729.111,164556000.0
62,FWLT,MRQ,1999-03-31,1999-03-26,1999-03-26,2019-10-16,-61212000.0,3306759000.0,,1646589000.0,1660170000.0,,138.543,-32339000.0,166504000.0,166504000.0,913229000.0,15403000.0,1.137,4.86,815934000.0,118870000.0,697064000.0,815934000.0,576739000.0,18234000.0,0.0,0.0,0.0,21534000.0,39768000.0,0.039,39768000.0,21534000.0,21534000.0,3.8,3.8,3.8,564285000.0,,564285000.0,1427268387.0,30.0,12.787,-61275000.0,-15.044,1.0,104749000.0,0.103,280849000.0,0.0,2226920000.0,,431698000.0,146810000.0,46389000.0,100421000.0,2742474000.0,1448420000.0,1294054000.0,482809387.0,-13564000.0,0.0,-860000.0,43022000.0,-8548000.0,33614000.0,-14088000.0,6120000.0,-28936000.0,-4154000.0,15403000.0,15403000.0,15403000.0,0.0,0.0,0.015,55212000.0,49537000.0,673323000.0,0.0,0.856,-16.429,-16.705,682770000.0,0.0,118.602,0.105,0.106,1010582000.0,384002000.0,1017978000.0,1017978000.0,0.0,,,,,0.0,55212000.0,1.0,4070830.0,4072984,5.0,249.934,3025910000.0,68428000.0,6131000.0,104293000.0,742.922,198169000.0
63,FWLT,MRQ,1998-12-31,1998-12-25,1998-12-25,2019-10-16,-46349000.0,3322301000.0,,1672842000.0,1649459000.0,,140.509,-32713000.0,180068000.0,180068000.0,1280658000.0,16615000.0,1.121,4.807,962527000.0,126802000.0,835725000.0,962527000.0,563271000.0,14964000.0,0.0,0.0,0.0,24093000.0,39057000.0,0.028,39057000.0,24093000.0,24093000.0,4.1,4.1,4.1,572118000.0,,572118000.0,1475113127.0,31.0,13.686,-8415000.0,-2.067,1.0,122907000.0,0.088,285245000.0,0.0,2327849000.0,,478481000.0,157050000.0,61223000.0,95827000.0,2750183000.0,1491666000.0,1258517000.0,530699127.0,54708000.0,-7462000.0,0.0,54316000.0,-8547000.0,45769000.0,-8109000.0,4715000.0,24298000.0,-7250000.0,16615000.0,16615000.0,16615000.0,0.0,0.0,0.012,121422000.0,1485000.0,434969000.0,0.0,0.928,-16.844,-16.927,676786000.0,0.0,130.339,0.115,0.115,960617000.0,377147000.0,1403565000.0,1403565000.0,0.0,,,,,0.0,74408000.0,1.0,4071686.0,4071763,4071763.0,344.707,3037056000.0,70359000.0,7478000.0,112110000.0,745.882,181176000.0
64,FWLT,MRQ,1998-09-30,1998-09-25,1998-09-25,2019-10-16,-38466000.0,3409283000.0,,1576550000.0,1832733000.0,,140.431,-42627000.0,125360000.0,125360000.0,994091000.0,-74251000.0,0.909,4.961,1069774000.0,435760000.0,634014000.0,1069774000.0,535689000.0,15284000.0,0.0,0.0,0.0,-19068000.0,-3784000.0,-0.003,-3784000.0,-19068000.0,-19068000.0,-18.2,-18.2,-18.2,571929000.0,,571929000.0,1460458534.0,64.0,17.43,-65366000.0,-16.05,1.0,110963000.0,0.1,287507000.0,0.0,2332018000.0,,478246000.0,200262000.0,66083000.0,134179000.0,2837354000.0,1734172000.0,1103182000.0,561156534.0,-19022000.0,7462000.0,-291000.0,21236000.0,-8547000.0,12398000.0,-21763000.0,8201000.0,-22739000.0,13082000.0,-74251000.0,-74251000.0,-74251000.0,0.0,0.0,-0.067,62094000.0,48869000.0,646754000.0,0.0,0.981,-11.15,-11.291,863817000.0,0.0,137.752,0.132,0.132,913113000.0,369079000.0,1105054000.0,1105054000.0,0.0,,,,,0.0,62094000.0,1.0,4073686.0,4072675,4072675.0,271.334,3121776000.0,67725000.0,55183000.0,111725000.0,766.517,-157622000.0
65,FWLT,MRQ,1998-06-30,1998-06-26,1998-06-26,2019-10-16,-64755000.0,3407891000.0,,1554170000.0,1853721000.0,,153.237,-44010000.0,144382000.0,144382000.0,949674000.0,12845000.0,1.107,4.459,1043684000.0,115415000.0,928269000.0,1043684000.0,518463000.0,15037000.0,0.0,0.0,0.0,21540000.0,36577000.0,0.035,36577000.0,21540000.0,21540000.0,3.2,3.2,3.2,624236000.0,,624236000.0,1657619374.0,-209.0,31.436,-100137000.0,-24.581,1.0,100945000.0,0.096,294419000.0,0.0,2609218000.0,,478130000.0,204537000.0,69764000.0,134773000.0,2783655000.0,1403556000.0,1380099000.0,868114374.0,2906000.0,0.0,51000.0,112561000.0,-8539000.0,104073000.0,-32510000.0,14577000.0,-56127000.0,-12530000.0,12845000.0,12845000.0,12845000.0,0.0,0.0,0.012,60485000.0,40460000.0,629189000.0,0.0,1.391,-78.541,-81.967,855220000.0,0.0,213.113,0.207,0.207,875228000.0,447384000.0,1050619000.0,1050619000.0,0.0,,,,,0.0,60485000.0,1.0,4073486.0,4073675,746.0,257.904,3113472000.0,65122000.0,8695000.0,67368000.0,764.291,150614000.0
66,FWLT,MRQ,1998-03-31,1998-03-27,1998-03-27,2019-10-16,-56680000.0,3295471000.0,,1476975000.0,1818496000.0,,152.317,-12169000.0,141476000.0,141476000.0,941834000.0,13285000.0,1.06,4.311,930981000.0,96053000.0,834928000.0,930981000.0,555957000.0,14709000.0,0.0,0.0,0.0,21224000.0,35933000.0,0.035,35933000.0,21224000.0,21224000.0,3.3,3.3,3.3,620461000.0,,620461000.0,1990362264.0,-60.0,70.937,-16690000.0,-4.097,1.0,95920000.0,0.092,296213000.0,0.0,2394796000.0,,399874000.0,209571000.0,83074000.0,126497000.0,2675010000.0,1393967000.0,1281043000.0,1214835264.0,-25941000.0,0.0,0.0,-10339000.0,-8562000.0,-18901000.0,-11775000.0,2518000.0,-4521000.0,9256000.0,13285000.0,13285000.0,13285000.0,0.0,0.0,0.013,56414000.0,39506000.0,615826000.0,0.0,1.958,-44.129,-44.531,822834000.0,0.0,298.359,0.287,0.287,867593000.0,435585000.0,1037754000.0,1037754000.0,0.0,,,,,0.0,56414000.0,1.0,4071727.0,4073486,4074210.0,254.758,2999258000.0,65727000.0,7939000.0,61345000.0,736.288,83008000.0
67,FWLT,MRQ,1997-12-31,1997-12-26,1997-12-26,2019-10-16,-48887000.0,3357700000.0,,1545271000.0,1812429000.0,,156.01,70577000.0,167417000.0,167417000.0,958964000.0,-2207000.0,1.094,4.283,942944000.0,87276000.0,855668000.0,942944000.0,578474000.0,15837000.0,0.0,0.0,0.0,-775000.0,15062000.0,0.014,15062000.0,-775000.0,-775000.0,-0.5,-0.5,-0.5,635517000.0,,635517000.0,,,,61075000.0,14.993,1.0,87661000.0,0.084,298217000.0,0.0,2422708000.0,,415186000.0,219517000.0,91888000.0,127629000.0,2722183000.0,1412302000.0,1309881000.0,1094106229.0,25005000.0,-9682000.0,89000.0,12890000.0,-8550000.0,4429000.0,27400000.0,20061000.0,-9502000.0,2678000.0,-2207000.0,-2207000.0,-2207000.0,0.0,0.0,-0.002,60674000.0,26987000.0,380016000.0,0.0,1.722,194.542,191.934,824452000.0,0.0,268.708,0.262,0.262,885728000.0,442848000.0,1046625000.0,1046625000.0,0.0,,,,,0.0,60674000.0,1.0,4071727.0,4073575,4079332.0,256.93,3059483000.0,59171000.0,1432000.0,55675000.0,751.056,132969000.0
68,FWLT,MRQ,1997-09-30,1997-09-26,1997-09-26,2019-10-16,,,,,,,,-62392000.0,,,1019165000.0,-34976000.0,,,,,,,,15088000.0,,0.0,0.0,-49930000.0,-34842000.0,-0.033,-34842000.0,-49930000.0,-49930000.0,-8.6,-8.6,-8.6,,,,,,,-80019000.0,-19.667,1.0,30624000.0,0.029,,0.0,,,,,,,,,,,-125855000.0,0.0,2519000.0,-2452000.0,-8544000.0,-8477000.0,-94437000.0,-31727000.0,-17627000.0,-5314000.0,-34976000.0,-34976000.0,-34976000.0,0.0,0.0,-0.033,63368000.0,-32744000.0,,0.0,,,,,0.0,434.875,,,,,1049789000.0,1049789000.0,0.0,,,,,0.0,63368000.0,1.0,,4068757,4068757.0,258.012,,,-14954000.0,,,
69,FWLT,MRQ,1997-06-30,1997-06-27,1997-06-27,2019-10-16,,,,,,,,-35399000.0,,,999686000.0,-3631000.0,,,,,,,,15378000.0,,0.0,0.0,-3473000.0,11905000.0,0.011,11905000.0,-3473000.0,-3473000.0,-0.9,-0.9,-0.9,,,,,,,-44969000.0,-11.064,1.0,97435000.0,0.089,,0.0,,,,,,,,,,,57405000.0,195283000.0,99000.0,-118860000.0,-8531000.0,-127292000.0,195996000.0,78305000.0,-9570000.0,-1729000.0,-3631000.0,-3631000.0,-3631000.0,0.0,0.0,-0.003,73067000.0,24368000.0,,0.0,,,,,0.0,399.047,,,,,1097121000.0,1097121000.0,0.0,,,,,0.0,73067000.0,1.0,,4064317,4064317.0,269.94,,,158000.0,,,
70,FWLT,MRQ,1997-03-31,1997-03-28,1997-03-28,2019-10-16,,,,,,,,-32965000.0,,,854515000.0,20221000.0,,,,,,,,15707000.0,,0.0,0.0,33361000.0,49068000.0,0.05,49068000.0,33361000.0,33361000.0,5.0,5.0,5.0,,,,,,,-109476000.0,-26.937,1.0,123964000.0,0.127,,0.0,,,,,,,,,,,-56287000.0,0.0,53000.0,116145000.0,-8328000.0,107870000.0,-74445000.0,-37279000.0,-76511000.0,-13201000.0,20221000.0,20221000.0,20221000.0,0.0,0.0,0.021,70917000.0,53047000.0,,0.0,,,,,0.0,355.807,,,,,978479000.0,978479000.0,0.0,,,,,0.0,70917000.0,1.0,,4064151,4078155.0,240.759,,,13140000.0,,,
71,FWLT,MRQ,1996-12-31,1996-12-26,1996-12-26,2019-10-16,-20545000.0,3510334000.0,,1762448000.0,1747886000.0,,169.728,,267149000.0,267149000.0,,,1.222,4.095,881321000.0,85042000.0,796279000.0,881321000.0,562984000.0,,0.0,0.0,0.0,,,,,,,,,,688958000.0,,688958000.0,,,,,,1.0,,,331463000.0,,2351149000.0,,403515000.0,210905000.0,137180000.0,73725000.0,2821376000.0,1441894000.0,1379482000.0,,,,,,,,,,,,,,,,,,,,359503000.0,,,,18.501,724779000.0,,375.574,,0.377,960081000.0,471177000.0,,,,,,,,,,1.0,,4059200,,,3178871000.0,42415000.0,,72030000.0,783.127,320554000.0
0,FWLT,MRT,2014-09-30,2014-09-30,2014-09-30,2019-10-16,-542490000.0,2520915000.0,2660687250.0,1469136000.0,1051779000.0,1.239,8.349,-23741000.0,508075000.0,508075000.0,2782398000.0,90223000.0,1.421,1.968,112346000.0,15867000.0,96479000.0,112346000.0,481211000.0,59281000.0,0.0,0.0,0.0,148231000.0,207512000.0,0.063,207512000.0,148231000.0,138649000.0,0.92,0.91,0.92,835567000.0,800681500.0,835567000.0,2727488898.0,18.0,13.144,3326000.0,0.033,1.0,513862000.0,0.156,264885000.0,9582000.0,826063000.0,790380500.0,237249000.0,165846000.0,0.0,165846000.0,1644533000.0,1034238000.0,610295000.0,3164442898.0,-49471000.0,-1384000.0,33201000.0,-13922000.0,0.0,-29930000.0,-31182000.0,0.0,27067000.0,-15426000.0,90930000.0,90930000.0,90930000.0,0.0,-707000.0,0.028,419345000.0,94517000.0,243589000.0,0.0,3.787,34.801,34.37,253537000.0,0.0,31.62,0.96,0.96,708264000.0,1061261000.0,3296260000.0,3296260000.0,0.0,0.034,0.114,0.188,0.045,18790000.0,337340000.0,1.0,100077258.0,100077258,,32.937,2256030000.0,94713000.0,47719000.0,79984000.0,22.543,434898000.0
1,FWLT,MRT,2014-06-30,2014-06-30,2014-06-30,2019-10-16,-507515000.0,2659567000.0,2692692000.0,1576780000.0,1082787000.0,1.203,8.454,-23205000.0,555827000.0,555827000.0,2701789000.0,114606000.0,1.386,2.107,118873000.0,16398000.0,102475000.0,118873000.0,539729000.0,57916000.0,0.0,0.0,0.0,176164000.0,234080000.0,0.072,234080000.0,176164000.0,165863000.0,1.19,1.17,1.19,842987000.0,771190750.0,842987000.0,2941510756.0,17.0,12.566,71672000.0,0.719,1.0,536576000.0,0.166,279307000.0,10301000.0,805390000.0,790909500.0,201725000.0,166738000.0,0.0,166738000.0,1776188000.0,1137916000.0,638272000.0,3397231756.0,103799000.0,33655000.0,34827000.0,-13631000.0,0.0,-27309000.0,27408000.0,0.0,94877000.0,8823000.0,116103000.0,116103000.0,116103000.0,-1760000.0,-1497000.0,0.036,418965000.0,117611000.0,278066000.0,0.0,4.03,29.26,28.63,270913000.0,0.0,34.07,1.049,1.049,778020000.0,1035821000.0,3238365000.0,3238365000.0,0.0,0.043,0.151,0.223,0.054,18645000.0,342743000.0,1.0,99713289.0,99713289,,32.477,2380260000.0,102149000.0,49760000.0,87190000.0,23.871,438864000.0
2,FWLT,MRT,2014-03-31,2014-03-31,2014-03-31,2019-10-16,-514070000.0,2721995000.0,2668841000.0,1605303000.0,1116692000.0,1.218,7.814,-25632000.0,581447000.0,581447000.0,2694867000.0,99742000.0,1.344,2.471,125726000.0,12696000.0,113030000.0,125726000.0,635383000.0,56547000.0,0.0,0.0,0.0,168233000.0,224780000.0,0.069,224780000.0,168233000.0,157932000.0,1.04,1.03,1.04,774073000.0,722180500.0,774073000.0,2661233214.0,16.0,11.839,159158000.0,1.607,1.0,555138000.0,0.171,277612000.0,10301000.0,793844000.0,801000000.0,201034000.0,181736000.0,0.0,181736000.0,1912583000.0,1194818000.0,717765000.0,3174058214.0,52151000.0,9668000.0,-95950000.0,-14870000.0,0.0,-119347000.0,-20433000.0,-121000.0,184790000.0,7141000.0,101208000.0,101208000.0,101208000.0,-4143000.0,-1466000.0,0.031,419624000.0,135514000.0,248442000.0,0.0,4.1,31.362,30.81,274667000.0,0.0,32.042,0.977,0.977,790586000.0,950227000.0,3250005000.0,3250005000.0,0.0,0.038,0.14,0.21,0.052,18504000.0,349397000.0,1.0,99058160.0,99058160,,32.809,2444383000.0,109101000.0,56724000.0,77337000.0,24.676,410485000.0
3,FWLT,MRT,2013-12-31,2013-12-31,2013-12-31,2019-10-16,-509317000.0,2740272000.0,2638350500.0,1583741000.0,1156531000.0,1.253,7.623,-27725000.0,639057000.0,639057000.0,2747401000.0,101107000.0,1.311,2.587,126232000.0,12513000.0,113719000.0,126232000.0,569652000.0,57574000.0,0.0,0.0,0.0,162560000.0,220134000.0,0.067,220134000.0,162560000.0,149333000.0,0.97,0.96,0.97,750099000.0,700734250.0,750099000.0,2788324424.0,17.0,12.666,164295000.0,1.67,1.0,559049000.0,0.169,283264000.0,13227000.0,736225000.0,816502250.0,197232000.0,181315000.0,0.0,181315000.0,1940443000.0,1207958000.0,732485000.0,3209159424.0,-26132000.0,-15058000.0,-130975000.0,-14856000.0,0.0,-158582000.0,-58635000.0,0.0,192020000.0,-935000.0,97167000.0,97167000.0,97167000.0,0.0,3940000.0,0.029,422510000.0,136539000.0,282403000.0,0.0,4.278,33.027,33.624,279981000.0,0.0,32.616,0.971,0.971,744092000.0,933160000.0,3306450000.0,3306450000.0,0.0,0.037,0.139,0.199,0.049,18853000.0,357682000.0,1.0,98393359.0,98393359,,33.604,2457008000.0,112563000.0,52166000.0,78792000.0,24.971,375783000.0
4,FWLT,MRT,2013-09-30,2013-09-30,2013-09-30,2019-10-16,-562766000.0,2648934000.0,2636763500.0,1519266000.0,1129668000.0,1.208,7.313,-30100000.0,551731000.0,551731000.0,2602097000.0,147618000.0,1.365,2.627,130896000.0,13783000.0,117113000.0,130896000.0,527642000.0,57521000.0,0.0,0.0,0.0,204203000.0,261724000.0,0.082,261724000.0,204203000.0,195208000.0,1.41,1.41,1.41,717604000.0,691707000.0,717604000.0,2219532101.0,11.0,8.48,66293000.0,0.676,1.0,583326000.0,0.183,286953000.0,8995000.0,828179000.0,835524500.0,207809000.0,192253000.0,0.0,192253000.0,1885042000.0,1112967000.0,772075000.0,2554733101.0,-212241000.0,-85452000.0,-185821000.0,-14579000.0,0.0,-218935000.0,-89471000.0,0.0,96393000.0,-228000.0,140633000.0,140633000.0,140633000.0,-4143000.0,6985000.0,0.044,399747000.0,183579000.0,277627000.0,0.0,3.56,18.166,18.463,280245000.0,0.0,26.033,0.802,0.802,724213000.0,970331000.0,3185423000.0,3185423000.0,0.0,0.053,0.203,0.244,0.064,19442000.0,353804000.0,1.0,98133694.0,98133694,,32.46,2361981000.0,106668000.0,54575000.0,85112000.0,24.069,406299000.0
5,FWLT,MRT,2013-06-30,2013-06-30,2013-06-30,2019-10-16,-577456000.0,2564163000.0,2670643000.0,1441684000.0,1122479000.0,1.191,6.46,-36197000.0,464155000.0,464155000.0,2596813000.0,159751000.0,1.303,2.891,128954000.0,13262000.0,115692000.0,128954000.0,518192000.0,55667000.0,0.0,0.0,0.0,210617000.0,266284000.0,0.084,266284000.0,210617000.0,201813000.0,1.43,1.44,1.43,646946000.0,710056750.0,646946000.0,1763449035.0,8.0,6.622,42616000.0,0.426,1.0,584080000.0,0.184,276766000.0,8804000.0,845752000.0,821924000.0,200297000.0,170641000.0,0.0,170641000.0,1870525000.0,1106444000.0,764081000.0,2148761035.0,-352521000.0,-121388000.0,-228057000.0,-18546000.0,0.0,-263813000.0,-170818000.0,0.0,78813000.0,3297000.0,148242000.0,148242000.0,148242000.0,-2383000.0,11509000.0,0.047,392989000.0,191091000.0,315447000.0,0.0,3.321,14.495,15.005,280182000.0,0.0,21.457,0.676,0.676,739024000.0,919718000.0,3180893000.0,3180893000.0,0.0,0.056,0.209,0.256,0.066,20441000.0,345778000.0,1.0,100142099.0,100142099,,31.764,2287397000.0,101973000.0,53571000.0,81232000.0,22.842,335240000.0
6,FWLT,MRT,2013-03-31,2013-03-31,2013-03-31,2019-10-16,-577933000.0,2600033000.0,2714883750.0,1490873000.0,1109160000.0,1.199,6.588,-34904000.0,520026000.0,520026000.0,2684542000.0,123158000.0,1.351,2.714,134714000.0,13386000.0,121328000.0,134714000.0,537518000.0,52556000.0,0.0,0.0,0.0,173998000.0,226554000.0,0.07,226554000.0,173998000.0,160945000.0,1.01,1.02,1.01,688288000.0,736297000.0,688288000.0,1851724267.0,11.0,8.173,91980000.0,0.88,1.0,569406000.0,0.175,254951000.0,13053000.0,855853000.0,789209250.0,242919000.0,205313000.0,0.0,205313000.0,1868172000.0,1103917000.0,764255000.0,2359369267.0,-173188000.0,-96401000.0,-113089000.0,-16956000.0,0.0,-147252000.0,-137834000.0,1376000.0,126884000.0,-14986000.0,108402000.0,108402000.0,108402000.0,0.0,14756000.0,0.033,407624000.0,161782000.0,284260000.0,0.0,3.428,21.765,22.36,321859000.0,0.0,22.584,0.725,0.725,682264000.0,849019000.0,3253948000.0,3253948000.0,0.0,0.04,0.147,0.22,0.053,21315000.0,341266000.0,1.0,104471572.0,104471572,,31.147,2345082000.0,98100000.0,52543000.0,100355000.0,22.447,386956000.0
7,FWLT,MRT,2012-12-31,2012-12-31,2012-12-31,2019-10-16,-567603000.0,2733924000.0,2748518750.0,1613542000.0,1120382000.0,1.234,6.733,-34687000.0,644511000.0,644511000.0,2801351000.0,149896000.0,1.372,2.756,137706000.0,13672000.0,124034000.0,137706000.0,564356000.0,50234000.0,0.0,0.0,0.0,212086000.0,262320000.0,0.077,262320000.0,212086000.0,198289000.0,1.27,1.27,1.27,713990000.0,748354500.0,713990000.0,1902371712.0,9.0,7.252,58614000.0,0.553,1.0,590043000.0,0.174,238618000.0,13797000.0,812314000.0,786311750.0,228979000.0,205476000.0,0.0,205476000.0,1967937000.0,1176187000.0,791750000.0,2548747712.0,-135727000.0,-65471000.0,-90169000.0,-17010000.0,0.0,-125578000.0,-117392000.0,1255000.0,93301000.0,13942000.0,136022000.0,136022000.0,136022000.0,0.0,13874000.0,0.04,399181000.0,190862000.0,298411000.0,0.0,3.57,18.738,18.927,285402000.0,0.0,24.037,0.752,0.752,710313000.0,835993000.0,3391394000.0,3391394000.0,0.0,0.049,0.182,0.27,0.063,21623000.0,334075000.0,1.0,106035631.0,106035631,,31.984,2495306000.0,99456000.0,62267000.0,105881000.0,23.533,437355000.0
8,FWLT,MRT,2012-09-30,2012-09-30,2012-09-30,2019-10-16,-518004000.0,2784452000.0,2718507750.0,1689099000.0,1095353000.0,1.388,7.333,-29731000.0,788332000.0,788332000.0,3189754000.0,181365000.0,1.424,2.449,141956000.0,12874000.0,129082000.0,141956000.0,573815000.0,42694000.0,0.0,0.0,0.0,241975000.0,284669000.0,0.075,284669000.0,241975000.0,228622000.0,1.55,1.55,1.55,791003000.0,741793750.0,791003000.0,1891956926.0,8.0,6.646,53304000.0,0.494,1.0,583222000.0,0.155,177973000.0,13353000.0,773777000.0,764072750.0,246414000.0,202717000.0,0.0,202717000.0,1937364000.0,1186326000.0,751038000.0,2554411926.0,-252369000.0,-25156000.0,-219421000.0,-15588000.0,0.0,-248573000.0,-85929000.0,2570000.0,83035000.0,-902000.0,168972000.0,168972000.0,168972000.0,0.0,12393000.0,0.045,386593000.0,196629000.0,321100000.0,0.0,3.229,15.117,15.278,340100000.0,0.0,23.681,0.677,0.677,630458000.0,829698000.0,3772976000.0,3772976000.0,0.0,0.062,0.228,0.317,0.064,22499000.0,326115000.0,1.0,107867980.0,107867980,,34.978,2606479000.0,93850000.0,59650000.0,91195000.0,24.164,502773000.0
9,FWLT,MRT,2012-06-30,2012-06-30,2012-06-30,2019-10-16,-534323000.0,2741126000.0,2733299000.0,1701813000.0,1039313000.0,1.503,6.974,-24966000.0,802643000.0,802643000.0,3542470000.0,161776000.0,1.436,2.578,140188000.0,12610000.0,127578000.0,140188000.0,571591000.0,42737000.0,0.0,0.0,0.0,220205000.0,262942000.0,0.064,262942000.0,220205000.0,206970000.0,1.32,1.32,1.32,751907000.0,768601500.0,751907000.0,1305049455.0,6.0,4.963,102360000.0,0.949,1.0,565066000.0,0.138,178336000.0,13235000.0,714893000.0,751058000.0,212209000.0,193474000.0,0.0,193474000.0,1938236000.0,1185442000.0,752794000.0,1840170455.0,-269974000.0,-24260000.0,-259518000.0,-11779000.0,0.0,-285836000.0,-49137000.0,-291000.0,127326000.0,-62327000.0,147608000.0,147608000.0,147608000.0,0.0,14168000.0,0.036,384286000.0,180780000.0,343758000.0,0.0,2.447,12.467,12.931,333519000.0,0.0,17.069,0.448,0.448,623589000.0,771476000.0,4107536000.0,4107536000.0,0.0,0.054,0.192,0.293,0.054,22511000.0,323707000.0,1.0,107808822.0,107808822,,38.1,2562790000.0,90216000.0,59362000.0,79323000.0,23.772,516371000.0
10,FWLT,MRT,2012-03-31,2012-03-31,2012-03-31,2019-10-16,-515125000.0,2734573000.0,2810175250.0,1651747000.0,1082826000.0,1.55,6.835,-22334000.0,686465000.0,686465000.0,3775207000.0,194495000.0,1.413,2.65,151344000.0,13004000.0,138340000.0,151344000.0,598845000.0,44900000.0,0.0,0.0,0.0,258586000.0,303486000.0,0.07,303486000.0,258586000.0,246173000.0,1.55,1.55,1.55,736518000.0,825437500.0,736518000.0,1810785064.0,7.0,5.967,26881000.0,0.249,1.0,579745000.0,0.133,186391000.0,12413000.0,844263000.0,761509000.0,209487000.0,213991000.0,1334000.0,212657000.0,1951847000.0,1168798000.0,783049000.0,2423817064.0,-453919000.0,-23257000.0,-387750000.0,-12665000.0,0.0,-414955000.0,-54093000.0,-1546000.0,49215000.0,-34086000.0,180058000.0,180058000.0,180058000.0,0.0,14437000.0,0.041,372233000.0,207512000.0,300380000.0,0.0,3.291,13.461,14.513,344876000.0,0.0,22.495,0.557,0.557,680674000.0,740617000.0,4354952000.0,4354952000.0,0.0,0.064,0.218,0.34,0.059,21965000.0,318820000.0,1.0,107749674.0,107749674,,40.417,2548182000.0,89253000.0,66115000.0,80928000.0,23.649,482949000.0
11,FWLT,MRT,2011-12-31,2011-12-31,2011-12-31,2019-10-16,-530068000.0,2613880000.0,2903240750.0,1523187000.0,1090693000.0,1.536,5.882,-26219000.0,762143000.0,762143000.0,3918440000.0,176728000.0,1.396,2.724,149111000.0,12683000.0,136428000.0,149111000.0,550746000.0,44551000.0,0.0,0.0,0.0,233773000.0,278324000.0,0.062,278324000.0,233773000.0,220897000.0,1.35,1.35,1.35,687747000.0,891401750.0,687747000.0,1359716723.0,6.0,4.885,159527000.0,1.364,1.0,539668000.0,0.121,186506000.0,12876000.0,723358000.0,740185500.0,166648000.0,212403000.0,1294000.0,211109000.0,1873215000.0,1090984000.0,782231000.0,2211872723.0,-339114000.0,-29374000.0,-397480000.0,-12530000.0,0.0,-421302000.0,-75489000.0,-1546000.0,185746000.0,-28069000.0,162383000.0,162383000.0,162383000.0,0.0,14345000.0,0.036,363249000.0,176419000.0,250821000.0,0.0,3.216,13.621,14.013,341987000.0,0.0,18.917,0.496,0.496,531689000.0,699971000.0,4458108000.0,4458108000.0,0.0,0.056,0.182,0.316,0.052,21849000.0,309380000.0,1.0,116924823.0,116924823,,38.128,2427374000.0,88098000.0,58514000.0,84267000.0,20.76,432203000.0
12,FWLT,MRT,2011-09-30,2011-09-30,2011-09-30,2019-10-16,-438559000.0,2843617000.0,3014890000.0,1790452000.0,1053165000.0,1.514,7.458,-31337000.0,1009829000.0,1009829000.0,4036072000.0,171919000.0,1.6,2.102,157673000.0,12599000.0,145074000.0,157673000.0,670624000.0,54159000.0,0.0,0.0,0.0,230625000.0,284784000.0,0.062,284784000.0,230625000.0,217555000.0,1.28,1.27,1.28,898234000.0,961388250.0,898234000.0,1205115686.0,5.0,4.232,193080000.0,1.603,1.0,527855000.0,0.116,150518000.0,13070000.0,721718000.0,753026250.0,167268000.0,209688000.0,2699000.0,206989000.0,1888168000.0,1119225000.0,768943000.0,2117707686.0,-78414000.0,-2218000.0,-205178000.0,-19022000.0,0.0,-234478000.0,-45721000.0,2485000.0,224417000.0,-22632000.0,155907000.0,155907000.0,155907000.0,0.0,16012000.0,0.034,364950000.0,162905000.0,203151000.0,0.0,2.358,13.583,13.737,352749000.0,0.0,17.583,0.464,0.464,563669000.0,660726000.0,4563927000.0,4563927000.0,0.0,0.052,0.162,0.306,0.051,23501000.0,319218000.0,1.0,120442142.0,120442142,,37.893,2693099000.0,75005000.0,61648000.0,82363000.0,22.36,671227000.0
13,FWLT,MRT,2011-06-30,2011-06-30,2011-06-30,2019-10-16,-397785000.0,3048631000.0,3078423250.0,1954631000.0,1094000000.0,1.409,7.903,-31117000.0,1078268000.0,1078268000.0,3805069000.0,185807000.0,1.598,2.059,165676000.0,13435000.0,152241000.0,165676000.0,685037000.0,54345000.0,0.0,0.0,0.0,248929000.0,303274000.0,0.07,303274000.0,248929000.0,234608000.0,1.38,1.37,1.38,979251000.0,961401000.0,979251000.0,2754974845.0,11.0,9.084,235190000.0,1.898,1.0,531711000.0,0.123,156453000.0,14321000.0,756697000.0,791139500.0,168017000.0,215684000.0,0.0,215684000.0,2015843000.0,1222889000.0,792954000.0,3720476845.0,63320000.0,-2967000.0,-224376000.0,-18589000.0,0.0,-252194000.0,-36925000.0,5344000.0,266307000.0,86132000.0,170769000.0,170769000.0,170769000.0,0.0,15038000.0,0.039,358288000.0,173423000.0,284228000.0,0.0,3.799,21.787,21.758,370714000.0,0.0,30.026,0.858,0.858,649058000.0,623868000.0,4336780000.0,4336780000.0,0.0,0.055,0.178,0.315,0.057,23495000.0,317753000.0,1.0,123907971.0,123907971,,35.0,2892178000.0,78639000.0,63839000.0,84325000.0,23.341,731742000.0
14,FWLT,MRT,2011-03-31,2011-03-31,2011-03-31,2019-10-16,-439190000.0,3106835000.0,3053318500.0,2007647000.0,1099188000.0,1.362,8.011,-28570000.0,1136082000.0,1136082000.0,3632439000.0,180619000.0,1.638,2.058,170580000.0,12520000.0,158060000.0,170580000.0,717515000.0,53767000.0,0.0,0.0,0.0,241460000.0,295227000.0,0.071,295227000.0,241460000.0,226522000.0,1.32,1.31,1.32,1000375000.0,939134250.0,1000375000.0,3723191066.0,15.0,12.611,220818000.0,1.768,1.0,525959000.0,0.126,157068000.0,14938000.0,758969000.0,825958250.0,171875000.0,232431000.0,0.0,232431000.0,2058888000.0,1225296000.0,833592000.0,4643286066.0,149135000.0,262000.0,-95583000.0,-18447000.0,0.0,-125770000.0,-23905000.0,5106000.0,249388000.0,49422000.0,166318000.0,166318000.0,166318000.0,0.0,14301000.0,0.04,349073000.0,176886000.0,252085000.0,0.0,4.642,27.918,28.168,372423000.0,0.0,37.182,1.117,1.117,631069000.0,560559000.0,4158398000.0,4158398000.0,0.0,0.054,0.177,0.292,0.058,23245000.0,306866000.0,1.0,124880649.0,124880649,,33.299,2949767000.0,91726000.0,60204000.0,75662000.0,23.621,782351000.0
15,FWLT,MRT,2010-12-31,2010-12-31,2010-12-31,2019-10-16,-464504000.0,3060477000.0,3050260250.0,1994500000.0,1065977000.0,1.334,7.853,-23278000.0,1084665000.0,1084665000.0,3468933000.0,230709000.0,1.647,2.108,164570000.0,11996000.0,152574000.0,164570000.0,684090000.0,54155000.0,0.0,0.0,0.0,305548000.0,359703000.0,0.088,359703000.0,305548000.0,289938000.0,1.71,1.7,1.71,967693000.0,904783750.0,967693000.0,3325896740.0,11.0,9.246,155390000.0,1.261,1.0,598786000.0,0.147,154987000.0,15610000.0,774721000.0,873391000.0,165389000.0,217071000.0,0.0,217071000.0,2040193000.0,1210674000.0,829519000.0,4203949740.0,60005000.0,-959000.0,-73434000.0,-19047000.0,0.0,-100494000.0,-13114000.0,5106000.0,178668000.0,-5055000.0,215407000.0,215407000.0,215407000.0,0.0,15302000.0,0.053,349961000.0,248825000.0,239071000.0,0.0,4.344,19.516,19.952,362087000.0,0.0,34.118,1.033,1.033,676806000.0,537588000.0,4067719000.0,4067719000.0,0.0,0.071,0.238,0.35,0.075,22978000.0,303330000.0,1.0,123218303.0,123218303,,33.012,2905490000.0,83011000.0,74531000.0,76802000.0,23.58,783826000.0
16,FWLT,MRT,2010-09-30,2010-09-30,2010-09-30,2019-10-16,-463941000.0,3097750000.0,3082075500.0,1938830000.0,1158920000.0,1.338,7.044,-23769000.0,1073019000.0,1073019000.0,3480448000.0,258255000.0,1.629,2.388,194966000.0,35627000.0,159339000.0,194966000.0,633050000.0,50244000.0,0.0,0.0,0.0,346508000.0,396752000.0,0.096,396752000.0,346508000.0,329578000.0,1.95,1.94,1.95,898285000.0,870739750.0,898285000.0,2265020352.0,7.0,5.709,223494000.0,1.753,1.0,641961000.0,0.156,155424000.0,16930000.0,874171000.0,910805750.0,197748000.0,225430000.0,268000.0,225162000.0,2145293000.0,1190102000.0,955191000.0,3082854352.0,78020000.0,-23386000.0,-96232000.0,-3405000.0,0.0,-107404000.0,-55078000.0,4543000.0,247263000.0,-6761000.0,247729000.0,247729000.0,247729000.0,0.0,10526000.0,0.06,353597000.0,288364000.0,262694000.0,0.0,3.432,12.444,12.397,371883000.0,0.0,24.175,0.748,0.748,613475000.0,504819000.0,4122409000.0,4122409000.0,0.0,0.08,0.285,0.38,0.084,22192000.0,294196000.0,1.0,127521939.0,127521939,,32.327,2942326000.0,121511000.0,81849000.0,101240000.0,23.073,748728000.0
17,FWLT,MRT,2010-06-30,2010-06-30,2010-06-30,2019-10-16,-516725000.0,2948212000.0,3100852250.0,1830622000.0,1117590000.0,1.43,6.981,-28353000.0,1002102000.0,1002102000.0,3738201000.0,297666000.0,1.688,2.26,184268000.0,34397000.0,149871000.0,184268000.0,581464000.0,49300000.0,0.0,0.0,0.0,388472000.0,437772000.0,0.099,437772000.0,388472000.0,371224000.0,2.25,2.24,2.25,890184000.0,830394500.0,890184000.0,1869692744.0,5.0,4.271,219633000.0,1.722,1.0,695878000.0,0.157,150165000.0,17248000.0,895972000.0,927334250.0,195336000.0,200742000.0,240000.0,200502000.0,2012026000.0,1084241000.0,927785000.0,2654270744.0,124928000.0,-22636000.0,3174000.0,-3417000.0,0.0,-7094000.0,-52298000.0,4803000.0,247986000.0,-63666000.0,286007000.0,286007000.0,286007000.0,0.0,11659000.0,0.065,358594000.0,337284000.0,226421000.0,0.0,2.982,9.28,9.251,357909000.0,0.0,20.815,0.599,0.599,584281000.0,453099000.0,4434079000.0,4434079000.0,0.0,0.092,0.344,0.419,0.088,21559000.0,296455000.0,1.0,127519110.0,127519110,,34.772,2798047000.0,108063000.0,85217000.0,89858000.0,21.942,746381000.0
18,FWLT,MRT,2010-03-31,2010-03-31,2010-03-31,2019-10-16,-482022000.0,3094602000.0,3127468500.0,1901310000.0,1193292000.0,1.515,6.77,-37218000.0,984447000.0,984447000.0,3969407000.0,362352000.0,1.579,2.536,199869000.0,35672000.0,164197000.0,199869000.0,631079000.0,48267000.0,0.0,0.0,0.0,461228000.0,509495000.0,0.108,509495000.0,461228000.0,446722000.0,2.76,2.74,2.76,862973000.0,763927250.0,862973000.0,2599690360.0,6.0,5.102,207041000.0,1.624,1.0,767977000.0,0.162,157116000.0,14506000.0,948700000.0,942650750.0,254014000.0,223488000.0,0.0,223488000.0,2188792000.0,1204208000.0,984584000.0,3419313360.0,175913000.0,-34751000.0,2580000.0,194000.0,0.0,-1466000.0,-77153000.0,3807000.0,244259000.0,10273000.0,349353000.0,349353000.0,349353000.0,0.0,12999000.0,0.074,356364000.0,411613000.0,251403000.0,0.0,3.962,9.788,9.719,377589000.0,0.0,26.824,0.722,0.722,609881000.0,394241000.0,4737384000.0,4737384000.0,0.0,0.112,0.457,0.489,0.097,22088000.0,295964000.0,1.0,127472783.0,127472783,,37.164,2937486000.0,124082000.0,97369000.0,109747000.0,23.044,697102000.0
19,FWLT,MRT,2009-12-31,2009-12-31,2009-12-31,2019-10-16,-438004000.0,3187738000.0,3084904500.0,1941555000.0,1246183000.0,1.639,6.546,-45623000.0,1032063000.0,1032063000.0,4297687000.0,361358000.0,1.514,2.784,212440000.0,36930000.0,175510000.0,212440000.0,600725000.0,45759000.0,0.0,0.0,0.0,458040000.0,503799000.0,0.1,503799000.0,458040000.0,443918000.0,2.77,2.75,2.77,831517000.0,663860750.0,831517000.0,2929524547.0,6.0,5.815,244992000.0,1.929,1.0,758647000.0,0.15,161731000.0,14122000.0,924380000.0,916996500.0,219774000.0,228030000.0,0.0,228030000.0,2314681000.0,1282004000.0,1032677000.0,3696057547.0,223995000.0,-33530000.0,518000.0,374000.0,0.0,1456000.0,-87265000.0,3780000.0,290615000.0,19189000.0,350156000.0,350156000.0,350156000.0,0.0,11202000.0,0.069,352203000.0,406444000.0,303436000.0,0.0,4.445,10.555,10.504,398132000.0,0.0,29.097,0.731,0.731,645814000.0,322181000.0,5056334000.0,5056334000.0,0.0,0.114,0.527,0.5,0.091,22842000.0,294907000.0,1.0,127025033.0,127025033,,39.806,3026007000.0,136246000.0,93762000.0,123008000.0,23.822,659551000.0
20,FWLT,MRT,2009-09-30,2009-09-30,2009-09-30,2019-10-16,-452416000.0,3172857000.0,3040783500.0,1957301000.0,1215556000.0,1.785,5.828,-78230000.0,984560000.0,984560000.0,4649145000.0,402967000.0,1.467,3.238,218027000.0,23226000.0,194801000.0,218027000.0,680579000.0,44341000.0,0.0,0.0,0.0,456451000.0,500792000.0,0.092,500792000.0,456451000.0,444917000.0,3.03,2.98,3.03,736904000.0,554122000.0,736904000.0,3327684570.0,7.0,6.645,153823000.0,1.217,1.0,779747000.0,0.144,131465000.0,11534000.0,940285000.0,891417750.0,276011000.0,222898000.0,3645000.0,219253000.0,2386276000.0,1334574000.0,1051702000.0,3987621570.0,-346791000.0,-12074000.0,-435117000.0,2308000.0,0.0,-432603000.0,-88747000.0,-2676000.0,232053000.0,-57494000.0,384947000.0,384947000.0,384947000.0,0.0,18020000.0,0.071,370830000.0,408917000.0,290553000.0,0.0,5.411,10.359,10.409,400295000.0,0.0,31.538,0.735,0.735,650746000.0,257090000.0,5428892000.0,5428892000.0,0.0,0.127,0.695,0.512,0.084,21177000.0,279265000.0,1.0,126437389.0,126437389,,42.937,3041392000.0,136453000.0,59970000.0,120025000.0,24.055,622727000.0
21,FWLT,MRT,2009-06-30,2009-06-30,2009-06-30,2019-10-16,-468033000.0,3054677000.0,3156960750.0,1820840000.0,1233837000.0,1.879,4.939,-88453000.0,874485000.0,874485000.0,5115698000.0,435732000.0,1.392,3.822,214548000.0,23020000.0,191528000.0,214548000.0,660998000.0,43958000.0,0.0,0.0,0.0,493907000.0,537865000.0,0.091,537865000.0,493907000.0,481828000.0,3.21,3.15,3.21,624315000.0,607648750.0,624315000.0,2378596285.0,5.0,4.422,189588000.0,1.5,1.0,815170000.0,0.137,129808000.0,12079000.0,957238000.0,854814000.0,261668000.0,215596000.0,3777000.0,211819000.0,2386049000.0,1307694000.0,1078355000.0,2967436285.0,-421209000.0,-19930000.0,-485613000.0,4935000.0,0.0,-483224000.0,-92480000.0,-2934000.0,278041000.0,-123546000.0,422869000.0,422869000.0,422869000.0,0.0,12863000.0,0.071,376566000.0,438604000.0,298641000.0,0.0,4.753,7.017,7.313,396165000.0,0.0,23.473,0.5,0.5,633878000.0,167092000.0,5930868000.0,5930868000.0,0.0,0.134,0.696,0.578,0.083,20085000.0,278215000.0,1.0,126417247.0,126417247,,46.915,2924869000.0,144198000.0,58959000.0,123581000.0,23.137,513146000.0
22,FWLT,MRT,2009-03-31,2009-03-31,2009-03-31,2019-10-16,-504659000.0,2924346000.0,3307116500.0,1729810000.0,1194536000.0,1.912,3.66,-104072000.0,799747000.0,799747000.0,5481662000.0,469705000.0,1.262,5.243,210907000.0,23443000.0,187464000.0,210907000.0,698949000.0,43993000.0,0.0,0.0,0.0,552338000.0,596331000.0,0.094,596331000.0,552338000.0,536701000.0,3.36,3.3,3.36,462707000.0,678724250.0,462707000.0,1604231220.0,3.0,2.69,252570000.0,1.998,1.0,841427000.0,0.133,118298000.0,15637000.0,846083000.0,821035250.0,237889000.0,212946000.0,2401000.0,210545000.0,2425836000.0,1371125000.0,1054711000.0,2182767220.0,-382416000.0,-11336000.0,-484644000.0,22197000.0,0.0,-464965000.0,-106779000.0,-1700000.0,356642000.0,-167314000.0,461420000.0,461420000.0,461420000.0,0.0,8285000.0,0.073,364864000.0,476563000.0,327528000.0,0.0,4.717,4.731,5.139,379282000.0,0.0,17.267,0.345,0.345,642744000.0,44888000.0,6323089000.0,6323089000.0,0.0,0.14,0.68,0.673,0.087,18605000.0,288235000.0,1.0,126416237.0,126416237,,50.018,2806048000.0,141095000.0,75281000.0,114033000.0,22.197,358685000.0
23,FWLT,MRT,2008-12-31,2008-12-26,2008-12-26,2019-10-16,-494788000.0,3011254000.0,3436798000.0,1790186000.0,1221068000.0,1.994,2.935,-103965000.0,795900000.0,795900000.0,5958644000.0,533869000.0,1.203,6.578,217364000.0,24375000.0,192989000.0,217364000.0,750233000.0,44798000.0,0.0,0.0,0.0,641269000.0,686067000.0,0.1,686067000.0,641269000.0,623648000.0,3.73,3.68,3.73,392562000.0,747086250.0,392562000.0,1986388040.0,3.0,2.895,324961000.0,2.43,1.0,895646000.0,0.131,122039000.0,17621000.0,822065000.0,799915000.0,241135000.0,213224000.0,2448000.0,210776000.0,2582388000.0,1488614000.0,1093774000.0,3098670040.0,-275381000.0,-20146000.0,-482798000.0,25855000.0,0.0,-466104000.0,-128584000.0,-1673000.0,428926000.0,-109619000.0,526620000.0,526620000.0,526620000.0,0.0,7249000.0,0.077,344872000.0,550774000.0,365347000.0,0.0,7.893,5.884,6.211,383209000.0,0.0,23.167,0.452,0.452,706415000.0,-27975000.0,6854290000.0,6854290000.0,0.0,0.153,0.705,0.802,0.094,15716000.0,283883000.0,1.0,133753790.0,133753790,,51.246,2889215000.0,148423000.0,97028000.0,110960000.0,21.601,301572000.0
24,FWLT,MRT,2008-09-30,2008-09-26,2008-09-26,2019-10-16,-269446000.0,3637566000.0,3496231500.0,2426940000.0,1210626000.0,1.911,6.593,-80206000.0,1335354000.0,1335354000.0,5818134000.0,512272000.0,1.512,2.82,223072000.0,19490000.0,203582000.0,223072000.0,835236000.0,47937000.0,0.0,0.0,0.0,665022000.0,712959000.0,0.107,712959000.0,665022000.0,643615000.0,3.51,3.48,3.51,951011000.0,791706000.0,951011000.0,4313074906.0,6.0,6.05,514250000.0,3.565,1.0,862450000.0,0.129,126765000.0,21407000.0,793870000.0,781035000.0,291466000.0,210168000.0,0.0,210168000.0,2681663000.0,1604649000.0,1077014000.0,5402937906.0,448527000.0,-17095000.0,-54036000.0,34226000.0,0.0,-19621000.0,-99899000.0,0.0,594456000.0,-26409000.0,504836000.0,504836000.0,504836000.0,0.0,7436000.0,0.076,294264000.0,568186000.0,360675000.0,0.0,5.681,10.702,10.672,364377000.0,0.0,37.459,0.809,0.809,758596000.0,-127857000.0,6680584000.0,6680584000.0,0.0,0.144,0.638,0.851,0.1,11628000.0,284929000.0,1.0,144237852.0,144237852,,46.316,3510801000.0,142109000.0,138779000.0,151058000.0,24.34,822291000.0
25,FWLT,MRT,2008-06-30,2008-06-27,2008-06-27,2019-10-16,-230054000.0,3655300000.0,3345717250.0,2381151000.0,1274149000.0,1.872,6.303,-80499000.0,1317708000.0,1317708000.0,5430951000.0,512619000.0,1.473,3.018,227845000.0,20263000.0,207582000.0,227845000.0,844602000.0,46578000.0,0.0,0.0,0.0,680115000.0,726693000.0,0.116,726693000.0,680115000.0,659185000.0,3.53,3.49,3.53,908617000.0,663945500.0,908617000.0,9344019287.0,14.0,12.858,460740000.0,3.196,1.0,831150000.0,0.133,126414000.0,20930000.0,822123000.0,783804750.0,299361000.0,221849000.0,0.0,221849000.0,2742067000.0,1616900000.0,1125167000.0,10327487287.0,513458000.0,-14299000.0,1604000.0,32099000.0,0.0,33313000.0,-112228000.0,0.0,541239000.0,51134000.0,506017000.0,506017000.0,506017000.0,0.0,6602000.0,0.081,265905000.0,565245000.0,368118000.0,0.0,11.366,20.409,20.296,368008000.0,0.0,71.646,1.649,1.649,736105000.0,-255777000.0,6262101000.0,6262101000.0,0.0,0.151,0.762,0.868,0.109,9407000.0,272784000.0,1.0,144146806.0,144146806,,43.443,3528886000.0,150199000.0,153168000.0,158225000.0,24.481,764251000.0
26,FWLT,MRT,2008-03-31,2008-03-28,2008-03-28,2019-10-16,-238706000.0,3443072000.0,3124760500.0,2193353000.0,1249719000.0,1.84,5.108,-59691000.0,1196374000.0,1196374000.0,4997065000.0,423162000.0,1.397,3.674,212906000.0,19520000.0,193386000.0,212906000.0,835542000.0,44209000.0,0.0,0.0,0.0,580654000.0,624863000.0,0.109,624863000.0,580654000.0,559373000.0,2.92,2.88,2.92,736155000.0,509092750.0,736155000.0,7291684037.0,13.0,11.669,509449000.0,3.535,1.0,753780000.0,0.131,127541000.0,21281000.0,761602000.0,771282250.0,239918000.0,220748000.0,0.0,220748000.0,2704492000.0,1570461000.0,1134031000.0,8155819037.0,566854000.0,-14577000.0,10788000.0,12151000.0,0.0,25002000.0,-80976000.0,0.0,569140000.0,53688000.0,417112000.0,417112000.0,417112000.0,0.0,6050000.0,0.073,262234000.0,491546000.0,327591000.0,0.0,11.079,19.553,19.381,349903000.0,0.0,56.593,1.418,1.418,711848000.0,-416532000.0,5750845000.0,5750845000.0,0.0,0.133,0.819,0.753,0.101,4527000.0,256045000.0,1.0,144113515.0,144113515,,39.905,3315531000.0,150108000.0,142261000.0,161653000.0,23.006,622892000.0
27,FWLT,MRT,2007-12-31,2007-12-28,2007-12-28,2019-10-16,-261114000.0,3248988000.0,2917737250.0,2044383000.0,1204605000.0,1.75,3.975,-51295000.0,1069481000.0,1069481000.0,4362922000.0,399451000.0,1.342,4.685,205346000.0,19368000.0,185978000.0,205346000.0,744236000.0,41691000.0,0.0,0.0,0.0,550149000.0,591840000.0,0.116,591840000.0,550149000.0,530294000.0,2.78,2.72,2.78,571041000.0,373626500.0,571041000.0,10411636123.0,19.0,17.592,377020000.0,2.624,1.0,744321000.0,0.146,114535000.0,19855000.0,746545000.0,800033000.0,239737000.0,198346000.0,0.0,198346000.0,2675219000.0,1523773000.0,1151446000.0,11094949123.0,437657000.0,-1377000.0,18076000.0,9030000.0,0.0,35069000.0,-45961000.0,0.0,428315000.0,20234000.0,393874000.0,393874000.0,393874000.0,0.0,5577000.0,0.077,285632000.0,458689000.0,372531000.0,0.0,19.429,28.169,27.779,337485000.0,0.0,77.225,2.172,2.172,682532000.0,-554595000.0,5107243000.0,5107243000.0,0.0,0.135,1.054,0.688,0.108,2401000.0,246237000.0,1.0,143670674.0,143670674,,35.548,3134453000.0,148568000.0,136420000.0,136832000.0,21.817,520610000.0
28,FWLT,MRT,2007-09-30,2007-09-28,2007-09-28,2019-10-16,-310686000.0,3035509000.0,2746877500.0,1851271000.0,1184238000.0,1.76,3.085,-44416000.0,883081000.0,883081000.0,4090423000.0,378884000.0,1.292,5.895,199768000.0,24567000.0,175201000.0,199768000.0,686805000.0,35713000.0,0.0,0.0,0.0,530223000.0,565936000.0,0.117,565936000.0,530223000.0,510430000.0,2.7,2.635,2.7,439969000.0,246548000.0,439969000.0,8667148692.0,16.0,15.315,328573000.0,2.304,1.0,744656000.0,0.154,114005000.0,19793000.0,804949000.0,807739500.0,239697000.0,191406000.0,0.0,191406000.0,2593813000.0,1433242000.0,1160571000.0,9252922692.0,373485000.0,-4448000.0,30231000.0,-19799000.0,0.0,9646000.0,-40430000.0,0.0,372989000.0,31280000.0,378884000.0,378884000.0,378884000.0,0.0,0.0,0.078,305864000.0,438792000.0,323391000.0,0.0,21.031,24.422,24.028,326886000.0,0.0,64.875,1.914,1.914,690457000.0,-632693000.0,4835079000.0,4835079000.0,0.0,0.138,1.537,0.656,0.11,3046000.0,245839000.0,1.0,142626038.0,142626038,,33.9,2921504000.0,147283000.0,131546000.0,140266000.0,20.484,418029000.0
29,FWLT,MRT,2007-06-30,2007-06-29,2007-06-29,2019-10-16,-324196000.0,2771473000.0,2563684000.0,1604856000.0,1166617000.0,1.734,2.054,-33251000.0,782866000.0,782866000.0,3769902000.0,325610000.0,1.235,8.574,197092000.0,22192000.0,174900000.0,197092000.0,615029000.0,34010000.0,0.0,0.0,0.0,448008000.0,482018000.0,0.108,482018000.0,448008000.0,427863000.0,2.35,2.28,2.35,289206000.0,140020000.0,289206000.0,7036991036.0,16.0,14.599,394569000.0,2.802,1.0,675885000.0,0.152,113775000.0,20145000.0,772033000.0,778740500.0,240535000.0,169182000.0,0.0,169182000.0,2479541000.0,1299891000.0,1179650000.0,7446217036.0,416578000.0,-1125000.0,26617000.0,-23388000.0,0.0,5559000.0,-34477000.0,0.0,427820000.0,17676000.0,325610000.0,325610000.0,325610000.0,0.0,0.0,0.073,259608000.0,416277000.0,288948000.0,0.0,25.747,22.869,22.499,304031000.0,0.0,52.872,1.675,1.675,558989000.0,-761794000.0,4445787000.0,4445787000.0,0.0,0.127,2.325,0.575,0.101,5426000.0,234696000.0,1.0,140835110.0,140835110,,31.567,2657698000.0,145244000.0,102253000.0,145320000.0,18.871,304965000.0
30,FWLT,MRT,2007-03-31,2007-03-30,2007-03-30,2019-10-16,-333875000.0,2614979000.0,2426833250.0,1460152000.0,1154827000.0,1.649,1.39,-32146000.0,612600000.0,612600000.0,3366347000.0,362178000.0,1.202,12.45,203374000.0,21132000.0,182242000.0,203374000.0,603150000.0,32665000.0,0.0,0.0,0.0,483252000.0,515917000.0,0.129,515917000.0,483252000.0,461530000.0,2.65,2.545,2.65,194290000.0,51549250.0,194290000.0,3606606003.0,7.0,6.991,232332000.0,1.662,1.0,634981000.0,0.159,114381000.0,21722000.0,876605000.0,786448250.0,210521000.0,160251000.0,0.0,160251000.0,2418868000.0,1214767000.0,1204101000.0,4033604003.0,186053000.0,-1559000.0,21126000.0,-90411000.0,0.0,-71339000.0,-28094000.0,0.0,264478000.0,21008000.0,362178000.0,362178000.0,362178000.0,0.0,0.0,0.091,175601000.0,459380000.0,258387000.0,0.0,20.761,11.137,10.889,302145000.0,0.0,28.855,1.008,1.008,608253000.0,-833644000.0,4001328000.0,4001328000.0,0.0,0.149,7.026,0.614,0.121,10841000.0,230279000.0,1.0,139789076.0,139789076,,28.624,2500598000.0,145607000.0,99352000.0,132546000.0,17.888,245385000.0
31,FWLT,MRT,2006-12-31,2006-12-29,2006-12-29,2019-10-16,-343342000.0,2565549000.0,2281050000.0,1389628000.0,1175921000.0,1.532,0.457,-30293000.0,629967000.0,629967000.0,2987261000.0,261984000.0,1.114,39.885,202969000.0,21477000.0,181492000.0,202969000.0,622422000.0,30877000.0,0.0,0.0,0.0,368637000.0,399514000.0,0.114,399514000.0,368637000.0,343693000.0,1.82,1.72,1.82,62727000.0,-56814000.0,62727000.0,3450509124.0,9.0,8.637,234666000.0,1.708,1.0,507787000.0,0.145,113577000.0,24944000.0,777371000.0,757240250.0,159121000.0,167186000.0,0.0,167186000.0,2501839000.0,1247603000.0,1254236000.0,3743416124.0,260218000.0,-6116000.0,93278000.0,-93654000.0,0.0,-828000.0,-25555000.0,0.0,264959000.0,21642000.0,261984000.0,261984000.0,261984000.0,0.0,0.0,0.075,170652000.0,337135000.0,263715000.0,0.0,59.678,14.289,14.972,302488000.0,0.0,27.249,1.071,1.071,572711000.0,-944113000.0,3495048000.0,3495048000.0,0.0,0.115,-4.611,0.487,0.105,13678000.0,225330000.0,1.0,137378816.0,137378816,,25.441,2451972000.0,147808000.0,81709000.0,117379000.0,17.848,142025000.0
32,FWLT,MRT,2006-09-30,2006-09-29,2006-09-29,2019-10-16,-318793000.0,2302735000.0,2113339250.0,1227376000.0,1075359000.0,1.382,0.101,-23514000.0,509746000.0,509746000.0,2522786000.0,76714000.0,1.017,165.157,216839000.0,20864000.0,195975000.0,216839000.0,582526000.0,29138000.0,0.0,0.0,0.0,159307000.0,188445000.0,0.065,188445000.0,159307000.0,130298000.0,0.015,-0.035,0.015,13857000.0,-157785250.0,13857000.0,2470405703.0,16.0,13.109,160041000.0,1.17,1.0,397459000.0,0.136,113678000.0,29009000.0,688953000.0,744108250.0,162982000.0,155604000.0,0.0,155604000.0,2288581000.0,1207197000.0,1081384000.0,2608046703.0,174683000.0,-3972000.0,93363000.0,-99668000.0,0.0,-7263000.0,-10355000.0,0.0,183555000.0,8746000.0,76714000.0,76714000.0,76714000.0,0.0,0.0,0.026,207956000.0,189503000.0,242863000.0,0.0,188.211,33.997,1271.35,294076000.0,0.0,19.07,0.893,0.893,539343000.0,-1007221000.0,2920245000.0,2920245000.0,0.0,0.036,-0.486,0.214,0.055,14320000.0,209940000.0,1.0,136759964.0,136759964,,21.353,2189057000.0,75675000.0,53584000.0,83148000.0,16.007,20179000.0
33,FWLT,MRT,2006-06-30,2006-06-30,2006-06-30,2019-10-16,-315878000.0,2224070000.0,2021774250.0,1075750000.0,1148320000.0,1.257,-0.476,-17178000.0,358095000.0,358095000.0,2175801000.0,-15819000.0,0.92,-35.387,220454000.0,22970000.0,197484000.0,220454000.0,557206000.0,28084000.0,0.0,0.0,0.0,85550000.0,113634000.0,0.045,113634000.0,85550000.0,49019000.0,-0.72,-0.745,-0.72,-64677000.0,-255000500.0,-64677000.0,2788793462.0,33.0,24.542,25315000.0,0.186,1.0,366220000.0,0.144,114754000.0,36531000.0,802864000.0,801607500.0,199922000.0,182448000.0,0.0,182448000.0,2288747000.0,1168811000.0,1119936000.0,2901977462.0,69820000.0,-2235000.0,91571000.0,-100441000.0,0.0,-9827000.0,28031000.0,0.0,42493000.0,9123000.0,-15819000.0,-15819000.0,-15819000.0,0.0,0.0,-0.006,243462000.0,122758000.0,225303000.0,0.0,-44.869,-183.449,-29.651,291236000.0,0.0,21.348,1.142,1.142,498465000.0,-1083048000.0,2542021000.0,2542021000.0,0.0,-0.008,0.062,0.107,0.034,12392000.0,209372000.0,1.0,135934190.0,135934190,,18.7,2109316000.0,76510000.0,64838000.0,107726000.0,15.517,-93061000.0
34,FWLT,MRT,2006-03-31,2006-03-31,2006-03-31,2019-10-16,-313684000.0,2031846000.0,1968638000.0,992661000.0,1039185000.0,1.18,-1.896,-14047000.0,425618000.0,425618000.0,1973996000.0,-96358000.0,0.951,-9.496,312434000.0,17547000.0,294887000.0,312434000.0,485106000.0,28041000.0,0.0,0.0,0.0,-4678000.0,23363000.0,0.01,23363000.0,-4678000.0,-48495000.0,-1.215,-1.235,-1.215,-239163000.0,-361380750.0,-239163000.0,3052246124.0,-652.0,130.644,43877000.0,0.348,1.0,348736000.0,0.15,114585000.0,43817000.0,759773000.0,854721000.0,166631000.0,171844000.0,0.0,171844000.0,2271009000.0,1044304000.0,1226705000.0,3109497124.0,173307000.0,-1234000.0,86909000.0,-31682000.0,0.0,56074000.0,66560000.0,24825000.0,57924000.0,-7251000.0,-96358000.0,-96358000.0,-96358000.0,0.0,0.0,-0.041,324477000.0,24259000.0,203891000.0,0.0,-13.002,-32.27,-19.242,256833000.0,0.0,23.379,1.339,1.27,376616000.0,-1191466000.0,2322732000.0,2322732000.0,0.0,-0.049,0.267,-0.005,-0.002,9966000.0,210797000.0,1.0,133001238.0,126138872,,18.414,1917261000.0,74793000.0,47863000.0,81678000.0,15.2,-51643000.0
35,FWLT,MRT,2005-12-31,2005-12-30,2005-12-30,2019-10-16,-314796000.0,1894706000.0,1995657500.0,851523000.0,1043183000.0,1.102,-3.04,-10809000.0,372663000.0,372663000.0,1853613000.0,-109749000.0,0.854,-6.554,315412000.0,21459000.0,293953000.0,315412000.0,410676000.0,28215000.0,0.0,0.0,0.0,-19563000.0,8652000.0,0.004,8652000.0,-19563000.0,-70181000.0,-1.18,-1.18,-1.18,-341158000.0,-431712000.0,-341158000.0,2188828106.0,-112.0,252.985,40004000.0,0.356,1.0,346342000.0,0.157,115048000.0,50618000.0,724843000.0,927361000.0,139328000.0,168193000.0,0.0,168193000.0,2235864000.0,997564000.0,1238300000.0,2039613106.0,59102000.0,-1067000.0,5651000.0,-44869000.0,0.0,-41451000.0,63587000.0,24424000.0,50813000.0,-13847000.0,-109749000.0,-109749000.0,-109749000.0,0.0,0.0,-0.05,330371000.0,15971000.0,233815000.0,0.0,-5.979,-18.584,-15.403,258672000.0,0.0,18.176,0.927,0.927,325676000.0,-1206097000.0,2199955000.0,2199955000.0,0.0,-0.055,0.254,-0.021,-0.009,8919000.0,216691000.0,1.0,112215926.0,112215926,,19.605,1779658000.0,75570000.0,39568000.0,68563000.0,15.859,-146041000.0
36,FWLT,MRT,2005-09-30,2005-09-30,2005-09-30,2019-10-16,-294137000.0,1936475000.0,2066405750.0,865012000.0,1071463000.0,1.075,-4.172,-8812000.0,342072000.0,342072000.0,1902957000.0,-82948000.0,0.823,-6.164,491287000.0,32635000.0,458652000.0,491287000.0,351850000.0,29987000.0,0.0,0.0,0.0,24439000.0,54426000.0,0.025,54426000.0,24439000.0,-34041000.0,17.24,17.195,17.24,-375004000.0,-477813750.0,-375004000.0,1606328500.0,66.0,29.514,7530000.0,0.084,1.0,317874000.0,0.143,116212000.0,58480000.0,918950000.0,998719750.0,101194000.0,165635000.0,0.0,165635000.0,2311479000.0,1050528000.0,1260951000.0,1372213500.0,25854000.0,0.0,15000.0,-33950000.0,0.0,-36167000.0,48417000.0,22328000.0,16342000.0,-2738000.0,-82948000.0,-82948000.0,-82948000.0,0.0,0.0,-0.037,271548000.0,46326000.0,224680000.0,0.0,-3.659,-16.543,0.885,261402000.0,66000.0,15.265,0.618,0.618,415154000.0,-1083935000.0,2220831000.0,2220831000.0,0.0,-0.04,0.174,0.024,0.011,8167000.0,210922000.0,1.0,89892264.0,89892264,,24.705,1820263000.0,68702000.0,48907000.0,90386000.0,20.249,-185516000.0
37,FWLT,MRT,2005-06-30,2005-07-01,2005-07-01,2019-10-16,-294754000.0,2011525000.0,2149373000.0,937679000.0,1073846000.0,1.121,-5.492,-9374000.0,326416000.0,326416000.0,2142038000.0,-281712000.0,0.842,-5.103,560531000.0,35896000.0,524635000.0,560531000.0,354820000.0,47152000.0,0.0,0.0,0.0,-168357000.0,-121205000.0,-0.05,-121205000.0,-168357000.0,-240721000.0,-34.2,-34.245,-34.2,-490198000.0,-494372250.0,-490198000.0,1151024344.0,-7.0,-9.497,-46766000.0,-0.524,1.0,266991000.0,0.111,117254000.0,72364000.0,1015318000.0,1037682250.0,146656000.0,167491000.0,0.0,167491000.0,2501723000.0,1113068000.0,1388655000.0,894076344.0,-51491000.0,0.0,0.0,-29708000.0,0.0,-31941000.0,19561000.0,26648000.0,-37392000.0,-1719000.0,-281712000.0,-281712000.0,-281712000.0,0.0,0.0,-0.117,275433000.0,-8442000.0,253124000.0,0.0,-1.824,-3.174,-0.293,264591000.0,66000.0,10.017,0.371,0.371,477688000.0,-1067229000.0,2409029000.0,2409029000.0,0.0,-0.131,0.57,-0.162,-0.07,5983000.0,214807000.0,1.0,89256434.0,89256434,,26.99,1894271000.0,71507000.0,40991000.0,83669000.0,21.223,-175389000.0
38,FWLT,MRT,2005-03-31,2005-04-01,2005-04-01,2019-10-16,-295035000.0,2139924000.0,2218981750.0,1014264000.0,1125660000.0,1.135,-6.233,-8903000.0,308292000.0,308292000.0,2255472000.0,-279756000.0,0.827,-5.111,565240000.0,35664000.0,529576000.0,565240000.0,451022000.0,39979000.0,0.0,0.0,0.0,-148169000.0,-108190000.0,-0.043,-108190000.0,-148169000.0,-232107000.0,-27.25,-28.38,-27.25,-520488000.0,-585973000.0,-520488000.0,965672576.0,-7.0,-8.926,-102366000.0,-1.226,1.0,262558000.0,0.104,119538000.0,83938000.0,1050333000.0,1128774000.0,187955000.0,190564000.0,24859000.0,165705000.0,2660412000.0,1227001000.0,1433411000.0,760010576.0,-141637000.0,0.0,0.0,-39760000.0,0.0,-41993000.0,-7600000.0,-18136000.0,-93463000.0,1419000.0,-279756000.0,-279756000.0,-279756000.0,0.0,0.0,-0.111,272578000.0,-10020000.0,261013000.0,0.0,-1.46,-2.717,-0.313,272078000.0,66000.0,8.525,0.302,0.283,523666000.0,-1095108000.0,2518030000.0,2518030000.0,0.0,-0.126,0.477,-0.131,-0.059,3853000.0,211952000.0,1.0,89155716.0,83506490,,30.154,2020386000.0,76850000.0,47649000.0,77507000.0,24.194,-212737000.0
39,FWLT,MRT,2004-12-31,2004-12-31,2004-12-31,2019-10-16,-296743000.0,2177699000.0,2288736500.0,1039458000.0,1138241000.0,1.163,-53.277,-9613000.0,364411000.0,364411000.0,2400662000.0,-285294000.0,0.831,-5.144,570073000.0,35214000.0,534859000.0,570073000.0,559881000.0,32755000.0,0.0,0.0,0.0,-137550000.0,-104795000.0,-0.039,-104795000.0,-137550000.0,-232172000.0,-28.92,-28.92,-28.92,-525565000.0,-676036500.0,-525565000.0,306759173.0,-2.0,-2.927,-40476000.0,-4.103,1.0,260662000.0,0.098,121502000.0,94622000.0,1010278000.0,1229310750.0,241140000.0,184099000.0,25775000.0,158324000.0,2703264000.0,1251581000.0,1451683000.0,101216173.0,-72528000.0,0.0,0.0,-27843000.0,0.0,-30506000.0,-19499000.0,-9426000.0,-30863000.0,8340000.0,-285294000.0,-285294000.0,-285294000.0,0.0,0.0,-0.107,274545000.0,-13883000.0,288899000.0,0.0,-0.193,-0.355,-0.271,280305000.0,0.0,7.843,0.038,0.029,429566000.0,-1096348000.0,2661324000.0,2661324000.0,0.0,-0.125,0.422,-0.112,-0.052,1724000.0,213919000.0,1.0,12905996.0,9864740,9864740.0,269.781,2056197000.0,76858000.0,53122000.0,61006000.0,208.439,-212123000.0
40,FWLT,MRT,2004-09-30,2004-09-24,2004-09-24,2019-10-16,-305967000.0,2268344000.0,2370944250.0,1067285000.0,1201059000.0,1.309,-108.222,-9375000.0,350634000.0,350634000.0,2840191000.0,-270941000.0,0.834,-6.141,556177000.0,23918000.0,532259000.0,556177000.0,477899000.0,59703000.0,0.0,0.0,0.0,-84666000.0,-24963000.0,-0.008,-24963000.0,-84666000.0,-200508000.0,-65.16,-66.285,-65.16,-441238000.0,-762755250.0,-441238000.0,544149409.0,-6.0,-21.798,-99458000.0,-24.394,1.0,262684000.0,0.085,119733000.0,115842000.0,1074800000.0,1389184750.0,215138000.0,122793000.0,21246000.0,101547000.0,2709582000.0,1279354000.0,1430228000.0,18939409.0,-121328000.0,0.0,0.0,-32678000.0,0.0,-35341000.0,-5599000.0,-6777000.0,-90083000.0,9695000.0,-270941000.0,-270941000.0,-270941000.0,0.0,0.0,-0.087,211473000.0,51211000.0,234212000.0,0.0,-0.043,-0.07,-0.071,279176000.0,0.0,4.645,0.006,0.006,504839000.0,-1000987000.0,3102875000.0,3102875000.0,0.0,-0.114,0.355,-0.061,-0.027,0.0,228961000.0,1.0,4077156.0,4077156,,761.039,2148611000.0,85702000.0,70433000.0,80202000.0,526.988,-212069000.0
41,FWLT,MRT,2004-06-30,2004-06-25,2004-06-25,2019-10-16,-313697000.0,2289960000.0,2453087500.0,1017973000.0,1271987000.0,1.336,-210.098,-9264000.0,379336000.0,379336000.0,2973198000.0,-82368000.0,0.774,-3.673,904546000.0,137468000.0,767078000.0,904546000.0,454551000.0,35574000.0,0.0,0.0,0.0,94599000.0,130173000.0,0.04,130173000.0,94599000.0,-16133000.0,-20.045,-21.17,-20.045,-856601000.0,-870324000.0,-856601000.0,525312199.0,6.0,4.035,-15378000.0,-3.772,1.0,305321000.0,0.093,120471000.0,110732000.0,1379685000.0,1491962000.0,146335000.0,126299000.0,25342000.0,100957000.0,3146561000.0,1315014000.0,1831547000.0,57624199.0,-48658000.0,0.0,0.0,-36160000.0,0.0,-38823000.0,-12402000.0,-18453000.0,-6114000.0,8681000.0,-82368000.0,-82368000.0,-82368000.0,0.0,0.0,-0.025,241242000.0,64079000.0,243032000.0,0.0,-0.067,-0.7,-0.705,284537000.0,0.0,14.133,0.018,0.018,482905000.0,-785517000.0,3278519000.0,3278519000.0,0.0,-0.034,0.095,0.063,0.029,0.0,220079000.0,1.0,4077156.0,4077156,,804.119,2169489000.0,85749000.0,66235000.0,76685000.0,532.108,-297041000.0
42,FWLT,MRT,2004-03-31,2004-03-26,2004-03-26,2019-10-16,-308003000.0,2418943000.0,2548328750.0,1092996000.0,1325947000.0,1.405,-214.527,-11016000.0,448635000.0,448635000.0,3303419000.0,-141541000.0,0.833,-3.746,916323000.0,20945000.0,895378000.0,916323000.0,578049000.0,35574000.0,0.0,0.0,0.0,15365000.0,50939000.0,0.014,50939000.0,15365000.0,-88129000.0,-34.51,-34.51,-34.51,-880742000.0,-867224000.0,-880742000.0,392565774.0,26.0,7.707,-26576000.0,-6.473,1.0,275887000.0,0.077,121301000.0,103494000.0,1452480000.0,1538688250.0,127184000.0,93914000.0,5128000.0,88786000.0,3299685000.0,1312850000.0,1986835000.0,62862774.0,-8492000.0,0.0,0.0,-39785000.0,0.0,-42448000.0,22548000.0,1503000.0,-15560000.0,26968000.0,-141541000.0,-141541000.0,-141541000.0,0.0,0.0,-0.04,257846000.0,18041000.0,207395000.0,0.0,-0.071,-0.444,-0.447,303606000.0,0.0,15.418,0.018,0.018,528722000.0,-815352000.0,3579306000.0,3579306000.0,0.0,-0.056,0.163,0.01,0.004,0.0,211009000.0,1.0,4077156.0,4105500,4105500.0,871.832,2297642000.0,91163000.0,53412000.0,71893000.0,559.65,-219854000.0
43,FWLT,MRT,2003-12-31,2003-12-26,2003-12-26,2019-10-16,-303999000.0,2506530000.0,2638303500.0,1174376000.0,1332154000.0,1.411,-212.559,-12870000.0,416780000.0,416780000.0,3439401000.0,-157063000.0,0.87,-3.873,1033072000.0,21100000.0,1011972000.0,1033072000.0,552754000.0,35574000.0,0.0,0.0,0.0,-14153000.0,21421000.0,0.006,21421000.0,-14153000.0,-109637000.0,-38.265,-38.265,-38.265,-872440000.0,-847401250.0,-872440000.0,393897241.0,-28.0,18.388,-74968000.0,-18.265,1.0,284414000.0,0.076,122689000.0,95484000.0,1649774000.0,1564533750.0,173293000.0,155949000.0,13390000.0,142559000.0,3378970000.0,1350359000.0,2028611000.0,45132241.0,19790000.0,0.0,0.0,-48926000.0,0.0,-51805000.0,105895000.0,-6808000.0,-62098000.0,27798000.0,-157063000.0,-157063000.0,-157063000.0,0.0,0.0,-0.042,273646000.0,10768000.0,305286000.0,0.0,-0.052,-0.287,-0.289,309615000.0,0.0,11.07,0.012,0.012,563190000.0,-811054000.0,3723815000.0,3723815000.0,0.0,-0.06,0.185,-0.009,-0.004,0.0,205565000.0,1.0,4077156.0,4104458,4104458.0,907.261,2383841000.0,94107000.0,47426000.0,48687000.0,580.793,-175983000.0
44,FWLT,MRT,2003-09-30,2003-09-26,2003-09-26,2019-10-16,-384080000.0,2596917000.0,2722240250.0,1191800000.0,1405117000.0,1.316,-212.352,-17990000.0,456974000.0,456974000.0,3354342000.0,-188158000.0,0.891,-3.98,805739000.0,28208000.0,777531000.0,805739000.0,608589000.0,11390000.0,0.0,0.0,0.0,-81338000.0,-69948000.0,-0.02,-69948000.0,-81338000.0,-172701000.0,-45.835,-45.835,-45.835,-871513000.0,-824526000.0,-871513000.0,436994104.0,-5.0,-6.247,-94092000.0,-22.926,1.0,228590000.0,0.064,122174000.0,91363000.0,1485909000.0,1571612750.0,197096000.0,103002000.0,13176000.0,89826000.0,3468430000.0,1337599000.0,2130831000.0,46744104.0,-35023000.0,0.0,0.0,-87164000.0,0.0,-90043000.0,105314000.0,-7273000.0,-76102000.0,25808000.0,-188158000.0,-188158000.0,-188158000.0,0.0,0.0,-0.053,165298000.0,63292000.0,576770000.0,0.0,-0.054,-0.248,-0.25,341396000.0,0.0,11.465,0.013,0.013,539845000.0,-730046000.0,3582932000.0,3582932000.0,0.0,-0.069,0.228,-0.052,-0.023,0.0,205822000.0,1.0,4077156.0,4104100,4104100.0,873.013,2474743000.0,106941000.0,15457000.0,62597000.0,602.993,-145799000.0
45,FWLT,MRT,2003-06-30,2003-06-27,2003-06-27,2019-10-16,-383665000.0,2670925000.0,2869113250.0,1221457000.0,1449468000.0,1.22,-205.682,-49989000.0,419008000.0,419008000.0,3405775000.0,-312271000.0,0.891,-4.164,809258000.0,28103000.0,781155000.0,809258000.0,596936000.0,21722000.0,0.0,0.0,0.0,-206897000.0,-185175000.0,-0.053,-185175000.0,-206897000.0,-293800000.0,-76.235,-76.235,-76.235,-844201000.0,-695857000.0,-844201000.0,437410894.0,-2.0,-2.362,-46657000.0,-11.368,1.0,95146000.0,0.027,123128000.0,86903000.0,1566590000.0,1627926250.0,213280000.0,91582000.0,281000.0,91301000.0,3515126000.0,1371457000.0,2143669000.0,85428894.0,26463000.0,0.0,0.0,-33946000.0,0.0,-36825000.0,43884000.0,84000.0,3332000.0,16072000.0,-312271000.0,-312271000.0,-312271000.0,0.0,0.0,-0.089,157581000.0,-62435000.0,608533000.0,0.0,-0.101,-0.274,-0.275,370199000.0,0.0,20.953,0.024,0.025,595465000.0,-703149000.0,3500921000.0,3500921000.0,0.0,-0.109,0.449,-0.127,-0.059,0.0,213688000.0,1.0,4077156.0,4104400,4104400.0,852.968,2547797000.0,108413000.0,18471000.0,69246000.0,620.748,-150000000.0
46,FWLT,MRT,2003-03-31,2003-03-28,2003-03-28,2019-10-16,-370253000.0,2778842000.0,3008167750.0,1273033000.0,1505809000.0,1.171,-195.309,-52443000.0,472596000.0,472596000.0,3442107000.0,-368929000.0,0.877,-4.467,824578000.0,46300000.0,778278000.0,824578000.0,646000000.0,32911000.0,0.0,0.0,0.0,-269152000.0,-236241000.0,-0.067,-236241000.0,-269152000.0,-352698000.0,-90.035,-90.035,-90.035,-801451000.0,-536876250.0,-801451000.0,570175473.0,-2.0,-2.414,-55040000.0,-13.413,1.0,81909000.0,0.023,122679000.0,83546000.0,1555862000.0,1712530000.0,224943000.0,93427000.0,274000.0,93153000.0,3580293000.0,1452283000.0,2128010000.0,54400473.0,-39072000.0,0.0,0.0,-18031000.0,0.0,-20910000.0,-48606000.0,91000.0,-2597000.0,33041000.0,-368929000.0,-368929000.0,-368929000.0,0.0,0.0,-0.105,207944000.0,-126035000.0,605663000.0,0.0,-0.068,-0.147,-0.148,397019000.0,0.0,13.343,0.015,0.016,608412000.0,-673811000.0,3524016000.0,3524016000.0,0.0,-0.123,0.687,-0.157,-0.076,0.0,224006000.0,1.0,4077156.0,4103500,4103500.0,858.783,2656163000.0,105853000.0,16231000.0,71607000.0,647.292,-179250000.0
47,FWLT,MRT,2002-12-31,2002-12-27,2002-12-27,2019-10-16,-369438000.0,2842277000.0,3136774750.0,1329847000.0,1512430000.0,1.122,-190.674,-53395000.0,429098000.0,429098000.0,3426910000.0,-525219000.0,0.917,-4.64,837588000.0,46036000.0,791552000.0,837588000.0,645763000.0,44425000.0,0.0,0.0,0.0,-427534000.0,-383109000.0,-0.109,-383109000.0,-427534000.0,-510562000.0,-128.235,-128.235,-128.235,-780939000.0,-371740750.0,-780939000.0,399029885.0,-1.0,-1.042,106970000.0,26.118,1.0,92267000.0,0.026,122882000.0,83028000.0,1678090000.0,1608564000.0,279824000.0,88794000.0,271000.0,88523000.0,3623216000.0,1449795000.0,2173421000.0,49564885.0,120285000.0,0.0,0.0,62063000.0,0.0,60002000.0,-122706000.0,93000.0,160365000.0,22624000.0,-525219000.0,-525219000.0,-525219000.0,0.0,0.0,-0.149,226524000.0,-134257000.0,283940000.0,0.0,-0.063,-0.094,-0.095,407819000.0,0.0,12.157,0.014,0.014,650165000.0,-653991000.0,3519177000.0,3519177000.0,0.0,-0.167,1.413,-0.266,-0.121,0.0,226524000.0,1.0,4077156.0,4095670,4095670.0,859.243,2719395000.0,110733000.0,14657000.0,72850000.0,663.968,-119948000.0
48,FWLT,MRT,2002-09-30,2002-09-27,2002-09-27,2019-10-16,-154416000.0,3184409000.0,3257664750.0,1591058000.0,1593351000.0,1.109,-87.112,-108694000.0,521445000.0,521445000.0,3538877000.0,-758218000.0,0.98,-9.924,870910000.0,72227000.0,798683000.0,870910000.0,718119000.0,47220000.0,0.0,0.0,0.0,-554896000.0,-507676000.0,-0.14,-507676000.0,-554896000.0,-621509000.0,-185.3,-185.3,-185.3,-356837000.0,-188617000.0,-356837000.0,502974445.0,-1.0,-0.991,196618000.0,47.999,1.0,75144000.0,0.021,199933000.0,66613000.0,1711163000.0,1514771750.0,364731000.0,87737000.0,282000.0,87455000.0,3541246000.0,1622778000.0,1918468000.0,66489445.0,275091000.0,0.0,0.0,79975000.0,1367000.0,77914000.0,-121273000.0,991000.0,305312000.0,13138000.0,-758218000.0,-758218000.0,-758218000.0,0.0,0.0,-0.21,447785000.0,-372641000.0,694529000.0,0.0,-0.186,-0.088,-0.088,398254000.0,0.0,16.308,0.018,0.018,751029000.0,-444788000.0,3614021000.0,3614021000.0,0.0,-0.233,4.02,-0.366,-0.154,0.0,232503000.0,1.0,4077156.0,4096300,4096300.0,882.265,2984476000.0,55346000.0,136709000.0,103161000.0,728.578,-31720000.0
49,FWLT,MRT,2002-06-30,2002-06-28,2002-06-28,2019-10-16,-156262000.0,3227143000.0,3339678750.0,1678688000.0,1548455000.0,1.084,-50.868,-66310000.0,384618000.0,384618000.0,3421358000.0,-606431000.0,1.077,-16.494,821103000.0,63506000.0,757597000.0,821103000.0,654986000.0,50630000.0,0.0,0.0,0.0,-410711000.0,-360081000.0,-0.099,-360081000.0,-410711000.0,-479140000.0,-148.2,-148.2,-148.2,-208278000.0,-7738750.0,-208278000.0,571277636.0,-1.0,-1.587,71341000.0,17.424,1.0,197628000.0,0.055,200552000.0,68429000.0,1905005000.0,1769837500.0,421153000.0,84429000.0,285000.0,84144000.0,3435421000.0,1558071000.0,1877350000.0,64474636.0,208475000.0,0.0,0.0,80101000.0,0.0,76673000.0,-38259000.0,2540000.0,137651000.0,32410000.0,-606431000.0,-606431000.0,-606431000.0,0.0,0.0,-0.168,417099000.0,-219471000.0,694434000.0,0.0,-0.31,-0.106,-0.107,387144000.0,0.0,15.814,0.018,0.018,882624000.0,-294178000.0,3618986000.0,3618986000.0,0.0,-0.182,78.363,-0.232,-0.113,0.0,224885000.0,1.0,4077156.0,4094500,4094500.0,883.865,3026591000.0,64363000.0,127291000.0,106783000.0,739.185,120617000.0
50,FWLT,MRT,2002-03-31,2002-03-29,2002-03-29,2019-10-16,-174489000.0,3293270000.0,3385312750.0,1825949000.0,1467321000.0,1.034,-34.435,-29813000.0,423178000.0,423178000.0,3268272000.0,-520111000.0,0.742,-24.372,929981000.0,780857000.0,149124000.0,929981000.0,616103000.0,53391000.0,0.0,0.0,0.0,-324173000.0,-270782000.0,-0.077,-270782000.0,-324173000.0,-392983000.0,-127.1,-127.1,-127.1,-140909000.0,129676500.0,-140909000.0,898100436.0,-3.0,-3.317,95567000.0,23.355,1.0,231996000.0,0.066,199583000.0,68810000.0,1139998000.0,1946613500.0,445024000.0,77908000.0,268000.0,77640000.0,3434179000.0,2460492000.0,973687000.0,139023436.0,264248000.0,0.0,96000.0,106332000.0,-2445000.0,99188000.0,43137000.0,5068000.0,125380000.0,-3457000.0,-520111000.0,-520111000.0,-520111000.0,0.0,0.0,-0.149,354033000.0,-122037000.0,726953000.0,0.0,-0.987,-0.267,-0.268,388427000.0,0.0,34.098,0.04,0.04,951121000.0,-208582000.0,3500268000.0,3500268000.0,0.0,-0.154,-4.011,-0.167,-0.093,0.0,227538000.0,1.0,4077156.0,4092000,4092000.0,855.393,3093687000.0,56399000.0,127128000.0,99523000.0,756.033,-634543000.0
51,FWLT,MRT,2001-12-31,2001-12-28,2001-12-28,2019-10-16,-161834000.0,3325837000.0,3408811250.0,1754376000.0,1571461000.0,0.995,-11.851,-33998000.0,224020000.0,224020000.0,3164025000.0,-336360000.0,0.734,-69.653,864267000.0,726412000.0,137855000.0,864267000.0,580766000.0,55750000.0,0.0,0.0,0.0,-144231000.0,-88481000.0,-0.026,-88481000.0,-144231000.0,-212965000.0,-82.3,-82.3,-82.3,-48444000.0,253031250.0,-48444000.0,947665280.0,-7.0,-10.71,-122679000.0,-30.012,1.0,228449000.0,0.067,274543000.0,68734000.0,1302921000.0,2276775750.0,504128000.0,84785000.0,271000.0,84514000.0,3374281000.0,2388620000.0,985661000.0,188588280.0,32127000.0,0.0,590000.0,91198000.0,-4888000.0,85533000.0,43212000.0,1530000.0,-88681000.0,-7937000.0,-336360000.0,-336360000.0,-336360000.0,0.0,0.0,-0.099,351887000.0,-123438000.0,408581000.0,0.0,-3.893,-0.561,-0.562,399198000.0,0.0,46.255,0.056,0.056,1011717000.0,-128772000.0,3392474000.0,3392474000.0,0.0,-0.099,-1.329,-0.063,-0.043,0.0,225392000.0,1.0,4077156.0,4087600,4087600.0,829.943,3051294000.0,56939000.0,123395000.0,103743000.0,746.476,-634244000.0
52,FWLT,MRT,2001-09-30,2001-09-28,2001-09-28,2019-10-16,-121984000.0,3512465000.0,3452952250.0,1694440000.0,1818025000.0,0.998,89.687,55684000.0,167635000.0,167635000.0,3064446000.0,19029000.0,1.342,8.579,926712000.0,41581000.0,885131000.0,926712000.0,446745000.0,55350000.0,0.0,0.0,0.0,128922000.0,184272000.0,0.053,184272000.0,128922000.0,27264000.0,4.6,4.6,4.6,366676000.0,351376000.0,366676000.0,943317224.0,7.0,5.119,-71239000.0,-17.425,1.0,381884000.0,0.111,277720000.0,101658000.0,2731426000.0,2541738000.0,509351000.0,84980000.0,1265000.0,83715000.0,3145789000.0,1262396000.0,1883393000.0,201483224.0,24049000.0,0.0,519000.0,97204000.0,-10066000.0,83691000.0,55296000.0,7095000.0,-126923000.0,11985000.0,19029000.0,19029000.0,19029000.0,0.0,0.0,0.006,260623000.0,121261000.0,648863000.0,0.0,0.549,10.588,10.743,468168000.0,0.0,49.418,0.058,0.059,997498000.0,246498000.0,3446330000.0,3446330000.0,0.0,0.006,0.054,0.051,0.037,0.0,217802000.0,1.0,4077156.0,4088400,4097100.0,842.953,3234745000.0,173904000.0,8235000.0,72609000.0,791.201,432044000.0
53,FWLT,MRT,2001-06-30,2001-06-29,2001-06-29,2019-10-16,-146035000.0,3409679000.0,3400400250.0,1599325000.0,1810354000.0,1.073,83.486,57438000.0,135549000.0,135549000.0,3250612000.0,28397000.0,1.269,8.988,877383000.0,43104000.0,834279000.0,877383000.0,500240000.0,55880000.0,0.0,0.0,0.0,124216000.0,180096000.0,0.049,180096000.0,124216000.0,41278000.0,6.9,6.9,6.9,341383000.0,350783250.0,341383000.0,1050581200.0,8.0,5.833,-29089000.0,-7.114,1.0,398122000.0,0.109,279496000.0,82938000.0,2612109000.0,2459600750.0,497104000.0,84233000.0,1449000.0,82784000.0,3068296000.0,1259908000.0,1808388000.0,364756200.0,10099000.0,0.0,519000.0,22097000.0,-11142000.0,7508000.0,86237000.0,4671000.0,-86527000.0,2881000.0,28397000.0,28397000.0,28397000.0,0.0,0.0,0.008,267646000.0,130476000.0,603229000.0,0.0,1.068,12.845,12.963,469574000.0,0.0,89.446,0.1,0.1,953289000.0,245256000.0,3648734000.0,3648734000.0,0.0,0.008,0.081,0.051,0.034,0.0,224825000.0,1.0,4077956.0,4089100,4125100.0,892.307,3130183000.0,167871000.0,12881000.0,66400000.0,765.494,339417000.0
54,FWLT,MRT,2001-03-31,2001-03-30,2001-03-30,2019-10-16,-136468000.0,3387264000.0,3377283000.0,1557351000.0,1829913000.0,1.134,86.325,12556000.0,158930000.0,158930000.0,3431274000.0,36720000.0,1.171,8.609,844755000.0,120391000.0,724364000.0,844755000.0,474703000.0,56503000.0,0.0,0.0,0.0,116488000.0,172991000.0,0.045,172991000.0,116488000.0,48984000.0,8.9,8.9,8.9,352510000.0,358862000.0,352510000.0,1325769678.0,11.0,7.664,-90898000.0,-22.26,1.0,400020000.0,0.104,282815000.0,67504000.0,2460647000.0,2422510750.0,498572000.0,119031000.0,2613000.0,116418000.0,3034754000.0,1329627000.0,1705127000.0,722662678.0,-28785000.0,0.0,423000.0,38942000.0,-11140000.0,25626000.0,41992000.0,15043000.0,-103454000.0,7051000.0,36720000.0,36720000.0,36720000.0,0.0,0.0,0.01,262227000.0,137793000.0,638281000.0,0.0,2.05,19.68,19.945,483222000.0,0.0,177.508,0.189,0.189,900912000.0,246912000.0,3831294000.0,3831294000.0,0.0,0.011,0.102,0.048,0.03,0.0,219406000.0,1.0,4071156.0,4083500,4114500.0,938.238,3104449000.0,143892000.0,12264000.0,48239000.0,760.242,227724000.0
55,FWLT,MRT,2000-12-31,2000-12-29,2000-12-29,2019-10-16,-118707000.0,3502401000.0,3377704750.0,1622976000.0,1879425000.0,1.175,84.547,10896000.0,191893000.0,191893000.0,3565147000.0,36987000.0,1.116,9.154,795000000.0,123355000.0,671645000.0,795000000.0,521277000.0,57716000.0,0.0,0.0,0.0,119670000.0,177386000.0,0.045,177386000.0,119670000.0,52166000.0,9.1,9.1,9.1,344935000.0,363170000.0,344935000.0,987673510.0,8.0,5.568,-5848000.0,-1.433,1.0,404208000.0,0.102,288135000.0,67504000.0,2362770000.0,2397365750.0,464329000.0,122367000.0,1816000.0,120551000.0,3157466000.0,1454603000.0,1702863000.0,211384510.0,21625000.0,0.0,-154000.0,-107000.0,-9773000.0,-12633000.0,38248000.0,15230000.0,-16744000.0,12754000.0,36987000.0,36987000.0,36987000.0,0.0,0.0,0.009,264931000.0,139277000.0,405707000.0,0.0,0.613,5.715,5.702,495034000.0,0.0,51.888,0.053,0.053,965404000.0,222096000.0,3969355000.0,3969355000.0,0.0,0.011,0.102,0.05,0.03,0.0,222110000.0,1.0,4073824.0,4079800,4080500.0,972.929,3214266000.0,162252000.0,15179000.0,54188000.0,787.849,168373000.0
56,FWLT,MRT,2000-09-30,2000-09-29,2000-09-29,2019-10-16,-108677000.0,3302257000.0,3361631750.0,1542374000.0,1759883000.0,1.183,89.28,-39375000.0,143586000.0,143586000.0,3581451000.0,-116079000.0,1.113,8.065,919875000.0,153822000.0,766053000.0,919875000.0,490401000.0,59243000.0,0.0,0.0,0.0,-101091000.0,-41848000.0,-0.011,-41848000.0,-101091000.0,-156123000.0,-28.5,-28.5,-28.5,364305000.0,370902000.0,364305000.0,1114303917.0,-11.0,-26.627,-66076000.0,-16.193,1.0,395283000.0,0.099,289643000.0,55032000.0,2402877000.0,2404750750.0,441828000.0,116897000.0,3041000.0,113856000.0,2937952000.0,1386026000.0,1551926000.0,291911917.0,-41898000.0,0.0,-83000.0,185893000.0,-9773000.0,2474000.0,-9785000.0,24961000.0,-26701000.0,-7886000.0,-116079000.0,-116079000.0,-116079000.0,0.0,0.0,-0.029,482014000.0,-86731000.0,664640000.0,0.0,0.801,-2.515,-2.514,617320000.0,0.0,71.656,0.073,0.074,955337000.0,231364000.0,3976734000.0,3976734000.0,0.0,-0.035,-0.313,-0.042,-0.025,0.0,225360000.0,1.0,4073824.0,4080500,4081500.0,974.57,3012614000.0,129720000.0,-40044000.0,49851000.0,738.295,156348000.0
57,FWLT,MRT,2000-06-30,2000-06-30,2000-06-30,2019-10-16,-91582000.0,3317210000.0,3367633250.0,1531629000.0,1785581000.0,1.161,91.604,46961000.0,125450000.0,125450000.0,3532353000.0,-149134000.0,1.108,7.877,947842000.0,147592000.0,800250000.0,947842000.0,513933000.0,59894000.0,0.0,0.0,0.0,-144384000.0,-84490000.0,-0.022,-84490000.0,-144384000.0,-199416000.0,-36.6,-36.6,-36.6,373698000.0,412650750.0,373698000.0,1066750538.0,-7.0,-12.626,20363000.0,4.992,1.0,379019000.0,0.097,294014000.0,55032000.0,2463749000.0,2352070500.0,415398000.0,121757000.0,2167000.0,119590000.0,2943512000.0,1381839000.0,1561673000.0,347274538.0,-46085000.0,0.0,-83000.0,107796000.0,-9773000.0,-75623000.0,63491000.0,33711000.0,-26598000.0,-7355000.0,-149134000.0,-149134000.0,-149134000.0,0.0,0.0,-0.038,489651000.0,-110632000.0,632462000.0,0.0,0.929,-2.329,-2.329,640767000.0,0.0,85.245,0.089,0.089,990530000.0,223662000.0,3911372000.0,3911372000.0,0.0,-0.044,-0.361,-0.061,-0.037,0.0,232997000.0,1.0,4073824.0,4079500,4080800.0,958.787,3023196000.0,121174000.0,-50282000.0,45352000.0,741.07,149790000.0
58,FWLT,MRT,2000-03-31,2000-03-31,2000-03-31,2019-10-16,-89334000.0,3388951000.0,3350047000.0,1586251000.0,1802700000.0,1.123,90.676,36412000.0,187715000.0,187715000.0,3397525000.0,-152396000.0,1.093,8.166,907191000.0,103873000.0,803318000.0,907191000.0,613817000.0,57300000.0,0.0,0.0,0.0,-146001000.0,-88701000.0,-0.024,-88701000.0,-146001000.0,-201033000.0,-37.4,-37.4,-37.4,369742000.0,456328750.0,369742000.0,998897731.0,-7.0,-11.261,78369000.0,19.219,1.0,364867000.0,0.097,296917000.0,55032000.0,2360067000.0,2295548750.0,441646000.0,128283000.0,15071000.0,113212000.0,3019209000.0,1451443000.0,1567766000.0,271650731.0,21211000.0,0.0,-83000.0,-52346000.0,-15878000.0,-72692000.0,68676000.0,37186000.0,41957000.0,-16730000.0,-152396000.0,-152396000.0,-152396000.0,0.0,0.0,-0.041,493754000.0,-128887000.0,621221000.0,0.0,0.735,-1.783,-1.784,637428000.0,0.0,66.714,0.072,0.072,945781000.0,217458000.0,3762392000.0,3762392000.0,0.0,-0.045,-0.334,-0.064,-0.039,0.0,237100000.0,1.0,4071885.0,4077623,34.0,922.692,3092034000.0,117447000.0,-48637000.0,64035000.0,758.293,134808000.0
59,FWLT,MRT,1999-12-31,1999-12-31,1999-12-31,2019-10-16,-77219000.0,3438109000.0,3329499000.0,1615096000.0,1823013000.0,1.185,92.254,14483000.0,170268000.0,170268000.0,3569196000.0,-145365000.0,1.098,8.147,897515000.0,83046000.0,814469000.0,897515000.0,610023000.0,60448000.0,0.0,0.0,0.0,-138156000.0,-77708000.0,-0.02,-77708000.0,-138156000.0,-193188000.0,-35.7,-35.7,-35.7,375863000.0,504964500.0,375863000.0,949971086.0,-7.0,-12.225,8863000.0,2.175,1.0,374878000.0,0.095,301494000.0,55032000.0,2392310000.0,2262262000.0,420033000.0,125708000.0,17053000.0,108655000.0,3062246000.0,1471552000.0,1590694000.0,357232086.0,-9800000.0,0.0,-860000.0,-21147000.0,-21983000.0,-48375000.0,60299000.0,43923000.0,-5620000.0,-16104000.0,-145365000.0,-145365000.0,-145365000.0,0.0,0.0,-0.037,494865000.0,-119987000.0,385012000.0,0.0,0.95,-2.457,-2.457,648199000.0,0.0,87.716,0.091,0.091,1014424000.0,211529000.0,3944074000.0,3944074000.0,0.0,-0.044,-0.288,-0.061,-0.035,0.0,238211000.0,1.0,4072589.0,4074200,4074200.0,968.061,3136615000.0,126402000.0,-47823000.0,66960000.0,769.873,143544000.0
60,FWLT,MRT,1999-09-30,1999-09-24,1999-09-24,2019-10-16,-65681000.0,3326263000.0,3300547000.0,1726534000.0,1599729000.0,1.288,130.395,4676000.0,185484000.0,185484000.0,3859658000.0,14493000.0,1.19,5.261,778223000.0,73655000.0,704568000.0,778223000.0,636261000.0,60100000.0,0.0,0.0,0.0,26952000.0,87052000.0,0.02,87052000.0,26952000.0,26952000.0,3.6,3.6,3.6,531300000.0,554028250.0,531300000.0,1173253862.0,44.0,13.478,-15633000.0,-3.837,1.0,391842000.0,0.092,275375000.0,0.0,2192156000.0,2246146750.0,450088000.0,134439000.0,26216000.0,108223000.0,2794963000.0,1451471000.0,1343492000.0,475470862.0,60124000.0,-7462000.0,-860000.0,-124677000.0,-28086000.0,15555000.0,85664000.0,35090000.0,-20309000.0,-20786000.0,14493000.0,14493000.0,14493000.0,0.0,0.0,0.003,296563000.0,95279000.0,642799000.0,0.0,0.895,32.807,32.43,643928000.0,0.0,116.749,0.112,0.112,1052299000.0,355486000.0,4251500000.0,4251500000.0,0.0,0.004,0.026,0.012,0.006,0.0,249549000.0,1.0,4072589.0,4074558,4074558.0,1043.426,3050888000.0,104703000.0,12459000.0,113102000.0,748.765,275063000.0
61,FWLT,MRT,1999-06-30,1999-06-25,1999-06-25,2019-10-16,-73924000.0,3246865000.0,3321302000.0,1594503000.0,1652362000.0,1.325,134.638,-132988000.0,171535000.0,171535000.0,3976273000.0,-36848000.0,1.115,4.921,869318000.0,193580000.0,675738000.0,869318000.0,531381000.0,60461000.0,0.0,0.0,0.0,37504000.0,97965000.0,0.022,97965000.0,37504000.0,37504000.0,-9.0,-9.0,-9.0,548410000.0,564185500.0,548410000.0,1197856727.0,32.0,12.227,-182048000.0,-44.694,1.0,424087000.0,0.096,277039000.0,0.0,2237662000.0,2281112250.0,458179000.0,139584000.0,34094000.0,105490000.0,2698455000.0,1429947000.0,1268508000.0,548426727.0,27153000.0,0.0,-1151000.0,-125000.0,-34190000.0,133712000.0,-48775000.0,35415000.0,-49060000.0,-8724000.0,-36848000.0,-36848000.0,-36848000.0,0.0,0.0,-0.008,297771000.0,126316000.0,641057000.0,0.0,1.0,-14.883,-14.963,690750000.0,0.0,134.663,0.125,0.125,952675000.0,380839000.0,4400360000.0,4400360000.0,0.0,-0.011,-0.065,0.016,0.009,0.0,250757000.0,1.0,4072589.0,4073214,1062.0,1080.317,2969826000.0,64841000.0,74352000.0,93749000.0,729.111,164556000.0
62,FWLT,MRT,1999-03-31,1999-03-26,1999-03-26,2019-10-16,-61212000.0,3306759000.0,3361558500.0,1646589000.0,1660170000.0,1.362,138.543,-151689000.0,166504000.0,166504000.0,4137652000.0,-29388000.0,1.137,4.86,815934000.0,118870000.0,697064000.0,815934000.0,576739000.0,63519000.0,0.0,0.0,0.0,48099000.0,111618000.0,0.024,111618000.0,48099000.0,48099000.0,-7.1,-7.1,-7.1,564285000.0,583142000.0,564285000.0,1427268387.0,30.0,12.787,-235193000.0,-57.745,1.0,439564000.0,0.096,280849000.0,0.0,2226920000.0,2374001250.0,431698000.0,146810000.0,46389000.0,100421000.0,2742474000.0,1448420000.0,1294054000.0,482809387.0,25028000.0,0.0,-1100000.0,231135000.0,-34181000.0,195854000.0,-76470000.0,33613000.0,-83504000.0,-10852000.0,-29388000.0,-29388000.0,-29388000.0,0.0,0.0,-0.006,299213000.0,140351000.0,673323000.0,0.0,0.856,-16.429,-16.705,682770000.0,0.0,118.602,0.105,0.106,1010582000.0,384002000.0,4577216000.0,4577216000.0,0.0,-0.009,-0.05,0.02,0.011,0.0,252199000.0,1.0,4070830.0,4072984,5.0,1123.799,3025910000.0,68428000.0,77487000.0,104293000.0,742.922,198169000.0
63,FWLT,MRT,1998-12-31,1998-12-25,1998-12-25,2019-10-16,-46349000.0,3322301000.0,3358736500.0,1672842000.0,1649459000.0,1.369,140.469,-131519000.0,180068000.0,180068000.0,4166257000.0,-31506000.0,1.121,4.807,962527000.0,126802000.0,835725000.0,962527000.0,563271000.0,59994000.0,0.0,0.0,0.0,47789000.0,107783000.0,0.023,107783000.0,47789000.0,47789000.0,-7.7,-7.7,-7.7,572118000.0,597186000.0,572118000.0,1475113127.0,31.0,13.686,-190608000.0,-46.799,1.0,430735000.0,0.094,285245000.0,0.0,2327849000.0,2415970250.0,478481000.0,157050000.0,61223000.0,95827000.0,2750183000.0,1491666000.0,1258517000.0,530699127.0,12651000.0,0.0,-240000.0,177774000.0,-34195000.0,143339000.0,-74157000.0,30011000.0,-59089000.0,2558000.0,-31506000.0,-31506000.0,-31506000.0,0.0,0.0,-0.007,300415000.0,130320000.0,434969000.0,0.0,0.928,-16.844,-16.927,676786000.0,0.0,130.339,0.115,0.115,960617000.0,377147000.0,4596992000.0,4596992000.0,0.0,-0.009,-0.053,0.02,0.01,0.0,253401000.0,1.0,4071686.0,4072900,4072900.0,1128.678,3037056000.0,70359000.0,79295000.0,112110000.0,745.674,181176000.0
64,FWLT,MRT,1998-09-30,1998-09-25,1998-09-25,2019-10-16,-38466000.0,3409283000.0,3367586250.0,1576550000.0,1832733000.0,1.259,140.431,-28229000.0,125360000.0,125360000.0,3844563000.0,-50328000.0,0.909,4.961,1069774000.0,435760000.0,634014000.0,1069774000.0,535689000.0,60867000.0,0.0,0.0,0.0,22921000.0,83788000.0,0.02,83788000.0,22921000.0,22921000.0,-12.2,-12.2,-12.2,571929000.0,613035750.0,571929000.0,1460458534.0,64.0,17.43,-121118000.0,-29.739,1.0,395489000.0,0.093,287507000.0,0.0,2332018000.0,2439685000.0,478246000.0,200262000.0,66083000.0,134179000.0,2837354000.0,1734172000.0,1103182000.0,561156534.0,-17052000.0,-2220000.0,-151000.0,136348000.0,-34198000.0,101999000.0,-38648000.0,45357000.0,-92889000.0,12486000.0,-50328000.0,-50328000.0,-50328000.0,0.0,0.0,-0.012,239667000.0,155822000.0,646754000.0,0.0,0.981,-11.15,-11.291,863817000.0,0.0,137.752,0.132,0.132,913113000.0,369079000.0,4240052000.0,4240052000.0,0.0,-0.015,-0.082,0.009,0.005,0.0,239667000.0,1.0,4073686.0,4072675,4072675.0,1041.097,3121776000.0,67725000.0,73249000.0,111725000.0,766.517,-157622000.0
65,FWLT,MRT,1998-06-30,1998-06-26,1998-06-26,2019-10-16,-64755000.0,3407891000.0,,1554170000.0,1853721000.0,,153.237,-47994000.0,144382000.0,144382000.0,3869637000.0,-11053000.0,1.107,4.459,1043684000.0,115415000.0,928269000.0,1043684000.0,518463000.0,60671000.0,0.0,0.0,0.0,-7941000.0,52730000.0,0.013,52730000.0,-7941000.0,-7941000.0,-2.6,-2.6,-2.6,624236000.0,,624236000.0,1657619374.0,-209.0,31.436,-135771000.0,-33.329,1.0,315150000.0,0.075,294419000.0,0.0,2609218000.0,,478130000.0,204537000.0,69764000.0,134773000.0,2783655000.0,1403556000.0,1380099000.0,868114374.0,-123885000.0,-9682000.0,2659000.0,112660000.0,-34195000.0,81124000.0,-111322000.0,5429000.0,-87777000.0,-5910000.0,-11053000.0,-11053000.0,-11053000.0,0.0,0.0,-0.003,240941000.0,74209000.0,629189000.0,0.0,1.391,-78.541,-81.967,855220000.0,0.0,213.113,0.207,0.207,875228000.0,447384000.0,4184787000.0,4184787000.0,0.0,,,,-0.002,0.0,240941000.0,1.0,4073486.0,4073675,746.0,1027.276,3113472000.0,65122000.0,3112000.0,67368000.0,764.291,150614000.0
66,FWLT,MRT,1998-03-31,1998-03-27,1998-03-27,2019-10-16,-56680000.0,3295471000.0,,1476975000.0,1818496000.0,,152.317,-39383000.0,141476000.0,141476000.0,3919649000.0,-27529000.0,1.06,4.311,930981000.0,96053000.0,834928000.0,930981000.0,555957000.0,61012000.0,0.0,0.0,0.0,-32954000.0,28058000.0,0.007,28058000.0,-32954000.0,-32954000.0,-6.7,-6.7,-6.7,620461000.0,,620461000.0,1990362264.0,-60.0,70.937,-80603000.0,-19.787,1.0,311640000.0,0.074,296213000.0,0.0,2394796000.0,,399874000.0,209571000.0,83074000.0,126497000.0,2675010000.0,1393967000.0,1281043000.0,1214835264.0,-69386000.0,185601000.0,2707000.0,-118761000.0,-34187000.0,-150241000.0,117184000.0,69157000.0,-41220000.0,4891000.0,-27529000.0,-27529000.0,-27529000.0,0.0,0.0,-0.007,253523000.0,58117000.0,615826000.0,0.0,1.958,-44.129,-44.531,822834000.0,0.0,298.359,0.287,0.287,867593000.0,435585000.0,4231289000.0,4231289000.0,0.0,,,,-0.008,0.0,253523000.0,1.0,4071727.0,4073486,4074210.0,1038.739,2999258000.0,65727000.0,-5425000.0,61345000.0,736.288,83008000.0
67,FWLT,MRT,1997-12-31,1997-12-26,1997-12-26,2019-10-16,-48887000.0,3357700000.0,3434017000.0,1545271000.0,1812429000.0,1.215,156.235,-60179000.0,167417000.0,167417000.0,3791998000.0,5624000.0,1.094,4.283,942944000.0,87276000.0,855668000.0,942944000.0,578474000.0,62010000.0,0.0,0.0,0.0,19516000.0,81526000.0,0.02,81526000.0,19516000.0,19516000.0,1.4,1.4,1.4,635517000.0,662237500.0,635517000.0,,,,-173389000.0,-42.626,1.0,380017000.0,0.091,298217000.0,0.0,2422708000.0,2386928500.0,415186000.0,219517000.0,91888000.0,127629000.0,2722183000.0,1412302000.0,1309881000.0,1094106229.0,-99732000.0,185601000.0,2760000.0,7723000.0,-33953000.0,-23470000.0,54514000.0,29360000.0,-113210000.0,-17566000.0,5624000.0,5624000.0,5624000.0,0.0,0.0,0.001,268026000.0,111991000.0,380016000.0,0.0,1.722,194.542,191.934,824452000.0,0.0,268.708,0.262,0.262,885728000.0,442848000.0,4172015000.0,4172015000.0,0.0,0.002,0.008,0.008,0.005,0.0,268026000.0,1.0,4071727.0,4067700,4080400.0,1025.645,3059483000.0,59171000.0,13892000.0,55675000.0,752.141,132969000.0
68,FWLT,MRT,1997-09-30,1997-09-26,1997-09-26,2019-10-16,,,,,,,,,,,,,,,,,,,,,,0.0,0.0,,,,,,,,,,,,,,,,,,1.0,,,,,,,,,,,,,,,,,,,,,,,,,,,,,,,,,,,,,,,,434.875,,,,,,,,,,,,,,1.0,,4068757,,,,,,,,
69,FWLT,MRT,1997-06-30,1997-06-27,1997-06-27,2019-10-16,,,,,,,,,,,,,,,,,,,,,,0.0,0.0,,,,,,,,,,,,,,,,,,1.0,,,,,,,,,,,,,,,,,,,,,,,,,,,,,,,,,,,,,,,,399.047,,,,,,,,,,,,,,1.0,,4064317,,,,,,,,
70,FWLT,MRT,1997-03-31,1997-03-28,1997-03-28,2019-10-16,,,,,,,,,,,,,,,,,,,,,,0.0,0.0,,,,,,,,,,,,,,,,,,1.0,,,,,,,,,,,,,,,,,,,,,,,,,,,,,,,,,,,,,,,,355.807,,,,,,,,,,,,,,1.0,,4064151,,,,,,,,
71,FWLT,MRT,1996-12-31,1996-12-26,1996-12-26,2019-10-16,-20545000.0,3510334000.0,,1762448000.0,1747886000.0,,169.728,-142248000.0,267149000.0,267149000.0,3510970000.0,82240000.0,1.222,4.095,881321000.0,85042000.0,796279000.0,881321000.0,562984000.0,63605000.0,0.0,0.0,0.0,126866000.0,190471000.0,0.047,190471000.0,126866000.0,126866000.0,20.3,20.2,20.3,688958000.0,,688958000.0,,,,-31292000.0,-7.709,1.0,529641000.0,0.131,331463000.0,0.0,2351149000.0,,403515000.0,210905000.0,137180000.0,73725000.0,2821376000.0,1441894000.0,1379482000.0,,100018000.0,-14798000.0,3545000.0,205033000.0,-32867000.0,175711000.0,-192544000.0,-24572000.0,110956000.0,5895000.0,82240000.0,82240000.0,82240000.0,0.0,0.0,0.02,320921000.0,208720000.0,359503000.0,0.0,,,18.501,724779000.0,0.0,375.574,,0.377,960081000.0,471177000.0,4040611000.0,4040611000.0,0.0,,,,0.031,0.0,296921000.0,1.0,,4059200,4075900.0,995.421,3178871000.0,42415000.0,44626000.0,72030000.0,783.127,320554000.0
72,FWLT,MRT,1995-12-31,1995-12-26,1995-12-26,2019-10-16,,,,,,,,-56514000.0,,,2642290000.0,28534000.0,,,,,,,,54625000.0,,0.0,0.0,69663000.0,124288000.0,0.04,124288000.0,69663000.0,69663000.0,7.9,7.8,7.9,,,,,,,-161821000.0,-44.552,1.0,439640000.0,0.143,,0.0,,,,,,,,,,,-68670000.0,-133451000.0,158882000.0,96892000.0,-27591000.0,228183000.0,-201418000.0,2143000.0,-105307000.0,9872000.0,28534000.0,28534000.0,28534000.0,0.0,0.0,0.009,300489000.0,139151000.0,,0.0,,,53.484,,0.0,422.52,,0.498,,,3081930000.0,3081930000.0,0.0,,,,0.023,0.0,250369000.0,1.0,,3632200,3642900.0,848.502,,,41129000.0,,,
