None,ticker,dimension,calendardate,datekey,reportperiod,lastupdated,accoci,assets,assetsavg,assetsc,assetsnc,assetturnover,bvps,capex,cashneq,cashnequsd,cor,consolinc,currentratio,de,debt,debtc,debtnc,debtusd,deferredrev,depamor,deposits,divyield,dps,ebit,ebitda,ebitdamargin,ebitdausd,ebitusd,ebt,eps,epsdil,epsusd,equity,equityavg,equityusd,ev,evebit,evebitda,fcf,fcfps,fxusd,gp,grossmargin,intangibles,intexp,invcap,invcapavg,inventory,investments,investmentsc,investmentsnc,liabilities,liabilitiesc,liabilitiesnc,marketcap,ncf,ncfbus,ncfcommon,ncfdebt,ncfdiv,ncff,ncfi,ncfinv,ncfo,ncfx,netinc,netinccmn,netinccmnusd,netincdis,netincnci,netmargin,opex,opinc,payables,payoutratio,pb,pe,pe1,ppnenet,prefdivis,price,ps,ps1,receivables,retearn,revenue,revenueusd,rnd,roa,roe,roic,ros,sbcomp,sgna,sharefactor,sharesbas,shareswa,shareswadil,sps,tangibles,taxassets,taxexp,taxliabilities,tbvps,workingcapital
0,RCL,MRY,2020-12-31,2020-12-31,2020-12-31,2021-08-05,-739341000.0,32465187000.0,32761398250.0,4311747000.0,28153440000.0,0.067,39.051,-1937335000.0,3684474000.0,3684474000.0,2765108000.0,-5775130000.0,0.95,2.706,19995596000.0,1473764000.0,18521832000.0,19995596000.0,0.0,1279254000.0,1784832000.0,0.01,0.78,-4953224000.0,-3673970000.0,-1.663,-3673970000.0,-4953224000.0,-5797462000.0,-27.05,-27.05,-27.05,8760669000.0,9071235750.0,8760669000.0,33278219527.0,-7.0,-9.058,-5668988000.0,-25.27,1.0,-556303000.0,-0.252,809480000.0,844238000.0,43429708000.0,41483700250.0,118703000.0,0.0,0.0,0.0,23704518000.0,4537121000.0,19167397000.0,16755815527.0,3440736000.0,-79523000.0,1431375000.0,8255522000.0,-326421000.0,9349788000.0,-2178566000.0,-145461000.0,-3731653000.0,1167000.0,-5797462000.0,-5797462000.0,-5797462000.0,0.0,22332000.0,-2.625,4045254000.0,-4601557000.0,353422000.0,-0.029,1.913,-2.89,-2.761,25846580000.0,0.0,74.69,7.586,7.586,284149000.0,5562775000.0,2208805000.0,2208805000.0,0.0,-0.177,-0.639,-0.119,-2.242,39779000.0,1199620000.0,1.0,224338138.0,224338138.0,,9.846,31655707000.0,0.0,0.0,0.0,141.107,-225374000.0
1,RCL,MRY,2019-12-31,2019-12-31,2019-12-31,2021-08-05,-797713000.0,30320284000.0,29668689000.0,1162628000.0,29157656000.0,0.369,58.025,-3024663000.0,243738000.0,243738000.0,6062765000.0,1907600000.0,0.146,1.446,11733493000.0,2717742000.0,9015751000.0,11733493000.0,0.0,1245942000.0,3428138000.0,0.022,2.96,2287400000.0,3533342000.0,0.323,3533342000.0,2287400000.0,1878887000.0,8.97,8.95,8.97,12163846000.0,11737056500.0,12163846000.0,39109228240.0,17.0,11.069,691703000.0,3.3,1.0,4887896000.0,0.446,1385644000.0,408513000.0,32471499000.0,31816741000.0,162107000.0,0.0,0.0,0.0,17586457000.0,7952896000.0,9633561000.0,27987857240.0,-44114000.0,7301000.0,-99582000.0,42401000.0,-602674000.0,-670371000.0,-3091406000.0,-61215000.0,3716366000.0,1297000.0,1878887000.0,1878887000.0,1878887000.0,0.0,28713000.0,0.172,2805195000.0,2082701000.0,563706000.0,0.33,2.301,14.896,14.884,26154363000.0,0.0,133.51,2.556,2.556,305821000.0,11523326000.0,10950661000.0,10950661000.0,0.0,0.063,0.16,0.072,0.209,75930000.0,1559253000.0,1.0,209631168.0,209631168.0,,52.238,28934640000.0,0.0,0.0,0.0,138.026,-6790268000.0
2,RCL,MRY,2018-12-31,2018-12-31,2018-12-31,2021-08-05,-627734000.0,27698270000.0,25704954500.0,1242044000.0,26456226000.0,0.369,53.137,-3660028000.0,287852000.0,287852000.0,5262207000.0,1815792000.0,0.175,1.445,10777699000.0,2422329000.0,8355370000.0,10777699000.0,0.0,1033697000.0,3148837000.0,0.027,2.6,2144714000.0,3178411000.0,0.335,3178411000.0,2144714000.0,1811042000.0,8.6,8.56,8.6,11105461000.0,10966022500.0,11105461000.0,30357372565.0,14.0,9.551,-180889000.0,-0.866,1.0,4231642000.0,0.446,1378353000.0,333672000.0,29697599000.0,28031020250.0,153573000.0,0.0,0.0,0.0,16050789000.0,7112165000.0,8938624000.0,20437757565.0,167740000.0,-805854000.0,-575039000.0,2310106000.0,-527494000.0,1198073000.0,-4489158000.0,-21545000.0,3479139000.0,-20314000.0,1811042000.0,1811042000.0,1811042000.0,0.0,4750000.0,0.191,2336841000.0,1894801000.0,488212000.0,0.302,1.84,11.285,11.371,23466163000.0,0.0,97.79,2.153,2.153,324507000.0,10263282000.0,9493849000.0,9493849000.0,0.0,0.07,0.165,0.077,0.226,46061000.0,1303144000.0,1.0,208996396.0,208996396.0,,45.426,26319917000.0,0.0,0.0,0.0,125.935,-5870121000.0
3,RCL,MRY,2017-12-31,2017-12-31,2017-12-31,2021-08-05,-334265000.0,22360926000.0,22125416250.0,907637000.0,21453289000.0,0.397,49.99,-334138000.0,120112000.0,120112000.0,4896579000.0,1625133000.0,0.187,1.089,7539451000.0,1188514000.0,6350937000.0,7539451000.0,0.0,951194000.0,2308291000.0,0.018,2.16,1925115000.0,2876309000.0,0.328,2876309000.0,1925115000.0,1625133000.0,7.57,7.53,7.57,10702303000.0,10022007250.0,10702303000.0,32988786956.0,17.0,11.469,2540428000.0,11.866,1.0,3881266000.0,0.442,288512000.0,299982000.0,24636880000.0,24524878750.0,111393000.0,0.0,0.0,0.0,11658623000.0,4854873000.0,6803750000.0,25536529956.0,-12491000.0,51907000.0,-222473000.0,-2019711000.0,-437455000.0,-2675796000.0,-213592000.0,63224000.0,2874566000.0,2331000.0,1625133000.0,1625133000.0,1625133000.0,0.0,0.0,0.185,2137210000.0,1744056000.0,360113000.0,0.285,2.386,15.714,15.757,19735180000.0,0.0,119.28,2.909,2.909,318641000.0,9022405000.0,8777845000.0,8777845000.0,0.0,0.073,0.162,0.078,0.219,69459000.0,1186016000.0,1.0,214088950.0,214088950.0,,41.001,22072414000.0,0.0,0.0,0.0,103.099,-3947236000.0
4,RCL,MRY,2016-12-31,2016-12-31,2016-12-31,2021-08-05,-916484000.0,22310324000.0,22048873000.0,748305000.0,21562019000.0,0.385,42.508,-2494363000.0,132603000.0,132603000.0,5015539000.0,1283388000.0,0.168,1.446,9387436000.0,1285735000.0,8101701000.0,9387436000.0,0.0,894915000.0,1965473000.0,0.021,1.71,1590758000.0,2485673000.0,0.293,2485673000.0,1590758000.0,1283388000.0,5.96,5.93,5.96,9121412000.0,8486248750.0,9121412000.0,27143733249.0,17.0,10.92,22327000.0,0.104,1.0,3480862000.0,0.41,288386000.0,307370000.0,26835170000.0,26645617750.0,114087000.0,0.0,0.0,0.0,13188912000.0,4441601000.0,8747311000.0,17604309249.0,11038000.0,29058000.0,-297702000.0,884749000.0,-346487000.0,243809000.0,-2724892000.0,-213202000.0,2516690000.0,-24569000.0,1283388000.0,1283388000.0,1283388000.0,0.0,0.0,0.151,2003657000.0,1477205000.0,305313000.0,0.287,1.93,13.717,13.765,20161427000.0,0.0,82.04,2.072,2.072,291899000.0,7860341000.0,8496401000.0,8496401000.0,0.0,0.058,0.151,0.06,0.187,32659000.0,1108742000.0,1.0,214582024.0,214582024.0,,39.595,22021938000.0,0.0,0.0,0.0,102.627,-3693296000.0
5,RCL,MRY,2015-12-31,2015-12-31,2015-12-31,2021-08-05,-1328433000.0,20782043000.0,21001419500.0,837022000.0,19945021000.0,0.395,36.651,-1613340000.0,121565000.0,121565000.0,5099393000.0,665783000.0,0.195,1.577,8527243000.0,899542000.0,7627701000.0,8527243000.0,0.0,827008000.0,1742286000.0,0.013,1.35,943508000.0,1770516000.0,0.213,1770516000.0,943508000.0,665783000.0,3.03,3.02,3.03,8063039000.0,8153243750.0,8063039000.0,30608250523.0,32.0,17.288,333026000.0,1.514,1.0,3199681000.0,0.386,286764000.0,277725000.0,24608265000.0,24633894500.0,121332000.0,0.0,0.0,0.0,12719004000.0,4292692000.0,8426312000.0,22265733523.0,-67676000.0,68090000.0,-188748000.0,212928000.0,-280212000.0,-253512000.0,-1742975000.0,-178597000.0,1946366000.0,-17555000.0,665783000.0,665783000.0,665783000.0,0.0,0.0,0.08,2324779000.0,874902000.0,302072000.0,0.446,2.761,33.443,33.403,18777778000.0,0.0,101.21,2.683,2.683,238972000.0,6944862000.0,8299074000.0,8299074000.0,0.0,0.032,0.082,0.038,0.114,36073000.0,1086504000.0,1.0,219995391.0,219995391.0,,37.724,20495279000.0,0.0,0.0,0.0,93.162,-3455670000.0
6,RCL,MRY,2014-12-31,2014-12-31,2014-12-31,2021-08-05,-896994000.0,20713190000.0,20112862750.0,801083000.0,19912107000.0,0.401,37.204,-1591398000.0,189241000.0,189241000.0,5306281000.0,764146000.0,0.208,1.5,8443948000.0,799630000.0,7644318000.0,8443948000.0,0.0,772445000.0,1766914000.0,0.013,1.1,1022445000.0,1794890000.0,0.222,1794890000.0,1022445000.0,764146000.0,3.45,3.43,3.45,8284359000.0,8732889750.0,8284359000.0,25157855015.0,25.0,14.016,152361000.0,0.684,1.0,2767574000.0,0.343,420542000.0,258299000.0,24698108000.0,23613628750.0,123490000.0,0.0,0.0,0.0,12428831000.0,3849247000.0,8579584000.0,18354962015.0,-15446000.0,-112428000.0,-165195000.0,356766000.0,-198952000.0,17480000.0,-1770378000.0,-68098000.0,1743759000.0,-6307000.0,764146000.0,764146000.0,764146000.0,0.0,0.0,0.095,1825715000.0,941859000.0,331505000.0,0.319,2.216,24.02,23.893,18193627000.0,0.0,82.43,2.273,2.273,261392000.0,6575248000.0,8073855000.0,8073855000.0,0.0,0.038,0.088,0.043,0.127,26116000.0,1048952000.0,1.0,222673323.0,222673323.0,,36.259,20292648000.0,0.0,0.0,0.0,91.132,-3048164000.0
7,RCL,MRY,2013-12-31,2013-12-31,2013-12-31,2021-08-05,5671000.0,20072947000.0,19994021750.0,956374000.0,19116573000.0,0.398,40.049,-763777000.0,204687000.0,204687000.0,5305270000.0,473692000.0,0.224,1.279,8074804000.0,1563378000.0,6511426000.0,8074804000.0,0.0,754711000.0,1664679000.0,0.016,0.74,806114000.0,1560825000.0,0.196,1560825000.0,806114000.0,473692000.0,2.16,2.14,2.16,8808265000.0,8568785750.0,8808265000.0,18143678192.0,23.0,11.624,648291000.0,2.948,1.0,2654624000.0,0.333,439231000.0,332422000.0,23236823000.0,22810100500.0,151244000.0,0.0,0.0,0.0,11264682000.0,4267010000.0,6997672000.0,10429484192.0,9832000.0,-47254000.0,30125000.0,-464639000.0,-143629000.0,-576626000.0,-824538000.0,-17338000.0,1412068000.0,-1072000.0,473692000.0,473692000.0,473692000.0,0.0,0.0,0.06,1856476000.0,798148000.0,372226000.0,0.343,1.184,22.017,21.954,17517752000.0,0.0,47.42,1.31,1.31,259746000.0,6054952000.0,7959894000.0,7959894000.0,0.0,0.024,0.055,0.035,0.101,0.0,1044819000.0,1.0,219938511.0,219938511.0,,36.191,19633716000.0,0.0,0.0,0.0,89.269,-3310636000.0
8,RCL,MRY,2012-12-31,2012-12-31,2012-12-31,2021-08-05,-134516000.0,19827930000.0,19805303750.0,888060000.0,18939870000.0,0.388,38.096,-1281688000.0,194855000.0,194855000.0,5157434000.0,18287000.0,0.218,1.386,8489947000.0,1519483000.0,6970464000.0,8489947000.0,0.0,730493000.0,1546993000.0,0.013,0.44,374072000.0,1104565000.0,0.144,1104565000.0,374072000.0,18287000.0,0.08,0.08,0.08,8308749000.0,8468913500.0,8308749000.0,14953052522.0,40.0,13.538,100046000.0,0.459,1.0,2530590000.0,0.329,432975000.0,355785000.0,23623896000.0,23464086500.0,146295000.0,0.0,0.0,0.0,11519181000.0,4066151000.0,7453030000.0,7415421522.0,-67331000.0,23512000.0,15146000.0,-78655000.0,-117707000.0,-179617000.0,-1263323000.0,-10886000.0,1381734000.0,-6125000.0,18287000.0,18287000.0,18287000.0,0.0,0.0,0.002,2127480000.0,403110000.0,351587000.0,5.5,0.892,405.502,425.0,17451034000.0,0.0,34.0,0.965,0.965,281421000.0,5744791000.0,7688024000.0,7688024000.0,0.0,0.001,0.002,0.016,0.049,0.0,1011543000.0,1.0,218100633.0,218100633.0,,35.25,19394955000.0,0.0,0.0,0.0,88.927,-3178091000.0
9,RCL,MRY,2011-12-31,2011-12-31,2011-12-31,2021-08-05,-75938000.0,19804405000.0,19924605250.0,969288000.0,18835117000.0,0.378,38.699,-828626000.0,262186000.0,262186000.0,4942607000.0,607421000.0,0.316,1.355,8495853000.0,638891000.0,7856962000.0,8495853000.0,0.0,702426000.0,1436003000.0,0.008,0.2,989837000.0,1692263000.0,0.225,1692263000.0,989837000.0,607421000.0,2.8,2.77,2.8,8407823000.0,8368045250.0,8407823000.0,13705814393.0,14.0,8.099,627113000.0,2.886,1.0,2594656000.0,0.344,746537000.0,382416000.0,24223893000.0,24260656250.0,144553000.0,0.0,0.0,0.0,11396582000.0,3067642000.0,8328940000.0,5381571393.0,-157743000.0,-110660000.0,19463000.0,-685059000.0,-21707000.0,-676515000.0,-924565000.0,16307000.0,1455739000.0,-12402000.0,607421000.0,607421000.0,607421000.0,0.0,0.0,0.081,1663028000.0,931628000.0,304623000.0,0.071,0.64,8.86,8.846,16934817000.0,0.0,24.77,0.714,0.714,292447000.0,5823430000.0,7537263000.0,7537263000.0,0.0,0.03,0.073,0.041,0.131,0.0,960602000.0,1.0,217261663.0,217261663.0,,34.692,19057868000.0,0.0,0.0,0.0,87.719,-2098354000.0
10,RCL,MRY,2010-12-31,2010-12-31,2010-12-31,2021-08-05,25066000.0,19653829000.0,18649949250.0,1015071000.0,18638758000.0,0.362,36.709,-2187189000.0,419929000.0,419929000.0,4458076000.0,515653000.0,0.295,1.488,9150116000.0,1198929000.0,7951187000.0,9150116000.0,0.0,643716000.0,1283073000.0,0.0,0.0,886860000.0,1530576000.0,0.227,1530576000.0,886860000.0,515653000.0,2.4,2.37,2.4,7900752000.0,7616291250.0,7900752000.0,17758632495.0,20.0,11.603,-524170000.0,-2.435,1.0,2294428000.0,0.34,759328000.0,371207000.0,24179515000.0,22463875250.0,126797000.0,0.0,0.0,0.0,11753077000.0,3445173000.0,8307904000.0,10115602495.0,135310000.0,0.0,26158000.0,729215000.0,0.0,756960000.0,-2287918000.0,-91325000.0,1663019000.0,3249000.0,515653000.0,515653000.0,515653000.0,0.0,0.0,0.076,1491795000.0,802633000.0,249047000.0,0.0,1.28,19.617,19.583,16771677000.0,0.0,47.0,1.498,1.498,266710000.0,5259998000.0,6752504000.0,6752504000.0,0.0,0.028,0.068,0.039,0.131,0.0,848079000.0,1.0,215225585.0,215225585.0,,31.374,18894501000.0,0.0,0.0,0.0,87.789,-2430102000.0
11,RCL,MRY,2009-12-31,2009-12-31,2009-12-31,2021-08-05,182733000.0,18233494000.0,16986868250.0,1026391000.0,17207103000.0,0.347,35.059,-2186621000.0,284619000.0,284619000.0,4071102000.0,152485000.0,0.373,1.431,8419770000.0,756215000.0,7663555000.0,8419770000.0,0.0,568214000.0,1059524000.0,0.0,0.0,462433000.0,1030647000.0,0.175,1030647000.0,462433000.0,152485000.0,0.71,0.71,0.71,7499717000.0,7185510750.0,7499717000.0,12418037554.0,27.0,12.049,-1341740000.0,-6.272,1.0,1818724000.0,0.309,792373000.0,309948000.0,22827242000.0,20523714750.0,107877000.0,0.0,0.0,0.0,10733777000.0,2749030000.0,7984747000.0,5407850554.0,-118259000.0,-181683000.0,569000.0,1307534000.0,0.0,1312206000.0,-2274457000.0,110830000.0,844881000.0,-889000.0,152485000.0,152485000.0,152485000.0,0.0,0.0,0.026,1330213000.0,488511000.0,264554000.0,0.0,0.721,35.465,35.606,15268053000.0,0.0,25.28,0.918,0.918,338804000.0,4754950000.0,5889826000.0,5889826000.0,0.0,0.009,0.021,0.023,0.079,0.0,761999000.0,1.0,213918139.0,213918139.0,,27.533,17441121000.0,0.0,0.0,0.0,81.532,-1722639000.0
12,RCL,MRY,2008-12-31,2008-12-31,2008-12-31,2021-08-05,-319936000.0,16463310000.0,16061691250.0,977337000.0,15485973000.0,0.407,31.855,-2223534000.0,402878000.0,402878000.0,4403666000.0,573722000.0,0.365,1.42,7011403000.0,471893000.0,6539510000.0,7011403000.0,0.0,520353000.0,968520000.0,0.033,0.45,901034000.0,1421387000.0,0.218,1421387000.0,901034000.0,573722000.0,2.69,2.68,2.69,6803012000.0,6944403750.0,6803012000.0,8663302055.0,10.0,6.095,-1152279000.0,-5.396,1.0,2128859000.0,0.326,779246000.0,327312000.0,19618364000.0,18619440000.0,96077000.0,0.0,0.0,0.0,9660298000.0,2674225000.0,6986073000.0,2936461055.0,172094000.0,-923000.0,3817000.0,1211983000.0,-128045000.0,1083386000.0,-1977249000.0,269815000.0,1071255000.0,-5298000.0,573722000.0,573722000.0,573722000.0,0.0,0.0,0.088,1296875000.0,831984000.0,245225000.0,0.167,0.432,5.118,5.112,13878998000.0,0.0,13.75,0.45,0.45,271287000.0,4592529000.0,6532525000.0,6532525000.0,0.0,0.036,0.083,0.048,0.138,0.0,776522000.0,1.0,213560804.0,213560804.0,,30.589,15684064000.0,0.0,0.0,0.0,73.441,-1696888000.0
13,RCL,MRY,2007-12-31,2007-12-31,2007-12-31,2021-08-05,120955000.0,14982281000.0,14600618250.0,992791000.0,13989490000.0,0.421,30.251,-1317381000.0,230784000.0,230784000.0,3981698000.0,603405000.0,0.424,1.217,5698272000.0,351725000.0,5346547000.0,5698272000.0,0.0,483066000.0,1084359000.0,0.014,0.6,937189000.0,1420255000.0,0.231,1420255000.0,937189000.0,603405000.0,2.84,2.82,2.84,6757343000.0,6433529250.0,6757343000.0,14977331538.0,16.0,10.546,-48687000.0,-0.218,1.0,2167441000.0,0.352,797791000.0,333784000.0,17312683000.0,16801307750.0,96813000.0,0.0,0.0,0.0,8224938000.0,2339295000.0,5885643000.0,9480096538.0,126264000.0,0.0,19632000.0,119035000.0,-98298000.0,36611000.0,-1170558000.0,159392000.0,1268694000.0,-8483000.0,603405000.0,603405000.0,603405000.0,0.0,0.0,0.098,1266106000.0,901335000.0,222895000.0,0.211,1.403,15.711,14.944,12253784000.0,0.0,42.44,1.542,1.542,313640000.0,4114877000.0,6149139000.0,6149139000.0,0.0,0.041,0.094,0.056,0.152,0.0,783040000.0,1.0,223376450.0,223376450.0,,27.528,14184490000.0,0.0,0.0,0.0,63.5,-1346504000.0
14,RCL,MRY,2006-12-31,2006-12-31,2006-12-31,2021-08-05,-30802000.0,13393088000.0,12364158250.0,501904000.0,12891184000.0,0.423,28.725,-1178960000.0,104520000.0,104520000.0,3249629000.0,633922000.0,0.268,1.199,5413744000.0,373422000.0,5040322000.0,5413744000.0,0.0,421645000.0,896943000.0,0.014,0.6,901783000.0,1323428000.0,0.253,1323428000.0,901783000.0,633922000.0,3.01,2.94,3.01,6091575000.0,5869969500.0,6091575000.0,13004836969.0,14.0,9.827,-230454000.0,-1.087,1.0,1979955000.0,0.379,721514000.0,267861000.0,16108430000.0,14397696250.0,76969000.0,0.0,0.0,0.0,7301513000.0,1872368000.0,5429145000.0,8775234969.0,-20865000.0,-565331000.0,-141556000.0,1138138000.0,-124460000.0,879707000.0,-1849078000.0,-92712000.0,948506000.0,0.0,633922000.0,633922000.0,633922000.0,0.0,0.0,0.121,1121509000.0,858446000.0,193794000.0,0.199,1.441,13.843,13.748,11429106000.0,0.0,41.38,1.678,1.678,185886000.0,3639211000.0,5229584000.0,5229584000.0,0.0,0.051,0.108,0.063,0.172,0.0,699864000.0,1.0,212064644.0,212064644.0,,24.66,12671574000.0,0.0,0.0,0.0,59.753,-1370464000.0
15,RCL,MRY,2005-12-31,2005-12-31,2005-12-31,2021-08-05,-28263000.0,11255771000.0,11422905000.0,377010000.0,10878761000.0,0.429,26.458,-429898000.0,125385000.0,125385000.0,2994232000.0,715956000.0,0.19,1.026,4154775000.0,600883000.0,3553892000.0,4154775000.0,0.0,402069000.0,884994000.0,0.012,0.56,985706000.0,1387775000.0,0.283,1387775000.0,985706000.0,715956000.0,3.47,3.26,3.47,5554465000.0,5281303250.0,5554465000.0,13423847594.0,14.0,9.673,681462000.0,3.246,1.0,1908942000.0,0.389,283133000.0,269750000.0,13013246000.0,13493310000.0,57803000.0,0.0,0.0,0.0,5701306000.0,1988782000.0,3712524000.0,9459666594.0,-503193000.0,0.0,-227126000.0,-1180227000.0,-118764000.0,-1525527000.0,-89026000.0,348070000.0,1111360000.0,0.0,715956000.0,715956000.0,715956000.0,0.0,0.0,0.146,1037377000.0,871565000.0,159910000.0,0.161,1.703,13.213,12.986,10276948000.0,0.0,45.06,1.929,1.929,95254000.0,3132286000.0,4903174000.0,4903174000.0,0.0,0.063,0.136,0.073,0.201,0.0,635308000.0,1.0,209934900.0,209934900.0,,23.356,10972638000.0,0.0,0.0,0.0,52.267,-1611772000.0
16,RCL,MRY,2004-12-31,2004-12-31,2004-12-31,2021-08-05,71363000.0,11964084000.0,11643413000.0,860606000.0,11103478000.0,0.391,24.5,-630670000.0,628578000.0,628578000.0,2819383000.0,474691000.0,0.379,1.49,5731944000.0,905374000.0,4826570000.0,5731944000.0,0.0,394136000.0,875082000.0,0.01,0.52,784668000.0,1178804000.0,0.259,1178804000.0,784668000.0,474691000.0,2.39,2.26,2.39,4804520000.0,4533708500.0,4804520000.0,16181764462.0,21.0,13.727,446321000.0,2.276,1.0,1735992000.0,0.381,278561000.0,309977000.0,14515387000.0,14780379500.0,60260000.0,0.0,0.0,0.0,7159564000.0,2273502000.0,4886062000.0,10676046462.0,298492000.0,0.0,98316000.0,-139738000.0,-104521000.0,-145989000.0,-632510000.0,0.0,1076991000.0,0.0,474691000.0,474691000.0,474691000.0,0.0,0.0,0.104,982403000.0,753589000.0,162973000.0,0.218,2.222,22.491,22.778,10193443000.0,0.0,54.44,2.344,2.344,84899000.0,2533265000.0,4555375000.0,4555375000.0,0.0,0.041,0.105,0.053,0.172,0.0,588267000.0,1.0,196106658.0,196106658.0,,23.229,11685523000.0,0.0,0.0,0.0,59.588,-1412896000.0
17,RCL,MRY,2003-12-31,2003-12-31,2003-12-31,2021-08-05,5846000.0,11322742000.0,10930636500.0,574550000.0,10748192000.0,0.346,22.09,-1029530000.0,330086000.0,330086000.0,2381035000.0,280664000.0,0.382,1.656,5835804000.0,315232000.0,5520572000.0,5835804000.0,0.0,362695000.0,729595000.0,0.015,0.52,549062000.0,911757000.0,0.241,911757000.0,549062000.0,280664000.0,1.45,1.42,1.45,4262897000.0,4148795500.0,4262897000.0,11916115627.0,22.0,13.069,-171727000.0,-0.89,1.0,1403214000.0,0.371,278561000.0,268398000.0,15045372000.0,14668831500.0,53277000.0,0.0,0.0,0.0,7059845000.0,1504527000.0,5555318000.0,6713861627.0,87502000.0,0.0,45960000.0,359436000.0,-98320000.0,332343000.0,-1102644000.0,0.0,857803000.0,0.0,280664000.0,280664000.0,280664000.0,0.0,0.0,0.074,877029000.0,526185000.0,187756000.0,0.359,1.575,23.921,23.993,9943495000.0,0.0,34.79,1.774,1.774,89489000.0,2162195000.0,3784249000.0,3784249000.0,0.0,0.026,0.068,0.037,0.145,0.0,514334000.0,1.0,192982513.0,192982513.0,,19.609,11044181000.0,0.0,0.0,0.0,57.229,-929977000.0
18,RCL,MRY,2002-12-31,2002-12-31,2002-12-31,2021-08-05,3693000.0,10538531000.0,10453656500.0,447743000.0,10090788000.0,0.329,20.98,-689991000.0,242584000.0,242584000.0,2113217000.0,351284000.0,0.383,1.612,5444838000.0,122544000.0,5322294000.0,5444838000.0,0.0,339100000.0,567955000.0,0.039,0.65,618126000.0,957226000.0,0.279,957226000.0,618126000.0,351284000.0,1.82,1.76,1.82,4034694000.0,3895639000.0,4034694000.0,8130514307.0,13.0,8.494,180479000.0,0.938,1.0,1321130000.0,0.385,278561000.0,266842000.0,14292291000.0,14094398500.0,37299000.0,0.0,0.0,0.0,6503837000.0,1169933000.0,5333904000.0,3211580307.0,-484594000.0,0.0,6626000.0,-603270000.0,-100127000.0,-658798000.0,-696266000.0,0.0,870470000.0,0.0,351284000.0,351284000.0,351284000.0,0.0,0.0,0.102,770155000.0,550975000.0,171153000.0,0.357,0.796,9.142,9.176,9276484000.0,0.0,16.7,0.935,0.935,79535000.0,1982580000.0,3434347000.0,3434347000.0,0.0,0.034,0.09,0.044,0.18,0.0,431055000.0,1.0,192310198.0,192310198.0,,17.858,10259970000.0,0.0,0.0,0.0,53.351,-722190000.0
19,RCL,MRY,2001-12-31,2001-12-31,2001-12-31,2021-08-05,-16068000.0,10368782000.0,9098623500.0,886114000.0,9482668000.0,0.346,19.553,-1737471000.0,727178000.0,727178000.0,1934391000.0,254457000.0,0.796,1.76,5646112000.0,238581000.0,5407531000.0,5646112000.0,0.0,301174000.0,446085000.0,0.024,0.39,507664000.0,808838000.0,0.257,808838000.0,507664000.0,254457000.0,1.32,1.32,1.32,3756584000.0,3686249500.0,3756584000.0,6344663826.0,12.0,7.844,-1103782000.0,-5.745,1.0,1210859000.0,0.385,278561000.0,253207000.0,13896506000.0,11877951500.0,33493000.0,0.0,0.0,0.0,6612198000.0,1112649000.0,5499549000.0,3112377826.0,549368000.0,0.0,0.0,1788788000.0,-99955000.0,1699651000.0,-1783972000.0,0.0,633689000.0,0.0,254457000.0,254457000.0,254457000.0,0.0,0.0,0.081,755254000.0,455605000.0,144070000.0,0.295,0.829,12.231,12.273,8605448000.0,0.0,16.2,0.99,0.99,72196000.0,1731423000.0,3145250000.0,3145250000.0,0.0,0.028,0.069,0.043,0.161,0.0,454080000.0,1.0,192122088.0,192122088.0,,16.371,10090221000.0,0.0,0.0,0.0,52.52,-226535000.0
20,RCL,MRY,2000-12-31,2000-12-31,2000-12-31,2021-08-05,0.0,7828465000.0,7104488000.0,310719000.0,7517746000.0,0.403,21.403,-1285649000.0,177810000.0,177810000.0,1652459000.0,445363000.0,0.341,1.165,3410096000.0,109926000.0,3300170000.0,3410096000.0,0.0,231048000.0,443411000.0,0.018,0.48,599691000.0,830739000.0,0.29,830739000.0,599691000.0,445363000.0,2.34,2.31,2.34,3615915000.0,3438535500.0,3615915000.0,6747308122.0,11.0,8.122,-582333000.0,-3.447,1.0,1213387000.0,0.423,288974000.0,154328000.0,9859397000.0,8656981500.0,30115000.0,0.0,0.0,0.0,4212550000.0,912380000.0,3300170000.0,4468601122.0,114340000.0,47680000.0,0.0,1066914000.0,-94418000.0,975454000.0,-1564430000.0,-305044000.0,703316000.0,0.0,445363000.0,445363000.0,445363000.0,0.0,0.0,0.155,643847000.0,569540000.0,158143000.0,0.205,1.236,10.034,11.303,6831809000.0,0.0,26.45,1.559,1.559,53609000.0,1576921000.0,2865846000.0,2865846000.0,0.0,0.063,0.13,0.069,0.209,0.0,412799000.0,1.0,168945222.0,168945222.0,,16.963,7539491000.0,0.0,0.0,0.0,44.627,-601661000.0
21,RCL,MRY,1999-12-31,1999-12-31,1999-12-31,2021-08-05,0.0,6380511000.0,6033293500.0,194377000.0,6186134000.0,0.422,19.303,-972481000.0,63470000.0,63470000.0,1496252000.0,383853000.0,0.215,0.957,2342177000.0,128086000.0,2214091000.0,2342177000.0,0.0,197909000.0,465033000.0,0.008,0.4,514478000.0,712387000.0,0.28,712387000.0,514478000.0,383853000.0,2.15,2.06,2.15,3261156000.0,2857957000.0,3261156000.0,10626849897.0,21.0,14.917,-389123000.0,-2.303,1.0,1049900000.0,0.412,299388000.0,130625000.0,7454566000.0,7118423500.0,26398000.0,0.0,0.0,0.0,3119355000.0,905264000.0,2214091000.0,8330688897.0,-109451000.0,0.0,487399000.0,-127919000.0,-81568000.0,294635000.0,-987444000.0,0.0,583358000.0,0.0,383853000.0,383853000.0,383853000.0,0.0,0.0,0.151,569726000.0,480174000.0,103041000.0,0.186,2.555,21.703,22.935,5858185000.0,0.0,49.31,3.272,3.272,53459000.0,1225976000.0,2546152000.0,2546152000.0,0.0,0.064,0.134,0.072,0.202,0.0,371817000.0,1.0,168945222.0,168945222.0,,15.071,6081123000.0,0.0,0.0,0.0,35.995,-710887000.0
22,RCL,MRY,1998-12-31,1998-12-31,1998-12-31,2021-08-05,0.0,5686076000.0,5512912000.0,286331000.0,5399745000.0,0.478,14.53,-462453000.0,172921000.0,172921000.0,1593728000.0,330770000.0,0.322,1.316,2469082000.0,127919000.0,2341163000.0,2469082000.0,0.0,194614000.0,402926000.0,0.009,0.33,498639000.0,693253000.0,0.263,693253000.0,498639000.0,330770000.0,1.9,1.83,1.9,2454758000.0,2236739500.0,2454758000.0,,,,64405000.0,0.381,1.0,1042563000.0,0.395,309801000.0,167869000.0,6782281000.0,6687187000.0,31834000.0,0.0,0.0,0.0,3231318000.0,890155000.0,2341163000.0,6250973214.0,62128000.0,0.0,165532000.0,-107037000.0,-67734000.0,-2524000.0,-462206000.0,0.0,526858000.0,0.0,330770000.0,330770000.0,330770000.0,0.0,0.0,0.125,553828000.0,488735000.0,115833000.0,0.174,2.546,18.898,19.474,5073008000.0,0.0,37.0,2.371,2.371,36532000.0,923691000.0,2636291000.0,2636291000.0,0.0,0.06,0.148,0.075,0.189,0.0,359214000.0,1.0,168945222.0,168945222.0,,15.604,5376275000.0,0.0,0.0,0.0,31.823,-603824000.0
23,RCL,MRY,1997-12-31,1997-12-31,1997-12-31,2021-08-05,0.0,5339748000.0,,211145000.0,5128603000.0,,,-1006248000.0,110793000.0,110793000.0,1219268000.0,175127000.0,0.237,1.645,2572696000.0,141013000.0,2431683000.0,2572696000.0,0.0,143816000.0,429403000.0,0.011,0.29,303658000.0,447474000.0,0.231,447474000.0,303658000.0,175127000.0,1.17,1.15,1.17,2018721000.0,,2018721000.0,,,,-572127000.0,,1.0,719739000.0,0.371,320214000.0,128531000.0,6592093000.0,,37274000.0,0.0,0.0,0.0,3321027000.0,889344000.0,2431683000.0,,70374000.0,-152423000.0,364631000.0,327836000.0,-49984000.0,806726000.0,-1170473000.0,0.0,434121000.0,0.0,175127000.0,175127000.0,175127000.0,0.0,0.0,0.09,416184000.0,303555000.0,108474000.0,0.248,,,22.782,4785291000.0,0.0,26.655,,,22628000.0,660655000.0,1939007000.0,1939007000.0,0.0,,,,0.157,0.0,272368000.0,1.0,,,,,5019534000.0,0.0,0.0,0.0,,-678199000.0
24,RCL,MRY,1996-12-31,1996-12-31,1996-12-31,2021-08-05,,,,,,,,-682389000.0,,,854478000.0,150866000.0,,,,,,,,91185000.0,,0.023,0.27,227406000.0,318591000.0,0.235,318591000.0,227406000.0,150866000.0,1.19,1.17,1.19,,,,,,,-382875000.0,,1.0,502847000.0,0.37,,76540000.0,,,,,,,,,,,9163000.0,0.0,0.0,430643000.0,-34384000.0,398077000.0,-688428000.0,0.0,299514000.0,0.0,150866000.0,150866000.0,150866000.0,0.0,0.0,0.111,285814000.0,217033000.0,,0.227,,,9.824,,0.0,11.69,,,,,1357325000.0,1357325000.0,0.0,,,,0.168,0.0,194629000.0,1.0,,,,,,,0.0,,,
0,RCL,MRQ,2021-06-30,2021-06-30,2021-06-30,2021-08-05,-663955000.0,33691962000.0,,5009230000.0,28682732000.0,,30.969,-224484000.0,4250369000.0,4250369000.0,424830000.0,-1347255000.0,1.07,3.273,21667809000.0,1055469000.0,20612340000.0,21667809000.0,0.0,323439000.0,2363505000.0,0.0,0.0,-1042444000.0,-719005000.0,-14.122,-719005000.0,-1042444000.0,-1347255000.0,-5.29,-5.29,-5.29,7884015000.0,,7884015000.0,38198755629.0,-9.0,-13.574,-684855000.0,-2.69,1.0,-373916000.0,-7.344,809435000.0,304811000.0,45620252000.0,,132888000.0,0.0,0.0,0.0,25807947000.0,4679715000.0,21128232000.0,21709785629.0,-841094000.0,7893000.0,4626000.0,-136157000.0,0.0,-164932000.0,-216115000.0,14249000.0,-460371000.0,324000.0,-1347255000.0,-1347255000.0,-1347255000.0,0.0,0.0,-26.461,649618000.0,-1023534000.0,384683000.0,0.0,2.754,-4.181,-3.831,26432415000.0,0.0,85.28,232.494,232.499,345055000.0,3083798000.0,50914000.0,50914000.0,0.0,,,,,16728000.0,285558000.0,1.0,254570657.0,254577000.0,254577000.0,0.2,32882527000.0,0.0,0.0,0.0,129.165,329515000.0
1,RCL,MRQ,2021-03-31,2021-03-31,2021-03-31,2021-08-05,-708854000.0,34347073000.0,,5649969000.0,28697104000.0,,37.746,-886252000.0,5091463000.0,5091463000.0,283487000.0,-1131722000.0,1.704,2.745,21580433000.0,318730000.0,21261703000.0,21580433000.0,0.0,310166000.0,1830144000.0,0.0,0.0,-859208000.0,-549042000.0,-13.068,-549042000.0,-859208000.0,-1131722000.0,-4.66,-4.66,-4.66,9172382000.0,,9172382000.0,36646505164.0,-8.0,-11.467,-1695435000.0,-6.977,1.0,-241473000.0,-5.747,809459000.0,272514000.0,46711754000.0,,119405000.0,0.0,0.0,0.0,25174691000.0,3314830000.0,21859861000.0,20335383164.0,1406989000.0,-57850000.0,1617234000.0,1569414000.0,0.0,3183924000.0,-967560000.0,-23604000.0,-809183000.0,-192000.0,-1131722000.0,-1131722000.0,-1131722000.0,0.0,0.0,-26.937,567758000.0,-809231000.0,340872000.0,0.0,2.217,-3.708,-3.452,26374339000.0,0.0,85.61,93.252,95.399,226740000.0,4431053000.0,42014000.0,42014000.0,0.0,,,,,18834000.0,258041000.0,1.0,237535138.0,243004000.0,243004000.0,0.173,33537614000.0,0.0,0.0,0.0,138.013,2335139000.0
2,RCL,MRQ,2020-12-31,2020-12-31,2020-12-31,2021-08-05,-739341000.0,32465187000.0,,4311747000.0,28153440000.0,,39.051,-364094000.0,3684474000.0,3684474000.0,265260000.0,-1366935000.0,0.95,2.706,19995596000.0,1473764000.0,18521832000.0,19995596000.0,0.0,318028000.0,1784832000.0,0.01,0.0,-1093846000.0,-775818000.0,-22.726,-775818000.0,-1093846000.0,-1366935000.0,-6.02,-6.02,-6.02,8760669000.0,,8760669000.0,33278219527.0,-7.0,-9.058,-1189492000.0,-5.302,1.0,-231122000.0,-6.77,809480000.0,273089000.0,43429708000.0,,118703000.0,0.0,0.0,0.0,23704518000.0,4537121000.0,19167397000.0,16755815527.0,667686000.0,-7161000.0,1430989000.0,433515000.0,0.0,1880026000.0,-389873000.0,-9292000.0,-825398000.0,2931000.0,-1366935000.0,-1366935000.0,-1366935000.0,0.0,0.0,-40.041,690749000.0,-921871000.0,353422000.0,0.0,1.913,-2.89,-2.761,25846580000.0,0.0,74.69,7.586,7.586,284149000.0,5562775000.0,34138000.0,34138000.0,0.0,,,,,9908000.0,255533000.0,1.0,224338138.0,224338138.0,,0.152,31655707000.0,0.0,0.0,0.0,141.107,-225374000.0
3,RCL,MRQ,2020-09-30,2020-09-30,2020-09-30,2021-08-05,-869107000.0,31828810000.0,,3531795000.0,28297015000.0,,38.889,-181350000.0,3016788000.0,3016788000.0,308609000.0,-1339312000.0,0.764,2.822,19539192000.0,1358961000.0,18180231000.0,19539192000.0,0.0,317139000.0,1820038000.0,0.024,0.0,-1087407000.0,-770268000.0,22.865,-770268000.0,-1087407000.0,-1346756000.0,-6.29,-6.29,-6.29,8328594000.0,,8328594000.0,29249629562.0,-8.0,-13.244,-1038782000.0,-4.85,1.0,-342297000.0,10.161,809471000.0,259349000.0,42916278000.0,,142432000.0,0.0,0.0,0.0,23500216000.0,4625465000.0,18874751000.0,13895455562.0,-1129903000.0,5340000.0,0.0,-76904000.0,0.0,-74444000.0,-197216000.0,-20209000.0,-857432000.0,-811000.0,-1346756000.0,-1346756000.0,-1346756000.0,0.0,7444000.0,39.977,664670000.0,-1006967000.0,421023000.0,0.0,1.668,-3.342,-3.282,25947026000.0,0.0,64.73,2.961,2.955,165225000.0,6929710000.0,-33688000.0,-33688000.0,0.0,,,,,21107000.0,246779000.0,1.0,214667937.0,214163000.0,214163000.0,-0.157,31019339000.0,0.0,0.0,0.0,144.84,-1093670000.0
4,RCL,MRQ,2020-06-30,2020-06-30,2020-06-30,2021-08-05,-951227000.0,33306543000.0,,4684440000.0,28622103000.0,,42.811,-139337000.0,4146691000.0,4146691000.0,680420000.0,-1631848000.0,0.989,2.65,19500865000.0,1178049000.0,18322816000.0,19500865000.0,0.0,319757000.0,1805874000.0,0.047,0.0,-1420403000.0,-1100646000.0,-6.268,-1100646000.0,-1420403000.0,-1639292000.0,-7.83,-7.83,-7.83,8963905000.0,,8963905000.0,23353007463.0,-16.0,-176.041,-2386870000.0,-11.399,1.0,-504815000.0,-2.875,809384000.0,218889000.0,43114425000.0,,152596000.0,0.0,0.0,0.0,23757769000.0,4736908000.0,19020861000.0,10532084463.0,255880000.0,-80862000.0,0.0,2928173000.0,-162858000.0,2753994000.0,-250300000.0,-20517000.0,-2247533000.0,-281000.0,-1639292000.0,-1639292000.0,-1639292000.0,0.0,7444000.0,-9.335,777672000.0,-1282487000.0,661427000.0,0.0,1.175,-5.464,-5.456,26257137000.0,0.0,50.3,1.331,1.331,205921000.0,8276463000.0,175605000.0,175605000.0,0.0,,,,,16192000.0,301418000.0,1.0,209385377.0,209385000.0,209385000.0,0.839,32497159000.0,0.0,0.0,0.0,155.203,-52468000.0
5,RCL,MRQ,2020-03-31,2020-03-31,2020-03-31,2021-08-05,-1095617000.0,33445053000.0,,4594201000.0,28850852000.0,,48.933,-1247298000.0,3890811000.0,3890811000.0,1510819000.0,-1437035000.0,0.511,2.212,16711734000.0,3854433000.0,12857301000.0,16711734000.0,0.0,324330000.0,2373092000.0,0.094,0.78,-1351568000.0,-1027238000.0,-0.505,-1027238000.0,-1351568000.0,-1444479000.0,-6.91,-6.91,-6.91,10231775000.0,,10231775000.0,18213285515.0,31.0,9.773,-1048588000.0,-5.015,1.0,521931000.0,0.257,809216000.0,92911000.0,36474390000.0,,177705000.0,0.0,0.0,0.0,22635853000.0,8982370000.0,13653483000.0,6723530515.0,3647073000.0,3160000.0,0.0,4970738000.0,-163563000.0,4790212000.0,-1341177000.0,-95443000.0,198710000.0,-672000.0,-1444479000.0,-1444479000.0,-1444479000.0,0.0,7444000.0,-0.711,1828338000.0,-1306407000.0,1414394000.0,-0.113,0.657,36.397,36.977,26476654000.0,0.0,32.17,0.638,0.638,220876000.0,9915758000.0,2032750000.0,2032750000.0,0.0,,,,,-7428000.0,395890000.0,1.0,209000016.0,209097000.0,209097000.0,9.722,32635837000.0,0.0,0.0,0.0,156.08,-4388169000.0
6,RCL,MRQ,2019-12-31,2019-12-31,2019-12-31,2021-08-05,-797713000.0,30320284000.0,,1162628000.0,29157656000.0,,58.025,-682768000.0,243738000.0,243738000.0,1481519000.0,280474000.0,0.146,1.446,11733493000.0,2717742000.0,9015751000.0,11733493000.0,0.0,321762000.0,3428138000.0,0.022,0.78,367892000.0,689654000.0,0.274,689654000.0,367892000.0,273136000.0,1.31,1.31,1.31,12163846000.0,,12163846000.0,39109228240.0,17.0,11.069,-73470000.0,-0.35,1.0,1035894000.0,0.411,1385644000.0,94756000.0,32471499000.0,,162107000.0,0.0,0.0,0.0,17586457000.0,7952896000.0,9633561000.0,27987857240.0,-32992000.0,-13507000.0,-101034000.0,305538000.0,-163131000.0,44538000.0,-689062000.0,19014000.0,609298000.0,2234000.0,273136000.0,273136000.0,273136000.0,0.0,7338000.0,0.108,707020000.0,328874000.0,563706000.0,0.595,2.301,14.896,14.884,26154363000.0,0.0,133.51,2.556,2.556,305821000.0,11523326000.0,2517413000.0,2517413000.0,0.0,,,,,24674000.0,414707000.0,1.0,209631168.0,209631168.0,,12.009,28934640000.0,0.0,0.0,0.0,138.026,-6790268000.0
7,RCL,MRQ,2019-09-30,2019-09-30,2019-09-30,2021-08-05,-946363000.0,29825461000.0,,1203957000.0,28621504000.0,,57.149,-475754000.0,276730000.0,276730000.0,1623038000.0,890365000.0,0.169,1.443,11398101000.0,1958319000.0,9439782000.0,11398101000.0,0.0,320295000.0,3410205000.0,0.027,0.78,985278000.0,1305573000.0,0.41,1305573000.0,985278000.0,883240000.0,4.21,4.2,4.21,11976907000.0,,11976907000.0,34118185821.0,15.0,9.646,435787000.0,2.079,1.0,1563812000.0,0.491,1373065000.0,102038000.0,32460233000.0,,167213000.0,0.0,0.0,0.0,17285160000.0,7113534000.0,10171626000.0,22701750821.0,41729000.0,4345000.0,1187000.0,-223102000.0,-146346000.0,-366012000.0,-502939000.0,-30675000.0,911541000.0,-861000.0,883240000.0,883240000.0,883240000.0,0.0,7125000.0,0.277,680688000.0,883124000.0,538949000.0,0.185,1.895,11.815,11.839,25702865000.0,0.0,108.33,2.109,2.109,348991000.0,11412773000.0,3186850000.0,3186850000.0,0.0,,,,,9282000.0,352725000.0,1.0,209561071.0,209575000.0,210121000.0,15.206,28452396000.0,0.0,0.0,0.0,135.762,-5909577000.0
8,RCL,MRQ,2019-06-30,2019-06-30,2019-06-30,2021-08-05,-653173000.0,29808962000.0,,1282967000.0,28525995000.0,,55.068,-1396025000.0,235001000.0,235001000.0,1544504000.0,479955000.0,0.169,1.535,11651436000.0,2085337000.0,9566099000.0,11651436000.0,0.0,311600000.0,3909454000.0,0.023,0.7,584134000.0,895734000.0,0.319,895734000.0,584134000.0,472830000.0,2.26,2.25,2.26,11538403000.0,,11538403000.0,36244773808.0,16.0,10.697,-278952000.0,-1.331,1.0,1262127000.0,0.45,1373124000.0,111304000.0,32266133000.0,,168009000.0,0.0,0.0,0.0,17713789000.0,7586140000.0,10127649000.0,25411418808.0,-13196000.0,4639000.0,24000.0,464878000.0,-146380000.0,318784000.0,-1448957000.0,-54679000.0,1117073000.0,-96000.0,472830000.0,472830000.0,472830000.0,0.0,7125000.0,0.168,710255000.0,551872000.0,531788000.0,0.31,2.202,13.746,13.743,25576028000.0,0.0,121.21,2.449,2.448,340921000.0,10692890000.0,2806631000.0,2806631000.0,0.0,,,,,14652000.0,376874000.0,1.0,209647874.0,209531000.0,210052000.0,13.395,28435838000.0,0.0,0.0,0.0,135.712,-6303173000.0
9,RCL,MRQ,2019-03-31,2019-03-31,2019-03-31,2021-08-05,-578980000.0,28720049000.0,,1333122000.0,27386927000.0,,53.836,-470116000.0,248197000.0,248197000.0,1413704000.0,256806000.0,0.164,1.5,11081552000.0,2846851000.0,8234701000.0,11081552000.0,0.0,292285000.0,3729661000.0,0.024,0.7,350096000.0,642381000.0,0.263,642381000.0,350096000.0,249681000.0,1.19,1.19,1.19,11269070000.0,,11269070000.0,34466814863.0,16.0,10.463,608338000.0,2.906,1.0,1026063000.0,0.421,1378362000.0,100415000.0,30069099000.0,,157939000.0,0.0,0.0,0.0,16901334000.0,8105943000.0,8795391000.0,23976967863.0,-39655000.0,11824000.0,241000.0,-504913000.0,-146817000.0,-667681000.0,-450448000.0,5125000.0,1078454000.0,20000.0,249681000.0,249681000.0,249681000.0,0.0,7125000.0,0.102,707232000.0,318831000.0,497180000.0,0.588,2.128,13.016,13.084,24418802000.0,0.0,114.62,2.42,2.422,374982000.0,10366612000.0,2439767000.0,2439767000.0,0.0,,,,,27322000.0,414947000.0,1.0,209186598.0,209322000.0,209874000.0,11.656,27341687000.0,0.0,0.0,0.0,130.62,-6772821000.0
10,RCL,MRQ,2018-12-31,2018-12-31,2018-12-31,2021-08-05,-627734000.0,27698270000.0,,1242044000.0,26456226000.0,,53.137,-1150901000.0,287852000.0,287852000.0,1360413000.0,320453000.0,0.175,1.445,10777699000.0,2422329000.0,8355370000.0,10777699000.0,0.0,280168000.0,3148837000.0,0.027,0.7,413123000.0,693291000.0,0.297,693291000.0,413123000.0,315703000.0,1.49,1.49,1.49,11105461000.0,,11105461000.0,30357372565.0,14.0,9.551,-418746000.0,-2.004,1.0,971888000.0,0.417,1378353000.0,97420000.0,29697599000.0,,153573000.0,0.0,0.0,0.0,16050789000.0,7112165000.0,8938624000.0,20437757565.0,33031000.0,62759000.0,-4206000.0,577197000.0,-146029000.0,432319000.0,-1130546000.0,-44662000.0,732155000.0,-897000.0,315703000.0,315703000.0,315703000.0,0.0,4750000.0,0.135,607861000.0,364027000.0,488212000.0,0.47,1.84,11.285,11.371,23466163000.0,0.0,97.79,2.153,2.153,324507000.0,10263282000.0,2332301000.0,2332301000.0,0.0,,,,,-17359000.0,327693000.0,1.0,208996396.0,208996396.0,,11.16,26319917000.0,0.0,0.0,0.0,125.935,-5870121000.0
11,RCL,MRQ,2018-09-30,2018-09-30,2018-09-30,2021-08-05,-230580000.0,27093540000.0,,1359000000.0,25734540000.0,,54.235,-296247000.0,254821000.0,254821000.0,1411364000.0,810391000.0,0.192,1.342,10174436000.0,2527448000.0,7646988000.0,10174436000.0,0.0,259923000.0,3111682000.0,0.019,0.7,896901000.0,1156824000.0,0.414,1156824000.0,896901000.0,810391000.0,3.88,3.86,3.88,11338135000.0,,11338135000.0,35563656178.0,17.0,11.534,519151000.0,2.483,1.0,1384823000.0,0.495,1374923000.0,86510000.0,28565290000.0,,152157000.0,0.0,0.0,0.0,15217635000.0,7072942000.0,8144693000.0,27153565178.0,145823000.0,-919435000.0,-205419000.0,882066000.0,-126820000.0,551797000.0,-1217631000.0,-11180000.0,815398000.0,-3741000.0,810391000.0,810391000.0,810391000.0,0.0,0.0,0.29,585090000.0,799733000.0,432086000.0,0.18,2.395,15.226,15.378,22599589000.0,0.0,129.94,2.962,2.964,385297000.0,10093892000.0,2796187000.0,2796187000.0,0.0,,,,,31601000.0,325167000.0,1.0,208970026.0,209054000.0,209928000.0,13.375,25718617000.0,0.0,0.0,0.0,123.024,-5713942000.0
12,RCL,MRQ,2018-06-30,2018-06-30,2018-06-30,2021-08-05,-265200000.0,24057036000.0,,1099896000.0,22957140000.0,,50.898,-492648000.0,108998000.0,108998000.0,1314411000.0,466295000.0,0.2,1.233,8519089000.0,1177626000.0,7341463000.0,8519089000.0,0.0,253376000.0,3049145000.0,0.023,0.6,548159000.0,801535000.0,0.343,801535000.0,548159000.0,466295000.0,2.2,2.19,2.2,10773698000.0,,10773698000.0,30634461133.0,15.0,10.236,514816000.0,2.432,1.0,1023194000.0,0.438,288418000.0,81864000.0,26676359000.0,,121879000.0,0.0,0.0,0.0,13283338000.0,5502350000.0,7780988000.0,21936967133.0,-2247000.0,36869000.0,-94239000.0,-258328000.0,-126805000.0,-497896000.0,-495836000.0,-30190000.0,1007464000.0,-15979000.0,466295000.0,466295000.0,466295000.0,0.0,0.0,0.199,566299000.0,456895000.0,418616000.0,0.273,2.036,12.711,12.822,21429719000.0,0.0,103.6,2.454,2.453,355729000.0,9429784000.0,2337605000.0,2337605000.0,0.0,,,,,11655000.0,312923000.0,1.0,211746787.0,211673000.0,212509000.0,11.043,23768618000.0,0.0,0.0,0.0,112.289,-4402454000.0
13,RCL,MRQ,2018-03-31,2018-03-31,2018-03-31,2021-08-05,-182815000.0,23970972000.0,,1034526000.0,22936446000.0,,50.077,-1720232000.0,111245000.0,111245000.0,1176019000.0,218653000.0,0.199,1.251,8808739000.0,1144017000.0,7664722000.0,8808739000.0,0.0,240230000.0,2785462000.0,0.019,0.6,286531000.0,526761000.0,0.26,526761000.0,286531000.0,218653000.0,1.03,1.02,1.03,10646796000.0,,10646796000.0,32586147320.0,17.0,11.345,-796110000.0,-3.744,1.0,851737000.0,0.42,288479000.0,67878000.0,27184833000.0,,110826000.0,0.0,0.0,0.0,13324176000.0,5195154000.0,8129022000.0,25166808320.0,-8867000.0,13953000.0,-271175000.0,1109171000.0,-127840000.0,711853000.0,-1645145000.0,64487000.0,924122000.0,303000.0,218653000.0,218653000.0,218653000.0,0.0,0.0,0.108,577591000.0,274146000.0,454576000.0,0.583,2.364,15.449,15.492,21207786000.0,0.0,117.74,2.861,2.846,387862000.0,9090544000.0,2027756000.0,2027756000.0,0.0,,,,,20164000.0,337361000.0,1.0,213749009.0,212610000.0,213602000.0,9.537,23682493000.0,0.0,0.0,0.0,111.389,-4160628000.0
14,RCL,MRQ,2017-12-31,2017-12-31,2017-12-31,2021-08-05,-334265000.0,22360926000.0,,907637000.0,21453289000.0,,49.99,-176803000.0,120112000.0,120112000.0,1145701000.0,288039000.0,0.187,1.089,7539451000.0,1188514000.0,6350937000.0,7539451000.0,0.0,240358000.0,2308291000.0,0.018,0.6,357839000.0,598197000.0,0.298,598197000.0,357839000.0,288039000.0,1.34,1.34,1.34,10702303000.0,,10702303000.0,32988786956.0,17.0,11.469,243162000.0,1.136,1.0,858766000.0,0.428,288512000.0,69800000.0,24636880000.0,,111393000.0,0.0,0.0,0.0,11658623000.0,4854873000.0,6803750000.0,25536529956.0,-19838000.0,20274000.0,-99973000.0,-77526000.0,-128293000.0,-306086000.0,-135581000.0,6220000.0,419965000.0,1864000.0,288039000.0,288039000.0,288039000.0,0.0,0.0,0.144,551417000.0,307349000.0,360113000.0,0.448,2.386,15.714,15.757,19735180000.0,0.0,119.28,2.909,2.909,318641000.0,9022405000.0,2004467000.0,2004467000.0,0.0,,,,,16990000.0,311059000.0,1.0,214088950.0,214088950.0,,9.363,22072414000.0,0.0,0.0,0.0,103.099,-3947236000.0
15,RCL,MRQ,2017-09-30,2017-09-30,2017-09-30,2021-08-05,-526894000.0,22099314000.0,,798152000.0,21301162000.0,,48.606,-115794000.0,139950000.0,139950000.0,1318269000.0,752842000.0,0.158,1.118,7592207000.0,1515708000.0,6076499000.0,7592207000.0,0.0,240150000.0,2226179000.0,0.017,0.6,826075000.0,1066225000.0,0.415,1066225000.0,826075000.0,752842000.0,3.51,3.49,3.51,10435488000.0,,10435488000.0,33389104518.0,17.0,11.703,679527000.0,3.165,1.0,1251275000.0,0.487,288517000.0,73233000.0,24205942000.0,,119949000.0,0.0,0.0,0.0,11663826000.0,5057112000.0,6606714000.0,25499256518.0,9473000.0,8146000.0,-124885000.0,-473720000.0,-103123000.0,-700217000.0,-85679000.0,22138000.0,795321000.0,48000.0,752842000.0,752842000.0,752842000.0,0.0,0.0,0.293,513787000.0,737488000.0,384536000.0,0.171,2.444,15.955,15.954,19688872000.0,0.0,118.54,2.937,2.931,285332000.0,8862369000.0,2569544000.0,2569544000.0,0.0,,,,,17090000.0,273637000.0,1.0,215110988.0,214694000.0,215824000.0,11.968,21810797000.0,0.0,0.0,0.0,101.59,-4258960000.0
16,RCL,MRQ,2017-06-30,2017-06-30,2017-06-30,2021-08-05,-761038000.0,22024168000.0,,767641000.0,21256527000.0,,45.021,-148758000.0,130477000.0,130477000.0,1256785000.0,369526000.0,0.145,1.274,8020325000.0,1541519000.0,6478806000.0,8020325000.0,0.0,234937000.0,2532693000.0,0.018,0.48,446158000.0,681095000.0,0.31,681095000.0,446158000.0,369526000.0,1.72,1.71,1.72,9683408000.0,,9683408000.0,31952706032.0,17.0,11.445,713996000.0,3.32,1.0,938489000.0,0.428,288479000.0,76632000.0,24339584000.0,,109136000.0,0.0,0.0,0.0,12340760000.0,5285953000.0,7054807000.0,23492642032.0,21168000.0,18476000.0,285000.0,-623680000.0,-103097000.0,-725099000.0,-115932000.0,21054000.0,862754000.0,-555000.0,369526000.0,369526000.0,369526000.0,0.0,0.0,0.168,518792000.0,419697000.0,376508000.0,0.279,2.426,15.269,15.277,19798542000.0,0.0,109.23,2.707,2.708,263992000.0,8238055000.0,2195274000.0,2195274000.0,0.0,,,,,18117000.0,283855000.0,1.0,215074998.0,215085000.0,216062000.0,10.207,21735689000.0,0.0,0.0,0.0,101.056,-4518312000.0
17,RCL,MRQ,2017-03-31,2017-03-31,2017-03-31,2021-08-05,-892322000.0,22017257000.0,,756689000.0,21260568000.0,,43.128,107217000.0,109309000.0,109309000.0,1175824000.0,214726000.0,0.144,1.376,8569373000.0,1727970000.0,6841403000.0,8569373000.0,0.0,235749000.0,2301579000.0,0.018,0.48,295043000.0,530792000.0,0.264,530792000.0,295043000.0,214726000.0,1.0,0.99,1.0,9266830000.0,,9266830000.0,30329237448.0,18.0,11.483,903743000.0,4.206,1.0,832736000.0,0.415,288470000.0,80317000.0,24917109000.0,,108427000.0,0.0,0.0,0.0,12750427000.0,5271742000.0,7478685000.0,21074404448.0,-23294000.0,5011000.0,2100000.0,-844785000.0,-102942000.0,-944394000.0,123600000.0,13812000.0,796526000.0,974000.0,214726000.0,214726000.0,214726000.0,0.0,0.0,0.107,553214000.0,279522000.0,362992000.0,0.48,2.274,15.064,15.094,19860696000.0,0.0,98.11,2.454,2.455,292975000.0,7971840000.0,2008560000.0,2008560000.0,0.0,,,,,17262000.0,317465000.0,1.0,214803837.0,214870000.0,215813000.0,9.348,21728787000.0,0.0,0.0,0.0,101.125,-4515053000.0
18,RCL,MRQ,2016-12-31,2016-12-31,2016-12-31,2021-08-05,-916484000.0,22310324000.0,,748305000.0,21562019000.0,,42.508,-180532000.0,132603000.0,132603000.0,1123251000.0,261086000.0,0.168,1.446,9387436000.0,1285735000.0,8101701000.0,9387436000.0,0.0,233203000.0,1965473000.0,0.021,0.48,341653000.0,574856000.0,0.301,574856000.0,341653000.0,261086000.0,1.2,1.2,1.2,9121412000.0,,9121412000.0,27143733249.0,17.0,10.92,335206000.0,1.562,1.0,786352000.0,0.412,288386000.0,80567000.0,26835170000.0,,114087000.0,0.0,0.0,0.0,13188912000.0,4441601000.0,8747311000.0,17604309249.0,-45825000.0,15199000.0,475000.0,-251756000.0,-102930000.0,-353141000.0,-207333000.0,-40324000.0,515738000.0,-1089000.0,261086000.0,261086000.0,261086000.0,0.0,0.0,0.137,489510000.0,296842000.0,305313000.0,0.4,1.93,13.717,13.765,20161427000.0,0.0,82.04,2.072,2.072,291899000.0,7860341000.0,1909603000.0,1909603000.0,0.0,,,,,10618000.0,256307000.0,1.0,214582024.0,214582024.0,,8.899,22021938000.0,0.0,0.0,0.0,102.627,-3693296000.0
19,RCL,MRQ,2016-09-30,2016-09-30,2016-09-30,2021-08-05,-1077534000.0,22450262000.0,,803069000.0,21647193000.0,,40.919,-266636000.0,178428000.0,178428000.0,1340123000.0,693257000.0,0.178,1.554,9717852000.0,1298002000.0,8419850000.0,9717852000.0,0.0,229328000.0,1967678000.0,0.021,0.48,775867000.0,1005195000.0,0.392,1005195000.0,775867000.0,693257000.0,3.23,3.21,3.23,8790149000.0,,8790149000.0,26007850930.0,17.0,10.877,463404000.0,2.157,1.0,1223618000.0,0.477,288461000.0,82610000.0,27200655000.0,,118849000.0,0.0,0.0,0.0,13660113000.0,4500570000.0,9159543000.0,16134104930.0,-11257000.0,-1064000.0,-49638000.0,-354745000.0,0.0,-403513000.0,-305109000.0,-11571000.0,730040000.0,-32675000.0,693257000.0,693257000.0,693257000.0,0.0,0.0,0.27,488655000.0,734963000.0,259027000.0,0.149,1.835,13.127,13.149,20230803000.0,0.0,74.95,1.901,1.897,273422000.0,7702260000.0,2563741000.0,2563741000.0,0.0,,,,,8711000.0,259327000.0,1.0,215264909.0,214819000.0,215667000.0,11.934,22161801000.0,0.0,0.0,0.0,103.165,-3697501000.0
20,RCL,MRQ,2016-06-30,2016-06-30,2016-06-30,2021-08-05,-1172062000.0,22471493000.0,,857938000.0,21613555000.0,,37.84,-1797355000.0,175164000.0,175164000.0,1310587000.0,229905000.0,0.196,1.759,10048910000.0,895411000.0,9153499000.0,10048910000.0,0.0,221620000.0,2222196000.0,0.022,0.375,308652000.0,530272000.0,0.252,530272000.0,308652000.0,229905000.0,1.07,1.06,1.07,8145665000.0,,8145665000.0,23038280010.0,22.0,12.175,-1004339000.0,-4.666,1.0,794675000.0,0.377,288399000.0,78747000.0,27683209000.0,,112380000.0,0.0,0.0,0.0,14325828000.0,4373631000.0,9952197000.0,14453460010.0,72325000.0,7819000.0,-49844000.0,1377086000.0,-80667000.0,1247225000.0,-1975704000.0,-174408000.0,793016000.0,7788000.0,229905000.0,229905000.0,229905000.0,0.0,0.0,0.109,512402000.0,282273000.0,319606000.0,0.35,1.774,18.903,19.131,20185878000.0,0.0,67.15,1.711,1.711,215804000.0,7112096000.0,2105262000.0,2105262000.0,0.0,,,,,7565000.0,290782000.0,1.0,215241400.0,215265000.0,216131000.0,9.78,22183094000.0,0.0,0.0,0.0,103.05,-3515693000.0
21,RCL,MRQ,2016-03-31,2016-03-31,2016-03-31,2021-08-05,-1322560000.0,20963413000.0,,892286000.0,20071127000.0,,36.364,-249840000.0,117360000.0,117360000.0,1241578000.0,99140000.0,0.203,1.658,8702180000.0,895490000.0,7806690000.0,8702180000.0,0.0,210764000.0,1946668000.0,0.017,0.375,164586000.0,375350000.0,0.196,375350000.0,164586000.0,99140000.0,0.46,0.46,0.46,7887769000.0,,7887769000.0,26405618073.0,27.0,14.429,228056000.0,1.051,1.0,676217000.0,0.353,286852000.0,65446000.0,24863437000.0,,121392000.0,0.0,0.0,0.0,13075644000.0,4397944000.0,8677700000.0,17860128073.0,-4205000.0,7104000.0,-198695000.0,114164000.0,-162890000.0,-246762000.0,-236746000.0,13101000.0,477896000.0,1407000.0,99140000.0,99140000.0,99140000.0,0.0,0.0,0.052,513090000.0,163127000.0,371854000.0,0.815,2.264,24.816,25.046,18828743000.0,0.0,82.15,2.126,2.121,253303000.0,6962858000.0,1917795000.0,1917795000.0,0.0,,,,,5765000.0,302326000.0,1.0,217408741.0,216914000.0,217869000.0,8.841,20676561000.0,0.0,0.0,0.0,95.321,-3505658000.0
22,RCL,MRQ,2015-12-31,2015-12-31,2015-12-31,2021-08-05,-1328433000.0,20782043000.0,,837022000.0,19945021000.0,,36.651,-252703000.0,121565000.0,121565000.0,1173341000.0,206799000.0,0.195,1.577,8527243000.0,899542000.0,7627701000.0,8527243000.0,0.0,209330000.0,1742286000.0,0.013,0.375,270926000.0,480256000.0,0.252,480256000.0,270926000.0,206799000.0,0.94,0.95,0.94,8063039000.0,,8063039000.0,30608250523.0,32.0,17.288,85727000.0,0.39,1.0,728712000.0,0.383,286764000.0,64127000.0,24608265000.0,,121332000.0,0.0,0.0,0.0,12719004000.0,4292692000.0,8426312000.0,22265733523.0,-25854000.0,-370000.0,-195650000.0,194810000.0,-82494000.0,-82592000.0,-273266000.0,-19707000.0,338430000.0,-8426000.0,206799000.0,206799000.0,206799000.0,0.0,0.0,0.109,478794000.0,249918000.0,302072000.0,0.399,2.761,33.443,33.403,18777778000.0,0.0,101.21,2.683,2.683,238972000.0,6944862000.0,1902053000.0,1902053000.0,0.0,,,,,36073000.0,269464000.0,1.0,219995391.0,219995391.0,,8.646,20495279000.0,0.0,0.0,0.0,93.162,-3455670000.0
23,RCL,MRQ,2015-09-30,2015-09-30,2015-09-30,2021-08-05,-1196389000.0,20958848000.0,,900826000.0,20058022000.0,,37.533,-209021000.0,147419000.0,147419000.0,1387026000.0,228787000.0,0.207,1.539,8489936000.0,905128000.0,7584808000.0,8489936000.0,0.0,210742000.0,1886356000.0,0.014,0.375,295606000.0,506348000.0,0.201,506348000.0,295606000.0,228787000.0,1.04,1.03,1.04,8255786000.0,,8255786000.0,28216326848.0,33.0,17.021,358570000.0,1.63,1.0,1136074000.0,0.45,286707000.0,66819000.0,24654167000.0,,131108000.0,0.0,0.0,0.0,12703062000.0,4360491000.0,8342571000.0,19594780848.0,-11941000.0,2413000.0,1835000.0,-324480000.0,0.0,-322023000.0,-253137000.0,-40369000.0,567591000.0,-4372000.0,228787000.0,228787000.0,228787000.0,0.0,0.0,0.091,878069000.0,258005000.0,305747000.0,0.361,2.373,34.452,34.265,18776782000.0,0.0,89.09,2.385,2.385,241638000.0,6819809000.0,2523100000.0,2523100000.0,0.0,,,,,0.0,256060000.0,1.0,219943662.0,219963000.0,221137000.0,11.471,20672141000.0,0.0,0.0,0.0,93.98,-3459665000.0
24,RCL,MRQ,2015-06-30,2015-06-30,2015-06-30,2021-08-05,-973024000.0,21395194000.0,,913391000.0,20481803000.0,,37.834,-846972000.0,159360000.0,159360000.0,1316409000.0,184967000.0,0.191,1.571,8780906000.0,1188576000.0,7592330000.0,8780906000.0,0.0,206468000.0,2217215000.0,0.015,0.3,261587000.0,468055000.0,0.227,468055000.0,261587000.0,184967000.0,0.84,0.84,0.84,8320240000.0,,8320240000.0,25634591145.0,23.0,13.533,-233054000.0,-1.06,1.0,741913000.0,0.36,409836000.0,76620000.0,24815366000.0,,140228000.0,0.0,0.0,0.0,13074954000.0,4791538000.0,8283416000.0,17304691145.0,-70345000.0,112017000.0,452000.0,196402000.0,-65973000.0,131450000.0,-816996000.0,-73339000.0,613918000.0,1283000.0,184967000.0,184967000.0,184967000.0,0.0,0.0,0.09,480616000.0,261297000.0,343981000.0,0.357,2.08,20.844,20.928,18890338000.0,0.0,78.69,2.142,2.142,212454000.0,6673516000.0,2058322000.0,2058322000.0,0.0,,,,,0.0,274148000.0,1.0,219909660.0,219913000.0,220902000.0,9.36,20985358000.0,0.0,0.0,0.0,95.426,-3878147000.0
25,RCL,MRQ,2015-03-31,2015-03-31,2015-03-31,2021-08-05,-1190980000.0,20869593000.0,,951203000.0,19918390000.0,,36.307,-304644000.0,229705000.0,229705000.0,1222617000.0,45230000.0,0.219,1.617,8559605000.0,1089345000.0,7470260000.0,8559605000.0,0.0,200468000.0,1992569000.0,0.014,0.3,115389000.0,315857000.0,0.174,315857000.0,115389000.0,45230000.0,0.21,0.2,0.21,7973910000.0,,7973910000.0,26230657366.0,25.0,14.397,121783000.0,0.555,1.0,592982000.0,0.327,405422000.0,70159000.0,24457780000.0,,125063000.0,0.0,0.0,0.0,12895683000.0,4336291000.0,8559392000.0,17975950366.0,40464000.0,-45970000.0,4615000.0,146196000.0,-131745000.0,19653000.0,-399576000.0,-45182000.0,426427000.0,-6040000.0,45230000.0,45230000.0,45230000.0,0.0,0.0,0.025,487300000.0,105682000.0,336869000.0,1.429,2.254,22.96,23.121,18232115000.0,0.0,81.85,2.246,2.246,297073000.0,6554522000.0,1815599000.0,1815599000.0,0.0,,,,,0.0,286832000.0,1.0,219620652.0,219626000.0,220842000.0,8.267,20464171000.0,0.0,0.0,0.0,93.177,-3385088000.0
26,RCL,MRQ,2014-12-31,2014-12-31,2014-12-31,2021-08-05,-896994000.0,20713190000.0,,801083000.0,19912107000.0,,37.204,-1252380000.0,189241000.0,189241000.0,1244745000.0,109768000.0,0.208,1.5,8443948000.0,799630000.0,7644318000.0,8443948000.0,0.0,193382000.0,1766914000.0,0.013,0.3,174136000.0,367518000.0,0.202,367518000.0,174136000.0,109768000.0,0.51,0.5,0.51,8284359000.0,,8284359000.0,25157855015.0,25.0,14.016,-968185000.0,-4.348,1.0,573081000.0,0.315,420542000.0,64368000.0,24698108000.0,,123490000.0,0.0,0.0,0.0,12428831000.0,3849247000.0,8579584000.0,18354962015.0,6060000.0,-118847000.0,-231080000.0,1447284000.0,-67095000.0,1149713000.0,-1425563000.0,-53290000.0,284195000.0,-2285000.0,109768000.0,109768000.0,109768000.0,0.0,0.0,0.06,453737000.0,119344000.0,331505000.0,0.588,2.216,24.02,23.893,18193627000.0,0.0,82.43,2.273,2.273,261392000.0,6575248000.0,1817826000.0,1817826000.0,0.0,,,,,26116000.0,257995000.0,1.0,222673323.0,222673323.0,,8.164,20292648000.0,0.0,0.0,0.0,91.132,-3048164000.0
27,RCL,MRQ,2014-09-30,2014-09-30,2014-09-30,2021-08-05,-340889000.0,19599910000.0,,860226000.0,18739684000.0,,40.54,3454000.0,183181000.0,183181000.0,1426882000.0,490248000.0,0.23,1.173,6986074000.0,772245000.0,6213829000.0,6986074000.0,0.0,192448000.0,1839112000.0,0.016,0.3,550348000.0,742796000.0,0.311,742796000.0,550348000.0,490248000.0,2.2,2.19,2.2,9021028000.0,,9021028000.0,22367759619.0,24.0,13.152,582089000.0,2.616,1.0,961880000.0,0.403,426538000.0,60100000.0,22238525000.0,,136162000.0,0.0,0.0,0.0,10578882000.0,3737740000.0,6841142000.0,14959173619.0,-2081000.0,9166000.0,10947000.0,-568695000.0,0.0,-557267000.0,-18972000.0,-32904000.0,578635000.0,-4477000.0,490248000.0,490248000.0,490248000.0,0.0,0.0,0.205,432418000.0,529462000.0,340702000.0,0.136,1.658,22.618,22.581,17211775000.0,0.0,67.29,1.844,1.846,252918000.0,6531569000.0,2388762000.0,2388762000.0,0.0,,,,,0.0,239662000.0,1.0,222309015.0,222523000.0,223859000.0,10.735,19173372000.0,0.0,0.0,0.0,86.164,-2877514000.0
28,RCL,MRQ,2014-06-30,2014-06-30,2014-06-30,2021-08-05,-71330000.0,20012211000.0,,978340000.0,19033871000.0,,39.828,-164681000.0,185262000.0,185262000.0,1330674000.0,137673000.0,0.276,1.261,7593848000.0,494579000.0,7099269000.0,7593848000.0,0.0,192880000.0,2103140000.0,0.018,0.25,202933000.0,395813000.0,0.2,395813000.0,202933000.0,137673000.0,0.62,0.62,0.62,8849240000.0,,8849240000.0,20131000218.0,24.0,12.647,400462000.0,1.802,1.0,649369000.0,0.328,438367000.0,65260000.0,23433010000.0,,143375000.0,0.0,0.0,0.0,11162971000.0,3549420000.0,7613551000.0,12350144218.0,-31246000.0,19903000.0,8308000.0,-421036000.0,-55593000.0,-467461000.0,-128473000.0,13860000.0,565143000.0,-455000.0,137673000.0,137673000.0,137673000.0,0.0,0.0,0.07,453782000.0,195587000.0,331462000.0,0.403,1.396,23.005,22.787,17474143000.0,0.0,55.6,1.537,1.538,293516000.0,6108116000.0,1980043000.0,1980043000.0,0.0,,,,,0.0,260988000.0,1.0,222124896.0,222189000.0,223381000.0,8.912,19573844000.0,0.0,0.0,0.0,88.095,-2571080000.0
29,RCL,MRQ,2014-03-31,2014-03-31,2014-03-31,2021-08-05,-46805000.0,20126140000.0,,1010933000.0,19115207000.0,,39.662,-177791000.0,216508000.0,216508000.0,1303980000.0,26457000.0,0.299,1.293,7997364000.0,535834000.0,7461530000.0,7997364000.0,0.0,193735000.0,1856581000.0,0.016,0.25,95028000.0,288763000.0,0.153,288763000.0,95028000.0,26457000.0,0.12,0.12,0.12,8776932000.0,,8776932000.0,19939611710.0,27.0,13.348,137995000.0,0.624,1.0,583244000.0,0.309,439345000.0,68571000.0,24084872000.0,,145155000.0,0.0,0.0,0.0,11349208000.0,3382779000.0,7966429000.0,12069494710.0,11821000.0,-22650000.0,46630000.0,-100787000.0,-76264000.0,-107505000.0,-197370000.0,4236000.0,315786000.0,910000.0,26457000.0,26457000.0,26457000.0,0.0,0.0,0.014,485778000.0,97466000.0,359518000.0,2.083,1.375,28.471,28.269,17504257000.0,0.0,54.56,1.521,1.521,299036000.0,6026036000.0,1887224000.0,1887224000.0,0.0,,,,,0.0,290307000.0,1.0,221215079.0,221295000.0,222671000.0,8.528,19686795000.0,0.0,0.0,0.0,88.962,-2371846000.0
30,RCL,MRQ,2013-12-31,2013-12-31,2013-12-31,2021-08-05,5671000.0,20072947000.0,,956374000.0,19116573000.0,,40.049,-229731000.0,204687000.0,204687000.0,1282660000.0,7018000.0,0.224,1.279,8074804000.0,1563378000.0,6511426000.0,8074804000.0,0.0,190622000.0,1664679000.0,0.016,0.25,82727000.0,273349000.0,0.147,273349000.0,82727000.0,7018000.0,0.04,0.03,0.04,8808265000.0,,8808265000.0,18143678192.0,23.0,11.624,-47767000.0,-0.217,1.0,571498000.0,0.308,439231000.0,75709000.0,23236823000.0,,151244000.0,0.0,0.0,0.0,11264682000.0,4267010000.0,6997672000.0,10429484192.0,-4880000.0,-10200000.0,16499000.0,133582000.0,-89470000.0,60988000.0,-246134000.0,-8887000.0,181964000.0,-1698000.0,7018000.0,7018000.0,7018000.0,0.0,0.0,0.004,496529000.0,74969000.0,372226000.0,6.25,1.184,22.017,21.954,17517752000.0,0.0,47.42,1.31,1.31,259746000.0,6054952000.0,1854158000.0,1854158000.0,0.0,,,,,0.0,262883000.0,1.0,219938511.0,219938511.0,,8.43,19633716000.0,0.0,0.0,0.0,89.269,-3310636000.0
31,RCL,MRQ,2013-09-30,2013-09-30,2013-09-30,2021-08-05,-66916000.0,20086245000.0,,1018675000.0,19067570000.0,,39.874,-137973000.0,209567000.0,209567000.0,1416801000.0,365701000.0,0.21,1.292,7923761000.0,1942849000.0,5980912000.0,7923761000.0,0.0,188541000.0,1760985000.0,0.016,0.25,445355000.0,633896000.0,0.274,633896000.0,445355000.0,365701000.0,1.66,1.65,1.66,8762084000.0,,8762084000.0,16456646054.0,39.0,14.039,419343000.0,1.908,1.0,894948000.0,0.387,436647000.0,79654000.0,22519227000.0,,160225000.0,0.0,0.0,0.0,11324161000.0,4844565000.0,6479596000.0,8407712054.0,4393000.0,-13290000.0,6708000.0,-426883000.0,-61000.0,-419838000.0,-133505000.0,17392000.0,557316000.0,420000.0,365701000.0,365701000.0,365701000.0,0.0,0.0,0.158,450739000.0,444209000.0,396482000.0,0.151,0.96,113.816,123.484,17494039000.0,0.0,38.28,1.063,1.063,342021000.0,6103290000.0,2311749000.0,2311749000.0,0.0,,,,,0.0,249954000.0,1.0,219637201.0,219744000.0,221004000.0,10.52,19649598000.0,0.0,0.0,0.0,89.42,-3825890000.0
32,RCL,MRQ,2013-06-30,2013-06-30,2013-06-30,2021-08-05,-140076000.0,19950794000.0,,953094000.0,18997700000.0,,38.115,-217697000.0,205174000.0,205174000.0,1323619000.0,24747000.0,0.202,1.385,8254108000.0,1906468000.0,6347640000.0,8254108000.0,0.0,186184000.0,1874704000.0,0.014,0.12,111624000.0,297808000.0,0.158,297808000.0,111624000.0,24747000.0,0.11,0.11,0.11,8366259000.0,,8366259000.0,15566080277.0,36.0,13.269,213834000.0,0.974,1.0,559148000.0,0.297,430666000.0,86877000.0,22856887000.0,,141440000.0,0.0,0.0,0.0,11584535000.0,4712175000.0,6872360000.0,7315014277.0,-10714000.0,-16270000.0,3579000.0,-169685000.0,-26363000.0,-192104000.0,-251386000.0,-17096000.0,431531000.0,1245000.0,24747000.0,24747000.0,24747000.0,0.0,0.0,0.013,445810000.0,113338000.0,314197000.0,1.091,0.874,96.315,98.059,17511913000.0,0.0,33.34,0.935,0.935,310051000.0,5792568000.0,1882767000.0,1882767000.0,0.0,,,,,0.0,257948000.0,1.0,219406547.0,219502000.0,220648000.0,8.577,19520128000.0,0.0,0.0,0.0,88.929,-3759081000.0
33,RCL,MRQ,2013-03-31,2013-03-31,2013-03-31,2021-08-05,-161360000.0,19866101000.0,,958614000.0,18907487000.0,,38.059,-178376000.0,215888000.0,215888000.0,1282190000.0,76226000.0,0.189,1.382,8466954000.0,2491064000.0,5975890000.0,8466954000.0,0.0,189364000.0,1634373000.0,0.014,0.12,166408000.0,355772000.0,0.186,355772000.0,166408000.0,76226000.0,0.35,0.35,0.35,8338535000.0,,8338535000.0,15575884386.0,39.0,13.647,62881000.0,0.287,1.0,629030000.0,0.329,429198000.0,90182000.0,22627465000.0,,145922000.0,0.0,0.0,0.0,11527566000.0,5060504000.0,6467062000.0,7280792386.0,21033000.0,-7494000.0,3339000.0,-1653000.0,-27735000.0,-25672000.0,-193513000.0,-8747000.0,241257000.0,-1039000.0,76226000.0,76226000.0,76226000.0,0.0,0.0,0.04,463398000.0,165632000.0,337441000.0,0.343,0.873,153.122,158.19,17473793000.0,0.0,33.22,0.938,0.937,308030000.0,5794167000.0,1911220000.0,1911220000.0,0.0,,,,,0.0,274034000.0,1.0,219168946.0,219097000.0,220484000.0,8.723,19436903000.0,0.0,0.0,0.0,88.714,-4101890000.0
34,RCL,MRQ,2012-12-31,2012-12-31,2012-12-31,2021-08-05,-134516000.0,19827930000.0,,888060000.0,18939870000.0,,38.096,-862190000.0,194855000.0,194855000.0,1257983000.0,-392803000.0,0.218,1.386,8489947000.0,1519483000.0,6970464000.0,8489947000.0,0.0,188536000.0,1546993000.0,0.013,0.12,-303767000.0,-115231000.0,-0.064,-115231000.0,-303767000.0,-392803000.0,-1.81,-1.79,-1.81,8308749000.0,,8308749000.0,14953052522.0,40.0,13.538,-652712000.0,-2.993,1.0,548167000.0,0.304,432975000.0,89036000.0,23623896000.0,,146295000.0,0.0,0.0,0.0,11519181000.0,4066151000.0,7453030000.0,7415421522.0,-46382000.0,0.0,11443000.0,662454000.0,-52414000.0,621854000.0,-880000000.0,-29944000.0,209478000.0,2286000.0,-392803000.0,-392803000.0,-392803000.0,0.0,0.0,-0.217,829474000.0,-281307000.0,351587000.0,-0.066,0.892,405.502,425.0,17451034000.0,0.0,34.0,0.965,0.965,281421000.0,5744791000.0,1806150000.0,1806150000.0,0.0,,,,,0.0,255494000.0,1.0,218100633.0,218100633.0,,8.281,19394955000.0,0.0,0.0,0.0,88.927,-3178091000.0
35,RCL,MRQ,2012-09-30,2012-09-30,2012-09-30,2021-08-05,-143087000.0,19668222000.0,,1033180000.0,18635042000.0,,39.931,-96747000.0,241237000.0,241237000.0,1348325000.0,367779000.0,0.27,1.26,7778868000.0,1154948000.0,6623920000.0,7778868000.0,0.0,182051000.0,1584597000.0,0.014,0.12,452756000.0,634807000.0,0.285,634807000.0,452756000.0,367779000.0,1.69,1.68,1.69,8702661000.0,,8702661000.0,14596211050.0,18.0,9.559,491990000.0,2.257,1.0,878065000.0,0.394,742466000.0,84977000.0,22637202000.0,,143954000.0,0.0,0.0,0.0,10965561000.0,3826185000.0,7139376000.0,6582969050.0,29028000.0,11699000.0,1935000.0,-488794000.0,0.0,-486405000.0,-70154000.0,14412000.0,588737000.0,-3150000.0,367779000.0,367779000.0,367779000.0,0.0,0.0,0.165,425928000.0,452137000.0,361094000.0,0.071,0.756,14.706,14.665,16820816000.0,0.0,30.21,0.86,0.86,301110000.0,6163842000.0,2226390000.0,2226390000.0,0.0,,,,,0.0,243877000.0,1.0,217906953.0,217940000.0,219296000.0,10.216,18925756000.0,0.0,0.0,0.0,86.839,-2793005000.0
36,RCL,MRQ,2012-06-30,2012-06-30,2012-06-30,2021-08-05,-225741000.0,19696104000.0,,954148000.0,18741956000.0,,37.967,-145516000.0,212209000.0,212209000.0,1296014000.0,-3653000.0,0.25,1.381,8225451000.0,1156549000.0,7068902000.0,8225451000.0,0.0,180514000.0,1705128000.0,0.015,0.1,85453000.0,265967000.0,0.146,265967000.0,85453000.0,-3653000.0,-0.02,-0.02,-0.02,8271674000.0,,8271674000.0,13931264798.0,16.0,8.893,222788000.0,1.023,1.0,524990000.0,0.288,736280000.0,89106000.0,23163954000.0,,146711000.0,0.0,0.0,0.0,11424430000.0,3809112000.0,7615318000.0,5670610798.0,-65324000.0,0.0,211000.0,-249245000.0,-21787000.0,-270471000.0,-154726000.0,-3381000.0,368304000.0,-8431000.0,-3653000.0,-3653000.0,-3653000.0,0.0,0.0,-0.002,428085000.0,96905000.0,316409000.0,-5.0,0.686,11.843,11.778,16887693000.0,0.0,26.03,0.731,0.731,284658000.0,5823175000.0,1821004000.0,1821004000.0,0.0,,,,,0.0,247571000.0,1.0,217849051.0,217866000.0,217866000.0,8.358,18959824000.0,0.0,0.0,0.0,87.025,-2854964000.0
37,RCL,MRQ,2012-03-31,2012-03-31,2012-03-31,2021-08-05,74872000.0,20028959000.0,,1123497000.0,18905462000.0,,39.491,-177235000.0,277533000.0,277533000.0,1255112000.0,46964000.0,0.362,1.331,8538187000.0,639365000.0,7898822000.0,8538187000.0,0.0,179392000.0,1547555000.0,0.01,0.1,139630000.0,319022000.0,0.174,319022000.0,139630000.0,46964000.0,0.22,0.21,0.22,8592570000.0,,8592570000.0,14634447554.0,15.0,8.821,37980000.0,0.175,1.0,579368000.0,0.316,758445000.0,92666000.0,24431294000.0,,147898000.0,0.0,0.0,0.0,11436389000.0,3099874000.0,8336515000.0,6400780554.0,15347000.0,11813000.0,1557000.0,-3070000.0,-43506000.0,-44595000.0,-158443000.0,8027000.0,215215000.0,3170000.0,46964000.0,46964000.0,46964000.0,0.0,0.0,0.026,443993000.0,135375000.0,291034000.0,0.455,0.745,11.113,11.064,16949764000.0,0.0,29.43,0.831,0.832,313001000.0,5848616000.0,1834480000.0,1834480000.0,0.0,,,,,0.0,264601000.0,1.0,217491694.0,217584000.0,219230000.0,8.431,19270514000.0,0.0,0.0,0.0,88.566,-1976377000.0
38,RCL,MRQ,2011-12-31,2011-12-31,2011-12-31,2021-08-05,-75938000.0,19804405000.0,,969288000.0,18835117000.0,,38.699,-143524000.0,262186000.0,262186000.0,1250861000.0,36562000.0,0.316,1.355,8495853000.0,638891000.0,7856962000.0,8495853000.0,0.0,179933000.0,1436003000.0,0.008,0.1,127187000.0,307120000.0,0.173,307120000.0,127187000.0,36562000.0,0.17,0.16,0.17,8407823000.0,,8407823000.0,13705814393.0,14.0,8.099,39497000.0,0.182,1.0,524540000.0,0.295,746537000.0,90625000.0,24223893000.0,,144553000.0,0.0,0.0,0.0,11396582000.0,3067642000.0,8328940000.0,5381571393.0,-189274000.0,0.0,516000.0,-226394000.0,0.0,-225503000.0,-149327000.0,-3865000.0,183021000.0,2535000.0,36562000.0,36562000.0,36562000.0,0.0,0.0,0.021,418378000.0,106162000.0,304623000.0,0.588,0.64,8.86,8.846,16934817000.0,0.0,24.77,0.714,0.714,292447000.0,5823430000.0,1775401000.0,1775401000.0,0.0,,,,,0.0,238445000.0,1.0,217261663.0,217261663.0,,8.172,19057868000.0,0.0,0.0,0.0,87.719,-2098354000.0
39,RCL,MRQ,2011-09-30,2011-09-30,2011-09-30,2021-08-05,-25787000.0,20170026000.0,,1223118000.0,18946908000.0,,38.866,-778537000.0,451460000.0,451460000.0,1405300000.0,398958000.0,0.393,1.39,8775703000.0,639497000.0,8136206000.0,8775703000.0,0.0,177191000.0,1479968000.0,0.005,0.1,497156000.0,674347000.0,0.29,674347000.0,497156000.0,398958000.0,1.84,1.82,1.84,8438096000.0,,8438096000.0,12750726148.0,13.0,7.586,-272561000.0,-1.255,1.0,916694000.0,0.395,760769000.0,98198000.0,24618259000.0,,152273000.0,0.0,0.0,0.0,11731930000.0,3115241000.0,8616689000.0,4697295148.0,-100000000.0,-40978000.0,1024000.0,244287000.0,-21707000.0,233312000.0,-821197000.0,-5078000.0,505976000.0,-18091000.0,398958000.0,398958000.0,398958000.0,0.0,0.0,0.172,408952000.0,507742000.0,323082000.0,0.054,0.557,7.893,7.898,16988832000.0,0.0,21.64,0.638,0.638,303919000.0,5809150000.0,2321994000.0,2321994000.0,0.0,,,,,0.0,231761000.0,1.0,217065395.0,217105000.0,218934000.0,10.695,19409257000.0,0.0,0.0,0.0,89.4,-1892123000.0
40,RCL,MRQ,2011-06-30,2011-06-30,2011-06-30,2021-08-05,273014000.0,19948498000.0,,1326876000.0,18621622000.0,,38.466,-185261000.0,551460000.0,551460000.0,1185375000.0,93491000.0,0.404,1.39,8604891000.0,703245000.0,7901646000.0,8604891000.0,0.0,172050000.0,1660614000.0,0.0,0.0,186459000.0,358509000.0,0.203,358509000.0,186459000.0,93491000.0,0.43,0.43,0.43,8348279000.0,,8348279000.0,16477151790.0,18.0,10.247,296062000.0,1.364,1.0,582498000.0,0.329,800436000.0,92968000.0,23913563000.0,,145547000.0,0.0,0.0,0.0,11600219000.0,3287930000.0,8312289000.0,8168132790.0,81202000.0,-13150000.0,664000.0,-232686000.0,0.0,-231656000.0,-171792000.0,25250000.0,481323000.0,3327000.0,93491000.0,93491000.0,93491000.0,0.0,0.0,0.053,414308000.0,168190000.0,343162000.0,0.0,0.978,14.95,14.877,16440866000.0,0.0,37.64,1.15,1.15,273708000.0,5431899000.0,1767873000.0,1767873000.0,0.0,,,,,0.0,242258000.0,1.0,217006716.0,217028000.0,219370000.0,8.146,19148062000.0,0.0,0.0,0.0,88.229,-1961054000.0
41,RCL,MRQ,2011-03-31,2011-03-31,2011-03-31,2021-08-05,247220000.0,19775492000.0,,1214686000.0,18560806000.0,,38.234,278696000.0,470258000.0,470258000.0,1101071000.0,78410000.0,0.403,1.389,8779277000.0,702484000.0,8076793000.0,8779277000.0,0.0,173252000.0,1404031000.0,0.0,0.0,179035000.0,352287000.0,0.211,352287000.0,179035000.0,78410000.0,0.36,0.36,0.36,8277983000.0,,8277983000.0,17645245020.0,20.0,11.355,564115000.0,2.605,1.0,570924000.0,0.341,786725000.0,100625000.0,24286910000.0,,140557000.0,0.0,0.0,0.0,11497509000.0,3010876000.0,8486633000.0,8915058020.0,50329000.0,-56532000.0,17259000.0,-470266000.0,0.0,-452668000.0,217751000.0,0.0,285419000.0,-173000.0,78410000.0,78410000.0,78410000.0,0.0,0.0,0.047,421390000.0,149534000.0,334985000.0,0.0,1.077,17.597,17.557,16401579000.0,0.0,41.26,1.285,1.287,276885000.0,5393300000.0,1671995000.0,1671995000.0,0.0,,,,,0.0,248138000.0,1.0,216070238.0,216511000.0,219626000.0,7.722,18988767000.0,0.0,0.0,0.0,87.703,-1796190000.0
42,RCL,MRQ,2010-12-31,2010-12-31,2010-12-31,2021-08-05,25066000.0,19653829000.0,,1015071000.0,18638758000.0,,36.709,-1261363000.0,419929000.0,419929000.0,1106989000.0,24296000.0,0.295,1.488,9150116000.0,1198929000.0,7951187000.0,9150116000.0,0.0,163878000.0,1283073000.0,0.0,0.0,131836000.0,295714000.0,0.184,295714000.0,131836000.0,24296000.0,0.11,0.11,0.11,7900752000.0,,7900752000.0,17758632495.0,20.0,11.603,-1034251000.0,-4.805,1.0,497509000.0,0.31,759328000.0,107540000.0,24179515000.0,,126797000.0,0.0,0.0,0.0,11753077000.0,3445173000.0,8307904000.0,10115602495.0,-22001000.0,0.0,14356000.0,1083483000.0,0.0,1098278000.0,-1348514000.0,-89804000.0,227112000.0,1123000.0,24296000.0,24296000.0,24296000.0,0.0,0.0,0.015,375814000.0,121695000.0,249047000.0,0.0,1.28,19.617,19.583,16771677000.0,0.0,47.0,1.498,1.498,266710000.0,5259998000.0,1604498000.0,1604498000.0,0.0,,,,,0.0,211936000.0,1.0,215225585.0,215225585.0,,7.455,18894501000.0,0.0,0.0,0.0,87.789,-2430102000.0
43,RCL,MRQ,2010-09-30,2010-09-30,2010-09-30,2021-08-05,-4820000.0,18605808000.0,,1043307000.0,17562501000.0,,36.492,-78285000.0,441930000.0,441930000.0,1239625000.0,350179000.0,0.302,1.37,8084960000.0,1104706000.0,6980254000.0,8084960000.0,0.0,162232000.0,1266794000.0,0.0,0.0,439261000.0,601493000.0,0.292,601493000.0,439261000.0,350179000.0,1.63,1.61,1.63,7851244000.0,,7851244000.0,14574509827.0,17.0,9.962,346720000.0,1.612,1.0,821034000.0,0.398,768048000.0,89082000.0,22027964000.0,,113061000.0,0.0,0.0,0.0,10754564000.0,3452826000.0,7301738000.0,6782973827.0,123110000.0,0.0,425000.0,-229480000.0,0.0,-228655000.0,-76476000.0,5600000.0,425005000.0,3236000.0,350179000.0,350179000.0,350179000.0,0.0,0.0,0.17,375532000.0,445502000.0,281051000.0,0.0,0.864,13.992,14.013,15684378000.0,0.0,31.53,1.028,1.028,279388000.0,5259710000.0,2060659000.0,2060659000.0,0.0,,,,,0.0,213300000.0,1.0,215127619.0,215150000.0,217512000.0,9.578,17837760000.0,0.0,0.0,0.0,82.908,-2409519000.0
44,RCL,MRQ,2010-06-30,2010-06-30,2010-06-30,2021-08-05,-245832000.0,18303014000.0,,911148000.0,17391866000.0,,33.704,-681144000.0,318820000.0,318820000.0,1086187000.0,53731000.0,0.264,1.525,8110356000.0,1001343000.0,7109013000.0,8110356000.0,0.0,160031000.0,1398003000.0,0.0,0.0,144392000.0,304423000.0,0.19,304423000.0,144392000.0,53731000.0,0.25,0.25,0.25,7247767000.0,,7247767000.0,12719702210.0,18.0,9.711,-83166000.0,-0.387,1.0,515510000.0,0.322,718399000.0,90661000.0,21921322000.0,,110695000.0,0.0,0.0,0.0,11055247000.0,3454829000.0,7600418000.0,4894414210.0,40716000.0,0.0,2777000.0,134838000.0,0.0,137962000.0,-694201000.0,-7867000.0,597978000.0,-1023000.0,53731000.0,53731000.0,53731000.0,0.0,0.0,0.034,371826000.0,143684000.0,292047000.0,0.0,0.675,13.41,13.394,15683297000.0,0.0,22.77,0.777,0.777,212204000.0,4902943000.0,1601697000.0,1601697000.0,0.0,,,,,0.0,211795000.0,1.0,214950119.0,215043000.0,217561000.0,7.448,17584615000.0,0.0,0.0,0.0,81.773,-2543681000.0
45,RCL,MRQ,2010-03-31,2010-03-31,2010-03-31,2021-08-05,40451000.0,18037146000.0,,917228000.0,17119918000.0,,34.834,-166397000.0,278104000.0,278104000.0,1025275000.0,87447000.0,0.272,1.416,8103392000.0,1255673000.0,6847719000.0,8103392000.0,0.0,157575000.0,1230133000.0,0.0,0.0,171371000.0,328946000.0,0.221,328946000.0,171371000.0,87447000.0,0.41,0.4,0.41,7465402000.0,,7465402000.0,15200893183.0,26.0,12.92,246527000.0,1.15,1.0,460375000.0,0.31,763554000.0,83924000.0,21726700000.0,,111349000.0,0.0,0.0,0.0,10571744000.0,3372180000.0,7199564000.0,7065742183.0,-6515000.0,0.0,8600000.0,-259626000.0,0.0,-250625000.0,-168727000.0,746000.0,412924000.0,-87000.0,87447000.0,87447000.0,87447000.0,0.0,0.0,0.059,368623000.0,91752000.0,242350000.0,0.0,0.946,25.585,25.574,15229627000.0,0.0,32.99,1.168,1.169,257592000.0,4842397000.0,1485650000.0,1485650000.0,0.0,,,,,0.0,211048000.0,1.0,214178302.0,214314000.0,216975000.0,6.932,17273592000.0,0.0,0.0,0.0,80.599,-2454952000.0
46,RCL,MRQ,2009-12-31,2009-12-31,2009-12-31,2021-08-05,182733000.0,18233494000.0,,1026391000.0,17207103000.0,,35.059,-1324459000.0,284619000.0,284619000.0,1037245000.0,-6583000.0,0.373,1.431,8419770000.0,756215000.0,7663555000.0,8419770000.0,0.0,146412000.0,1059524000.0,0.0,0.0,81664000.0,228076000.0,0.157,228076000.0,81664000.0,-6583000.0,-0.04,-0.03,-0.04,7499717000.0,,7499717000.0,12418037554.0,27.0,12.049,-1143357000.0,-5.345,1.0,414422000.0,0.285,792373000.0,88247000.0,22827242000.0,,107877000.0,0.0,0.0,0.0,10733777000.0,2749030000.0,7984747000.0,5407850554.0,-1244000.0,0.0,279000.0,1155246000.0,0.0,1155801000.0,-1336476000.0,4866000.0,181102000.0,-1671000.0,-6583000.0,-6583000.0,-6583000.0,0.0,0.0,-0.005,332067000.0,82355000.0,264554000.0,0.0,0.721,35.465,35.606,15268053000.0,0.0,25.28,0.918,0.918,338804000.0,4754950000.0,1451667000.0,1451667000.0,0.0,,,,,0.0,185655000.0,1.0,213918139.0,213918139.0,,6.786,17441121000.0,0.0,0.0,0.0,81.532,-1722639000.0
47,RCL,MRQ,2009-09-30,2009-09-30,2009-09-30,2021-08-05,133947000.0,17186295000.0,,1020636000.0,16165659000.0,,34.81,-829501000.0,285863000.0,285863000.0,1116086000.0,230392000.0,0.369,1.309,7296050000.0,667608000.0,6628442000.0,7296050000.0,0.0,144021000.0,1002488000.0,0.0,0.0,304304000.0,448325000.0,0.254,448325000.0,304304000.0,230392000.0,1.08,1.07,1.08,7443746000.0,,7443746000.0,11607545162.0,25.0,11.316,-508580000.0,-2.378,1.0,647456000.0,0.367,803189000.0,73912000.0,20630476000.0,,109663000.0,0.0,0.0,0.0,9742549000.0,2762817000.0,6979732000.0,5148632162.0,-23895000.0,0.0,290000.0,419579000.0,0.0,422975000.0,-767057000.0,56661000.0,320921000.0,-734000.0,230392000.0,230392000.0,230392000.0,0.0,0.0,0.131,340615000.0,306841000.0,270472000.0,0.0,0.692,32.069,31.684,14203910000.0,0.0,24.08,0.873,0.874,334666000.0,4751597000.0,1763542000.0,1763542000.0,0.0,,,,,0.0,196594000.0,1.0,213813628.0,213839000.0,215669000.0,8.247,16383106000.0,0.0,0.0,0.0,76.614,-1742181000.0
48,RCL,MRQ,2009-06-30,2009-06-30,2009-06-30,2021-08-05,-23517000.0,16336657000.0,,910461000.0,15426196000.0,,32.972,-104250000.0,309758000.0,309758000.0,965435000.0,-35086000.0,0.318,1.318,6768671000.0,723283000.0,6045388000.0,6768671000.0,0.0,137925000.0,1109322000.0,0.011,0.0,33241000.0,171166000.0,0.127,171166000.0,33241000.0,-35086000.0,-0.16,-0.16,-0.16,7048835000.0,,7048835000.0,9405626082.0,14.0,7.808,124700000.0,0.583,1.0,383580000.0,0.284,781609000.0,68327000.0,19151272000.0,,102520000.0,0.0,0.0,0.0,9287822000.0,2862689000.0,6425133000.0,2894217082.0,-146126000.0,-29474000.0,0.0,-266497000.0,0.0,-265209000.0,-110528000.0,22645000.0,228950000.0,661000.0,-35086000.0,-35086000.0,-35086000.0,0.0,0.0,-0.026,328518000.0,55062000.0,262647000.0,0.0,0.411,8.462,8.41,13593681000.0,0.0,13.54,0.467,0.467,241224000.0,4521205000.0,1349015000.0,1349015000.0,0.0,,,,,0.0,190593000.0,1.0,213753108.0,213780000.0,213780000.0,6.31,15555048000.0,0.0,0.0,0.0,72.762,-1952228000.0
49,RCL,MRQ,2009-03-31,2009-03-31,2009-03-31,2021-08-05,-353560000.0,16191027000.0,,900159000.0,15290868000.0,,31.587,71589000.0,455884000.0,455884000.0,952336000.0,-36238000.0,0.366,1.399,6967293000.0,473579000.0,6493714000.0,6967293000.0,0.0,139856000.0,934430000.0,0.037,0.0,43224000.0,183080000.0,0.138,183080000.0,43224000.0,-36238000.0,-0.17,-0.17,-0.17,6749745000.0,,6749745000.0,8320070809.0,11.0,6.272,185497000.0,0.868,1.0,373266000.0,0.282,753774000.0,79462000.0,19485869000.0,,91957000.0,0.0,0.0,0.0,9441282000.0,2462793000.0,6978489000.0,1711545809.0,53006000.0,-152209000.0,0.0,-794000.0,0.0,-1361000.0,-60396000.0,26658000.0,113908000.0,855000.0,-36238000.0,-36238000.0,-36238000.0,0.0,0.0,-0.027,329013000.0,44253000.0,241431000.0,0.0,0.254,3.706,3.691,13578700000.0,0.0,8.01,0.266,0.266,194508000.0,4556291000.0,1325602000.0,1325602000.0,0.0,,,,,0.0,189157000.0,1.0,213676131.0,213687000.0,213687000.0,6.203,15437253000.0,0.0,0.0,0.0,72.242,-1562634000.0
50,RCL,MRQ,2008-12-31,2008-12-31,2008-12-31,2021-08-05,-319936000.0,16463310000.0,,977337000.0,15485973000.0,,31.855,-810187000.0,402878000.0,402878000.0,1074820000.0,1479000.0,0.365,1.42,7011403000.0,471893000.0,6539510000.0,7011403000.0,0.0,133980000.0,968520000.0,0.033,0.0,89197000.0,223177000.0,0.153,223177000.0,89197000.0,1479000.0,0.01,0.01,0.01,6803012000.0,,6803012000.0,8663302055.0,10.0,6.095,-783696000.0,-3.67,1.0,381457000.0,0.262,779246000.0,87718000.0,19618364000.0,,96077000.0,0.0,0.0,0.0,9660298000.0,2674225000.0,6986073000.0,2936461055.0,100915000.0,40506000.0,161000.0,844527000.0,0.0,844637000.0,-767494000.0,13477000.0,26491000.0,-2719000.0,1479000.0,1479000.0,1479000.0,0.0,0.0,0.001,317898000.0,63559000.0,245225000.0,0.0,0.432,5.118,5.112,13878998000.0,0.0,13.75,0.45,0.45,271287000.0,4592529000.0,1456277000.0,1456277000.0,0.0,,,,,0.0,183918000.0,1.0,213560804.0,213560804.0,,6.819,15684064000.0,0.0,0.0,0.0,73.441,-1696888000.0
51,RCL,MRQ,2008-09-30,2008-09-30,2008-09-30,2021-08-05,-96288000.0,15770686000.0,,1045854000.0,14724832000.0,,32.878,-100179000.0,301963000.0,301963000.0,1275661000.0,411887000.0,0.412,1.246,6028804000.0,430861000.0,5597943000.0,6028804000.0,0.0,134706000.0,1158151000.0,0.029,0.15,492447000.0,627153000.0,0.304,627153000.0,492447000.0,411887000.0,1.93,1.92,1.93,7020311000.0,,7020311000.0,10415296308.0,11.0,7.063,183154000.0,0.858,1.0,787728000.0,0.382,782183000.0,80560000.0,18174012000.0,,114290000.0,0.0,0.0,0.0,8750375000.0,2541332000.0,6209043000.0,4430494308.0,-85195000.0,-20658000.0,284000.0,-207009000.0,-32028000.0,-243566000.0,-121944000.0,2466000.0,283333000.0,-3018000.0,411887000.0,411887000.0,411887000.0,0.0,0.0,0.2,325821000.0,461907000.0,222631000.0,0.078,0.631,6.89,6.871,13143055000.0,0.0,20.75,0.675,0.675,324131000.0,4591052000.0,2063389000.0,2063389000.0,0.0,,,,,0.0,191115000.0,1.0,213517798.0,213524000.0,214172000.0,9.663,14988503000.0,0.0,0.0,0.0,70.196,-1495478000.0
52,RCL,MRQ,2008-06-30,2008-06-30,2008-06-30,2021-08-05,315043000.0,16461036000.0,,1243819000.0,15217217000.0,,33.011,-1052380000.0,387158000.0,387158000.0,1090999000.0,84749000.0,0.447,1.336,6371960000.0,430754000.0,5941206000.0,6371960000.0,0.0,127277000.0,1442338000.0,0.027,0.15,165835000.0,293112000.0,0.185,293112000.0,165835000.0,84749000.0,0.4,0.4,0.4,7047306000.0,,7047306000.0,10304295527.0,11.0,7.106,-592752000.0,-2.777,1.0,492775000.0,0.311,844162000.0,81086000.0,18818937000.0,,118343000.0,0.0,0.0,0.0,9413730000.0,2782739000.0,6630991000.0,4796437527.0,-53969000.0,-4771000.0,584000.0,506432000.0,-64002000.0,443333000.0,-956393000.0,99370000.0,459628000.0,-537000.0,84749000.0,84749000.0,84749000.0,0.0,0.0,0.054,323825000.0,168950000.0,255487000.0,0.375,0.681,7.66,7.643,13244859000.0,0.0,22.47,0.743,0.743,250557000.0,4211195000.0,1583774000.0,1583774000.0,0.0,,,,,0.0,196548000.0,1.0,213459614.0,213482000.0,214280000.0,7.419,15616874000.0,0.0,0.0,0.0,73.153,-1538920000.0
53,RCL,MRQ,2008-03-31,2008-03-31,2008-03-31,2021-08-05,221445000.0,15551733000.0,,1249056000.0,14302677000.0,,32.378,-260788000.0,441127000.0,441127000.0,962186000.0,75607000.0,0.531,1.252,5948985000.0,201614000.0,5747371000.0,5948985000.0,0.0,124390000.0,1198812000.0,0.018,0.15,153555000.0,277945000.0,0.194,277945000.0,153555000.0,75607000.0,0.35,0.35,0.35,6906986000.0,,6906986000.0,12483815696.0,12.0,8.362,41015000.0,0.192,1.0,466899000.0,0.327,842940000.0,77948000.0,17866447000.0,,98037000.0,0.0,0.0,0.0,8644747000.0,2350204000.0,6294543000.0,7016327696.0,210343000.0,-16000000.0,2788000.0,68033000.0,-32015000.0,38982000.0,-131418000.0,154502000.0,301803000.0,976000.0,75607000.0,75607000.0,75607000.0,0.0,0.0,0.053,329331000.0,137568000.0,207342000.0,0.429,1.016,10.469,10.444,12329417000.0,0.0,32.9,1.104,1.104,236293000.0,4158469000.0,1429085000.0,1429085000.0,0.0,,,,,0.0,204941000.0,1.0,213262240.0,213326000.0,214464000.0,6.699,14708793000.0,0.0,0.0,0.0,68.95,-1101148000.0
54,RCL,MRQ,2007-12-31,2007-12-31,2007-12-31,2021-08-05,120955000.0,14982281000.0,,992791000.0,13989490000.0,,30.251,-92316000.0,230784000.0,230784000.0,1025584000.0,70835000.0,0.424,1.217,5698272000.0,351725000.0,5346547000.0,5698272000.0,0.0,123045000.0,1084359000.0,0.014,0.15,153353000.0,276398000.0,0.185,276398000.0,153353000.0,70835000.0,0.34,0.34,0.34,6757343000.0,,6757343000.0,14977331538.0,16.0,10.546,16325000.0,0.073,1.0,465512000.0,0.312,797791000.0,82518000.0,17312683000.0,,96813000.0,0.0,0.0,0.0,8224938000.0,2339295000.0,5885643000.0,9480096538.0,-181122000.0,0.0,2700000.0,-260709000.0,-31959000.0,-291908000.0,11474000.0,109610000.0,108641000.0,-9329000.0,70835000.0,70835000.0,70835000.0,0.0,0.0,0.048,327537000.0,137975000.0,222895000.0,0.441,1.403,15.711,14.944,12253784000.0,0.0,42.44,1.542,1.542,313640000.0,4114877000.0,1491096000.0,1491096000.0,0.0,,,,,0.0,204492000.0,1.0,223376450.0,223376450.0,,6.675,14184490000.0,0.0,0.0,0.0,63.5,-1346504000.0
55,RCL,MRQ,2007-09-30,2007-09-30,2007-09-30,2021-08-05,65592000.0,15165818000.0,,1060271000.0,14105547000.0,,31.241,-149251000.0,411906000.0,411906000.0,1149244000.0,395000000.0,0.412,1.279,5909141000.0,558618000.0,5350523000.0,5909141000.0,0.0,122345000.0,1175262000.0,0.015,0.15,480270000.0,602615000.0,0.308,602615000.0,480270000.0,395000000.0,1.85,1.84,1.85,6655457000.0,,6655457000.0,14300410568.0,16.0,10.436,187656000.0,0.881,1.0,804348000.0,0.412,772816000.0,85270000.0,17319439000.0,,88796000.0,0.0,0.0,0.0,8510361000.0,2570798000.0,5939563000.0,8716837568.0,199541000.0,0.0,505000.0,6698000.0,0.0,2792000.0,-141166000.0,4726000.0,336907000.0,1008000.0,395000000.0,395000000.0,395000000.0,0.0,0.0,0.202,321514000.0,482834000.0,192424000.0,0.081,1.31,15.05,14.349,12274180000.0,0.0,39.03,1.5,1.431,337889000.0,4076028000.0,1953592000.0,1953592000.0,0.0,,,,,0.0,199169000.0,1.0,223336858.0,213039000.0,214295000.0,9.17,14393002000.0,0.0,0.0,0.0,67.56,-1510527000.0
56,RCL,MRQ,2007-06-30,2007-06-30,2007-06-30,2021-08-05,3946000.0,14560302000.0,,747524000.0,13812778000.0,,29.277,-921653000.0,212365000.0,212365000.0,965529000.0,128745000.0,0.285,1.339,5795938000.0,553473000.0,5242465000.0,5795938000.0,0.0,121718000.0,1411817000.0,0.014,0.15,214261000.0,335979000.0,0.227,335979000.0,214261000.0,128745000.0,0.61,0.6,0.61,6225250000.0,,6225250000.0,14301036809.0,17.0,11.05,-458377000.0,-2.156,1.0,515796000.0,0.348,741596000.0,85516000.0,16780873000.0,,86567000.0,0.0,0.0,0.0,8335052000.0,2621406000.0,5713646000.0,9131548809.0,12749000.0,0.0,13320000.0,447369000.0,-31949000.0,431156000.0,-881334000.0,43068000.0,463276000.0,-349000.0,128745000.0,128745000.0,128745000.0,0.0,0.0,0.087,314913000.0,200883000.0,202650000.0,0.246,1.467,17.243,16.988,12239083000.0,0.0,42.98,1.662,1.663,212685000.0,3712982000.0,1481325000.0,1481325000.0,0.0,,,,,0.0,193195000.0,1.0,212460419.0,212633000.0,214157000.0,6.967,13818706000.0,0.0,0.0,0.0,64.989,-1873882000.0
57,RCL,MRQ,2007-03-31,2007-03-31,2007-03-31,2021-08-05,-10380000.0,13694072000.0,,694368000.0,12999704000.0,,28.711,-154161000.0,199616000.0,199616000.0,841341000.0,8825000.0,0.297,1.246,5369104000.0,523142000.0,4845962000.0,5369104000.0,0.0,115958000.0,1178095000.0,0.014,0.15,89305000.0,205263000.0,0.168,205263000.0,89305000.0,8825000.0,0.04,0.04,0.04,6096067000.0,,6096067000.0,14258385542.0,18.0,11.412,205709000.0,0.969,1.0,381785000.0,0.312,732099000.0,80480000.0,15792236000.0,,80781000.0,0.0,0.0,0.0,7598005000.0,2339225000.0,5258780000.0,8949161542.0,95096000.0,0.0,3107000.0,-74323000.0,-34390000.0,-105429000.0,-159532000.0,1988000.0,359870000.0,187000.0,8825000.0,8825000.0,8825000.0,0.0,0.0,0.007,302142000.0,79643000.0,194271000.0,3.75,1.468,17.103,16.864,11468214000.0,0.0,42.16,1.687,1.687,207020000.0,3616186000.0,1223126000.0,1223126000.0,0.0,,,,,0.0,186184000.0,1.0,212266640.0,212322000.0,214005000.0,5.761,12961973000.0,0.0,0.0,0.0,61.049,-1644857000.0
58,RCL,MRQ,2006-12-31,2006-12-31,2006-12-31,2021-08-05,-30802000.0,13393088000.0,,501904000.0,12891184000.0,,28.725,-159498000.0,104520000.0,104520000.0,750356000.0,46623000.0,0.268,1.199,5413744000.0,373422000.0,5040322000.0,5413744000.0,0.0,108132000.0,896943000.0,0.014,0.15,118348000.0,226480000.0,0.196,226480000.0,118348000.0,46623000.0,0.22,0.24,0.22,6091575000.0,,6091575000.0,13004836969.0,14.0,9.827,-119026000.0,-0.561,1.0,402857000.0,0.349,721514000.0,71725000.0,16108430000.0,,76969000.0,0.0,0.0,0.0,7301513000.0,1872368000.0,5429145000.0,8775234969.0,-116018000.0,-565331000.0,3865000.0,617400000.0,-60917000.0,559922000.0,-716412000.0,7288000.0,40472000.0,0.0,46623000.0,46623000.0,46623000.0,0.0,0.0,0.04,289315000.0,113542000.0,193794000.0,0.682,1.441,13.843,13.748,11429106000.0,0.0,41.38,1.678,1.678,185886000.0,3639211000.0,1153213000.0,1153213000.0,0.0,,,,,0.0,181183000.0,1.0,212064644.0,212064644.0,,5.438,12671574000.0,0.0,0.0,0.0,59.753,-1370464000.0
59,RCL,MRQ,2006-09-30,2006-09-30,2006-09-30,2021-08-05,-18804000.0,12211732000.0,,519105000.0,11692627000.0,,29.036,-188506000.0,220538000.0,220538000.0,944166000.0,345372000.0,0.285,1.021,4450140000.0,268638000.0,4181502000.0,4450140000.0,0.0,109331000.0,959871000.0,0.015,0.15,417196000.0,526527000.0,0.322,526527000.0,417196000.0,345372000.0,1.66,1.63,1.66,6043134000.0,,6043134000.0,12409898226.0,15.0,9.887,35809000.0,0.172,1.0,692685000.0,0.423,283133000.0,71824000.0,14336578000.0,,69432000.0,0.0,0.0,0.0,6168598000.0,1821623000.0,4346975000.0,8078592226.0,-102645000.0,0.0,-3485000.0,-114843000.0,2000.0,-118140000.0,-208820000.0,0.0,224315000.0,0.0,345372000.0,345372000.0,345372000.0,0.0,0.0,0.211,273076000.0,419609000.0,168721000.0,0.09,1.337,13.84,14.011,10983829000.0,0.0,38.81,1.582,1.582,106691000.0,3624412000.0,1636851000.0,1636851000.0,0.0,,,,,0.0,163745000.0,1.0,208157491.0,208129000.0,213526000.0,7.865,11928599000.0,0.0,0.0,0.0,57.313,-1302518000.0
60,RCL,MRQ,2006-06-30,2006-06-30,2006-06-30,2021-08-05,3188000.0,12300086000.0,,669677000.0,11630409000.0,,26.747,-695058000.0,323183000.0,323183000.0,824973000.0,122427000.0,0.293,1.177,4654489000.0,482870000.0,4171619000.0,4654489000.0,0.0,102023000.0,1254464000.0,0.016,0.15,189076000.0,291099000.0,0.225,291099000.0,189076000.0,122427000.0,0.58,0.57,0.58,5650460000.0,,5650460000.0,12021220036.0,14.0,9.469,-355227000.0,-1.682,1.0,468011000.0,0.362,283133000.0,66649000.0,14066167000.0,,74866000.0,0.0,0.0,0.0,6649626000.0,2282092000.0,4367534000.0,8104772036.0,51206000.0,0.0,-158675000.0,591162000.0,-31792000.0,397968000.0,-686593000.0,0.0,339831000.0,0.0,122427000.0,122427000.0,122427000.0,0.0,0.0,0.095,283767000.0,184244000.0,204558000.0,0.259,1.434,13.221,13.099,10904463000.0,0.0,38.25,1.63,1.625,84398000.0,3310667000.0,1292984000.0,1292984000.0,0.0,,,,,0.0,181744000.0,1.0,211889465.0,211252000.0,228193000.0,6.121,12016953000.0,0.0,0.0,0.0,56.884,-1612415000.0
61,RCL,MRQ,2006-03-31,2006-03-31,2006-03-31,2021-08-05,-5922000.0,11551727000.0,,553835000.0,10997892000.0,,26.942,-135898000.0,271977000.0,271977000.0,730134000.0,119499000.0,0.263,1.029,4188425000.0,595653000.0,3592772000.0,4188425000.0,0.0,102159000.0,1050430000.0,0.014,0.15,177162000.0,279321000.0,0.244,279321000.0,177162000.0,119499000.0,0.57,0.55,0.57,5694709000.0,,5694709000.0,12897135242.0,14.0,9.902,207990000.0,0.984,1.0,416402000.0,0.363,283133000.0,57663000.0,13079610000.0,,59027000.0,0.0,0.0,0.0,5857018000.0,2105432000.0,3751586000.0,8867745242.0,146592000.0,0.0,16739000.0,44419000.0,-31753000.0,39957000.0,-237253000.0,-100000000.0,343888000.0,0.0,119499000.0,119499000.0,119499000.0,0.0,0.0,0.104,275351000.0,141051000.0,150092000.0,0.263,1.557,13.73,13.555,10311058000.0,0.0,42.02,1.817,1.819,82259000.0,3220034000.0,1146536000.0,1146536000.0,0.0,,,,,0.0,173192000.0,1.0,211036298.0,211372000.0,230695000.0,5.424,11268594000.0,0.0,0.0,0.0,53.312,-1551597000.0
62,RCL,MRQ,2005-12-31,2005-12-31,2005-12-31,2021-08-05,-28263000.0,11255771000.0,,377010000.0,10878761000.0,,26.458,-109252000.0,125385000.0,125385000.0,703823000.0,-3604000.0,0.19,1.026,4154775000.0,600883000.0,3553892000.0,4154775000.0,0.0,101312000.0,884994000.0,0.012,0.15,56855000.0,158167000.0,0.154,158167000.0,56855000.0,-3604000.0,-0.04,0.04,-0.04,5554465000.0,,5554465000.0,13423847594.0,14.0,9.673,18269000.0,0.087,1.0,325817000.0,0.316,283133000.0,60459000.0,13013246000.0,,57803000.0,0.0,0.0,0.0,5701306000.0,1988782000.0,3712524000.0,9459666594.0,-63821000.0,0.0,2061000.0,-17470000.0,-63957000.0,-79205000.0,-112137000.0,0.0,127521000.0,0.0,-3604000.0,-3604000.0,-3604000.0,0.0,0.0,-0.004,270021000.0,55796000.0,159910000.0,-3.75,1.703,13.213,12.986,10276948000.0,0.0,45.06,1.929,1.929,95254000.0,3132286000.0,1029640000.0,1029640000.0,0.0,,,,,0.0,168709000.0,1.0,209934900.0,209934900.0,,4.905,10972638000.0,0.0,0.0,0.0,52.267,-1611772000.0
63,RCL,MRQ,2005-09-30,2005-09-30,2005-09-30,2021-08-05,-12714000.0,11244200000.0,,451101000.0,10793099000.0,,26.543,-168195000.0,189206000.0,189206000.0,844632000.0,374711000.0,0.231,1.018,4153387000.0,559285000.0,3594102000.0,4153387000.0,0.0,101020000.0,897691000.0,0.013,0.15,439971000.0,540991000.0,0.36,540991000.0,439971000.0,374711000.0,1.81,1.64,1.81,5571139000.0,,5571139000.0,13342195835.0,14.0,9.648,44402000.0,0.212,1.0,657583000.0,0.438,278561000.0,65260000.0,12972807000.0,,68880000.0,0.0,0.0,0.0,5673061000.0,1957013000.0,3716048000.0,8905293835.0,-108822000.0,0.0,-244506000.0,-262265000.0,0.0,-504831000.0,183412000.0,348070000.0,212597000.0,0.0,374711000.0,374711000.0,374711000.0,0.0,0.0,0.249,257127000.0,400456000.0,155187000.0,0.083,1.598,12.836,12.781,10222247000.0,0.0,43.2,1.841,1.874,74813000.0,3167534000.0,1502215000.0,1502215000.0,0.0,,,,,0.0,156107000.0,1.0,206141061.0,209895000.0,236043000.0,7.157,10965639000.0,0.0,0.0,0.0,52.243,-1505912000.0
64,RCL,MRQ,2005-06-30,2005-06-30,2005-06-30,2021-08-05,-4558000.0,11591538000.0,,578706000.0,11012832000.0,,25.129,-77523000.0,298028000.0,298028000.0,740170000.0,155240000.0,0.281,1.272,4734930000.0,404575000.0,4330355000.0,4734930000.0,0.0,99975000.0,1152612000.0,0.011,0.13,223982000.0,323957000.0,0.269,323957000.0,223982000.0,155240000.0,0.76,0.72,0.76,5101119000.0,,5101119000.0,14577611056.0,16.0,11.194,312012000.0,1.537,1.0,463072000.0,0.385,278561000.0,68742000.0,13693018000.0,,67544000.0,0.0,0.0,0.0,6490419000.0,2056861000.0,4433558000.0,9764015056.0,-13312000.0,0.0,10167000.0,-300395000.0,-26758000.0,-318633000.0,-84214000.0,0.0,389535000.0,0.0,155240000.0,155240000.0,155240000.0,0.0,0.0,0.129,248937000.0,214135000.0,178508000.0,0.171,1.914,16.232,16.174,10153424000.0,0.0,48.36,2.068,2.079,82933000.0,2770124000.0,1203242000.0,1203242000.0,0.0,,,,,0.0,148962000.0,1.0,201902710.0,202997000.0,235973000.0,5.927,11312977000.0,0.0,0.0,0.0,55.73,-1478155000.0
65,RCL,MRQ,2005-03-31,2005-03-31,2005-03-31,2021-08-05,39898000.0,11600111000.0,,562188000.0,11037923000.0,,24.296,-74928000.0,311340000.0,311340000.0,705607000.0,189609000.0,0.305,1.368,5124936000.0,330419000.0,4794517000.0,5124936000.0,0.0,99762000.0,1004507000.0,0.012,0.13,264898000.0,364660000.0,0.312,364660000.0,264898000.0,189609000.0,0.94,0.86,0.94,4898490000.0,,4898490000.0,14117165156.0,16.0,11.07,306779000.0,1.522,1.0,462470000.0,0.396,278561000.0,75289000.0,14294169000.0,,59585000.0,0.0,0.0,0.0,6701621000.0,1840977000.0,4860644000.0,9013799156.0,-317238000.0,0.0,5152000.0,-600097000.0,-28049000.0,-622858000.0,-76087000.0,0.0,381707000.0,0.0,189609000.0,189609000.0,189609000.0,0.0,0.0,0.162,261292000.0,201178000.0,185507000.0,0.138,1.84,15.857,15.736,10172558000.0,0.0,44.69,1.934,1.933,82239000.0,2642387000.0,1168077000.0,1168077000.0,0.0,,,,,0.0,161530000.0,1.0,201696110.0,201619000.0,236209000.0,5.793,11321550000.0,0.0,0.0,0.0,56.153,-1278789000.0
66,RCL,MRQ,2004-12-31,2004-12-31,2004-12-31,2021-08-05,71363000.0,11964084000.0,,860606000.0,11103478000.0,,24.5,-117044000.0,628578000.0,628578000.0,670150000.0,-25785000.0,0.379,1.49,5731944000.0,905374000.0,4826570000.0,5731944000.0,0.0,100608000.0,875082000.0,0.01,0.13,52731000.0,153339000.0,0.159,153339000.0,52731000.0,-25785000.0,-0.13,-0.05,-0.13,4804520000.0,,4804520000.0,16181764462.0,21.0,13.727,-837000.0,-0.004,1.0,294435000.0,0.305,278561000.0,78516000.0,14515387000.0,,60260000.0,0.0,0.0,0.0,7159564000.0,2273502000.0,4886062000.0,10676046462.0,155246000.0,0.0,37574000.0,-122017000.0,-24316000.0,-118666000.0,157705000.0,267542000.0,116207000.0,0.0,-25785000.0,-25785000.0,-25785000.0,0.0,0.0,-0.027,254281000.0,40154000.0,162973000.0,-1.0,2.222,22.491,22.778,10193443000.0,0.0,54.44,2.344,2.344,84899000.0,2533265000.0,964585000.0,964585000.0,0.0,,,,,0.0,153673000.0,1.0,196106658.0,196106658.0,,4.919,11685523000.0,0.0,0.0,0.0,59.588,-1412896000.0
67,RCL,MRQ,2004-09-30,2004-09-30,2004-09-30,2021-08-05,,,,,,,,-37624000.0,,,787403000.0,282471000.0,,,,,,,,99288000.0,,0.012,0.13,361046000.0,460334000.0,0.332,460334000.0,361046000.0,282471000.0,1.42,1.26,1.42,,,,14055968289.0,,,212772000.0,1.069,1.0,598704000.0,0.432,,78575000.0,,,,,,,,,,8550250289.0,-6261000.0,0.0,5413000.0,-148997000.0,-25884000.0,-173139000.0,-83518000.0,-40798000.0,250396000.0,0.0,282471000.0,282471000.0,282471000.0,0.0,0.0,0.204,240323000.0,358381000.0,,0.092,,,,,0.0,43.6,,,,,1386107000.0,1386107000.0,0.0,,,,,0.0,141035000.0,1.0,196106658.0,199114000.0,234520000.0,6.961,,,0.0,,,
68,RCL,MRQ,2004-06-30,2004-06-30,2004-06-30,2021-08-05,,,,,,,,-396820000.0,,,707431000.0,122159000.0,,,,,,,,97661000.0,,0.012,0.13,199305000.0,296966000.0,0.26,296966000.0,199305000.0,122159000.0,0.61,0.58,0.61,,,,14018708024.0,,,-250000.0,-0.001,1.0,435568000.0,0.381,,77146000.0,,,,,,,,,,8512990024.0,100468000.0,0.0,13171000.0,156237000.0,-25861000.0,169867000.0,-465969000.0,-52872000.0,396570000.0,0.0,122159000.0,122159000.0,122159000.0,0.0,0.0,0.107,240982000.0,194586000.0,,0.213,,,,,0.0,43.41,,,,,1142999000.0,1142999000.0,0.0,,,,,0.0,143321000.0,1.0,196106658.0,198786000.0,234381000.0,5.75,,,0.0,,,
69,RCL,MRQ,2004-03-31,2004-03-31,2004-03-31,2021-08-05,,,,,,,,-79182000.0,,,654399000.0,95846000.0,,,,,,,,96579000.0,,0.012,0.13,171586000.0,268165000.0,0.253,268165000.0,171586000.0,95846000.0,0.49,0.47,0.49,,,,14154021618.0,,,234636000.0,1.188,1.0,407285000.0,0.384,,75740000.0,,,,,,,,,,8648303618.0,49039000.0,0.0,42158000.0,-24961000.0,-28460000.0,-24051000.0,-240728000.0,-173872000.0,313818000.0,0.0,95846000.0,95846000.0,95846000.0,0.0,0.0,0.09,246817000.0,160468000.0,,0.265,,,,,0.0,44.1,,,,,1061684000.0,1061684000.0,0.0,,,,,0.0,150238000.0,1.0,196106658.0,197425000.0,216000000.0,5.378,,,0.0,,,
70,RCL,MRQ,2003-12-31,2003-12-31,2003-12-31,2021-08-05,5846000.0,11322742000.0,,574550000.0,10748192000.0,,22.09,,330086000.0,330086000.0,,,0.382,1.656,5835804000.0,315232000.0,5520572000.0,5835804000.0,0.0,,729595000.0,0.015,0.13,,,,,,,,,,4262897000.0,,4262897000.0,11916115627.0,22.0,13.069,,,1.0,,,278561000.0,,15045372000.0,,53277000.0,0.0,0.0,0.0,7059845000.0,1504527000.0,5555318000.0,6713861627.0,,,,,,,,,,,,,,,,,,,187756000.0,,1.575,23.921,23.993,9943495000.0,,34.79,1.774,1.774,89489000.0,2162195000.0,,,,,,,,,,1.0,192982513.0,192982513.0,,,11044181000.0,0.0,,0.0,57.229,-929977000.0
71,RCL,MRQ,2002-12-31,2002-12-31,2002-12-31,2021-08-05,3693000.0,10538531000.0,,447743000.0,10090788000.0,,20.98,,242584000.0,242584000.0,,,0.383,1.612,5444838000.0,122544000.0,5322294000.0,5444838000.0,0.0,,567955000.0,0.039,0.13,,,,,,,,,,4034694000.0,,4034694000.0,8130514307.0,13.0,8.494,,,1.0,,,278561000.0,,14292291000.0,,37299000.0,0.0,0.0,0.0,6503837000.0,1169933000.0,5333904000.0,3211580307.0,,,,,,,,,,,,,,,,,,,171153000.0,,0.796,9.142,9.176,9276484000.0,,16.7,0.935,0.935,79535000.0,1982580000.0,,,,,,,,,,1.0,192310198.0,192310198.0,,,10259970000.0,0.0,,0.0,53.351,-722190000.0
72,RCL,MRQ,2001-12-31,2001-12-31,2001-12-31,2021-08-05,-16068000.0,10368782000.0,,886114000.0,9482668000.0,,19.553,,727178000.0,727178000.0,,,0.796,1.76,5646112000.0,238581000.0,5407531000.0,5646112000.0,0.0,,446085000.0,0.024,0.13,,,,,,,,,,3756584000.0,,3756584000.0,6344663826.0,12.0,7.844,,,1.0,,,278561000.0,,13896506000.0,,33493000.0,0.0,0.0,0.0,6612198000.0,1112649000.0,5499549000.0,3112377826.0,,,,,,,,,,,,,,,,,,,144070000.0,,0.829,12.231,12.273,8605448000.0,,16.2,0.99,0.99,72196000.0,1731423000.0,,,,,,,,,,1.0,192122088.0,192122088.0,,,10090221000.0,0.0,,0.0,52.52,-226535000.0
73,RCL,MRQ,2000-12-31,2000-12-31,2000-12-31,2021-08-05,0.0,7828465000.0,,310719000.0,7517746000.0,,21.403,,177810000.0,177810000.0,,,0.341,1.165,3410096000.0,109926000.0,3300170000.0,3410096000.0,0.0,,443411000.0,0.018,0.13,,,,,,,,,,3615915000.0,,3615915000.0,6747308122.0,11.0,8.122,,,1.0,,,288974000.0,,9859397000.0,,30115000.0,0.0,0.0,0.0,4212550000.0,912380000.0,3300170000.0,4468601122.0,,,,,,,,,,,,,,,,,,,158143000.0,,1.236,10.034,11.303,6831809000.0,,26.45,1.559,1.559,53609000.0,1576921000.0,,,,,,,,,,1.0,168945222.0,168945222.0,,,7539491000.0,0.0,,0.0,44.627,-601661000.0
74,RCL,MRQ,1999-12-31,1999-12-31,1999-12-31,2021-08-05,0.0,6380511000.0,,194377000.0,6186134000.0,,19.303,,63470000.0,63470000.0,,,0.215,0.957,2342177000.0,128086000.0,2214091000.0,2342177000.0,0.0,,465033000.0,0.008,0.11,,,,,,,,,,3261156000.0,,3261156000.0,10626849897.0,21.0,14.917,,,1.0,,,299388000.0,,7454566000.0,,26398000.0,0.0,0.0,0.0,3119355000.0,905264000.0,2214091000.0,8330688897.0,,,,,,,,,,,,,,,,,,,103041000.0,,2.555,21.703,22.935,5858185000.0,,49.31,3.272,3.272,53459000.0,1225976000.0,,,,,,,,,,1.0,168945222.0,168945222.0,,,6081123000.0,0.0,,0.0,35.995,-710887000.0
75,RCL,MRQ,1998-12-31,1998-12-31,1998-12-31,2021-08-05,0.0,5686076000.0,,286331000.0,5399745000.0,,14.53,,172921000.0,172921000.0,,,0.322,1.316,2469082000.0,127919000.0,2341163000.0,2469082000.0,0.0,,402926000.0,0.009,0.09,,,,,,,,,,2454758000.0,,2454758000.0,,,,,,1.0,,,309801000.0,,6782281000.0,,31834000.0,0.0,0.0,0.0,3231318000.0,890155000.0,2341163000.0,6250973214.0,,,,,,,,,,,,,,,,,,,115833000.0,,2.546,18.898,19.474,5073008000.0,,37.0,2.371,2.371,36532000.0,923691000.0,,,,,,,,,,1.0,168945222.0,168945222.0,,,5376275000.0,0.0,,0.0,31.823,-603824000.0
76,RCL,MRQ,1997-12-31,1997-12-31,1997-12-31,2021-08-05,0.0,5339748000.0,,211145000.0,5128603000.0,,,,110793000.0,110793000.0,,,0.237,1.645,2572696000.0,141013000.0,2431683000.0,2572696000.0,0.0,,429403000.0,0.011,0.075,,,,,,,,,,2018721000.0,,2018721000.0,,,,,,1.0,,,320214000.0,,6592093000.0,,37274000.0,0.0,0.0,0.0,3321027000.0,889344000.0,2431683000.0,,,,,,,,,,,,,,,,,,,,108474000.0,,,,22.782,4785291000.0,,26.655,,,22628000.0,660655000.0,,,,,,,,,,1.0,,,,,5019534000.0,0.0,,0.0,,-678199000.0
0,RCL,MRT,2021-06-30,2021-06-30,2021-06-30,2021-08-05,-663955000.0,33691962000.0,33083258000.0,5009230000.0,28682732000.0,0.003,30.969,-1656180000.0,4250369000.0,4250369000.0,1282186000.0,-5185224000.0,1.07,3.273,21667809000.0,1055469000.0,20612340000.0,21667809000.0,0.0,1268772000.0,2363505000.0,0.0,0.0,-4082905000.0,-2814133000.0,-30.137,-2814133000.0,-4082905000.0,-5192668000.0,-22.26,-22.26,-22.26,7884015000.0,8536415000.0,7884015000.0,38198755629.0,-9.0,-13.574,-4608564000.0,-18.103,1.0,-1188808000.0,-12.731,809435000.0,1109763000.0,45620252000.0,44669498000.0,132888000.0,0.0,0.0,0.0,25807947000.0,4679715000.0,21128232000.0,21709785629.0,103678000.0,-51778000.0,3052849000.0,1789868000.0,0.0,4824574000.0,-1770764000.0,-38856000.0,-2952384000.0,2252000.0,-5192668000.0,-5192668000.0,-5192668000.0,0.0,7444000.0,-55.609,2572795000.0,-3761603000.0,384683000.0,0.0,2.754,-4.181,-3.831,26432415000.0,0.0,85.28,232.494,232.499,345055000.0,3083798000.0,93378000.0,93378000.0,0.0,-0.157,-0.608,-0.091,-43.724,66577000.0,1045911000.0,1.0,254570657.0,254577000.0,,0.367,32882527000.0,0.0,0.0,0.0,129.165,329515000.0
1,RCL,MRT,2021-03-31,2021-03-31,2021-03-31,2021-08-05,-708854000.0,34347073000.0,32986903250.0,5649969000.0,28697104000.0,0.007,37.746,-1571033000.0,5091463000.0,5091463000.0,1537776000.0,-5469817000.0,1.704,2.745,21580433000.0,318730000.0,21261703000.0,21580433000.0,0.0,1265090000.0,1830144000.0,0.0,0.0,-4460864000.0,-3195774000.0,-14.655,-3195774000.0,-4460864000.0,-5484705000.0,-24.8,-24.8,-24.8,9172382000.0,8806387500.0,9172382000.0,36646505164.0,-8.0,-11.467,-6310579000.0,-25.969,1.0,-1319707000.0,-6.052,809459000.0,1023841000.0,46711754000.0,44043041250.0,119405000.0,0.0,0.0,0.0,25174691000.0,3314830000.0,21859861000.0,20335383164.0,1200652000.0,-140533000.0,3048223000.0,4854198000.0,-162858000.0,7743500000.0,-1804949000.0,-73622000.0,-4739546000.0,1647000.0,-5484705000.0,-5484705000.0,-5484705000.0,0.0,14888000.0,-25.151,2700849000.0,-4020556000.0,340872000.0,0.0,2.217,-3.708,-3.452,26374339000.0,0.0,85.61,93.252,95.399,226740000.0,4431053000.0,218069000.0,218069000.0,0.0,-0.166,-0.623,-0.101,-20.456,66041000.0,1061771000.0,1.0,237535138.0,243004000.0,,0.897,33537614000.0,0.0,0.0,0.0,138.013,2335139000.0
2,RCL,MRT,2020-12-31,2020-12-31,2020-12-31,2021-08-05,-739341000.0,32465187000.0,32761398250.0,4311747000.0,28153440000.0,0.067,39.051,-1937335000.0,3684474000.0,3684474000.0,2765108000.0,-5775130000.0,0.95,2.706,19995596000.0,1473764000.0,18521832000.0,19995596000.0,0.0,1279254000.0,1784832000.0,0.01,0.78,-4953224000.0,-3673970000.0,-1.663,-3673970000.0,-4953224000.0,-5797462000.0,-27.05,-27.05,-27.05,8760669000.0,9071235750.0,8760669000.0,33278219527.0,-7.0,-9.058,-5668988000.0,-25.27,1.0,-556303000.0,-0.252,809480000.0,844238000.0,43429708000.0,41483700250.0,118703000.0,0.0,0.0,0.0,23704518000.0,4537121000.0,19167397000.0,16755815527.0,3440736000.0,-79523000.0,1431375000.0,8255522000.0,-326421000.0,9349788000.0,-2178566000.0,-145461000.0,-3731653000.0,1167000.0,-5797462000.0,-5797462000.0,-5797462000.0,0.0,22332000.0,-2.625,4045254000.0,-4601557000.0,353422000.0,-0.029,1.913,-2.89,-2.761,25846580000.0,0.0,74.69,7.586,7.586,284149000.0,5562775000.0,2208805000.0,2208805000.0,0.0,-0.177,-0.639,-0.119,-2.242,39779000.0,1199620000.0,1.0,224338138.0,224338138.0,,9.846,31655707000.0,0.0,0.0,0.0,141.107,-225374000.0
3,RCL,MRT,2020-09-30,2020-09-30,2020-09-30,2021-08-05,-869107000.0,31828810000.0,32225172500.0,3531795000.0,28297015000.0,0.146,38.889,-2250753000.0,3016788000.0,3016788000.0,3981367000.0,-4127721000.0,0.764,2.822,19539192000.0,1358961000.0,18180231000.0,19539192000.0,0.0,1282988000.0,1820038000.0,0.024,1.56,-3491486000.0,-2208498000.0,-0.471,-2208498000.0,-3491486000.0,-4157391000.0,-19.72,-19.72,-19.72,8328594000.0,9922030000.0,8328594000.0,29249629562.0,-8.0,-13.244,-4547710000.0,-21.235,1.0,710713000.0,0.151,809471000.0,665905000.0,42916278000.0,38744148000.0,142432000.0,0.0,0.0,0.0,23500216000.0,4625465000.0,18874751000.0,13895455562.0,2740058000.0,-85869000.0,-101034000.0,8127545000.0,-489552000.0,7514300000.0,-2477755000.0,-117155000.0,-2296957000.0,470000.0,-4157391000.0,-4157391000.0,-4157391000.0,0.0,29670000.0,-0.886,3977700000.0,-3266987000.0,421023000.0,-0.079,1.668,-3.342,-3.282,25947026000.0,0.0,64.73,2.961,2.955,165225000.0,6929710000.0,4692080000.0,4692080000.0,0.0,-0.129,-0.419,-0.09,-0.744,54545000.0,1358794000.0,1.0,214667937.0,214163000.0,,21.909,31019339000.0,0.0,0.0,0.0,144.84,-1093670000.0
4,RCL,MRT,2020-06-30,2020-06-30,2020-06-30,2021-08-05,-951227000.0,33306543000.0,31724335250.0,4684440000.0,28622103000.0,0.249,42.811,-2545157000.0,4146691000.0,4146691000.0,5295796000.0,-1898044000.0,0.989,2.65,19500865000.0,1178049000.0,18322816000.0,19500865000.0,0.0,1286144000.0,1805874000.0,0.047,2.34,-1418801000.0,-132657000.0,-0.017,-132657000.0,-1418801000.0,-1927395000.0,-9.22,-9.23,-9.22,8963905000.0,10834108250.0,8963905000.0,23353007463.0,-16.0,-176.041,-3073141000.0,-14.677,1.0,2616822000.0,0.331,809384000.0,508594000.0,43114425000.0,36130136750.0,152596000.0,0.0,0.0,0.0,23757769000.0,4736908000.0,19020861000.0,10532084463.0,3911690000.0,-86864000.0,-99847000.0,7981347000.0,-635898000.0,7222732000.0,-2783478000.0,-127621000.0,-527984000.0,420000.0,-1927395000.0,-1927395000.0,-1927395000.0,0.0,29351000.0,-0.244,3993718000.0,-1376896000.0,661427000.0,-0.254,1.175,-5.464,-5.456,26257137000.0,0.0,50.3,1.331,1.331,205921000.0,8276463000.0,7912618000.0,7912618000.0,0.0,-0.061,-0.178,-0.039,-0.179,42720000.0,1464740000.0,1.0,209385377.0,209385000.0,,37.79,32497159000.0,0.0,0.0,0.0,155.203,-52468000.0
5,RCL,MRT,2020-03-31,2020-03-31,2020-03-31,2021-08-05,-1095617000.0,33445053000.0,30849940000.0,4594201000.0,28850852000.0,0.342,48.933,-3801845000.0,3890811000.0,3890811000.0,6159880000.0,213759000.0,0.511,2.212,16711734000.0,3854433000.0,12857301000.0,16711734000.0,0.0,1277987000.0,2373092000.0,0.094,3.04,585736000.0,1863723000.0,0.177,1863723000.0,585736000.0,184727000.0,0.87,0.85,0.87,10231775000.0,11477732750.0,10231775000.0,18213285515.0,31.0,9.773,-965223000.0,-4.616,1.0,4383764000.0,0.416,809216000.0,401009000.0,36474390000.0,33418063750.0,177705000.0,0.0,0.0,0.0,22635853000.0,8982370000.0,13653483000.0,6723530515.0,3642614000.0,-1363000.0,-99823000.0,5518052000.0,-619420000.0,4787522000.0,-3982135000.0,-161783000.0,2836622000.0,605000.0,184727000.0,184727000.0,184727000.0,0.0,29032000.0,0.018,3926301000.0,457463000.0,1414394000.0,3.494,0.657,36.397,36.977,26476654000.0,0.0,32.17,0.638,0.638,220876000.0,9915758000.0,10543644000.0,10543644000.0,0.0,0.006,0.016,0.018,0.056,41180000.0,1540196000.0,1.0,209000016.0,209097000.0,,50.425,32635837000.0,0.0,0.0,0.0,156.08,-4388169000.0
6,RCL,MRT,2019-12-31,2019-12-31,2019-12-31,2021-08-05,-797713000.0,30320284000.0,29668689000.0,1162628000.0,29157656000.0,0.369,58.025,-3024663000.0,243738000.0,243738000.0,6062765000.0,1907600000.0,0.146,1.446,11733493000.0,2717742000.0,9015751000.0,11733493000.0,0.0,1245942000.0,3428138000.0,0.022,2.96,2287400000.0,3533342000.0,0.323,3533342000.0,2287400000.0,1878887000.0,8.97,8.95,8.97,12163846000.0,11737056500.0,12163846000.0,39109228240.0,17.0,11.069,691703000.0,3.3,1.0,4887896000.0,0.446,1385644000.0,408513000.0,32471499000.0,31816741000.0,162107000.0,0.0,0.0,0.0,17586457000.0,7952896000.0,9633561000.0,27987857240.0,-44114000.0,7301000.0,-99582000.0,42401000.0,-602674000.0,-670371000.0,-3091406000.0,-61215000.0,3716366000.0,1297000.0,1878887000.0,1878887000.0,1878887000.0,0.0,28713000.0,0.172,2805195000.0,2082701000.0,563706000.0,0.33,2.301,14.896,14.884,26154363000.0,0.0,133.51,2.556,2.556,305821000.0,11523326000.0,10950661000.0,10950661000.0,0.0,0.063,0.16,0.072,0.209,75930000.0,1559253000.0,1.0,209631168.0,209631168.0,,52.238,28934640000.0,0.0,0.0,0.0,138.026,-6790268000.0
7,RCL,MRT,2019-09-30,2019-09-30,2019-09-30,2021-08-05,-946363000.0,29825461000.0,29013185500.0,1203957000.0,28621504000.0,0.371,57.149,-3492796000.0,276730000.0,276730000.0,5941659000.0,1947579000.0,0.169,1.443,11398101000.0,1958319000.0,9439782000.0,11398101000.0,0.0,1204348000.0,3410205000.0,0.027,2.88,2332631000.0,3536979000.0,0.329,3536979000.0,2332631000.0,1921454000.0,9.15,9.13,9.15,11976907000.0,11472460250.0,11976907000.0,34118185821.0,15.0,9.646,346427000.0,1.653,1.0,4823890000.0,0.448,1373065000.0,411177000.0,32460233000.0,31123266000.0,167213000.0,0.0,0.0,0.0,17285160000.0,7113534000.0,10171626000.0,22701750821.0,21909000.0,83567000.0,-2754000.0,314060000.0,-585572000.0,-282590000.0,-3532890000.0,-124891000.0,3839223000.0,-1834000.0,1921454000.0,1921454000.0,1921454000.0,0.0,26125000.0,0.178,2706036000.0,2117854000.0,538949000.0,0.315,1.895,11.815,11.839,25702865000.0,0.0,108.33,2.109,2.109,348991000.0,11412773000.0,10765549000.0,10765549000.0,0.0,0.066,0.167,0.075,0.217,33897000.0,1472239000.0,1.0,209561071.0,209575000.0,,51.368,28452396000.0,0.0,0.0,0.0,135.762,-5909577000.0
8,RCL,MRT,2019-06-30,2019-06-30,2019-06-30,2021-08-05,-653173000.0,29808962000.0,28330205250.0,1282967000.0,28525995000.0,0.366,55.068,-3313289000.0,235001000.0,235001000.0,5729985000.0,1867605000.0,0.169,1.535,11651436000.0,2085337000.0,9566099000.0,11651436000.0,0.0,1143976000.0,3909454000.0,0.023,2.8,2244254000.0,3388230000.0,0.327,3388230000.0,2244254000.0,1848605000.0,8.82,8.79,8.82,11538403000.0,11312767250.0,11538403000.0,36244773808.0,16.0,10.697,429791000.0,2.051,1.0,4644901000.0,0.448,1373124000.0,395649000.0,32266133000.0,30149530250.0,168009000.0,0.0,0.0,0.0,17713789000.0,7586140000.0,10127649000.0,25411418808.0,126003000.0,-840213000.0,-209360000.0,1419228000.0,-566046000.0,635219000.0,-4247582000.0,-105396000.0,3743080000.0,-4714000.0,1848605000.0,1848605000.0,1848605000.0,0.0,19000000.0,0.178,2610438000.0,2034463000.0,531788000.0,0.317,2.202,13.746,13.743,25576028000.0,0.0,121.21,2.449,2.448,340921000.0,10692890000.0,10374886000.0,10374886000.0,0.0,0.065,0.163,0.074,0.216,56216000.0,1444681000.0,1.0,209647874.0,209531000.0,,49.515,28435838000.0,0.0,0.0,0.0,135.712,-6303173000.0
9,RCL,MRT,2019-03-31,2019-03-31,2019-03-31,2021-08-05,-578980000.0,28720049000.0,26892223750.0,1333122000.0,27386927000.0,0.368,53.836,-2409912000.0,248197000.0,248197000.0,5499892000.0,1853945000.0,0.164,1.5,11081552000.0,2846851000.0,8234701000.0,11081552000.0,0.0,1085752000.0,3729661000.0,0.024,2.7,2208279000.0,3294031000.0,0.333,3294031000.0,2208279000.0,1842070000.0,8.76,8.73,8.76,11269070000.0,11121591000.0,11269070000.0,34466814863.0,16.0,10.463,1223559000.0,5.845,1.0,4405968000.0,0.445,1378362000.0,366209000.0,30069099000.0,28752086750.0,157939000.0,0.0,0.0,0.0,16901334000.0,8105943000.0,8795391000.0,23976967863.0,136952000.0,-807983000.0,-303623000.0,696022000.0,-546471000.0,-181461000.0,-3294461000.0,-80907000.0,3633471000.0,-20597000.0,1842070000.0,1842070000.0,1842070000.0,0.0,11875000.0,0.186,2466482000.0,1939486000.0,497180000.0,0.308,2.128,13.016,13.084,24418802000.0,0.0,114.62,2.42,2.422,374982000.0,10366612000.0,9905860000.0,9905860000.0,0.0,0.068,0.166,0.077,0.223,53219000.0,1380730000.0,1.0,209186598.0,209322000.0,,47.324,27341687000.0,0.0,0.0,0.0,130.62,-6772821000.0
10,RCL,MRT,2018-12-31,2018-12-31,2018-12-31,2021-08-05,-627734000.0,27698270000.0,25704954500.0,1242044000.0,26456226000.0,0.369,53.137,-3660028000.0,287852000.0,287852000.0,5262207000.0,1815792000.0,0.175,1.445,10777699000.0,2422329000.0,8355370000.0,10777699000.0,0.0,1033697000.0,3148837000.0,0.027,2.6,2144714000.0,3178411000.0,0.335,3178411000.0,2144714000.0,1811042000.0,8.6,8.56,8.6,11105461000.0,10966022500.0,11105461000.0,30357372565.0,14.0,9.551,-180889000.0,-0.866,1.0,4231642000.0,0.446,1378353000.0,333672000.0,29697599000.0,28031020250.0,153573000.0,0.0,0.0,0.0,16050789000.0,7112165000.0,8938624000.0,20437757565.0,167740000.0,-805854000.0,-575039000.0,2310106000.0,-527494000.0,1198073000.0,-4489158000.0,-21545000.0,3479139000.0,-20314000.0,1811042000.0,1811042000.0,1811042000.0,0.0,4750000.0,0.191,2336841000.0,1894801000.0,488212000.0,0.302,1.84,11.285,11.371,23466163000.0,0.0,97.79,2.153,2.153,324507000.0,10263282000.0,9493849000.0,9493849000.0,0.0,0.07,0.165,0.077,0.226,46061000.0,1303144000.0,1.0,208996396.0,208996396.0,,45.426,26319917000.0,0.0,0.0,0.0,125.935,-5870121000.0
11,RCL,MRT,2018-09-30,2018-09-30,2018-09-30,2021-08-05,-230580000.0,27093540000.0,24370618500.0,1359000000.0,25734540000.0,0.376,54.235,-2685930000.0,254821000.0,254821000.0,5047495000.0,1783378000.0,0.192,1.342,10174436000.0,2527448000.0,7646988000.0,10174436000.0,0.0,993887000.0,3111682000.0,0.019,2.5,2089430000.0,3083317000.0,0.336,3083317000.0,2089430000.0,1783378000.0,8.45,8.41,8.45,11338135000.0,10865233000.0,11338135000.0,35563656178.0,17.0,11.534,481019000.0,2.301,1.0,4118520000.0,0.449,1374923000.0,306052000.0,28565290000.0,26765840500.0,152157000.0,0.0,0.0,0.0,15217635000.0,7072942000.0,8144693000.0,27153565178.0,114871000.0,-848339000.0,-670806000.0,1655383000.0,-509758000.0,459668000.0,-3494193000.0,29337000.0,3166949000.0,-17553000.0,1783378000.0,1783378000.0,1783378000.0,0.0,0.0,0.195,2280397000.0,1838123000.0,432086000.0,0.296,2.395,15.226,15.378,22599589000.0,0.0,129.94,2.962,2.964,385297000.0,10093892000.0,9166015000.0,9166015000.0,0.0,0.073,0.164,0.078,0.228,80410000.0,1286510000.0,1.0,208970026.0,209054000.0,,43.845,25718617000.0,0.0,0.0,0.0,123.024,-5713942000.0
12,RCL,MRT,2018-06-30,2018-06-30,2018-06-30,2021-08-05,-265200000.0,24057036000.0,23122062000.0,1099896000.0,22957140000.0,0.387,50.898,-2505477000.0,108998000.0,108998000.0,4954400000.0,1725829000.0,0.2,1.233,8519089000.0,1177626000.0,7341463000.0,8519089000.0,0.0,974114000.0,3049145000.0,0.023,2.4,2018604000.0,2992718000.0,0.335,2992718000.0,2018604000.0,1725829000.0,8.08,8.04,8.08,10773698000.0,10639571250.0,10773698000.0,30634461133.0,15.0,10.236,641395000.0,3.03,1.0,3984972000.0,0.446,288418000.0,292775000.0,26676359000.0,25676003500.0,121879000.0,0.0,0.0,0.0,13283338000.0,5502350000.0,7780988000.0,21936967133.0,-21479000.0,79242000.0,-590272000.0,299597000.0,-486061000.0,-792346000.0,-2362241000.0,62655000.0,3146872000.0,-13764000.0,1725829000.0,1725829000.0,1725829000.0,0.0,0.0,0.193,2209094000.0,1775878000.0,418616000.0,0.297,2.036,12.711,12.822,21429719000.0,0.0,103.6,2.454,2.453,355729000.0,9429784000.0,8939372000.0,8939372000.0,0.0,0.075,0.162,0.079,0.226,65899000.0,1234980000.0,1.0,211746787.0,211673000.0,,42.232,23768618000.0,0.0,0.0,0.0,112.289,-4402454000.0
13,RCL,MRT,2018-03-31,2018-03-31,2018-03-31,2021-08-05,-182815000.0,23970972000.0,22613845000.0,1034526000.0,22936446000.0,0.389,50.077,-2161587000.0,111245000.0,111245000.0,4896774000.0,1629060000.0,0.199,1.251,8808739000.0,1144017000.0,7664722000.0,8808739000.0,0.0,955675000.0,2785462000.0,0.019,2.28,1916603000.0,2872278000.0,0.327,2872278000.0,1916603000.0,1629060000.0,7.6,7.56,7.6,10646796000.0,10366998750.0,10646796000.0,32586147320.0,17.0,11.345,840575000.0,3.954,1.0,3900267000.0,0.443,288479000.0,287543000.0,27184833000.0,25091809750.0,110826000.0,0.0,0.0,0.0,13324176000.0,5195154000.0,8129022000.0,25166808320.0,1936000.0,60849000.0,-495748000.0,-65755000.0,-462353000.0,-1019549000.0,-1982337000.0,113899000.0,3002162000.0,1660000.0,1629060000.0,1629060000.0,1629060000.0,0.0,0.0,0.185,2161587000.0,1738680000.0,454576000.0,0.3,2.364,15.449,15.492,21207786000.0,0.0,117.74,2.861,2.846,387862000.0,9090544000.0,8797041000.0,8797041000.0,0.0,0.072,0.157,0.076,0.218,72361000.0,1205912000.0,1.0,213749009.0,212610000.0,,41.376,23682493000.0,0.0,0.0,0.0,111.389,-4160628000.0
14,RCL,MRT,2017-12-31,2017-12-31,2017-12-31,2021-08-05,-334265000.0,22360926000.0,22125416250.0,907637000.0,21453289000.0,0.397,49.99,-334138000.0,120112000.0,120112000.0,4896579000.0,1625133000.0,0.187,1.089,7539451000.0,1188514000.0,6350937000.0,7539451000.0,0.0,951194000.0,2308291000.0,0.018,2.16,1925115000.0,2876309000.0,0.328,2876309000.0,1925115000.0,1625133000.0,7.57,7.53,7.57,10702303000.0,10022007250.0,10702303000.0,32988786956.0,17.0,11.469,2540428000.0,11.866,1.0,3881266000.0,0.442,288512000.0,299982000.0,24636880000.0,24524878750.0,111393000.0,0.0,0.0,0.0,11658623000.0,4854873000.0,6803750000.0,25536529956.0,-12491000.0,51907000.0,-222473000.0,-2019711000.0,-437455000.0,-2675796000.0,-213592000.0,63224000.0,2874566000.0,2331000.0,1625133000.0,1625133000.0,1625133000.0,0.0,0.0,0.185,2137210000.0,1744056000.0,360113000.0,0.285,2.386,15.714,15.757,19735180000.0,0.0,119.28,2.909,2.909,318641000.0,9022405000.0,8777845000.0,8777845000.0,0.0,0.073,0.162,0.078,0.219,69459000.0,1186016000.0,1.0,214088950.0,214088950.0,,41.001,22072414000.0,0.0,0.0,0.0,103.099,-3947236000.0
15,RCL,MRT,2017-09-30,2017-09-30,2017-09-30,2021-08-05,-526894000.0,22099314000.0,22112765750.0,798152000.0,21301162000.0,0.393,48.606,-337867000.0,139950000.0,139950000.0,4874129000.0,1598180000.0,0.158,1.118,7592207000.0,1515708000.0,6076499000.0,7592207000.0,0.0,944039000.0,2226179000.0,0.017,2.04,1908929000.0,2852968000.0,0.329,2852968000.0,1908929000.0,1598180000.0,7.43,7.39,7.43,10435488000.0,9626784500.0,10435488000.0,33389104518.0,17.0,11.703,2632472000.0,12.262,1.0,3808852000.0,0.439,288517000.0,310749000.0,24205942000.0,25074451250.0,119949000.0,0.0,0.0,0.0,11663826000.0,5057112000.0,6606714000.0,25499256518.0,-38478000.0,46832000.0,-122025000.0,-2193941000.0,-412092000.0,-2722851000.0,-285344000.0,16680000.0,2970339000.0,-622000.0,1598180000.0,1598180000.0,1598180000.0,0.0,0.0,0.184,2075303000.0,1733549000.0,384536000.0,0.275,2.444,15.955,15.954,19688872000.0,0.0,118.54,2.937,2.931,285332000.0,8862369000.0,8682981000.0,8682981000.0,0.0,0.072,0.166,0.076,0.22,63087000.0,1131264000.0,1.0,215110988.0,214694000.0,,40.444,21810797000.0,0.0,0.0,0.0,101.59,-4258960000.0
16,RCL,MRT,2017-06-30,2017-06-30,2017-06-30,2021-08-05,-761038000.0,22024168000.0,22200502750.0,767641000.0,21256527000.0,0.391,45.021,-488709000.0,130477000.0,130477000.0,4895983000.0,1538595000.0,0.145,1.274,8020325000.0,1541519000.0,6478806000.0,8020325000.0,0.0,933217000.0,2532693000.0,0.018,1.92,1858721000.0,2791938000.0,0.322,2791938000.0,1858721000.0,1538595000.0,7.15,7.11,7.15,9683408000.0,9215449750.0,9683408000.0,31952706032.0,17.0,11.445,2416349000.0,11.234,1.0,3781195000.0,0.436,288479000.0,320126000.0,24339584000.0,25823129500.0,109136000.0,0.0,0.0,0.0,12340760000.0,5285953000.0,7054807000.0,23492642032.0,-59208000.0,37622000.0,-46778000.0,-2074966000.0,-308969000.0,-2426147000.0,-504774000.0,-17029000.0,2905058000.0,-33345000.0,1538595000.0,1538595000.0,1538595000.0,0.0,0.0,0.177,2050171000.0,1731024000.0,376508000.0,0.269,2.426,15.269,15.277,19798542000.0,0.0,109.23,2.707,2.708,263992000.0,8238055000.0,8677178000.0,8677178000.0,0.0,0.069,0.167,0.072,0.214,54708000.0,1116954000.0,1.0,215074998.0,215085000.0,,40.343,21735689000.0,0.0,0.0,0.0,101.056,-4518312000.0
17,RCL,MRT,2017-03-31,2017-03-31,2017-03-31,2021-08-05,-892322000.0,22017257000.0,22312334000.0,756689000.0,21260568000.0,0.385,43.128,-2137306000.0,109309000.0,109309000.0,4949785000.0,1398974000.0,0.144,1.376,8569373000.0,1727970000.0,6841403000.0,8569373000.0,0.0,919900000.0,2301579000.0,0.018,1.815,1721215000.0,2641115000.0,0.308,2641115000.0,1721215000.0,1398974000.0,6.5,6.46,6.5,9266830000.0,8831014000.0,9266830000.0,30329237448.0,18.0,11.483,698014000.0,3.249,1.0,3637381000.0,0.424,288470000.0,322241000.0,24917109000.0,26659035750.0,108427000.0,0.0,0.0,0.0,12750427000.0,5271742000.0,7478685000.0,21074404448.0,-8051000.0,26965000.0,-96907000.0,-74200000.0,-286539000.0,-453823000.0,-2364546000.0,-212491000.0,2835320000.0,-25002000.0,1398974000.0,1398974000.0,1398974000.0,0.0,0.0,0.163,2043781000.0,1593600000.0,362992000.0,0.279,2.274,15.064,15.094,19860696000.0,0.0,98.11,2.454,2.455,292975000.0,7971840000.0,8587166000.0,8587166000.0,0.0,0.063,0.158,0.065,0.2,44156000.0,1123881000.0,1.0,214803837.0,214870000.0,,39.964,21728787000.0,0.0,0.0,0.0,101.125,-4515053000.0
18,RCL,MRT,2016-12-31,2016-12-31,2016-12-31,2021-08-05,-916484000.0,22310324000.0,22048873000.0,748305000.0,21562019000.0,0.385,42.508,-2494363000.0,132603000.0,132603000.0,5015539000.0,1283388000.0,0.168,1.446,9387436000.0,1285735000.0,8101701000.0,9387436000.0,0.0,894915000.0,1965473000.0,0.021,1.71,1590758000.0,2485673000.0,0.293,2485673000.0,1590758000.0,1283388000.0,5.96,5.93,5.96,9121412000.0,8486248750.0,9121412000.0,27143733249.0,17.0,10.92,22327000.0,0.104,1.0,3480862000.0,0.41,288386000.0,307370000.0,26835170000.0,26645617750.0,114087000.0,0.0,0.0,0.0,13188912000.0,4441601000.0,8747311000.0,17604309249.0,11038000.0,29058000.0,-297702000.0,884749000.0,-346487000.0,243809000.0,-2724892000.0,-213202000.0,2516690000.0,-24569000.0,1283388000.0,1283388000.0,1283388000.0,0.0,0.0,0.151,2003657000.0,1477205000.0,305313000.0,0.287,1.93,13.717,13.765,20161427000.0,0.0,82.04,2.072,2.072,291899000.0,7860341000.0,8496401000.0,8496401000.0,0.0,0.058,0.151,0.06,0.187,32659000.0,1108742000.0,1.0,214582024.0,214582024.0,,39.595,22021938000.0,0.0,0.0,0.0,102.627,-3693296000.0
19,RCL,MRT,2016-09-30,2016-09-30,2016-09-30,2021-08-05,-1077534000.0,22450262000.0,21666802750.0,803069000.0,21647193000.0,0.392,40.919,-2566534000.0,178428000.0,178428000.0,5065629000.0,1229101000.0,0.178,1.554,9717852000.0,1298002000.0,8419850000.0,9717852000.0,0.0,871042000.0,1967678000.0,0.021,1.605,1520031000.0,2391073000.0,0.282,2391073000.0,1520031000.0,1229101000.0,5.7,5.68,5.7,8790149000.0,8221655500.0,8790149000.0,26007850930.0,17.0,10.877,-227152000.0,-1.057,1.0,3423222000.0,0.403,288461000.0,290930000.0,27200655000.0,26088891500.0,118849000.0,0.0,0.0,0.0,13660113000.0,4500570000.0,9159543000.0,16134104930.0,31009000.0,13489000.0,-493827000.0,1331315000.0,-326051000.0,514358000.0,-2790825000.0,-192585000.0,2339382000.0,-31906000.0,1229101000.0,1229101000.0,1229101000.0,0.0,0.0,0.145,1992941000.0,1430281000.0,259027000.0,0.282,1.835,13.127,13.149,20230803000.0,0.0,74.95,1.901,1.897,273422000.0,7702260000.0,8488851000.0,8488851000.0,0.0,0.057,0.149,0.058,0.179,58114000.0,1121899000.0,1.0,215264909.0,214819000.0,,39.516,22161801000.0,0.0,0.0,0.0,103.165,-3697501000.0
20,RCL,MRT,2016-06-30,2016-06-30,2016-06-30,2021-08-05,-1172062000.0,22471493000.0,21293949250.0,857938000.0,21613555000.0,0.397,37.84,-2508919000.0,175164000.0,175164000.0,5112532000.0,764631000.0,0.196,1.759,10048910000.0,895411000.0,9153499000.0,10048910000.0,0.0,852456000.0,2222196000.0,0.022,1.5,1039770000.0,1892226000.0,0.224,1892226000.0,1039770000.0,764631000.0,3.51,3.5,3.51,8145665000.0,8088064750.0,8145665000.0,23038280010.0,22.0,12.175,-331986000.0,-1.542,1.0,3335678000.0,0.395,288399000.0,275139000.0,27683209000.0,25452269500.0,112380000.0,0.0,0.0,0.0,14325828000.0,4373631000.0,9952197000.0,14453460010.0,30325000.0,16966000.0,-442354000.0,1361580000.0,-326051000.0,595848000.0,-2738853000.0,-221383000.0,2176933000.0,-3603000.0,764631000.0,764631000.0,764631000.0,0.0,0.0,0.091,2382355000.0,953323000.0,319606000.0,0.427,1.774,18.903,19.131,20185878000.0,0.0,67.15,1.711,1.711,215804000.0,7112096000.0,8448210000.0,8448210000.0,0.0,0.036,0.095,0.041,0.123,49403000.0,1118632000.0,1.0,215241400.0,215265000.0,,39.246,22183094000.0,0.0,0.0,0.0,103.05,-3515693000.0
21,RCL,MRT,2016-03-31,2016-03-31,2016-03-31,2021-08-05,-1322560000.0,20963413000.0,21024874500.0,892286000.0,20071127000.0,0.4,36.364,-1558536000.0,117360000.0,117360000.0,5118354000.0,719693000.0,0.203,1.658,8702180000.0,895490000.0,7806690000.0,8702180000.0,0.0,837304000.0,1946668000.0,0.017,1.425,992705000.0,1830009000.0,0.218,1830009000.0,992705000.0,719693000.0,3.28,3.28,3.28,7887769000.0,8131708500.0,7887769000.0,26405618073.0,27.0,14.429,439299000.0,2.025,1.0,3282916000.0,0.391,286852000.0,273012000.0,24863437000.0,24735308750.0,121392000.0,0.0,0.0,0.0,13075644000.0,4397944000.0,8677700000.0,17860128073.0,-112345000.0,121164000.0,-392058000.0,180896000.0,-311357000.0,-519927000.0,-1580145000.0,-120314000.0,1997835000.0,-10108000.0,719693000.0,719693000.0,719693000.0,0.0,0.0,0.086,2350569000.0,932347000.0,371854000.0,0.434,2.264,24.816,25.046,18828743000.0,0.0,82.15,2.126,2.121,253303000.0,6962858000.0,8401270000.0,8401270000.0,0.0,0.034,0.089,0.04,0.118,41838000.0,1101998000.0,1.0,217408741.0,216914000.0,,38.731,20676561000.0,0.0,0.0,0.0,95.321,-3505658000.0
22,RCL,MRT,2015-12-31,2015-12-31,2015-12-31,2021-08-05,-1328433000.0,20782043000.0,21001419500.0,837022000.0,19945021000.0,0.395,36.651,-1613340000.0,121565000.0,121565000.0,5099393000.0,665783000.0,0.195,1.577,8527243000.0,899542000.0,7627701000.0,8527243000.0,0.0,827008000.0,1742286000.0,0.013,1.35,943508000.0,1770516000.0,0.213,1770516000.0,943508000.0,665783000.0,3.03,3.02,3.03,8063039000.0,8153243750.0,8063039000.0,30608250523.0,32.0,17.288,333026000.0,1.514,1.0,3199681000.0,0.386,286764000.0,277725000.0,24608265000.0,24633894500.0,121332000.0,0.0,0.0,0.0,12719004000.0,4292692000.0,8426312000.0,22265733523.0,-67676000.0,68090000.0,-188748000.0,212928000.0,-280212000.0,-253512000.0,-1742975000.0,-178597000.0,1946366000.0,-17555000.0,665783000.0,665783000.0,665783000.0,0.0,0.0,0.08,2324779000.0,874902000.0,302072000.0,0.446,2.761,33.443,33.403,18777778000.0,0.0,101.21,2.683,2.683,238972000.0,6944862000.0,8299074000.0,8299074000.0,0.0,0.032,0.082,0.038,0.114,36073000.0,1086504000.0,1.0,219995391.0,219995391.0,,37.724,20495279000.0,0.0,0.0,0.0,93.162,-3455670000.0
23,RCL,MRT,2015-09-30,2015-09-30,2015-09-30,2021-08-05,-1196389000.0,20958848000.0,20984206250.0,900826000.0,20058022000.0,0.391,37.533,-2613017000.0,147419000.0,147419000.0,5170797000.0,568752000.0,0.207,1.539,8489936000.0,905128000.0,7584808000.0,8489936000.0,0.0,811060000.0,1886356000.0,0.014,1.275,846718000.0,1657778000.0,0.202,1657778000.0,846718000.0,568752000.0,2.6,2.57,2.6,8255786000.0,8208573750.0,8255786000.0,28216326848.0,33.0,17.021,-720886000.0,-3.277,1.0,3044050000.0,0.371,286707000.0,277966000.0,24654167000.0,24656355250.0,131108000.0,0.0,0.0,0.0,12703062000.0,4360491000.0,8342571000.0,19594780848.0,-35762000.0,-50387000.0,-224178000.0,1465402000.0,-264813000.0,978793000.0,-2895272000.0,-212180000.0,1892131000.0,-11414000.0,568752000.0,568752000.0,568752000.0,0.0,0.0,0.069,2299722000.0,744328000.0,305747000.0,0.49,2.373,34.452,34.265,18776782000.0,0.0,89.09,2.385,2.385,241638000.0,6819809000.0,8214847000.0,8214847000.0,0.0,0.027,0.069,0.034,0.103,26116000.0,1075035000.0,1.0,219943662.0,219963000.0,,37.346,20672141000.0,0.0,0.0,0.0,93.98,-3459665000.0
24,RCL,MRT,2015-06-30,2015-06-30,2015-06-30,2021-08-05,-973024000.0,21395194000.0,20644471750.0,913391000.0,20481803000.0,0.391,37.834,-2400542000.0,159360000.0,159360000.0,5210653000.0,830213000.0,0.191,1.571,8780906000.0,1188576000.0,7592330000.0,8780906000.0,0.0,792766000.0,2217215000.0,0.015,1.2,1101460000.0,1894226000.0,0.234,1894226000.0,1101460000.0,830213000.0,3.76,3.73,3.76,8320240000.0,8399884250.0,8320240000.0,25634591145.0,23.0,13.533,-497367000.0,-2.262,1.0,2869856000.0,0.355,409836000.0,271247000.0,24815366000.0,24052444750.0,140228000.0,0.0,0.0,0.0,13074954000.0,4791538000.0,8283416000.0,17304691145.0,-25902000.0,-43634000.0,-215066000.0,1221187000.0,-264813000.0,743549000.0,-2661107000.0,-204715000.0,1903175000.0,-11519000.0,830213000.0,830213000.0,830213000.0,0.0,0.0,0.103,1854071000.0,1015785000.0,343981000.0,0.319,2.08,20.844,20.928,18890338000.0,0.0,78.69,2.142,2.142,212454000.0,6673516000.0,8080509000.0,8080509000.0,0.0,0.04,0.099,0.046,0.136,26116000.0,1058637000.0,1.0,219909660.0,219913000.0,,36.744,20985358000.0,0.0,0.0,0.0,95.426,-3878147000.0
25,RCL,MRT,2015-03-31,2015-03-31,2015-03-31,2021-08-05,-1190980000.0,20869593000.0,20298726000.0,951203000.0,19918390000.0,0.394,36.307,-1718251000.0,229705000.0,229705000.0,5224918000.0,782919000.0,0.219,1.617,8559605000.0,1089345000.0,7470260000.0,8559605000.0,0.0,779178000.0,1992569000.0,0.014,1.15,1042806000.0,1821984000.0,0.228,1821984000.0,1042806000.0,782919000.0,3.54,3.51,3.54,7973910000.0,8532134250.0,7973910000.0,26230657366.0,25.0,14.397,136149000.0,0.62,1.0,2777312000.0,0.347,405422000.0,259887000.0,24457780000.0,23706855750.0,125063000.0,0.0,0.0,0.0,12895683000.0,4336291000.0,8559392000.0,17975950366.0,13197000.0,-135748000.0,-207210000.0,603749000.0,-254433000.0,144638000.0,-1972584000.0,-117516000.0,1854400000.0,-13257000.0,782919000.0,782919000.0,782919000.0,0.0,0.0,0.098,1827237000.0,950075000.0,336869000.0,0.325,2.254,22.96,23.121,18232115000.0,0.0,81.85,2.246,2.246,297073000.0,6554522000.0,8002230000.0,8002230000.0,0.0,0.039,0.092,0.044,0.13,26116000.0,1045477000.0,1.0,219620652.0,219626000.0,,36.436,20464171000.0,0.0,0.0,0.0,93.177,-3385088000.0
26,RCL,MRT,2014-12-31,2014-12-31,2014-12-31,2021-08-05,-896994000.0,20713190000.0,20112862750.0,801083000.0,19912107000.0,0.401,37.204,-1591398000.0,189241000.0,189241000.0,5306281000.0,764146000.0,0.208,1.5,8443948000.0,799630000.0,7644318000.0,8443948000.0,0.0,772445000.0,1766914000.0,0.013,1.1,1022445000.0,1794890000.0,0.222,1794890000.0,1022445000.0,764146000.0,3.45,3.43,3.45,8284359000.0,8732889750.0,8284359000.0,25157855015.0,25.0,14.016,152361000.0,0.684,1.0,2767574000.0,0.343,420542000.0,258299000.0,24698108000.0,23613628750.0,123490000.0,0.0,0.0,0.0,12428831000.0,3849247000.0,8579584000.0,18354962015.0,-15446000.0,-112428000.0,-165195000.0,356766000.0,-198952000.0,17480000.0,-1770378000.0,-68098000.0,1743759000.0,-6307000.0,764146000.0,764146000.0,764146000.0,0.0,0.0,0.095,1825715000.0,941859000.0,331505000.0,0.319,2.216,24.02,23.893,18193627000.0,0.0,82.43,2.273,2.273,261392000.0,6575248000.0,8073855000.0,8073855000.0,0.0,0.038,0.088,0.043,0.127,26116000.0,1048952000.0,1.0,222673323.0,222673323.0,,36.259,20292648000.0,0.0,0.0,0.0,91.132,-3048164000.0
27,RCL,MRT,2014-09-30,2014-09-30,2014-09-30,2021-08-05,-340889000.0,19599910000.0,19952802000.0,860226000.0,18739684000.0,0.406,40.54,-568749000.0,183181000.0,183181000.0,5344196000.0,661396000.0,0.23,1.173,6986074000.0,772245000.0,6213829000.0,6986074000.0,0.0,769685000.0,1839112000.0,0.016,1.05,931036000.0,1700721000.0,0.21,1700721000.0,931036000.0,661396000.0,2.98,2.96,2.98,9021028000.0,8863866250.0,9021028000.0,22367759619.0,24.0,13.152,1072779000.0,4.821,1.0,2765991000.0,0.341,426538000.0,269640000.0,22238525000.0,23248307500.0,136162000.0,0.0,0.0,0.0,10578882000.0,3737740000.0,6841142000.0,14959173619.0,-26386000.0,-3781000.0,82384000.0,-956936000.0,-221327000.0,-1071245000.0,-590949000.0,-23695000.0,1641528000.0,-5720000.0,661396000.0,661396000.0,661396000.0,0.0,0.0,0.082,1868507000.0,897484000.0,340702000.0,0.352,1.658,22.618,22.581,17211775000.0,0.0,67.29,1.844,1.846,252918000.0,6531569000.0,8110187000.0,8110187000.0,0.0,0.033,0.075,0.04,0.115,0.0,1053840000.0,1.0,222309015.0,222523000.0,,36.447,19173372000.0,0.0,0.0,0.0,86.164,-2877514000.0
28,RCL,MRT,2014-06-30,2014-06-30,2014-06-30,2021-08-05,-71330000.0,20012211000.0,20074385750.0,978340000.0,19033871000.0,0.4,39.828,-710176000.0,185262000.0,185262000.0,5334115000.0,536849000.0,0.276,1.261,7593848000.0,494579000.0,7099269000.0,7593848000.0,0.0,765778000.0,2103140000.0,0.018,1.0,826043000.0,1591821000.0,0.198,1591821000.0,826043000.0,536849000.0,2.44,2.42,2.44,8849240000.0,8799130250.0,8849240000.0,20131000218.0,24.0,12.647,910033000.0,4.096,1.0,2699059000.0,0.336,438367000.0,289194000.0,23433010000.0,23318483000.0,143375000.0,0.0,0.0,0.0,11162971000.0,3549420000.0,7613551000.0,12350144218.0,-19912000.0,-26237000.0,78145000.0,-815124000.0,-221388000.0,-933816000.0,-705482000.0,26601000.0,1620209000.0,-823000.0,536849000.0,536849000.0,536849000.0,0.0,0.0,0.067,1886828000.0,812231000.0,331462000.0,0.41,1.396,23.005,22.787,17474143000.0,0.0,55.6,1.537,1.538,293516000.0,6108116000.0,8033174000.0,8033174000.0,0.0,0.027,0.061,0.035,0.103,0.0,1064132000.0,1.0,222124896.0,222189000.0,,36.155,19573844000.0,0.0,0.0,0.0,88.095,-2571080000.0
29,RCL,MRT,2014-03-31,2014-03-31,2014-03-31,2021-08-05,-46805000.0,20126140000.0,20059031500.0,1010933000.0,19115207000.0,0.396,39.662,-763192000.0,216508000.0,216508000.0,5327060000.0,423923000.0,0.299,1.293,7997364000.0,535834000.0,7461530000.0,7997364000.0,0.0,759082000.0,1856581000.0,0.016,0.87,734734000.0,1493816000.0,0.188,1493816000.0,734734000.0,423923000.0,1.93,1.91,1.93,8776932000.0,8678385000.0,8776932000.0,19939611710.0,27.0,13.348,723405000.0,3.269,1.0,2608838000.0,0.329,439345000.0,310811000.0,24084872000.0,23174452250.0,145155000.0,0.0,0.0,0.0,11349208000.0,3382779000.0,7966429000.0,12069494710.0,620000.0,-62410000.0,73416000.0,-563773000.0,-192158000.0,-658459000.0,-828395000.0,-4355000.0,1486597000.0,877000.0,423923000.0,423923000.0,423923000.0,0.0,0.0,0.053,1878856000.0,729982000.0,359518000.0,0.451,1.375,28.471,28.269,17504257000.0,0.0,54.56,1.521,1.521,299036000.0,6026036000.0,7935898000.0,7935898000.0,0.0,0.021,0.049,0.032,0.093,0.0,1061092000.0,1.0,221215079.0,221295000.0,,35.861,19686795000.0,0.0,0.0,0.0,88.962,-2371846000.0
30,RCL,MRT,2013-12-31,2013-12-31,2013-12-31,2021-08-05,5671000.0,20072947000.0,19994021750.0,956374000.0,19116573000.0,0.398,40.049,-763777000.0,204687000.0,204687000.0,5305270000.0,473692000.0,0.224,1.279,8074804000.0,1563378000.0,6511426000.0,8074804000.0,0.0,754711000.0,1664679000.0,0.016,0.74,806114000.0,1560825000.0,0.196,1560825000.0,806114000.0,473692000.0,2.16,2.14,2.16,8808265000.0,8568785750.0,8808265000.0,18143678192.0,23.0,11.624,648291000.0,2.948,1.0,2654624000.0,0.333,439231000.0,332422000.0,23236823000.0,22810100500.0,151244000.0,0.0,0.0,0.0,11264682000.0,4267010000.0,6997672000.0,10429484192.0,9832000.0,-47254000.0,30125000.0,-464639000.0,-143629000.0,-576626000.0,-824538000.0,-17338000.0,1412068000.0,-1072000.0,473692000.0,473692000.0,473692000.0,0.0,0.0,0.06,1856476000.0,798148000.0,372226000.0,0.343,1.184,22.017,21.954,17517752000.0,0.0,47.42,1.31,1.31,259746000.0,6054952000.0,7959894000.0,7959894000.0,0.0,0.024,0.055,0.035,0.101,0.0,1044819000.0,1.0,219938511.0,219938511.0,,36.191,19633716000.0,0.0,0.0,0.0,89.269,-3310636000.0
31,RCL,MRT,2013-09-30,2013-09-30,2013-09-30,2021-08-05,-66916000.0,20086245000.0,19932767500.0,1018675000.0,19067570000.0,0.397,39.874,-1396236000.0,209567000.0,209567000.0,5280593000.0,73871000.0,0.21,1.292,7923761000.0,1942849000.0,5980912000.0,7923761000.0,0.0,752625000.0,1760985000.0,0.016,0.61,419620000.0,1172245000.0,0.148,1172245000.0,419620000.0,73871000.0,0.31,0.32,0.31,8762084000.0,8443906750.0,8762084000.0,16456646054.0,39.0,14.039,43346000.0,0.197,1.0,2631293000.0,0.333,436647000.0,345749000.0,22519227000.0,22906868750.0,160225000.0,0.0,0.0,0.0,11324161000.0,4844565000.0,6479596000.0,8407712054.0,-31670000.0,-37054000.0,25069000.0,64233000.0,-106573000.0,-15760000.0,-1458404000.0,-38395000.0,1439582000.0,2912000.0,73871000.0,73871000.0,73871000.0,0.0,0.0,0.009,2189421000.0,441872000.0,396482000.0,1.968,0.96,113.816,123.484,17494039000.0,0.0,38.28,1.063,1.063,342021000.0,6103290000.0,7911886000.0,7911886000.0,0.0,0.004,0.009,0.018,0.053,0.0,1037430000.0,1.0,219637201.0,219744000.0,,36.005,19649598000.0,0.0,0.0,0.0,89.42,-3825890000.0
32,RCL,MRT,2013-06-30,2013-06-30,2013-06-30,2021-08-05,-140076000.0,19950794000.0,19828261750.0,953094000.0,18997700000.0,0.395,38.115,-1355010000.0,205174000.0,205174000.0,5212117000.0,75949000.0,0.202,1.385,8254108000.0,1906468000.0,6347640000.0,8254108000.0,0.0,746135000.0,1874704000.0,0.014,0.48,427021000.0,1173156000.0,0.15,1173156000.0,427021000.0,75949000.0,0.34,0.35,0.34,8366259000.0,8429051000.0,8366259000.0,15566080277.0,36.0,13.269,115993000.0,0.528,1.0,2614410000.0,0.334,430666000.0,351072000.0,22856887000.0,22936362500.0,141440000.0,0.0,0.0,0.0,11584535000.0,4712175000.0,6872360000.0,7315014277.0,-7035000.0,-12065000.0,20296000.0,2322000.0,-106512000.0,-82327000.0,-1395053000.0,-41375000.0,1471003000.0,-658000.0,75949000.0,75949000.0,75949000.0,0.0,0.0,0.01,2164610000.0,449800000.0,314197000.0,1.412,0.874,96.315,98.059,17511913000.0,0.0,33.34,0.935,0.935,310051000.0,5792568000.0,7826527000.0,7826527000.0,0.0,0.004,0.009,0.019,0.055,0.0,1031353000.0,1.0,219406547.0,219502000.0,,35.656,19520128000.0,0.0,0.0,0.0,88.929,-3759081000.0
33,RCL,MRT,2013-03-31,2013-03-31,2013-03-31,2021-08-05,-161360000.0,19866101000.0,19764589250.0,958614000.0,18907487000.0,0.393,38.059,-1282829000.0,215888000.0,215888000.0,5184512000.0,47549000.0,0.189,1.382,8466954000.0,2491064000.0,5975890000.0,8466954000.0,0.0,740465000.0,1634373000.0,0.014,0.46,400850000.0,1141315000.0,0.147,1141315000.0,400850000.0,47549000.0,0.21,0.22,0.21,8338535000.0,8405404750.0,8338535000.0,15575884386.0,39.0,13.647,124947000.0,0.57,1.0,2580252000.0,0.332,429198000.0,353301000.0,22627465000.0,23013129250.0,145922000.0,0.0,0.0,0.0,11527566000.0,5060504000.0,6467062000.0,7280792386.0,-61645000.0,4205000.0,16928000.0,-77238000.0,-101936000.0,-160694000.0,-1298393000.0,-27660000.0,1407776000.0,-10334000.0,47549000.0,47549000.0,47549000.0,0.0,0.0,0.006,2146885000.0,433367000.0,337441000.0,2.19,0.873,153.122,158.19,17473793000.0,0.0,33.22,0.938,0.937,308030000.0,5794167000.0,7764764000.0,7764764000.0,0.0,0.002,0.006,0.017,0.052,0.0,1020976000.0,1.0,219168946.0,219097000.0,,35.44,19436903000.0,0.0,0.0,0.0,88.714,-4101890000.0
34,RCL,MRT,2012-12-31,2012-12-31,2012-12-31,2021-08-05,-134516000.0,19827930000.0,19805303750.0,888060000.0,18939870000.0,0.388,38.096,-1281688000.0,194855000.0,194855000.0,5157434000.0,18287000.0,0.218,1.386,8489947000.0,1519483000.0,6970464000.0,8489947000.0,0.0,730493000.0,1546993000.0,0.013,0.44,374072000.0,1104565000.0,0.144,1104565000.0,374072000.0,18287000.0,0.08,0.08,0.08,8308749000.0,8468913500.0,8308749000.0,14953052522.0,40.0,13.538,100046000.0,0.459,1.0,2530590000.0,0.329,432975000.0,355785000.0,23623896000.0,23464086500.0,146295000.0,0.0,0.0,0.0,11519181000.0,4066151000.0,7453030000.0,7415421522.0,-67331000.0,23512000.0,15146000.0,-78655000.0,-117707000.0,-179617000.0,-1263323000.0,-10886000.0,1381734000.0,-6125000.0,18287000.0,18287000.0,18287000.0,0.0,0.0,0.002,2127480000.0,403110000.0,351587000.0,5.5,0.892,405.502,425.0,17451034000.0,0.0,34.0,0.965,0.965,281421000.0,5744791000.0,7688024000.0,7688024000.0,0.0,0.001,0.002,0.016,0.049,0.0,1011543000.0,1.0,218100633.0,218100633.0,,35.25,19394955000.0,0.0,0.0,0.0,88.927,-3178091000.0
35,RCL,MRT,2012-09-30,2012-09-30,2012-09-30,2021-08-05,-143087000.0,19668222000.0,19799422500.0,1033180000.0,18635042000.0,0.387,39.931,-563022000.0,241237000.0,241237000.0,5150312000.0,447652000.0,0.27,1.26,7778868000.0,1154948000.0,6623920000.0,7778868000.0,0.0,721890000.0,1584597000.0,0.014,0.42,805026000.0,1526916000.0,0.199,1526916000.0,805026000.0,447652000.0,2.06,2.03,2.06,8702661000.0,8493682000.0,8702661000.0,14596211050.0,18.0,9.559,792255000.0,3.635,1.0,2506963000.0,0.327,742466000.0,357374000.0,22637202000.0,23614085750.0,143954000.0,0.0,0.0,0.0,10965561000.0,3826185000.0,7139376000.0,6582969050.0,-210223000.0,23512000.0,4219000.0,-967503000.0,-65293000.0,-1026974000.0,-532650000.0,15193000.0,1355277000.0,-5876000.0,447652000.0,447652000.0,447652000.0,0.0,0.0,0.058,1716384000.0,790579000.0,361094000.0,0.204,0.756,14.706,14.665,16820816000.0,0.0,30.21,0.86,0.86,301110000.0,6163842000.0,7657275000.0,7657275000.0,0.0,0.023,0.053,0.034,0.105,0.0,994494000.0,1.0,217906953.0,217940000.0,,35.135,18925756000.0,0.0,0.0,0.0,86.839,-2793005000.0
36,RCL,MRT,2012-06-30,2012-06-30,2012-06-30,2021-08-05,-225741000.0,19696104000.0,19924873500.0,954148000.0,18741956000.0,0.389,37.967,-1244812000.0,212209000.0,212209000.0,5207287000.0,478831000.0,0.25,1.381,8225451000.0,1156549000.0,7068902000.0,8225451000.0,0.0,717030000.0,1705128000.0,0.015,0.4,849426000.0,1566456000.0,0.202,1566456000.0,849426000.0,478831000.0,2.21,2.17,2.21,8271674000.0,8427540750.0,8271674000.0,13931264798.0,16.0,8.893,27704000.0,0.127,1.0,2545592000.0,0.328,736280000.0,370595000.0,23163954000.0,24109350000.0,146711000.0,0.0,0.0,0.0,11424430000.0,3809112000.0,7615318000.0,5670610798.0,-339251000.0,-29165000.0,3308000.0,-234422000.0,-87000000.0,-307257000.0,-1283693000.0,-4297000.0,1272516000.0,-20817000.0,478831000.0,478831000.0,478831000.0,0.0,0.0,0.062,1699408000.0,846184000.0,316409000.0,0.181,0.686,11.843,11.778,16887693000.0,0.0,26.03,0.731,0.731,284658000.0,5823175000.0,7752879000.0,7752879000.0,0.0,0.024,0.057,0.035,0.11,0.0,982378000.0,1.0,217849051.0,217866000.0,,35.586,18959824000.0,0.0,0.0,0.0,87.025,-2854964000.0
37,RCL,MRT,2012-03-31,2012-03-31,2012-03-31,2021-08-05,74872000.0,20028959000.0,19987972000.0,1123497000.0,18905462000.0,0.385,39.491,-1284557000.0,277533000.0,277533000.0,5096648000.0,575975000.0,0.362,1.331,8538187000.0,639365000.0,7898822000.0,8538187000.0,0.0,708566000.0,1547555000.0,0.01,0.3,950432000.0,1658998000.0,0.215,1658998000.0,950432000.0,575975000.0,2.66,2.62,2.66,8592570000.0,8446692000.0,8592570000.0,14634447554.0,15.0,8.821,100978000.0,0.464,1.0,2603100000.0,0.338,758445000.0,374457000.0,24431294000.0,24296752250.0,147898000.0,0.0,0.0,0.0,11436389000.0,3099874000.0,8336515000.0,6400780554.0,-192725000.0,-42315000.0,3761000.0,-217863000.0,-65213000.0,-268442000.0,-1300759000.0,24334000.0,1385535000.0,-9059000.0,575975000.0,575975000.0,575975000.0,0.0,0.0,0.075,1685631000.0,917469000.0,291034000.0,0.113,0.745,11.113,11.064,16949764000.0,0.0,29.43,0.831,0.832,313001000.0,5848616000.0,7699748000.0,7699748000.0,0.0,0.029,0.068,0.039,0.123,0.0,977065000.0,1.0,217491694.0,217584000.0,,35.387,19270514000.0,0.0,0.0,0.0,88.566,-1976377000.0
38,RCL,MRT,2011-12-31,2011-12-31,2011-12-31,2021-08-05,-75938000.0,19804405000.0,19924605250.0,969288000.0,18835117000.0,0.378,38.699,-828626000.0,262186000.0,262186000.0,4942607000.0,607421000.0,0.316,1.355,8495853000.0,638891000.0,7856962000.0,8495853000.0,0.0,702426000.0,1436003000.0,0.008,0.2,989837000.0,1692263000.0,0.225,1692263000.0,989837000.0,607421000.0,2.8,2.77,2.8,8407823000.0,8368045250.0,8407823000.0,13705814393.0,14.0,8.099,627113000.0,2.886,1.0,2594656000.0,0.344,746537000.0,382416000.0,24223893000.0,24260656250.0,144553000.0,0.0,0.0,0.0,11396582000.0,3067642000.0,8328940000.0,5381571393.0,-157743000.0,-110660000.0,19463000.0,-685059000.0,-21707000.0,-676515000.0,-924565000.0,16307000.0,1455739000.0,-12402000.0,607421000.0,607421000.0,607421000.0,0.0,0.0,0.081,1663028000.0,931628000.0,304623000.0,0.071,0.64,8.86,8.846,16934817000.0,0.0,24.77,0.714,0.714,292447000.0,5823430000.0,7537263000.0,7537263000.0,0.0,0.03,0.073,0.041,0.131,0.0,960602000.0,1.0,217261663.0,217261663.0,,34.692,19057868000.0,0.0,0.0,0.0,87.719,-2098354000.0
39,RCL,MRT,2011-09-30,2011-09-30,2011-09-30,2021-08-05,-25787000.0,20170026000.0,19886961250.0,1223118000.0,18946908000.0,0.37,38.866,-1946465000.0,451460000.0,451460000.0,4798735000.0,595155000.0,0.393,1.39,8775703000.0,639497000.0,8136206000.0,8775703000.0,0.0,686371000.0,1479968000.0,0.005,0.1,994486000.0,1680857000.0,0.228,1680857000.0,994486000.0,595155000.0,2.74,2.72,2.74,8438096000.0,8241277500.0,8438096000.0,12750726148.0,13.0,7.586,-446635000.0,-2.057,1.0,2567625000.0,0.349,760769000.0,399331000.0,24618259000.0,24249561750.0,152273000.0,0.0,0.0,0.0,11731930000.0,3115241000.0,8616689000.0,4697295148.0,9530000.0,-110660000.0,33303000.0,624818000.0,-21707000.0,647266000.0,-2123752000.0,-69632000.0,1499830000.0,-13814000.0,595155000.0,595155000.0,595155000.0,0.0,0.0,0.081,1620464000.0,947161000.0,323082000.0,0.036,0.557,7.893,7.898,16988832000.0,0.0,21.64,0.638,0.638,303919000.0,5809150000.0,7366360000.0,7366360000.0,0.0,0.03,0.072,0.041,0.135,0.0,934093000.0,1.0,217065395.0,217105000.0,,33.93,19409257000.0,0.0,0.0,0.0,89.4,-1892123000.0
40,RCL,MRT,2011-06-30,2011-06-30,2011-06-30,2021-08-05,273014000.0,19948498000.0,19495906750.0,1326876000.0,18621622000.0,0.364,38.466,-1246213000.0,551460000.0,551460000.0,4633060000.0,546376000.0,0.404,1.39,8604891000.0,703245000.0,7901646000.0,8604891000.0,0.0,671412000.0,1660614000.0,0.0,0.0,936591000.0,1608003000.0,0.226,1608003000.0,936591000.0,546376000.0,2.53,2.51,2.53,8348279000.0,8094564500.0,8348279000.0,16477151790.0,18.0,10.247,172646000.0,0.796,1.0,2471965000.0,0.348,800436000.0,390215000.0,23913563000.0,23601988000.0,145547000.0,0.0,0.0,0.0,11600219000.0,3287930000.0,8312289000.0,8168132790.0,232640000.0,-69682000.0,32704000.0,151051000.0,0.0,185299000.0,-1379031000.0,-58954000.0,1418859000.0,7513000.0,546376000.0,546376000.0,546376000.0,0.0,0.0,0.077,1587044000.0,884921000.0,343162000.0,0.0,0.978,14.95,14.877,16440866000.0,0.0,37.64,1.15,1.15,273708000.0,5431899000.0,7105025000.0,7105025000.0,0.0,0.028,0.067,0.04,0.132,0.0,915632000.0,1.0,217006716.0,217028000.0,,32.738,19148062000.0,0.0,0.0,0.0,88.229,-1961054000.0
41,RCL,MRT,2011-03-31,2011-03-31,2011-03-31,2021-08-05,247220000.0,19775492000.0,19084535750.0,1214686000.0,18560806000.0,0.364,38.234,-1742096000.0,470258000.0,470258000.0,4533872000.0,506616000.0,0.403,1.389,8779277000.0,702484000.0,8076793000.0,8779277000.0,0.0,659393000.0,1404031000.0,0.0,0.0,894524000.0,1553917000.0,0.224,1553917000.0,894524000.0,506616000.0,2.35,2.33,2.35,8277983000.0,7819436500.0,8277983000.0,17645245020.0,20.0,11.355,-206582000.0,-0.954,1.0,2404977000.0,0.347,786725000.0,387908000.0,24286910000.0,23103927750.0,140557000.0,0.0,0.0,0.0,11497509000.0,3010876000.0,8486633000.0,8915058020.0,192154000.0,-56532000.0,34817000.0,518575000.0,0.0,554917000.0,-1901440000.0,-92071000.0,1535514000.0,3163000.0,506616000.0,506616000.0,506616000.0,0.0,0.0,0.073,1544562000.0,860415000.0,334985000.0,0.0,1.077,17.597,17.557,16401579000.0,0.0,41.26,1.285,1.287,276885000.0,5393300000.0,6938849000.0,6938849000.0,0.0,0.027,0.065,0.039,0.129,0.0,885169000.0,1.0,216070238.0,216511000.0,,32.048,18988767000.0,0.0,0.0,0.0,87.703,-1796190000.0
42,RCL,MRT,2010-12-31,2010-12-31,2010-12-31,2021-08-05,25066000.0,19653829000.0,18649949250.0,1015071000.0,18638758000.0,0.362,36.709,-2187189000.0,419929000.0,419929000.0,4458076000.0,515653000.0,0.295,1.488,9150116000.0,1198929000.0,7951187000.0,9150116000.0,0.0,643716000.0,1283073000.0,0.0,0.0,886860000.0,1530576000.0,0.227,1530576000.0,886860000.0,515653000.0,2.4,2.37,2.4,7900752000.0,7616291250.0,7900752000.0,17758632495.0,20.0,11.603,-524170000.0,-2.435,1.0,2294428000.0,0.34,759328000.0,371207000.0,24179515000.0,22463875250.0,126797000.0,0.0,0.0,0.0,11753077000.0,3445173000.0,8307904000.0,10115602495.0,135310000.0,0.0,26158000.0,729215000.0,0.0,756960000.0,-2287918000.0,-91325000.0,1663019000.0,3249000.0,515653000.0,515653000.0,515653000.0,0.0,0.0,0.076,1491795000.0,802633000.0,249047000.0,0.0,1.28,19.617,19.583,16771677000.0,0.0,47.0,1.498,1.498,266710000.0,5259998000.0,6752504000.0,6752504000.0,0.0,0.028,0.068,0.039,0.131,0.0,848079000.0,1.0,215225585.0,215225585.0,,31.374,18894501000.0,0.0,0.0,0.0,87.789,-2430102000.0
43,RCL,MRT,2010-09-30,2010-09-30,2010-09-30,2021-08-05,-4820000.0,18605808000.0,18294865500.0,1043307000.0,17562501000.0,0.361,36.492,-2250285000.0,441930000.0,441930000.0,4388332000.0,484774000.0,0.302,1.37,8084960000.0,1104706000.0,6980254000.0,8084960000.0,0.0,626250000.0,1266794000.0,0.0,0.0,836688000.0,1462938000.0,0.222,1462938000.0,836688000.0,484774000.0,2.25,2.23,2.25,7851244000.0,7516032500.0,7851244000.0,14574509827.0,17.0,9.962,-633276000.0,-2.943,1.0,2211341000.0,0.335,768048000.0,351914000.0,22027964000.0,22125807000.0,113061000.0,0.0,0.0,0.0,10754564000.0,3452826000.0,7301738000.0,6782973827.0,156067000.0,0.0,12081000.0,800978000.0,0.0,814483000.0,-2275880000.0,3345000.0,1617009000.0,455000.0,484774000.0,484774000.0,484774000.0,0.0,0.0,0.073,1448048000.0,763293000.0,281051000.0,0.0,0.864,13.992,14.013,15684378000.0,0.0,31.53,1.028,1.028,279388000.0,5259710000.0,6599673000.0,6599673000.0,0.0,0.026,0.064,0.038,0.127,0.0,821798000.0,1.0,215127619.0,215150000.0,,30.675,17837760000.0,0.0,0.0,0.0,82.908,-2409519000.0
44,RCL,MRT,2010-06-30,2010-06-30,2010-06-30,2021-08-05,-245832000.0,18303014000.0,17939987250.0,911148000.0,17391866000.0,0.351,33.704,-3001501000.0,318820000.0,318820000.0,4264793000.0,364987000.0,0.264,1.525,8110356000.0,1001343000.0,7109013000.0,8110356000.0,0.0,608039000.0,1398003000.0,0.0,0.0,701731000.0,1309770000.0,0.208,1309770000.0,701731000.0,364987000.0,1.7,1.69,1.7,7247767000.0,7414158000.0,7247767000.0,12719702210.0,18.0,9.711,-1488576000.0,-6.922,1.0,2037763000.0,0.323,718399000.0,336744000.0,21921322000.0,21776435000.0,110695000.0,0.0,0.0,0.0,11055247000.0,3454829000.0,7600418000.0,4894414210.0,9062000.0,0.0,11946000.0,1450037000.0,0.0,1466113000.0,-2966461000.0,54406000.0,1512925000.0,-3515000.0,364987000.0,364987000.0,364987000.0,0.0,0.0,0.058,1413131000.0,624632000.0,292047000.0,0.0,0.675,13.41,13.394,15683297000.0,0.0,22.77,0.777,0.777,212204000.0,4902943000.0,6302556000.0,6302556000.0,0.0,0.02,0.049,0.032,0.111,0.0,805092000.0,1.0,214950119.0,215043000.0,,29.308,17584615000.0,0.0,0.0,0.0,81.773,-2543681000.0
45,RCL,MRT,2010-03-31,2010-03-31,2010-03-31,2021-08-05,40451000.0,18037146000.0,17448398000.0,917228000.0,17119918000.0,0.347,34.834,-2424607000.0,278104000.0,278104000.0,4144041000.0,276170000.0,0.272,1.416,8103392000.0,1255673000.0,6847719000.0,8103392000.0,0.0,585933000.0,1230133000.0,0.0,0.0,590580000.0,1176513000.0,0.194,1176513000.0,590580000.0,276170000.0,1.29,1.28,1.29,7465402000.0,7364425000.0,7465402000.0,15200893183.0,26.0,12.92,-1280710000.0,-5.976,1.0,1905833000.0,0.315,763554000.0,314410000.0,21726700000.0,21083922500.0,111349000.0,0.0,0.0,0.0,10571744000.0,3372180000.0,7199564000.0,7065742183.0,-177780000.0,-29474000.0,9169000.0,1048702000.0,0.0,1062942000.0,-2382788000.0,84918000.0,1143897000.0,-1831000.0,276170000.0,276170000.0,276170000.0,0.0,0.0,0.046,1369823000.0,536010000.0,242350000.0,0.0,0.946,25.585,25.574,15229627000.0,0.0,32.99,1.168,1.169,257592000.0,4842397000.0,6049874000.0,6049874000.0,0.0,0.016,0.038,0.028,0.098,0.0,783890000.0,1.0,214178302.0,214314000.0,,28.229,17273592000.0,0.0,0.0,0.0,80.599,-2454952000.0
46,RCL,MRT,2009-12-31,2009-12-31,2009-12-31,2021-08-05,182733000.0,18233494000.0,16986868250.0,1026391000.0,17207103000.0,0.347,35.059,-2186621000.0,284619000.0,284619000.0,4071102000.0,152485000.0,0.373,1.431,8419770000.0,756215000.0,7663555000.0,8419770000.0,0.0,568214000.0,1059524000.0,0.0,0.0,462433000.0,1030647000.0,0.175,1030647000.0,462433000.0,152485000.0,0.71,0.71,0.71,7499717000.0,7185510750.0,7499717000.0,12418037554.0,27.0,12.049,-1341740000.0,-6.272,1.0,1818724000.0,0.309,792373000.0,309948000.0,22827242000.0,20523714750.0,107877000.0,0.0,0.0,0.0,10733777000.0,2749030000.0,7984747000.0,5407850554.0,-118259000.0,-181683000.0,569000.0,1307534000.0,0.0,1312206000.0,-2274457000.0,110830000.0,844881000.0,-889000.0,152485000.0,152485000.0,152485000.0,0.0,0.0,0.026,1330213000.0,488511000.0,264554000.0,0.0,0.721,35.465,35.606,15268053000.0,0.0,25.28,0.918,0.918,338804000.0,4754950000.0,5889826000.0,5889826000.0,0.0,0.009,0.021,0.023,0.079,0.0,761999000.0,1.0,213918139.0,213918139.0,,27.533,17441121000.0,0.0,0.0,0.0,81.532,-1722639000.0
47,RCL,MRT,2009-09-30,2009-09-30,2009-09-30,2021-08-05,133947000.0,17186295000.0,16544322250.0,1020636000.0,16165659000.0,0.356,34.81,-1672349000.0,285863000.0,285863000.0,4108677000.0,160547000.0,0.369,1.309,7296050000.0,667608000.0,6628442000.0,7296050000.0,0.0,555782000.0,1002488000.0,0.0,0.0,469966000.0,1025748000.0,0.174,1025748000.0,469966000.0,160547000.0,0.76,0.75,0.76,7443746000.0,7011334500.0,7443746000.0,11607545162.0,25.0,11.316,-982079000.0,-4.593,1.0,1785759000.0,0.303,803189000.0,309419000.0,20630476000.0,19721495250.0,109663000.0,0.0,0.0,0.0,9742549000.0,2762817000.0,6979732000.0,5148632162.0,-16100000.0,-141177000.0,451000.0,996815000.0,0.0,1001042000.0,-1705475000.0,119441000.0,690270000.0,-1937000.0,160547000.0,160547000.0,160547000.0,0.0,0.0,0.027,1316044000.0,469715000.0,270472000.0,0.0,0.692,32.069,31.684,14203910000.0,0.0,24.08,0.873,0.874,334666000.0,4751597000.0,5894436000.0,5894436000.0,0.0,0.01,0.023,0.024,0.08,0.0,760262000.0,1.0,213813628.0,213839000.0,,27.565,16383106000.0,0.0,0.0,0.0,76.614,-1742181000.0
48,RCL,MRT,2009-06-30,2009-06-30,2009-06-30,2021-08-05,-23517000.0,16336657000.0,16190420000.0,910461000.0,15426196000.0,0.383,32.972,-943027000.0,309758000.0,309758000.0,4268252000.0,342042000.0,0.318,1.318,6768671000.0,723283000.0,6045388000.0,6768671000.0,0.0,546467000.0,1109322000.0,0.011,0.15,658109000.0,1204576000.0,0.194,1204576000.0,658109000.0,342042000.0,1.61,1.6,1.61,7048835000.0,6905475750.0,7048835000.0,9405626082.0,14.0,7.808,-290345000.0,-1.358,1.0,1926031000.0,0.311,781609000.0,316067000.0,19151272000.0,19107379250.0,102520000.0,0.0,0.0,0.0,9287822000.0,2862689000.0,6425133000.0,2894217082.0,-77400000.0,-161835000.0,445000.0,370227000.0,-32028000.0,334501000.0,-1060362000.0,65246000.0,652682000.0,-4221000.0,342042000.0,342042000.0,342042000.0,0.0,0.0,0.055,1301250000.0,624781000.0,262647000.0,0.093,0.411,8.462,8.41,13593681000.0,0.0,13.54,0.467,0.467,241224000.0,4521205000.0,6194283000.0,6194283000.0,0.0,0.021,0.05,0.034,0.106,0.0,754783000.0,1.0,213753108.0,213780000.0,,28.975,15555048000.0,0.0,0.0,0.0,72.762,-1952228000.0
49,RCL,MRT,2009-03-31,2009-03-31,2009-03-31,2021-08-05,-353560000.0,16191027000.0,16221514750.0,900159000.0,15290868000.0,0.396,31.587,-1891157000.0,455884000.0,455884000.0,4393816000.0,461877000.0,0.366,1.399,6967293000.0,473579000.0,6493714000.0,6967293000.0,0.0,535819000.0,934430000.0,0.037,0.3,790703000.0,1326522000.0,0.206,1326522000.0,790703000.0,461877000.0,2.17,2.16,2.17,6749745000.0,6905093500.0,6749745000.0,8320070809.0,11.0,6.272,-1007797000.0,-4.716,1.0,2035226000.0,0.317,753774000.0,328826000.0,19485869000.0,19024295500.0,91957000.0,0.0,0.0,0.0,9441282000.0,2462793000.0,6978489000.0,1711545809.0,14757000.0,-137132000.0,1029000.0,1143156000.0,-96030000.0,1043043000.0,-1906227000.0,141971000.0,883360000.0,-5419000.0,461877000.0,461877000.0,461877000.0,0.0,0.0,0.072,1296557000.0,738669000.0,241431000.0,0.138,0.254,3.706,3.691,13578700000.0,0.0,8.01,0.266,0.266,194508000.0,4556291000.0,6429042000.0,6429042000.0,0.0,0.028,0.067,0.042,0.123,0.0,760738000.0,1.0,213676131.0,213687000.0,,30.086,15437253000.0,0.0,0.0,0.0,72.242,-1562634000.0
50,RCL,MRT,2008-12-31,2008-12-31,2008-12-31,2021-08-05,-319936000.0,16463310000.0,16061691250.0,977337000.0,15485973000.0,0.407,31.855,-2223534000.0,402878000.0,402878000.0,4403666000.0,573722000.0,0.365,1.42,7011403000.0,471893000.0,6539510000.0,7011403000.0,0.0,520353000.0,968520000.0,0.033,0.45,901034000.0,1421387000.0,0.218,1421387000.0,901034000.0,573722000.0,2.69,2.68,2.69,6803012000.0,6944403750.0,6803012000.0,8663302055.0,10.0,6.095,-1152279000.0,-5.396,1.0,2128859000.0,0.326,779246000.0,327312000.0,19618364000.0,18619440000.0,96077000.0,0.0,0.0,0.0,9660298000.0,2674225000.0,6986073000.0,2936461055.0,172094000.0,-923000.0,3817000.0,1211983000.0,-128045000.0,1083386000.0,-1977249000.0,269815000.0,1071255000.0,-5298000.0,573722000.0,573722000.0,573722000.0,0.0,0.0,0.088,1296875000.0,831984000.0,245225000.0,0.167,0.432,5.118,5.112,13878998000.0,0.0,13.75,0.45,0.45,271287000.0,4592529000.0,6532525000.0,6532525000.0,0.0,0.036,0.083,0.048,0.138,0.0,776522000.0,1.0,213560804.0,213560804.0,,30.589,15684064000.0,0.0,0.0,0.0,73.441,-1696888000.0
51,RCL,MRT,2008-09-30,2008-09-30,2008-09-30,2021-08-05,-96288000.0,15770686000.0,15691434000.0,1045854000.0,14724832000.0,0.419,32.878,-1505663000.0,301963000.0,301963000.0,4354430000.0,643078000.0,0.412,1.246,6028804000.0,430861000.0,5597943000.0,6028804000.0,0.0,509418000.0,1158151000.0,0.029,0.6,965190000.0,1474608000.0,0.225,1474608000.0,965190000.0,643078000.0,3.02,3.01,3.02,7020311000.0,6932986500.0,7020311000.0,10415296308.0,11.0,7.063,-352258000.0,-1.65,1.0,2212914000.0,0.337,782183000.0,322112000.0,18174012000.0,18043019750.0,114290000.0,0.0,0.0,0.0,8750375000.0,2541332000.0,6209043000.0,4430494308.0,-109943000.0,-41429000.0,6356000.0,106747000.0,-160004000.0,-53159000.0,-1198281000.0,365948000.0,1153405000.0,-11908000.0,643078000.0,643078000.0,643078000.0,0.0,0.0,0.098,1306514000.0,906400000.0,222631000.0,0.199,0.631,6.89,6.871,13143055000.0,0.0,20.75,0.675,0.675,324131000.0,4591052000.0,6567344000.0,6567344000.0,0.0,0.041,0.093,0.053,0.147,0.0,797096000.0,1.0,213517798.0,213524000.0,,30.757,14988503000.0,0.0,0.0,0.0,70.196,-1495478000.0
52,RCL,MRT,2008-06-30,2008-06-30,2008-06-30,2021-08-05,315043000.0,16461036000.0,15540217000.0,1243819000.0,15217217000.0,0.416,33.011,-1554735000.0,387158000.0,387158000.0,4228013000.0,626191000.0,0.447,1.336,6371960000.0,430754000.0,5941206000.0,6371960000.0,0.0,497057000.0,1442338000.0,0.027,0.6,953013000.0,1450070000.0,0.225,1450070000.0,953013000.0,626191000.0,2.94,2.93,2.94,7047306000.0,6841773000.0,7047306000.0,10304295527.0,11.0,7.106,-347756000.0,-1.629,1.0,2229534000.0,0.345,844162000.0,326822000.0,18818937000.0,17829376500.0,118343000.0,0.0,0.0,0.0,9413730000.0,2782739000.0,6630991000.0,4796437527.0,174793000.0,-20771000.0,6577000.0,320454000.0,-127976000.0,193199000.0,-1217503000.0,368208000.0,1206979000.0,-7882000.0,626191000.0,626191000.0,626191000.0,0.0,0.0,0.097,1302207000.0,927327000.0,255487000.0,0.204,0.681,7.66,7.643,13244859000.0,0.0,22.47,0.743,0.743,250557000.0,4211195000.0,6457547000.0,6457547000.0,0.0,0.04,0.092,0.053,0.148,0.0,805150000.0,1.0,213459614.0,213482000.0,,30.249,15616874000.0,0.0,0.0,0.0,73.153,-1538920000.0
53,RCL,MRT,2008-03-31,2008-03-31,2008-03-31,2021-08-05,221445000.0,15551733000.0,15065033500.0,1249056000.0,14302677000.0,0.422,32.378,-1424008000.0,441127000.0,441127000.0,4102543000.0,670187000.0,0.531,1.252,5948985000.0,201614000.0,5747371000.0,5948985000.0,0.0,491498000.0,1198812000.0,0.018,0.6,1001439000.0,1492937000.0,0.235,1492937000.0,1001439000.0,670187000.0,3.15,3.13,3.15,6906986000.0,6636259000.0,6906986000.0,12483815696.0,12.0,8.362,-213381000.0,-1.0,1.0,2252555000.0,0.354,842940000.0,331252000.0,17866447000.0,17319860500.0,98037000.0,0.0,0.0,0.0,8644747000.0,2350204000.0,6294543000.0,7016327696.0,241511000.0,-16000000.0,19313000.0,261391000.0,-95923000.0,181022000.0,-1142444000.0,311906000.0,1210627000.0,-7694000.0,670187000.0,670187000.0,670187000.0,0.0,0.0,0.105,1293295000.0,959260000.0,207342000.0,0.19,1.016,10.469,10.444,12329417000.0,0.0,32.9,1.104,1.104,236293000.0,4158469000.0,6355098000.0,6355098000.0,0.0,0.044,0.101,0.058,0.158,0.0,801797000.0,1.0,213262240.0,213326000.0,,29.791,14708793000.0,0.0,0.0,0.0,68.95,-1101148000.0
54,RCL,MRT,2007-12-31,2007-12-31,2007-12-31,2021-08-05,120955000.0,14982281000.0,14600618250.0,992791000.0,13989490000.0,0.421,30.251,-1317381000.0,230784000.0,230784000.0,3981698000.0,603405000.0,0.424,1.217,5698272000.0,351725000.0,5346547000.0,5698272000.0,0.0,483066000.0,1084359000.0,0.014,0.6,937189000.0,1420255000.0,0.231,1420255000.0,937189000.0,603405000.0,2.84,2.82,2.84,6757343000.0,6433529250.0,6757343000.0,14977331538.0,16.0,10.546,-48687000.0,-0.218,1.0,2167441000.0,0.352,797791000.0,333784000.0,17312683000.0,16801307750.0,96813000.0,0.0,0.0,0.0,8224938000.0,2339295000.0,5885643000.0,9480096538.0,126264000.0,0.0,19632000.0,119035000.0,-98298000.0,36611000.0,-1170558000.0,159392000.0,1268694000.0,-8483000.0,603405000.0,603405000.0,603405000.0,0.0,0.0,0.098,1266106000.0,901335000.0,222895000.0,0.211,1.403,15.711,14.944,12253784000.0,0.0,42.44,1.542,1.542,313640000.0,4114877000.0,6149139000.0,6149139000.0,0.0,0.041,0.094,0.056,0.152,0.0,783040000.0,1.0,223376450.0,223376450.0,,27.528,14184490000.0,0.0,0.0,0.0,63.5,-1346504000.0
55,RCL,MRT,2007-09-30,2007-09-30,2007-09-30,2021-08-05,65592000.0,15165818000.0,14203320000.0,1060271000.0,14105547000.0,0.409,31.241,-1384563000.0,411906000.0,411906000.0,3706470000.0,579193000.0,0.412,1.279,5909141000.0,558618000.0,5350523000.0,5909141000.0,0.0,468153000.0,1175262000.0,0.015,0.6,902184000.0,1370337000.0,0.236,1370337000.0,902184000.0,579193000.0,2.72,2.72,2.72,6655457000.0,6267087250.0,6655457000.0,14300410568.0,16.0,10.436,-184038000.0,-0.864,1.0,2104786000.0,0.362,772816000.0,322991000.0,17319439000.0,16500244500.0,88796000.0,0.0,0.0,0.0,8510361000.0,2570798000.0,5939563000.0,8716837568.0,191368000.0,-565331000.0,20797000.0,997144000.0,-127256000.0,888441000.0,-1898444000.0,57070000.0,1200525000.0,846000.0,579193000.0,579193000.0,579193000.0,0.0,0.0,0.1,1227884000.0,876902000.0,192424000.0,0.221,1.31,15.05,14.349,12274180000.0,0.0,39.03,1.5,1.431,337889000.0,4076028000.0,5811256000.0,5811256000.0,0.0,0.041,0.092,0.055,0.155,0.0,759731000.0,1.0,223336858.0,213039000.0,,27.278,14393002000.0,0.0,0.0,0.0,67.56,-1510527000.0
56,RCL,MRT,2007-06-30,2007-06-30,2007-06-30,2021-08-05,3946000.0,14560302000.0,13464798500.0,747524000.0,13812778000.0,0.408,29.277,-1423818000.0,212365000.0,212365000.0,3501392000.0,529565000.0,0.285,1.339,5795938000.0,553473000.0,5242465000.0,5795938000.0,0.0,455139000.0,1411817000.0,0.014,0.6,839110000.0,1294249000.0,0.236,1294249000.0,839110000.0,529565000.0,2.53,2.51,2.53,6225250000.0,6114006500.0,6225250000.0,14301036809.0,17.0,11.05,-335885000.0,-1.58,1.0,1993123000.0,0.363,741596000.0,309545000.0,16780873000.0,15754529250.0,86567000.0,0.0,0.0,0.0,8335052000.0,2621406000.0,5713646000.0,9131548809.0,-110818000.0,-565331000.0,16807000.0,875603000.0,-127254000.0,767509000.0,-1966098000.0,52344000.0,1087933000.0,-162000.0,529565000.0,529565000.0,529565000.0,0.0,0.0,0.096,1179446000.0,813677000.0,202650000.0,0.237,1.467,17.243,16.988,12239083000.0,0.0,42.98,1.662,1.663,212685000.0,3712982000.0,5494515000.0,5494515000.0,0.0,0.039,0.087,0.053,0.153,0.0,724307000.0,1.0,212460419.0,212633000.0,,25.84,13818706000.0,0.0,0.0,0.0,64.989,-1873882000.0
57,RCL,MRT,2007-03-31,2007-03-31,2007-03-31,2021-08-05,-10380000.0,13694072000.0,12899744500.0,694368000.0,12999704000.0,0.411,28.711,-1197223000.0,199616000.0,199616000.0,3360836000.0,523247000.0,0.297,1.246,5369104000.0,523142000.0,4845962000.0,5369104000.0,0.0,435444000.0,1178095000.0,0.014,0.6,813925000.0,1249369000.0,0.235,1249369000.0,813925000.0,523247000.0,2.5,2.48,2.5,6096067000.0,5970309000.0,6096067000.0,14258385542.0,18.0,11.412,-232735000.0,-1.096,1.0,1945338000.0,0.367,732099000.0,290678000.0,15792236000.0,15075852750.0,80781000.0,0.0,0.0,0.0,7598005000.0,2339225000.0,5258780000.0,8949161542.0,-72361000.0,-565331000.0,-155188000.0,1019396000.0,-127097000.0,734321000.0,-1771357000.0,9276000.0,964488000.0,187000.0,523247000.0,523247000.0,523247000.0,0.0,0.0,0.099,1148300000.0,797038000.0,194271000.0,0.24,1.468,17.103,16.864,11468214000.0,0.0,42.16,1.687,1.687,207020000.0,3616186000.0,5306174000.0,5306174000.0,0.0,0.041,0.088,0.054,0.153,0.0,712856000.0,1.0,212266640.0,212322000.0,,24.991,12961973000.0,0.0,0.0,0.0,61.049,-1644857000.0
58,RCL,MRT,2006-12-31,2006-12-31,2006-12-31,2021-08-05,-30802000.0,13393088000.0,12364158250.0,501904000.0,12891184000.0,0.423,28.725,-1178960000.0,104520000.0,104520000.0,3249629000.0,633922000.0,0.268,1.199,5413744000.0,373422000.0,5040322000.0,5413744000.0,0.0,421645000.0,896943000.0,0.014,0.6,901783000.0,1323428000.0,0.253,1323428000.0,901783000.0,633922000.0,3.01,2.94,3.01,6091575000.0,5869969500.0,6091575000.0,13004836969.0,14.0,9.827,-230454000.0,-1.087,1.0,1979955000.0,0.379,721514000.0,267861000.0,16108430000.0,14397696250.0,76969000.0,0.0,0.0,0.0,7301513000.0,1872368000.0,5429145000.0,8775234969.0,-20865000.0,-565331000.0,-141556000.0,1138138000.0,-124460000.0,879707000.0,-1849078000.0,-92712000.0,948506000.0,0.0,633922000.0,633922000.0,633922000.0,0.0,0.0,0.121,1121509000.0,858446000.0,193794000.0,0.199,1.441,13.843,13.748,11429106000.0,0.0,41.38,1.678,1.678,185886000.0,3639211000.0,5229584000.0,5229584000.0,0.0,0.051,0.108,0.063,0.172,0.0,699864000.0,1.0,212064644.0,212064644.0,,24.66,12671574000.0,0.0,0.0,0.0,59.753,-1370464000.0
59,RCL,MRT,2006-09-30,2006-09-30,2006-09-30,2021-08-05,-18804000.0,12211732000.0,11829829000.0,519105000.0,11692627000.0,0.432,29.036,-1128714000.0,220538000.0,220538000.0,3203096000.0,583694000.0,0.285,1.021,4450140000.0,268638000.0,4181502000.0,4450140000.0,0.0,414825000.0,959871000.0,0.015,0.6,840289000.0,1255114000.0,0.246,1255114000.0,840289000.0,583694000.0,2.77,2.79,2.77,6043134000.0,5735692000.0,6043134000.0,12409898226.0,15.0,9.887,-93159000.0,-0.448,1.0,1902915000.0,0.373,283133000.0,256595000.0,14336578000.0,13623900250.0,69432000.0,0.0,0.0,0.0,6168598000.0,1821623000.0,4346975000.0,8078592226.0,31332000.0,0.0,-143360000.0,503268000.0,-127500000.0,240580000.0,-1244803000.0,-100000000.0,1035555000.0,0.0,583694000.0,583694000.0,583694000.0,0.0,0.0,0.114,1102215000.0,800700000.0,168721000.0,0.217,1.337,13.84,14.011,10983829000.0,0.0,38.81,1.582,1.582,106691000.0,3624412000.0,5106011000.0,5106011000.0,0.0,0.049,0.102,0.062,0.165,0.0,687390000.0,1.0,208157491.0,208129000.0,,24.533,11928599000.0,0.0,0.0,0.0,57.313,-1302518000.0
60,RCL,MRT,2006-06-30,2006-06-30,2006-06-30,2021-08-05,3188000.0,12300086000.0,11587946000.0,669677000.0,11630409000.0,0.429,26.747,-1108403000.0,323183000.0,323183000.0,3103562000.0,613033000.0,0.293,1.177,4654489000.0,482870000.0,4171619000.0,4654489000.0,0.0,406514000.0,1254464000.0,0.016,0.6,863064000.0,1269578000.0,0.255,1269578000.0,863064000.0,613033000.0,2.92,2.8,2.92,5650460000.0,5617693250.0,5650460000.0,12021220036.0,14.0,9.469,-84566000.0,-0.4,1.0,1867813000.0,0.376,283133000.0,250031000.0,14066167000.0,13282957500.0,74866000.0,0.0,0.0,0.0,6649626000.0,2282092000.0,4367534000.0,8104772036.0,25155000.0,0.0,-384381000.0,355846000.0,-127502000.0,-146111000.0,-852571000.0,248070000.0,1023837000.0,0.0,613033000.0,613033000.0,613033000.0,0.0,0.0,0.123,1086266000.0,781547000.0,204558000.0,0.205,1.434,13.221,13.099,10904463000.0,0.0,38.25,1.63,1.625,84398000.0,3310667000.0,4971375000.0,4971375000.0,0.0,0.053,0.109,0.065,0.174,0.0,679752000.0,1.0,211889465.0,211252000.0,,23.533,12016953000.0,0.0,0.0,0.0,56.884,-1612415000.0
61,RCL,MRT,2006-03-31,2006-03-31,2006-03-31,2021-08-05,-5922000.0,11551727000.0,11410809000.0,553835000.0,10997892000.0,0.428,26.942,-490868000.0,271977000.0,271977000.0,3018759000.0,645846000.0,0.263,1.029,4188425000.0,595653000.0,3592772000.0,4188425000.0,0.0,404466000.0,1050430000.0,0.014,0.58,897970000.0,1302436000.0,0.267,1302436000.0,897970000.0,645846000.0,3.1,2.95,3.1,5694709000.0,5480358000.0,5694709000.0,12897135242.0,14.0,9.902,582673000.0,2.757,1.0,1862874000.0,0.382,283133000.0,252124000.0,13079610000.0,13189670250.0,59027000.0,0.0,0.0,0.0,5857018000.0,2105432000.0,3751586000.0,8867745242.0,-39363000.0,0.0,-215539000.0,-535711000.0,-122468000.0,-862712000.0,-250192000.0,248070000.0,1073541000.0,0.0,645846000.0,645846000.0,645846000.0,0.0,0.0,0.132,1051436000.0,811438000.0,150092000.0,0.187,1.557,13.73,13.555,10311058000.0,0.0,42.02,1.817,1.819,82259000.0,3220034000.0,4881633000.0,4881633000.0,0.0,0.057,0.118,0.068,0.184,0.0,646970000.0,1.0,211036298.0,211372000.0,,23.095,11268594000.0,0.0,0.0,0.0,53.312,-1551597000.0
62,RCL,MRT,2005-12-31,2005-12-31,2005-12-31,2021-08-05,-28263000.0,11255771000.0,11422905000.0,377010000.0,10878761000.0,0.429,26.458,-429898000.0,125385000.0,125385000.0,2994232000.0,715956000.0,0.19,1.026,4154775000.0,600883000.0,3553892000.0,4154775000.0,0.0,402069000.0,884994000.0,0.012,0.56,985706000.0,1387775000.0,0.283,1387775000.0,985706000.0,715956000.0,3.47,3.26,3.47,5554465000.0,5281303250.0,5554465000.0,13423847594.0,14.0,9.673,681462000.0,3.246,1.0,1908942000.0,0.389,283133000.0,269750000.0,13013246000.0,13493310000.0,57803000.0,0.0,0.0,0.0,5701306000.0,1988782000.0,3712524000.0,9459666594.0,-503193000.0,0.0,-227126000.0,-1180227000.0,-118764000.0,-1525527000.0,-89026000.0,348070000.0,1111360000.0,0.0,715956000.0,715956000.0,715956000.0,0.0,0.0,0.146,1037377000.0,871565000.0,159910000.0,0.161,1.703,13.213,12.986,10276948000.0,0.0,45.06,1.929,1.929,95254000.0,3132286000.0,4903174000.0,4903174000.0,0.0,0.063,0.136,0.073,0.201,0.0,635308000.0,1.0,209934900.0,209934900.0,,23.356,10972638000.0,0.0,0.0,0.0,52.267,-1611772000.0
63,RCL,MRT,2005-09-30,2005-09-30,2005-09-30,2021-08-05,-12714000.0,11244200000.0,11599983250.0,451101000.0,10793099000.0,0.417,26.543,-437690000.0,189206000.0,189206000.0,2960559000.0,693775000.0,0.231,1.018,4153387000.0,559285000.0,3594102000.0,4153387000.0,0.0,401365000.0,897691000.0,0.013,0.54,981582000.0,1382947000.0,0.286,1382947000.0,981582000.0,693775000.0,3.38,3.17,3.38,5571139000.0,5093817000.0,5571139000.0,13342195835.0,14.0,9.648,662356000.0,3.156,1.0,1877560000.0,0.388,278561000.0,287807000.0,12972807000.0,13868845250.0,68880000.0,0.0,0.0,0.0,5673061000.0,1957013000.0,3716048000.0,8905293835.0,-284126000.0,0.0,-191613000.0,-1284774000.0,-79123000.0,-1564988000.0,180816000.0,615612000.0,1100046000.0,0.0,693775000.0,693775000.0,693775000.0,0.0,0.0,0.143,1021637000.0,855923000.0,155187000.0,0.16,1.598,12.836,12.781,10222247000.0,0.0,43.2,1.841,1.874,74813000.0,3167534000.0,4838119000.0,4838119000.0,0.0,0.06,0.136,0.071,0.203,0.0,620272000.0,1.0,206141061.0,209895000.0,,23.05,10965639000.0,0.0,0.0,0.0,52.243,-1505912000.0
64,RCL,MRT,2005-06-30,2005-06-30,2005-06-30,2021-08-05,-4558000.0,11591538000.0,,578706000.0,11012832000.0,,25.129,-307119000.0,298028000.0,298028000.0,2903330000.0,601535000.0,0.281,1.272,4734930000.0,404575000.0,4330355000.0,4734930000.0,0.0,399633000.0,1152612000.0,0.011,0.52,902657000.0,1302290000.0,0.276,1302290000.0,902657000.0,601535000.0,2.99,2.79,2.99,5101119000.0,,5101119000.0,14577611056.0,16.0,11.194,830726000.0,4.092,1.0,1818681000.0,0.385,278561000.0,301122000.0,13693018000.0,,67544000.0,0.0,0.0,0.0,6490419000.0,2056861000.0,4433558000.0,9764015056.0,-181565000.0,0.0,58306000.0,-1171506000.0,-105007000.0,-1233296000.0,-86114000.0,226744000.0,1137845000.0,0.0,601535000.0,601535000.0,601535000.0,0.0,0.0,0.127,1004833000.0,813848000.0,178508000.0,0.174,1.914,16.232,16.174,10153424000.0,0.0,48.36,2.068,2.079,82933000.0,2770124000.0,4722011000.0,4722011000.0,0.0,,,,0.191,0.0,605200000.0,1.0,201902710.0,202997000.0,,23.261,11312977000.0,0.0,0.0,0.0,55.73,-1478155000.0
65,RCL,MRT,2005-03-31,2005-03-31,2005-03-31,2021-08-05,39898000.0,11600111000.0,,562188000.0,11037923000.0,,24.296,-626416000.0,311340000.0,311340000.0,2870591000.0,568454000.0,0.305,1.368,5124936000.0,330419000.0,4794517000.0,5124936000.0,0.0,397319000.0,1004507000.0,0.012,0.52,877980000.0,1275299000.0,0.274,1275299000.0,877980000.0,568454000.0,2.84,2.65,2.84,4898490000.0,,4898490000.0,14117165156.0,16.0,11.07,518464000.0,2.572,1.0,1791177000.0,0.384,278561000.0,309526000.0,14294169000.0,,59585000.0,0.0,0.0,0.0,6701621000.0,1840977000.0,4860644000.0,9013799156.0,-67785000.0,0.0,61310000.0,-714874000.0,-104110000.0,-744796000.0,-467869000.0,173872000.0,1144880000.0,0.0,568454000.0,568454000.0,568454000.0,0.0,0.0,0.122,996878000.0,794299000.0,185507000.0,0.183,1.84,15.857,15.736,10172558000.0,0.0,44.69,1.934,1.933,82239000.0,2642387000.0,4661768000.0,4661768000.0,0.0,,,,0.188,0.0,599559000.0,1.0,201696110.0,201619000.0,,23.122,11321550000.0,0.0,0.0,0.0,56.153,-1278789000.0
66,RCL,MRT,2004-12-31,2004-12-31,2004-12-31,2021-08-05,71363000.0,11964084000.0,11643413000.0,860606000.0,11103478000.0,0.391,24.5,-630670000.0,628578000.0,628578000.0,2819383000.0,474691000.0,0.379,1.49,5731944000.0,905374000.0,4826570000.0,5731944000.0,0.0,394136000.0,875082000.0,0.01,0.52,784668000.0,1178804000.0,0.259,1178804000.0,784668000.0,474691000.0,2.39,2.26,2.39,4804520000.0,4533708500.0,4804520000.0,16181764462.0,21.0,13.727,446321000.0,2.276,1.0,1735992000.0,0.381,278561000.0,309977000.0,14515387000.0,14780379500.0,60260000.0,0.0,0.0,0.0,7159564000.0,2273502000.0,4886062000.0,10676046462.0,298492000.0,0.0,98316000.0,-139738000.0,-104521000.0,-145989000.0,-632510000.0,0.0,1076991000.0,0.0,474691000.0,474691000.0,474691000.0,0.0,0.0,0.104,982403000.0,753589000.0,162973000.0,0.218,2.222,22.491,22.778,10193443000.0,0.0,54.44,2.344,2.344,84899000.0,2533265000.0,4555375000.0,4555375000.0,0.0,0.041,0.105,0.053,0.172,0.0,588267000.0,1.0,196106658.0,196106658.0,,23.229,11685523000.0,0.0,0.0,0.0,59.588,-1412896000.0
67,RCL,MRT,2004-09-30,2004-09-30,2004-09-30,2021-08-05,,,,,,,,,,,,,,,,,,,,,,0.012,0.52,,,,,,,,,,,,,14055968289.0,,,,,1.0,,,,,,,,,,,,,,8550250289.0,,,,,,,,,,,,,,,,,,,,,,,,,,43.6,,,,,,,,,,,,,,1.0,196106658.0,199114000.0,,,,,,,,
68,RCL,MRT,2004-06-30,2004-06-30,2004-06-30,2021-08-05,,,,,,,,,,,,,,,,,,,,,,0.012,0.52,,,,,,,,,,,,,14018708024.0,,,,,1.0,,,,,,,,,,,,,,8512990024.0,,,,,,,,,,,,,,,,,,,,,,,,,,43.41,,,,,,,,,,,,,,1.0,196106658.0,198786000.0,,,,,,,,
69,RCL,MRT,2004-03-31,2004-03-31,2004-03-31,2021-08-05,,,,,,,,,,,,,,,,,,,,,,0.012,0.52,,,,,,,,,,,,,14154021618.0,,,,,1.0,,,,,,,,,,,,,,8648303618.0,,,,,,,,,,,,,,,,,,,,,,,,,,44.1,,,,,,,,,,,,,,1.0,196106658.0,197425000.0,,,,,,,,
70,RCL,MRT,2003-12-31,2003-12-31,2003-12-31,2021-08-05,5846000.0,11322742000.0,10930636500.0,574550000.0,10748192000.0,0.346,22.09,-1029530000.0,330086000.0,330086000.0,2381035000.0,280664000.0,0.382,1.656,5835804000.0,315232000.0,5520572000.0,5835804000.0,0.0,362695000.0,729595000.0,0.015,0.52,549062000.0,911757000.0,0.241,911757000.0,549062000.0,280664000.0,1.45,1.42,1.45,4262897000.0,4148795500.0,4262897000.0,11916115627.0,22.0,13.069,-171727000.0,-0.89,1.0,1403214000.0,0.371,278561000.0,268398000.0,15045372000.0,14668831500.0,53277000.0,0.0,0.0,0.0,7059845000.0,1504527000.0,5555318000.0,6713861627.0,87502000.0,0.0,45960000.0,359436000.0,-98320000.0,332343000.0,-1102644000.0,0.0,857803000.0,0.0,280664000.0,280664000.0,280664000.0,0.0,0.0,0.074,877029000.0,526185000.0,187756000.0,0.359,1.575,23.921,23.993,9943495000.0,0.0,34.79,1.774,1.774,89489000.0,2162195000.0,3784249000.0,3784249000.0,0.0,0.026,0.068,0.037,0.145,0.0,514334000.0,1.0,192982513.0,192982513.0,,19.609,11044181000.0,0.0,0.0,0.0,57.229,-929977000.0
71,RCL,MRT,2002-12-31,2002-12-31,2002-12-31,2021-08-05,3693000.0,10538531000.0,10453656500.0,447743000.0,10090788000.0,0.329,20.98,-689991000.0,242584000.0,242584000.0,2113217000.0,351284000.0,0.383,1.612,5444838000.0,122544000.0,5322294000.0,5444838000.0,0.0,339100000.0,567955000.0,0.039,0.65,618126000.0,957226000.0,0.279,957226000.0,618126000.0,351284000.0,1.82,1.76,1.82,4034694000.0,3895639000.0,4034694000.0,8130514307.0,13.0,8.494,180479000.0,0.938,1.0,1321130000.0,0.385,278561000.0,266842000.0,14292291000.0,14094398500.0,37299000.0,0.0,0.0,0.0,6503837000.0,1169933000.0,5333904000.0,3211580307.0,-484594000.0,0.0,6626000.0,-603270000.0,-100127000.0,-658798000.0,-696266000.0,0.0,870470000.0,0.0,351284000.0,351284000.0,351284000.0,0.0,0.0,0.102,770155000.0,550975000.0,171153000.0,0.357,0.796,9.142,9.176,9276484000.0,0.0,16.7,0.935,0.935,79535000.0,1982580000.0,3434347000.0,3434347000.0,0.0,0.034,0.09,0.044,0.18,0.0,431055000.0,1.0,192310198.0,192310198.0,,17.858,10259970000.0,0.0,0.0,0.0,53.351,-722190000.0
72,RCL,MRT,2001-12-31,2001-12-31,2001-12-31,2021-08-05,-16068000.0,10368782000.0,9098623500.0,886114000.0,9482668000.0,0.346,19.553,-1737471000.0,727178000.0,727178000.0,1934391000.0,254457000.0,0.796,1.76,5646112000.0,238581000.0,5407531000.0,5646112000.0,0.0,301174000.0,446085000.0,0.024,0.39,507664000.0,808838000.0,0.257,808838000.0,507664000.0,254457000.0,1.32,1.32,1.32,3756584000.0,3686249500.0,3756584000.0,6344663826.0,12.0,7.844,-1103782000.0,-5.745,1.0,1210859000.0,0.385,278561000.0,253207000.0,13896506000.0,11877951500.0,33493000.0,0.0,0.0,0.0,6612198000.0,1112649000.0,5499549000.0,3112377826.0,549368000.0,0.0,0.0,1788788000.0,-99955000.0,1699651000.0,-1783972000.0,0.0,633689000.0,0.0,254457000.0,254457000.0,254457000.0,0.0,0.0,0.081,755254000.0,455605000.0,144070000.0,0.295,0.829,12.231,12.273,8605448000.0,0.0,16.2,0.99,0.99,72196000.0,1731423000.0,3145250000.0,3145250000.0,0.0,0.028,0.069,0.043,0.161,0.0,454080000.0,1.0,192122088.0,192122088.0,,16.371,10090221000.0,0.0,0.0,0.0,52.52,-226535000.0
73,RCL,MRT,2000-12-31,2000-12-31,2000-12-31,2021-08-05,0.0,7828465000.0,7104488000.0,310719000.0,7517746000.0,0.403,21.403,-1285649000.0,177810000.0,177810000.0,1652459000.0,445363000.0,0.341,1.165,3410096000.0,109926000.0,3300170000.0,3410096000.0,0.0,231048000.0,443411000.0,0.018,0.48,599691000.0,830739000.0,0.29,830739000.0,599691000.0,445363000.0,2.34,2.31,2.34,3615915000.0,3438535500.0,3615915000.0,6747308122.0,11.0,8.122,-582333000.0,-3.447,1.0,1213387000.0,0.423,288974000.0,154328000.0,9859397000.0,8656981500.0,30115000.0,0.0,0.0,0.0,4212550000.0,912380000.0,3300170000.0,4468601122.0,114340000.0,47680000.0,0.0,1066914000.0,-94418000.0,975454000.0,-1564430000.0,-305044000.0,703316000.0,0.0,445363000.0,445363000.0,445363000.0,0.0,0.0,0.155,643847000.0,569540000.0,158143000.0,0.205,1.236,10.034,11.303,6831809000.0,0.0,26.45,1.559,1.559,53609000.0,1576921000.0,2865846000.0,2865846000.0,0.0,0.063,0.13,0.069,0.209,0.0,412799000.0,1.0,168945222.0,168945222.0,,16.963,7539491000.0,0.0,0.0,0.0,44.627,-601661000.0
74,RCL,MRT,1999-12-31,1999-12-31,1999-12-31,2021-08-05,0.0,6380511000.0,6033293500.0,194377000.0,6186134000.0,0.422,19.303,-972481000.0,63470000.0,63470000.0,1496252000.0,383853000.0,0.215,0.957,2342177000.0,128086000.0,2214091000.0,2342177000.0,0.0,197909000.0,465033000.0,0.008,0.4,514478000.0,712387000.0,0.28,712387000.0,514478000.0,383853000.0,2.15,2.06,2.15,3261156000.0,2857957000.0,3261156000.0,10626849897.0,21.0,14.917,-389123000.0,-2.303,1.0,1049900000.0,0.412,299388000.0,130625000.0,7454566000.0,7118423500.0,26398000.0,0.0,0.0,0.0,3119355000.0,905264000.0,2214091000.0,8330688897.0,-109451000.0,0.0,487399000.0,-127919000.0,-81568000.0,294635000.0,-987444000.0,0.0,583358000.0,0.0,383853000.0,383853000.0,383853000.0,0.0,0.0,0.151,569726000.0,480174000.0,103041000.0,0.186,2.555,21.703,22.935,5858185000.0,0.0,49.31,3.272,3.272,53459000.0,1225976000.0,2546152000.0,2546152000.0,0.0,0.064,0.134,0.072,0.202,0.0,371817000.0,1.0,168945222.0,168945222.0,,15.071,6081123000.0,0.0,0.0,0.0,35.995,-710887000.0
75,RCL,MRT,1998-12-31,1998-12-31,1998-12-31,2021-08-05,0.0,5686076000.0,5512912000.0,286331000.0,5399745000.0,0.478,14.53,-462453000.0,172921000.0,172921000.0,1593728000.0,330770000.0,0.322,1.316,2469082000.0,127919000.0,2341163000.0,2469082000.0,0.0,194614000.0,402926000.0,0.009,0.33,498639000.0,693253000.0,0.263,693253000.0,498639000.0,330770000.0,1.9,1.83,1.9,2454758000.0,2236739500.0,2454758000.0,,,,64405000.0,0.381,1.0,1042563000.0,0.395,309801000.0,167869000.0,6782281000.0,6687187000.0,31834000.0,0.0,0.0,0.0,3231318000.0,890155000.0,2341163000.0,6250973214.0,62128000.0,0.0,165532000.0,-107037000.0,-67734000.0,-2524000.0,-462206000.0,0.0,526858000.0,0.0,330770000.0,330770000.0,330770000.0,0.0,0.0,0.125,553828000.0,488735000.0,115833000.0,0.174,2.546,18.898,19.474,5073008000.0,0.0,37.0,2.371,2.371,36532000.0,923691000.0,2636291000.0,2636291000.0,0.0,0.06,0.148,0.075,0.189,0.0,359214000.0,1.0,168945222.0,168945222.0,,15.604,5376275000.0,0.0,0.0,0.0,31.823,-603824000.0
76,RCL,MRT,1997-12-31,1997-12-31,1997-12-31,2021-08-05,0.0,5339748000.0,,211145000.0,5128603000.0,,,-1006248000.0,110793000.0,110793000.0,1219268000.0,175127000.0,0.237,1.645,2572696000.0,141013000.0,2431683000.0,2572696000.0,0.0,143816000.0,429403000.0,0.011,0.29,303658000.0,447474000.0,0.231,447474000.0,303658000.0,175127000.0,1.17,1.15,1.17,2018721000.0,,2018721000.0,,,,-572127000.0,,1.0,719739000.0,0.371,320214000.0,128531000.0,6592093000.0,,37274000.0,0.0,0.0,0.0,3321027000.0,889344000.0,2431683000.0,,70374000.0,-152423000.0,364631000.0,327836000.0,-49984000.0,806726000.0,-1170473000.0,0.0,434121000.0,0.0,175127000.0,175127000.0,175127000.0,0.0,0.0,0.09,416184000.0,303555000.0,108474000.0,0.248,,,22.782,4785291000.0,0.0,26.655,,,22628000.0,660655000.0,1939007000.0,1939007000.0,0.0,,,,0.157,0.0,272368000.0,1.0,,,,,5019534000.0,0.0,0.0,0.0,,-678199000.0
77,RCL,MRT,1996-12-31,1996-12-31,1996-12-31,2021-08-05,,,,,,,,-682389000.0,,,854478000.0,150866000.0,,,,,,,,91185000.0,,0.023,0.27,227406000.0,318591000.0,0.235,318591000.0,227406000.0,150866000.0,1.19,1.17,1.19,,,,,,,-382875000.0,,1.0,502847000.0,0.37,,76540000.0,,,,,,,,,,,9163000.0,0.0,0.0,430643000.0,-34384000.0,398077000.0,-688428000.0,0.0,299514000.0,0.0,150866000.0,150866000.0,150866000.0,0.0,0.0,0.111,285814000.0,217033000.0,,0.227,,,9.824,,0.0,11.69,,,,,1357325000.0,1357325000.0,0.0,,,,0.168,0.0,194629000.0,1.0,,,,,,,0.0,,,
