None,ticker,dimension,calendardate,datekey,reportperiod,lastupdated,accoci,assets,assetsavg,assetsc,assetsnc,assetturnover,bvps,capex,cashneq,cashnequsd,cor,consolinc,currentratio,de,debt,debtc,debtnc,debtusd,deferredrev,depamor,deposits,divyield,dps,ebit,ebitda,ebitdamargin,ebitdausd,ebitusd,ebt,eps,epsdil,epsusd,equity,equityavg,equityusd,ev,evebit,evebitda,fcf,fcfps,fxusd,gp,grossmargin,intangibles,intexp,invcap,invcapavg,inventory,investments,investmentsc,investmentsnc,liabilities,liabilitiesc,liabilitiesnc,marketcap,ncf,ncfbus,ncfcommon,ncfdebt,ncfdiv,ncff,ncfi,ncfinv,ncfo,ncfx,netinc,netinccmn,netinccmnusd,netincdis,netincnci,netmargin,opex,opinc,payables,payoutratio,pb,pe,pe1,ppnenet,prefdivis,price,ps,ps1,receivables,retearn,revenue,revenueusd,rnd,roa,roe,roic,ros,sbcomp,sgna,sharefactor,sharesbas,shareswa,shareswadil,sps,tangibles,taxassets,taxexp,taxliabilities,tbvps,workingcapital
0,PEG,MRY,2020-12-31,2020-12-31,2020-12-31,2021-08-09,-504000000.0,50050000000.0,49192750000.0,3630000000.0,46420000000.0,0.195,31.714,-2622000000.0,543000000.0,543000000.0,6171000000.0,1905000000.0,0.657,2.131,17495000000.0,2747000000.0,14748000000.0,17495000000.0,0.0,1285000000.0,0.0,0.034,1.96,2901000000.0,4186000000.0,0.436,4186000000.0,2901000000.0,2301000000.0,3.78,3.76,3.78,15984000000.0,15640000000.0,15984000000.0,45969937934.0,16.0,10.982,480000000.0,0.952,1.0,3432000000.0,0.357,158000000.0,600000000.0,61322000000.0,60161250000.0,878000000.0,3982000000.0,0.0,3982000000.0,34066000000.0,5522000000.0,28544000000.0,29490937934.0,396000000.0,0.0,0.0,1033000000.0,-991000000.0,-30000000.0,-2676000000.0,-16000000.0,3102000000.0,0.0,1905000000.0,1905000000.0,1905000000.0,0.0,0.0,0.198,1162000000.0,2270000000.0,1332000000.0,0.519,1.845,15.481,15.423,37847000000.0,0.0,58.3,3.071,3.06,1639000000.0,12318000000.0,9603000000.0,9603000000.0,0.0,0.039,0.122,0.048,0.302,0.0,0.0,1.0,505847992.0,504000000,507000000.0,19.054,49892000000.0,63000000.0,396000000.0,6714000000.0,98.992,-1892000000.0
1,PEG,MRY,2019-12-31,2019-12-31,2019-12-31,2021-08-09,-489000000.0,47730000000.0,46645250000.0,3231000000.0,44499000000.0,0.216,29.938,-3096000000.0,147000000.0,147000000.0,6483000000.0,1693000000.0,0.64,2.163,16496000000.0,2480000000.0,14016000000.0,16496000000.0,0.0,1248000000.0,0.0,0.032,1.88,2519000000.0,3767000000.0,0.374,3767000000.0,2519000000.0,1950000000.0,3.35,3.33,3.35,15089000000.0,14895500000.0,15089000000.0,45868147758.0,18.0,12.176,283000000.0,0.562,1.0,3593000000.0,0.357,149000000.0,569000000.0,58883000000.0,58007000000.0,897000000.0,3841000000.0,0.0,3841000000.0,32641000000.0,5047000000.0,27594000000.0,29863147758.0,-23000000.0,0.0,0.0,749000000.0,-950000000.0,-257000000.0,-3145000000.0,-27000000.0,3379000000.0,0.0,1693000000.0,1693000000.0,1693000000.0,0.0,0.0,0.168,1650000000.0,1943000000.0,1358000000.0,0.561,1.979,17.639,17.627,36126000000.0,0.0,59.05,2.964,2.954,1552000000.0,11406000000.0,10076000000.0,10076000000.0,0.0,0.036,0.114,0.043,0.25,0.0,0.0,1.0,505726465.0,504000000,507000000.0,19.992,47581000000.0,171000000.0,257000000.0,6479000000.0,94.407,-1816000000.0
2,PEG,MRY,2018-12-31,2018-12-31,2018-12-31,2021-08-09,-377000000.0,45326000000.0,44224000000.0,3507000000.0,41819000000.0,0.219,28.526,-3881000000.0,177000000.0,177000000.0,6294000000.0,1438000000.0,0.711,2.153,15478000000.0,2310000000.0,13168000000.0,15478000000.0,0.0,1158000000.0,0.0,0.035,1.8,2331000000.0,3489000000.0,0.36,3489000000.0,2331000000.0,1855000000.0,2.85,2.83,2.85,14377000000.0,14249500000.0,14377000000.0,40998657406.0,18.0,11.751,-968000000.0,-1.921,1.0,3402000000.0,0.351,159000000.0,476000000.0,55533000000.0,54121500000.0,902000000.0,3398000000.0,0.0,3398000000.0,30949000000.0,4935000000.0,26014000000.0,26308657406.0,-116000000.0,0.0,0.0,1874000000.0,-910000000.0,887000000.0,-3916000000.0,28000000.0,2913000000.0,0.0,1438000000.0,1438000000.0,1438000000.0,0.0,0.0,0.148,1104000000.0,2298000000.0,1451000000.0,0.632,1.83,18.295,18.263,34363000000.0,0.0,52.05,2.713,2.706,1675000000.0,10582000000.0,9696000000.0,9696000000.0,0.0,0.033,0.101,0.043,0.24,0.0,0.0,1.0,505449710.0,504000000,507000000.0,19.238,45167000000.0,242000000.0,417000000.0,5920000000.0,89.617,-1428000000.0
3,PEG,MRY,2017-12-31,2017-12-31,2017-12-31,2021-08-09,-229000000.0,42716000000.0,41015250000.0,3312000000.0,39404000000.0,0.222,27.42,-4190000000.0,313000000.0,313000000.0,5679000000.0,1574000000.0,0.795,2.085,13610000000.0,1542000000.0,12068000000.0,13610000000.0,0.0,1986000000.0,0.0,0.033,1.72,1659000000.0,3645000000.0,0.401,3645000000.0,1659000000.0,1268000000.0,3.12,3.1,3.12,13847000000.0,13223500000.0,13847000000.0,38508997736.0,23.0,10.565,-930000000.0,-1.842,1.0,3415000000.0,0.376,130000000.0,391000000.0,51715000000.0,49662750000.0,866000000.0,3751000000.0,0.0,3751000000.0,28869000000.0,4168000000.0,24701000000.0,26060997736.0,-111000000.0,0.0,0.0,1829000000.0,-870000000.0,885000000.0,-4256000000.0,-21000000.0,3260000000.0,0.0,1574000000.0,1574000000.0,1574000000.0,0.0,0.0,0.173,1986000000.0,1429000000.0,1694000000.0,0.551,1.882,16.557,16.506,31797000000.0,0.0,51.5,2.866,2.86,1644000000.0,9878000000.0,9094000000.0,9094000000.0,0.0,0.038,0.119,0.033,0.182,0.0,0.0,1.0,506038791.0,505000000,507000000.0,18.008,42586000000.0,127000000.0,-306000000.0,5463000000.0,84.329,-856000000.0
4,PEG,MRY,2016-12-31,2016-12-31,2016-12-31,2021-08-09,-263000000.0,40070000000.0,39182250000.0,3254000000.0,36816000000.0,0.229,26.0,-4199000000.0,423000000.0,423000000.0,5892000000.0,887000000.0,0.993,2.052,11783000000.0,888000000.0,10895000000.0,11783000000.0,0.0,1476000000.0,0.0,0.037,1.64,1683000000.0,3159000000.0,0.352,3159000000.0,1683000000.0,1298000000.0,1.76,1.75,1.76,13130000000.0,13310500000.0,13130000000.0,32700726046.0,19.0,10.352,-886000000.0,-1.754,1.0,3074000000.0,0.343,114000000.0,385000000.0,48040000000.0,46458750000.0,887000000.0,3498000000.0,0.0,3498000000.0,26940000000.0,3276000000.0,23664000000.0,22198726046.0,31000000.0,0.0,0.0,1875000000.0,-830000000.0,966000000.0,-4248000000.0,-32000000.0,3313000000.0,0.0,887000000.0,887000000.0,887000000.0,0.0,0.0,0.099,1476000000.0,1598000000.0,1459000000.0,0.932,1.691,25.027,24.932,29286000000.0,0.0,43.88,2.476,2.471,1421000000.0,9174000000.0,8966000000.0,8966000000.0,0.0,0.023,0.067,0.036,0.188,0.0,0.0,1.0,505896218.0,505000000,508000000.0,17.754,39956000000.0,182000000.0,411000000.0,8869000000.0,79.121,-22000000.0
5,PEG,MRY,2015-12-31,2015-12-31,2015-12-31,2021-08-09,-295000000.0,37535000000.0,36499500000.0,3494000000.0,34041000000.0,0.285,25.873,-3863000000.0,394000000.0,394000000.0,6239000000.0,1679000000.0,0.977,1.873,9932000000.0,1098000000.0,8834000000.0,9932000000.0,0.0,1214000000.0,0.0,0.04,1.56,3073000000.0,4287000000.0,0.412,4287000000.0,3073000000.0,2680000000.0,3.32,3.3,3.32,13066000000.0,12815750000.0,13066000000.0,28562664209.0,9.0,6.663,56000000.0,0.111,1.0,4176000000.0,0.401,118000000.0,393000000.0,43380000000.0,41733000000.0,976000000.0,3482000000.0,0.0,3482000000.0,24468000000.0,3575000000.0,20893000000.0,19575664209.0,-8000000.0,0.0,0.0,855000000.0,-789000000.0,15000000.0,-3942000000.0,-51000000.0,3919000000.0,0.0,1679000000.0,1679000000.0,1679000000.0,0.0,0.0,0.161,1214000000.0,2962000000.0,1369000000.0,0.47,1.498,11.659,11.654,26539000000.0,0.0,38.69,1.88,1.876,1265000000.0,9117000000.0,10415000000.0,10415000000.0,0.0,0.046,0.131,0.074,0.295,0.0,0.0,1.0,505961856.0,505000000,508000000.0,20.624,37417000000.0,476000000.0,1001000000.0,8420000000.0,74.093,-81000000.0
6,PEG,MRY,2014-12-31,2014-12-31,2014-12-31,2021-08-09,-283000000.0,35287000000.0,34115000000.0,4119000000.0,31168000000.0,0.319,24.081,-2820000000.0,402000000.0,402000000.0,7036000000.0,1518000000.0,1.184,1.896,9098000000.0,883000000.0,8215000000.0,9098000000.0,0.0,1227000000.0,0.0,0.036,1.48,2845000000.0,4072000000.0,0.374,4072000000.0,2845000000.0,2456000000.0,3.0,2.99,3.0,12185000000.0,11977500000.0,12185000000.0,29211802233.0,10.0,7.174,340000000.0,0.672,1.0,3850000000.0,0.354,100000000.0,389000000.0,40405000000.0,38996000000.0,1022000000.0,3691000000.0,0.0,3691000000.0,23101000000.0,3478000000.0,19623000000.0,20951802233.0,-91000000.0,0.0,0.0,453000000.0,-748000000.0,-359000000.0,-2892000000.0,6000000.0,3160000000.0,0.0,1518000000.0,1518000000.0,1518000000.0,0.0,0.0,0.139,1227000000.0,2623000000.0,1178000000.0,0.493,1.719,13.802,13.803,23589000000.0,0.0,41.41,1.925,1.925,1538000000.0,8227000000.0,10886000000.0,10886000000.0,0.0,0.044,0.127,0.073,0.261,0.0,0.0,1.0,505959967.0,506000000,508000000.0,21.514,35187000000.0,286000000.0,938000000.0,7705000000.0,69.54,641000000.0
7,PEG,MRY,2013-12-31,2013-12-31,2013-12-31,2021-08-09,-95000000.0,32522000000.0,32225750000.0,3614000000.0,28908000000.0,0.309,22.941,-2811000000.0,493000000.0,493000000.0,6491000000.0,1243000000.0,1.18,1.802,8703000000.0,841000000.0,7862000000.0,8703000000.0,0.0,1178000000.0,0.0,0.045,1.44,2457000000.0,3635000000.0,0.365,3635000000.0,2457000000.0,2055000000.0,2.46,2.45,2.46,11608000000.0,11247000000.0,11608000000.0,24245794834.0,10.0,6.67,347000000.0,0.686,1.0,3477000000.0,0.349,49000000.0,402000000.0,37620000000.0,37066000000.0,1024000000.0,3038000000.0,0.0,3038000000.0,20913000000.0,3063000000.0,17850000000.0,16207794834.0,114000000.0,0.0,0.0,546000000.0,-728000000.0,-243000000.0,-2801000000.0,39000000.0,3158000000.0,0.0,1243000000.0,1243000000.0,1243000000.0,0.0,0.0,0.125,1178000000.0,2299000000.0,1222000000.0,0.585,1.396,13.039,13.024,21645000000.0,0.0,32.04,1.626,1.626,1503000000.0,7457000000.0,9968000000.0,9968000000.0,0.0,0.039,0.111,0.066,0.246,0.0,0.0,1.0,505861262.0,506000000,508000000.0,19.7,32473000000.0,133000000.0,812000000.0,7324000000.0,64.176,551000000.0
8,PEG,MRY,2012-12-31,2012-12-31,2012-12-31,2021-08-09,-388000000.0,31725000000.0,30643750000.0,3869000000.0,27856000000.0,0.319,21.304,-2574000000.0,379000000.0,379000000.0,6449000000.0,1275000000.0,1.024,1.943,8202000000.0,1515000000.0,6687000000.0,8202000000.0,0.0,1054000000.0,0.0,0.046,1.42,2434000000.0,3488000000.0,0.357,3488000000.0,2434000000.0,2011000000.0,2.52,2.51,2.52,10780000000.0,10713500000.0,10780000000.0,23010074643.0,9.0,6.597,213000000.0,0.421,1.0,3332000000.0,0.341,50000000.0,423000000.0,35721000000.0,34869750000.0,1005000000.0,2887000000.0,0.0,2887000000.0,20944000000.0,3777000000.0,17167000000.0,15481074643.0,-455000000.0,0.0,0.0,159000000.0,-718000000.0,-617000000.0,-2625000000.0,24000000.0,2787000000.0,0.0,1275000000.0,1275000000.0,1275000000.0,0.0,0.0,0.13,1054000000.0,2278000000.0,1304000000.0,0.563,1.436,12.142,12.143,19736000000.0,0.0,30.6,1.583,1.583,1383000000.0,6942000000.0,9781000000.0,9781000000.0,0.0,0.042,0.119,0.07,0.249,0.0,0.0,1.0,505917472.0,506000000,507000000.0,19.33,31675000000.0,276000000.0,736000000.0,6795000000.0,62.599,92000000.0
9,PEG,MRY,2011-12-31,2011-12-31,2011-12-31,2021-08-09,-337000000.0,29821000000.0,29472750000.0,3911000000.0,25910000000.0,0.376,20.298,-2083000000.0,834000000.0,834000000.0,7361000000.0,1503000000.0,1.323,1.904,8094000000.0,633000000.0,7461000000.0,8094000000.0,0.0,982000000.0,0.0,0.042,1.37,2955000000.0,3937000000.0,0.355,3937000000.0,2955000000.0,2480000000.0,2.97,2.96,2.97,10270000000.0,10123750000.0,10270000000.0,24426919098.0,8.0,6.204,1474000000.0,2.913,1.0,3718000000.0,0.336,147000000.0,475000000.0,33977000000.0,33744250000.0,1052000000.0,2674000000.0,0.0,2674000000.0,19549000000.0,2957000000.0,16592000000.0,16699919098.0,554000000.0,687000000.0,0.0,-991000000.0,-693000000.0,-1734000000.0,-1269000000.0,148000000.0,3557000000.0,0.0,1503000000.0,1503000000.0,1503000000.0,-96000000.0,0.0,0.136,976000000.0,2742000000.0,1184000000.0,0.461,1.626,11.111,11.114,17849000000.0,0.0,33.01,1.507,1.507,1256000000.0,6385000000.0,11079000000.0,11079000000.0,0.0,0.051,0.148,0.088,0.267,0.0,0.0,1.0,505904850.0,505949000,506982000.0,21.897,29674000000.0,16000000.0,977000000.0,5950000000.0,58.65,954000000.0
10,PEG,MRY,2010-12-31,2010-12-31,2010-12-31,2021-08-09,-156000000.0,29909000000.0,29132500000.0,5051000000.0,24858000000.0,0.405,19.038,-2160000000.0,280000000.0,280000000.0,7901000000.0,1564000000.0,1.449,2.104,9004000000.0,1185000000.0,7819000000.0,9004000000.0,0.0,974000000.0,0.0,0.043,1.37,3095000000.0,4069000000.0,0.345,4069000000.0,3095000000.0,2623000000.0,3.09,3.08,3.09,9633000000.0,9379250000.0,9633000000.0,24917760031.0,8.0,6.124,4000000.0,0.008,1.0,3892000000.0,0.33,152000000.0,472000000.0,34996000000.0,34468250000.0,1025000000.0,1644000000.0,0.0,1644000000.0,20268000000.0,3485000000.0,16783000000.0,16093760031.0,-70000000.0,0.0,0.0,258000000.0,-693000000.0,-565000000.0,-1669000000.0,472000000.0,2164000000.0,0.0,1564000000.0,1564000000.0,1564000000.0,-7000000.0,0.0,0.133,955000000.0,2937000000.0,1176000000.0,0.443,1.671,10.29,10.294,16390000000.0,0.0,31.81,1.365,1.365,1787000000.0,5575000000.0,11793000000.0,11793000000.0,0.0,0.054,0.167,0.09,0.262,0.0,0.0,1.0,505933984.0,505985000,507045000.0,23.307,29757000000.0,732000000.0,1059000000.0,5426000000.0,58.81,1566000000.0
11,PEG,MRY,2009-12-31,2009-12-31,2009-12-31,2021-08-09,-116000000.0,28678000000.0,28793500000.0,4290000000.0,24388000000.0,0.418,17.368,-1794000000.0,350000000.0,350000000.0,8100000000.0,1592000000.0,1.277,2.262,8696000000.0,1051000000.0,7645000000.0,8696000000.0,0.0,838000000.0,0.0,0.04,1.33,3155000000.0,3993000000.0,0.332,3993000000.0,3155000000.0,2634000000.0,3.15,3.14,3.15,8788000000.0,8507750000.0,8788000000.0,25150849098.0,8.0,6.299,61000000.0,0.121,1.0,3935000000.0,0.327,139000000.0,521000000.0,33525000000.0,33563750000.0,1141000000.0,2049000000.0,0.0,2049000000.0,19880000000.0,3360000000.0,16520000000.0,16823849098.0,29000000.0,0.0,0.0,-359000000.0,-673000000.0,-1034000000.0,-792000000.0,851000000.0,1855000000.0,0.0,1592000000.0,1592000000.0,1592000000.0,2000000.0,0.0,0.132,819000000.0,3116000000.0,1075000000.0,0.422,1.914,10.568,10.556,14886000000.0,0.0,33.25,1.398,1.398,1635000000.0,4704000000.0,12035000000.0,12035000000.0,0.0,0.055,0.187,0.094,0.262,0.0,0.0,1.0,505980424.0,505986000,507064000.0,23.785,28539000000.0,0.0,1042000000.0,4679000000.0,56.403,930000000.0
12,PEG,MRY,2008-12-31,2008-12-31,2008-12-31,2021-08-09,-177000000.0,29049000000.0,28351250000.0,3999000000.0,25050000000.0,0.445,15.306,-1771000000.0,321000000.0,321000000.0,9350000000.0,1188000000.0,1.173,2.737,9057000000.0,1052000000.0,8005000000.0,9057000000.0,0.0,793000000.0,0.0,0.044,1.29,2642000000.0,3435000000.0,0.272,3435000000.0,2642000000.0,2076000000.0,2.34,2.34,2.34,7771000000.0,7342500000.0,7771000000.0,23765794155.0,9.0,6.919,574000000.0,1.131,1.0,3259000000.0,0.258,69000000.0,566000000.0,34306000000.0,33329750000.0,1255000000.0,2813000000.0,118000000.0,2695000000.0,21267000000.0,3410000000.0,17857000000.0,14762794155.0,-59000000.0,925000000.0,-92000000.0,-867000000.0,-655000000.0,-1629000000.0,-775000000.0,44000000.0,2345000000.0,0.0,1188000000.0,1188000000.0,1188000000.0,-270000000.0,0.0,0.094,775000000.0,2484000000.0,1227000000.0,0.551,1.9,12.427,12.466,14433000000.0,0.0,29.17,1.171,1.175,1852000000.0,3773000000.0,12609000000.0,12609000000.0,0.0,0.042,0.162,0.079,0.21,0.0,0.0,1.0,506095103.0,507693000,508427000.0,24.836,28980000000.0,0.0,888000000.0,5114000000.0,57.082,589000000.0
13,PEG,MRY,2007-12-31,2007-12-31,2007-12-31,2021-08-09,-216000000.0,28299000000.0,28508000000.0,4974000000.0,23325000000.0,0.445,14.381,-1293000000.0,380000000.0,380000000.0,9057000000.0,1335000000.0,1.164,2.877,9846000000.0,1188000000.0,8658000000.0,9846000000.0,0.0,802000000.0,0.0,0.024,1.17,3126000000.0,3928000000.0,0.31,3928000000.0,3126000000.0,2399000000.0,2.63,2.62,2.63,7299000000.0,7017750000.0,7299000000.0,35768726705.0,11.0,9.106,628000000.0,1.237,1.0,3620000000.0,0.286,51000000.0,727000000.0,33439000000.0,34841750000.0,1084000000.0,3335000000.0,114000000.0,3221000000.0,21000000000.0,4275000000.0,16725000000.0,24983726705.0,280000000.0,600000000.0,83000000.0,-1158000000.0,-594000000.0,-1650000000.0,9000000.0,720000000.0,1921000000.0,0.0,1335000000.0,1335000000.0,1335000000.0,-10000000.0,0.0,0.105,774000000.0,2846000000.0,1080000000.0,0.445,3.423,18.714,18.677,13196000000.0,0.0,49.12,1.971,1.967,1890000000.0,3261000000.0,12677000000.0,12677000000.0,0.0,0.047,0.19,0.09,0.247,0.0,0.0,1.0,508626358.0,507560000,508813000.0,24.976,28248000000.0,0.0,1064000000.0,5182000000.0,55.655,699000000.0
14,PEG,MRY,2006-12-31,2006-12-31,2006-12-31,2021-08-09,-108000000.0,28552000000.0,28595250000.0,4777000000.0,23775000000.0,0.41,13.404,-1009000000.0,106000000.0,106000000.0,8937000000.0,739000000.0,1.286,3.232,11317000000.0,1217000000.0,10100000000.0,11317000000.0,0.0,850000000.0,0.0,0.034,1.14,1984000000.0,2834000000.0,0.241,2834000000.0,1984000000.0,1196000000.0,1.47,1.46,1.47,6747000000.0,6621250000.0,6747000000.0,28385258572.0,14.0,10.016,917000000.0,1.822,1.0,2798000000.0,0.238,62000000.0,788000000.0,35985000000.0,36332250000.0,1123000000.0,3947000000.0,79000000.0,3868000000.0,21805000000.0,3716000000.0,18089000000.0,16741258572.0,-153000000.0,494000000.0,83000000.0,-1317000000.0,-574000000.0,-1835000000.0,-243000000.0,269000000.0,1926000000.0,-1000000.0,739000000.0,739000000.0,739000000.0,206000000.0,0.0,0.063,808000000.0,1990000000.0,916000000.0,0.776,2.481,22.654,22.578,12418000000.0,0.0,33.19,1.427,1.424,1585000000.0,2710000000.0,11735000000.0,11735000000.0,0.0,0.026,0.112,0.055,0.169,0.0,0.0,1.0,504406706.0,503356000,504628000.0,23.314,28490000000.0,0.0,457000000.0,4587000000.0,56.6,1061000000.0
15,PEG,MRY,2005-12-31,2005-12-31,2005-12-31,2021-08-09,-609000000.0,29821000000.0,29323500000.0,5496000000.0,24325000000.0,0.404,12.53,-1042000000.0,288000000.0,288000000.0,9247000000.0,661000000.0,1.156,3.952,12915000000.0,1636000000.0,11279000000.0,12915000000.0,0.0,767000000.0,0.0,0.034,1.12,1976000000.0,2743000000.0,0.231,2743000000.0,1976000000.0,1210000000.0,1.38,1.35,1.38,6022000000.0,5710000000.0,6022000000.0,28907079377.0,15.0,10.538,-93000000.0,-0.194,1.0,2602000000.0,0.22,600000000.0,766000000.0,37093000000.0,37708000000.0,1081000000.0,4153000000.0,76000000.0,4077000000.0,23799000000.0,4755000000.0,19044000000.0,15547079377.0,8000000.0,533000000.0,533000000.0,-487000000.0,-541000000.0,-542000000.0,-400000000.0,146000000.0,949000000.0,1000000.0,661000000.0,661000000.0,661000000.0,159000000.0,0.0,0.056,714000000.0,1888000000.0,1154000000.0,0.812,2.582,23.521,23.54,12676000000.0,0.0,32.485,1.312,1.318,2330000000.0,2545000000.0,11849000000.0,11849000000.0,0.0,0.023,0.116,0.052,0.167,0.0,0.0,1.0,478592562.0,480594000,488812000.0,24.655,29221000000.0,0.0,549000000.0,4389000000.0,60.802,741000000.0
16,PEG,MRY,2004-12-31,2004-12-31,2004-12-31,2021-08-09,-272000000.0,29260000000.0,28211000000.0,4626000000.0,24634000000.0,0.376,12.119,-1234000000.0,263000000.0,263000000.0,8110000000.0,726000000.0,1.19,4.094,13627000000.0,1014000000.0,12613000000.0,13627000000.0,0.0,721000000.0,0.0,0.042,1.1,1984000000.0,2705000000.0,0.255,2705000000.0,1984000000.0,1210000000.0,1.53,1.525,1.53,5744000000.0,5561250000.0,5744000000.0,26088337298.0,13.0,9.644,371000000.0,0.783,1.0,2500000000.0,0.236,622000000.0,774000000.0,38113000000.0,37531750000.0,872000000.0,4222000000.0,41000000.0,4181000000.0,23516000000.0,3889000000.0,19627000000.0,12306337298.0,-179000000.0,428000000.0,83000000.0,-534000000.0,-522000000.0,-1029000000.0,-756000000.0,18000000.0,1605000000.0,1000000.0,726000000.0,726000000.0,726000000.0,69000000.0,0.0,0.068,683000000.0,1817000000.0,1349000000.0,0.719,2.142,16.951,16.918,12858000000.0,0.0,25.885,1.16,1.156,1930000000.0,2425000000.0,10610000000.0,10610000000.0,0.0,0.026,0.131,0.053,0.187,0.0,0.0,1.0,475423500.0,473968000,476572000.0,22.385,28638000000.0,0.0,484000000.0,4411000000.0,60.422,737000000.0
17,PEG,MRY,2003-12-31,2003-12-31,2003-12-31,2021-08-09,-201000000.0,28084000000.0,26938250000.0,3665000000.0,24419000000.0,0.409,12.113,-1377000000.0,452000000.0,452000000.0,8535000000.0,1160000000.0,1.086,4.079,13972000000.0,1027000000.0,12945000000.0,13972000000.0,0.0,526000000.0,0.0,0.049,1.08,2454000000.0,2980000000.0,0.271,2980000000.0,2454000000.0,1629000000.0,2.54,2.535,2.54,5529000000.0,4905250000.0,5529000000.0,24618017680.0,10.0,8.261,117000000.0,0.256,1.0,2471000000.0,0.225,625000000.0,825000000.0,37603000000.0,35805250000.0,754000000.0,4847000000.0,37000000.0,4810000000.0,22555000000.0,3376000000.0,19179000000.0,10300017680.0,297000000.0,-7000000.0,441000000.0,595000000.0,-493000000.0,302000000.0,-1501000000.0,-3000000.0,1494000000.0,2000000.0,1160000000.0,1160000000.0,1160000000.0,47000000.0,0.0,0.105,516000000.0,1955000000.0,1202000000.0,0.425,1.863,8.879,8.622,12415000000.0,0.0,21.9,0.936,0.908,1812000000.0,2221000000.0,11006000000.0,11006000000.0,0.0,0.043,0.236,0.069,0.223,0.0,0.0,1.0,470320442.0,456444000,457648000.0,24.112,27459000000.0,0.0,469000000.0,4229000000.0,60.159,289000000.0
18,PEG,MRY,2002-12-31,2002-12-31,2002-12-31,2021-08-09,-739000000.0,26135000000.0,25615750000.0,3289000000.0,22846000000.0,0.321,9.31,-1620000000.0,171000000.0,171000000.0,5740000000.0,235000000.0,0.817,5.727,13728000000.0,1490000000.0,12238000000.0,13728000000.0,0.0,565000000.0,0.0,0.067,1.08,1308000000.0,1873000000.0,0.228,1873000000.0,1308000000.0,489000000.0,0.565,0.565,0.565,3885000000.0,3822750000.0,3885000000.0,19534764891.0,15.0,10.43,-385000000.0,-0.923,1.0,2480000000.0,0.302,652000000.0,819000000.0,35013000000.0,33596750000.0,616000000.0,4468000000.0,0.0,4468000000.0,22250000000.0,4027000000.0,18223000000.0,6654764891.0,-18000000.0,-110000000.0,536000000.0,-207000000.0,-456000000.0,496000000.0,-1736000000.0,0.0,1235000000.0,-13000000.0,235000000.0,235000000.0,235000000.0,49000000.0,0.0,0.029,565000000.0,1915000000.0,1137000000.0,1.912,1.713,28.318,28.407,11640000000.0,0.0,16.05,0.81,0.815,1679000000.0,1554000000.0,8220000000.0,8220000000.0,0.0,0.009,0.061,0.039,0.159,0.0,0.0,1.0,414627096.0,417294000,417626000.0,19.698,25483000000.0,0.0,254000000.0,3132000000.0,61.067,-738000000.0
19,PEG,MRY,2001-12-31,2001-12-31,2001-12-31,2021-08-09,-290000000.0,25156000000.0,23847750000.0,3289000000.0,21867000000.0,0.289,9.957,-2029000000.0,179000000.0,179000000.0,4651000000.0,764000000.0,0.723,5.081,12715000000.0,2523000000.0,10192000000.0,12715000000.0,0.0,495000000.0,0.0,0.064,1.35,1913000000.0,2408000000.0,0.35,2408000000.0,1913000000.0,1137000000.0,1.835,1.835,1.835,4137000000.0,4119250000.0,4137000000.0,20718214906.0,11.0,8.604,-860000000.0,-2.07,1.0,2232000000.0,0.324,632000000.0,776000000.0,32514000000.0,30946000000.0,681000000.0,4768000000.0,0.0,4768000000.0,21019000000.0,4546000000.0,16473000000.0,8753214906.0,71000000.0,-1283000000.0,-91000000.0,3441000000.0,-448000000.0,2389000000.0,-3487000000.0,0.0,1169000000.0,0.0,764000000.0,764000000.0,764000000.0,12000000.0,0.0,0.111,495000000.0,1737000000.0,871000000.0,0.736,2.116,11.457,11.496,9911000000.0,0.0,21.095,1.272,1.273,1283000000.0,1809000000.0,6883000000.0,6883000000.0,0.0,0.032,0.185,0.062,0.278,0.0,0.0,1.0,414942636.0,415474000,416452000.0,16.567,24524000000.0,0.0,373000000.0,3448000000.0,59.027,-1257000000.0
20,PEG,MRY,2000-12-31,2000-12-31,2000-12-31,2021-08-09,-206000000.0,21526000000.0,19958500000.0,3139000000.0,18387000000.0,0.327,9.288,-815000000.0,103000000.0,103000000.0,4264000000.0,764000000.0,0.55,4.387,8849000000.0,3552000000.0,5297000000.0,8849000000.0,0.0,350000000.0,0.0,0.044,1.08,1831000000.0,2181000000.0,0.334,2181000000.0,1831000000.0,1260000000.0,1.775,1.775,1.775,3996000000.0,4109500000.0,3996000000.0,18460588970.0,10.0,8.464,375000000.0,0.872,1.0,2257000000.0,0.346,78000000.0,571000000.0,24482000000.0,23116750000.0,586000000.0,4545000000.0,0.0,4545000000.0,17530000000.0,5712000000.0,11818000000.0,10426588970.0,-163000000.0,-732000000.0,-298000000.0,1077000000.0,-464000000.0,278000000.0,-1631000000.0,0.0,1190000000.0,0.0,764000000.0,764000000.0,764000000.0,12000000.0,0.0,0.117,350000000.0,1907000000.0,1001000000.0,0.608,2.609,13.647,13.699,7681000000.0,0.0,24.315,1.599,1.604,1522000000.0,1493000000.0,6521000000.0,6521000000.0,0.0,0.038,0.186,0.079,0.281,0.0,0.0,1.0,428813036.0,430242000,430242000.0,15.157,21448000000.0,0.0,496000000.0,3107000000.0,49.851,-2573000000.0
21,PEG,MRY,1999-12-31,1999-12-31,1999-12-31,2021-08-09,-204000000.0,19015000000.0,18430500000.0,2043000000.0,16972000000.0,0.452,9.09,-582000000.0,259000000.0,259000000.0,5928000000.0,-81000000.0,0.489,3.759,7620000000.0,3045000000.0,4575000000.0,7620000000.0,0.0,536000000.0,0.0,0.062,1.08,972000000.0,1508000000.0,0.181,1508000000.0,972000000.0,482000000.0,-0.185,-0.185,-0.185,3996000000.0,4218250000.0,3996000000.0,14593163780.0,15.0,9.677,846000000.0,1.924,1.0,2399000000.0,0.288,0.0,490000000.0,22199000000.0,22147250000.0,441000000.0,3848000000.0,0.0,3848000000.0,15019000000.0,4177000000.0,10842000000.0,7609163780.0,120000000.0,-49000000.0,-400000000.0,1383000000.0,-474000000.0,520000000.0,-1828000000.0,-1127000000.0,1428000000.0,0.0,-81000000.0,-81000000.0,-81000000.0,0.0,0.0,-0.01,536000000.0,1863000000.0,738000000.0,-5.838,1.904,-93.94,-94.081,7066000000.0,0.0,17.405,0.914,0.919,1218000000.0,1193000000.0,8327000000.0,8327000000.0,0.0,-0.004,-0.019,0.044,0.117,0.0,0.0,1.0,437182636.0,439628000,439628000.0,18.941,19015000000.0,0.0,563000000.0,2928000000.0,43.252,-2134000000.0
22,PEG,MRY,1998-12-31,1998-12-31,1998-12-31,2021-08-09,-46000000.0,17991000000.0,17919750000.0,1661000000.0,16330000000.0,0.335,11.036,-531000000.0,139000000.0,139000000.0,3746000000.0,644000000.0,0.676,2.529,6237000000.0,1474000000.0,4763000000.0,6237000000.0,0.0,660000000.0,0.0,0.054,1.08,1542000000.0,2202000000.0,0.366,2202000000.0,1542000000.0,1072000000.0,1.395,1.395,1.395,5098000000.0,5201250000.0,5098000000.0,16281100320.0,11.0,7.394,968000000.0,2.095,1.0,2264000000.0,0.377,0.0,470000000.0,21632000000.0,22074750000.0,498000000.0,3029000000.0,0.0,3029000000.0,12893000000.0,2457000000.0,10436000000.0,9129100320.0,56000000.0,0.0,-207000000.0,-463000000.0,-499000000.0,-695000000.0,-748000000.0,-92000000.0,1499000000.0,0.0,644000000.0,644000000.0,644000000.0,0.0,0.0,0.107,660000000.0,1604000000.0,684000000.0,0.774,1.791,14.176,14.337,10935000000.0,0.0,20.0,1.519,1.537,928000000.0,1748000000.0,6010000000.0,6010000000.0,0.0,0.036,0.124,0.07,0.257,0.0,0.0,1.0,456455016.0,461948000,461948000.0,13.01,17991000000.0,0.0,428000000.0,3701000000.0,38.946,-796000000.0
23,PEG,MRY,1997-12-31,1997-12-31,1997-12-31,2021-08-09,-15000000.0,17943000000.0,17429000000.0,1663000000.0,16280000000.0,0.354,11.231,-536000000.0,83000000.0,83000000.0,4096000000.0,560000000.0,0.588,2.443,7226000000.0,1788000000.0,5438000000.0,7226000000.0,0.0,630000000.0,0.0,0.068,1.08,1294000000.0,1924000000.0,0.311,1924000000.0,1294000000.0,844000000.0,1.205,1.205,1.205,5211000000.0,5212000000.0,5211000000.0,,,,648000000.0,1.397,1.0,2081000000.0,0.337,0.0,450000000.0,22259000000.0,21429500000.0,310000000.0,2873000000.0,0.0,2873000000.0,12732000000.0,2827000000.0,9905000000.0,7378571510.0,-195000000.0,0.0,-43000000.0,964000000.0,-501000000.0,392000000.0,-1771000000.0,-1078000000.0,1184000000.0,0.0,560000000.0,560000000.0,560000000.0,0.0,0.0,0.091,630000000.0,1451000000.0,686000000.0,0.896,1.416,13.176,13.199,11050000000.0,0.0,15.905,1.195,1.195,1083000000.0,1623000000.0,6177000000.0,6177000000.0,0.0,0.032,0.107,0.06,0.209,0.0,0.0,1.0,463915216.0,463972000,463972000.0,13.313,17943000000.0,725000000.0,284000000.0,3737000000.0,38.673,-1164000000.0
24,PEG,MRY,1996-12-31,1996-12-31,1996-12-31,2021-08-09,0.0,16915000000.0,,1744000000.0,15171000000.0,,10.753,-586000000.0,279000000.0,279000000.0,3408000000.0,612000000.0,0.768,2.245,6236000000.0,1186000000.0,5050000000.0,6236000000.0,0.0,607000000.0,0.0,0.079,1.08,1958000000.0,2565000000.0,0.425,2565000000.0,1958000000.0,1505000000.0,1.26,1.26,1.26,5213000000.0,,5213000000.0,,,,884000000.0,1.823,1.0,2633000000.0,0.436,0.0,453000000.0,20600000000.0,,313000000.0,1854000000.0,0.0,1854000000.0,11702000000.0,2272000000.0,9430000000.0,,217000000.0,704000000.0,-307000000.0,-363000000.0,-523000000.0,-1244000000.0,-9000000.0,5000000.0,1470000000.0,0.0,612000000.0,612000000.0,612000000.0,-24000000.0,0.0,0.101,683000000.0,1950000000.0,697000000.0,0.857,,,10.813,11179000000.0,0.0,13.625,,1.093,993000000.0,1586000000.0,6041000000.0,6041000000.0,0.0,,,,0.324,0.0,0.0,1.0,,484802000,484802000.0,12.461,16915000000.0,752000000.0,893000000.0,3611000000.0,34.891,-528000000.0
25,PEG,MRY,1995-12-31,1995-12-31,1995-12-31,2021-08-09,,,,,,,,-680000000.0,,,2167000000.0,662000000.0,,,,,,,,597000000.0,,0.071,1.08,1464000000.0,2061000000.0,0.35,2061000000.0,1464000000.0,1000000000.0,1.355,1.355,1.355,,,,,,,838000000.0,1.712,1.0,3726000000.0,0.632,,464000000.0,,,,,,,,,,,-3000000.0,0.0,0.0,-56000000.0,-528000000.0,-586000000.0,-935000000.0,-66000000.0,1518000000.0,0.0,662000000.0,662000000.0,662000000.0,-35000000.0,0.0,0.112,2295000000.0,1431000000.0,,0.797,,,11.303,,0.0,15.315,,1.272,,,5893000000.0,5893000000.0,0.0,,,,0.248,0.0,0.0,1.0,,489396000,489396000.0,12.041,,,338000000.0,,,
0,PEG,MRQ,2021-06-30,2021-06-30,2021-06-30,2021-08-09,-522000000.0,49292000000.0,,3201000000.0,46091000000.0,,31.504,-105000000.0,107000000.0,107000000.0,1389000000.0,-177000000.0,0.713,2.104,17349000000.0,1795000000.0,15554000000.0,17349000000.0,0.0,322000000.0,0.0,0.033,0.51,-92000000.0,230000000.0,0.123,230000000.0,-92000000.0,-239000000.0,-0.35,-0.35,-0.35,15878000000.0,,15878000000.0,47078357636.0,20.0,12.817,-83000000.0,-0.165,1.0,485000000.0,0.259,122000000.0,147000000.0,61920000000.0,,819000000.0,4175000000.0,0.0,4175000000.0,33414000000.0,4492000000.0,28922000000.0,30197357636.0,-697000000.0,0.0,0.0,-299000000.0,-258000000.0,-550000000.0,-169000000.0,4000000.0,22000000.0,0.0,-177000000.0,-177000000.0,-177000000.0,0.0,0.0,-0.094,779000000.0,-294000000.0,1146000000.0,-1.457,1.902,20.445,20.32,37258000000.0,0.0,59.74,3.167,3.158,1615000000.0,12273000000.0,1874000000.0,1874000000.0,0.0,,,,,0.0,0.0,1.0,505479706.0,504000000,504000000.0,3.718,49170000000.0,56000000.0,-62000000.0,6544000000.0,97.56,-1291000000.0
1,PEG,MRQ,2021-03-31,2021-03-31,2021-03-31,2021-08-09,-542000000.0,50206000000.0,,3595000000.0,46611000000.0,,32.296,-633000000.0,803000000.0,803000000.0,1807000000.0,648000000.0,0.791,2.084,17684000000.0,2094000000.0,15590000000.0,17684000000.0,0.0,341000000.0,0.0,0.033,0.51,911000000.0,1252000000.0,0.433,1252000000.0,911000000.0,765000000.0,1.29,1.28,1.29,16277000000.0,,16277000000.0,47363654889.0,15.0,10.598,394000000.0,0.782,1.0,1082000000.0,0.375,163000000.0,146000000.0,62378000000.0,,738000000.0,3987000000.0,0.0,3987000000.0,33929000000.0,4546000000.0,29383000000.0,30411654889.0,269000000.0,0.0,0.0,202000000.0,-258000000.0,-134000000.0,-624000000.0,2000000.0,1027000000.0,0.0,648000000.0,648000000.0,648000000.0,0.0,0.0,0.224,341000000.0,741000000.0,984000000.0,0.395,1.868,14.447,14.404,38041000000.0,0.0,60.21,3.132,3.125,1663000000.0,12708000000.0,2889000000.0,2889000000.0,0.0,,,,,0.0,0.0,1.0,505093089.0,504000000,507000000.0,5.732,50043000000.0,50000000.0,117000000.0,6871000000.0,99.292,-951000000.0
2,PEG,MRQ,2020-12-31,2020-12-31,2020-12-31,2021-08-09,-504000000.0,50050000000.0,,3630000000.0,46420000000.0,,31.714,-830000000.0,543000000.0,543000000.0,1641000000.0,431000000.0,0.657,2.131,17495000000.0,2747000000.0,14748000000.0,17495000000.0,0.0,329000000.0,0.0,0.034,0.49,700000000.0,1029000000.0,0.428,1029000000.0,700000000.0,553000000.0,0.85,0.85,0.85,15984000000.0,,15984000000.0,45969937934.0,16.0,10.982,-245000000.0,-0.486,1.0,761000000.0,0.317,158000000.0,147000000.0,61322000000.0,,878000000.0,3982000000.0,0.0,3982000000.0,34066000000.0,5522000000.0,28544000000.0,29490937934.0,-427000000.0,0.0,0.0,54000000.0,-248000000.0,-191000000.0,-821000000.0,5000000.0,585000000.0,0.0,431000000.0,431000000.0,431000000.0,0.0,0.0,0.179,328000000.0,433000000.0,1332000000.0,0.576,1.845,15.481,15.423,37847000000.0,0.0,58.3,3.071,3.06,1639000000.0,12318000000.0,2402000000.0,2402000000.0,0.0,,,,,0.0,0.0,1.0,505847992.0,504000000,507000000.0,4.766,49892000000.0,63000000.0,122000000.0,6714000000.0,98.992,-1892000000.0
3,PEG,MRQ,2020-09-30,2020-09-30,2020-09-30,2021-08-09,-452000000.0,49576000000.0,,4023000000.0,45553000000.0,,31.421,-378000000.0,966000000.0,966000000.0,1542000000.0,575000000.0,0.765,2.131,17445000000.0,2393000000.0,15052000000.0,17445000000.0,0.0,317000000.0,0.0,0.035,0.49,845000000.0,1162000000.0,0.49,1162000000.0,845000000.0,696000000.0,1.15,1.14,1.15,15836000000.0,,15836000000.0,44441039117.0,15.0,10.673,475000000.0,0.942,1.0,828000000.0,0.349,228000000.0,149000000.0,60567000000.0,,917000000.0,3797000000.0,0.0,3797000000.0,33740000000.0,5260000000.0,28480000000.0,27771039117.0,532000000.0,0.0,0.0,360000000.0,-248000000.0,101000000.0,-422000000.0,0.0,853000000.0,0.0,575000000.0,575000000.0,575000000.0,0.0,0.0,0.243,195000000.0,633000000.0,1332000000.0,0.426,1.754,14.532,14.488,37319000000.0,0.0,54.91,2.869,2.859,1474000000.0,12135000000.0,2370000000.0,2370000000.0,0.0,,,,,0.0,0.0,1.0,505755584.0,504000000,507000000.0,4.702,49348000000.0,102000000.0,121000000.0,6682000000.0,97.913,-1237000000.0
4,PEG,MRQ,2020-06-30,2020-06-30,2020-06-30,2021-08-09,-455000000.0,48780000000.0,,3742000000.0,45038000000.0,,30.736,-694000000.0,431000000.0,431000000.0,1328000000.0,451000000.0,0.647,2.149,17101000000.0,3258000000.0,13843000000.0,17101000000.0,0.0,315000000.0,0.0,0.039,0.49,711000000.0,1026000000.0,0.5,1026000000.0,711000000.0,560000000.0,0.89,0.89,0.89,15491000000.0,,15491000000.0,41090541124.0,16.0,10.566,-183000000.0,-0.363,1.0,722000000.0,0.352,185000000.0,151000000.0,59482000000.0,,816000000.0,3859000000.0,0.0,3859000000.0,33289000000.0,5783000000.0,27506000000.0,24856541124.0,-375000000.0,0.0,0.0,72000000.0,-247000000.0,-177000000.0,-709000000.0,-11000000.0,511000000.0,0.0,451000000.0,451000000.0,451000000.0,0.0,0.0,0.22,315000000.0,407000000.0,1135000000.0,0.551,1.605,14.294,14.291,36824000000.0,0.0,49.16,2.586,2.578,1431000000.0,11808000000.0,2050000000.0,2050000000.0,0.0,,,,,0.0,0.0,1.0,505625328.0,504000000,507000000.0,4.067,48595000000.0,154000000.0,109000000.0,6694000000.0,96.419,-2041000000.0
5,PEG,MRQ,2020-03-31,2020-03-31,2020-03-31,2021-08-09,-481000000.0,48365000000.0,,3727000000.0,44638000000.0,,30.256,-720000000.0,799000000.0,799000000.0,1660000000.0,448000000.0,0.722,2.172,17033000000.0,2727000000.0,14306000000.0,17033000000.0,0.0,324000000.0,0.0,0.042,0.49,645000000.0,969000000.0,0.348,969000000.0,645000000.0,492000000.0,0.89,0.88,0.89,15249000000.0,,15249000000.0,39034263495.0,18.0,11.347,433000000.0,0.859,1.0,1121000000.0,0.403,165000000.0,153000000.0,59274000000.0,,776000000.0,3638000000.0,0.0,3638000000.0,33116000000.0,5160000000.0,27956000000.0,22685263495.0,666000000.0,0.0,0.0,547000000.0,-248000000.0,237000000.0,-724000000.0,-10000000.0,1153000000.0,0.0,448000000.0,448000000.0,448000000.0,0.0,0.0,0.161,324000000.0,797000000.0,1172000000.0,0.551,1.488,15.743,15.758,36480000000.0,0.0,44.91,2.297,2.292,1450000000.0,11604000000.0,2781000000.0,2781000000.0,0.0,,,,,0.0,0.0,1.0,505127221.0,504000000,507000000.0,5.518,48200000000.0,152000000.0,44000000.0,6614000000.0,95.635,-1433000000.0
6,PEG,MRQ,2019-12-31,2019-12-31,2019-12-31,2021-08-09,-489000000.0,47730000000.0,,3231000000.0,44499000000.0,,29.938,-783000000.0,147000000.0,147000000.0,1651000000.0,437000000.0,0.64,2.163,16496000000.0,2480000000.0,14016000000.0,16496000000.0,0.0,320000000.0,0.0,0.032,0.47,687000000.0,1007000000.0,0.406,1007000000.0,687000000.0,535000000.0,0.86,0.86,0.86,15089000000.0,,15089000000.0,45868147758.0,18.0,12.176,-113000000.0,-0.224,1.0,827000000.0,0.334,149000000.0,152000000.0,58883000000.0,,897000000.0,3841000000.0,0.0,3841000000.0,32641000000.0,5047000000.0,27594000000.0,29863147758.0,20000000.0,0.0,0.0,369000000.0,-237000000.0,136000000.0,-786000000.0,1000000.0,670000000.0,0.0,437000000.0,437000000.0,437000000.0,0.0,0.0,0.176,320000000.0,507000000.0,1358000000.0,0.547,1.979,17.639,17.627,36126000000.0,0.0,59.05,2.964,2.954,1552000000.0,11406000000.0,2478000000.0,2478000000.0,0.0,,,,,0.0,0.0,1.0,505726465.0,504000000,507000000.0,4.917,47581000000.0,171000000.0,98000000.0,6479000000.0,94.407,-1816000000.0
7,PEG,MRQ,2019-09-30,2019-09-30,2019-09-30,2021-08-09,-438000000.0,46815000000.0,,3059000000.0,43756000000.0,,29.613,-709000000.0,120000000.0,120000000.0,1498000000.0,403000000.0,0.752,2.137,16125000000.0,1402000000.0,14723000000.0,16125000000.0,0.0,307000000.0,0.0,0.03,0.47,580000000.0,887000000.0,0.385,887000000.0,580000000.0,433000000.0,0.8,0.79,0.8,14925000000.0,,14925000000.0,47302910319.0,22.0,13.917,176000000.0,0.349,1.0,804000000.0,0.349,204000000.0,147000000.0,58549000000.0,,925000000.0,3586000000.0,0.0,3586000000.0,31890000000.0,4067000000.0,27823000000.0,31389910319.0,41000000.0,0.0,0.0,131000000.0,-238000000.0,-107000000.0,-737000000.0,-10000000.0,885000000.0,0.0,403000000.0,403000000.0,403000000.0,0.0,0.0,0.175,314000000.0,490000000.0,1244000000.0,0.588,2.103,21.574,21.556,35692000000.0,0.0,62.08,3.118,3.108,1345000000.0,11206000000.0,2302000000.0,2302000000.0,0.0,,,,,0.0,0.0,1.0,505636442.0,504000000,507000000.0,4.567,46611000000.0,150000000.0,30000000.0,6345000000.0,92.482,-1008000000.0
8,PEG,MRQ,2019-06-30,2019-06-30,2019-06-30,2021-08-09,-432000000.0,46280000000.0,,3156000000.0,43124000000.0,,29.274,-809000000.0,82000000.0,82000000.0,1454000000.0,153000000.0,0.793,2.137,15995000000.0,1421000000.0,14574000000.0,15995000000.0,0.0,307000000.0,0.0,0.031,0.47,270000000.0,577000000.0,0.249,577000000.0,270000000.0,133000000.0,0.3,0.3,0.3,14754000000.0,,14754000000.0,45181420422.0,20.0,13.051,-203000000.0,-0.403,1.0,862000000.0,0.372,178000000.0,137000000.0,58033000000.0,,809000000.0,3600000000.0,0.0,3600000000.0,31526000000.0,3982000000.0,27544000000.0,29729420422.0,19000000.0,0.0,0.0,464000000.0,-237000000.0,219000000.0,-806000000.0,-8000000.0,606000000.0,0.0,153000000.0,153000000.0,153000000.0,0.0,0.0,0.066,702000000.0,160000000.0,1153000000.0,1.567,2.015,20.307,20.283,35159000000.0,0.0,58.82,2.927,2.918,1311000000.0,11041000000.0,2316000000.0,2316000000.0,0.0,,,,,0.0,0.0,1.0,505430473.0,504000000,507000000.0,4.595,46102000000.0,150000000.0,-20000000.0,6239000000.0,91.472,-826000000.0
9,PEG,MRQ,2019-03-31,2019-03-31,2019-03-31,2021-08-09,-441000000.0,45756000000.0,,3027000000.0,42729000000.0,,29.393,-795000000.0,65000000.0,65000000.0,1880000000.0,700000000.0,0.677,2.089,15517000000.0,2051000000.0,13466000000.0,15517000000.0,0.0,314000000.0,0.0,0.031,0.47,982000000.0,1296000000.0,0.435,1296000000.0,982000000.0,849000000.0,1.39,1.38,1.39,14814000000.0,,14814000000.0,45303022434.0,18.0,12.439,423000000.0,0.839,1.0,1100000000.0,0.369,172000000.0,133000000.0,56563000000.0,,718000000.0,3586000000.0,0.0,3586000000.0,30942000000.0,4473000000.0,26469000000.0,30002022434.0,-103000000.0,0.0,0.0,-215000000.0,-238000000.0,-505000000.0,-816000000.0,-10000000.0,1218000000.0,0.0,700000000.0,700000000.0,700000000.0,0.0,0.0,0.235,314000000.0,786000000.0,1135000000.0,0.338,2.025,18.989,18.981,35040000000.0,0.0,59.41,3.043,3.037,1642000000.0,11125000000.0,2980000000.0,2980000000.0,0.0,,,,,0.0,0.0,1.0,504999536.0,504000000,507000000.0,5.913,45584000000.0,149000000.0,149000000.0,6191000000.0,90.444,-1446000000.0
10,PEG,MRQ,2018-12-31,2018-12-31,2018-12-31,2021-08-09,-377000000.0,45326000000.0,,3507000000.0,41819000000.0,,28.526,-853000000.0,177000000.0,177000000.0,1717000000.0,199000000.0,0.711,2.153,15478000000.0,2310000000.0,13168000000.0,15478000000.0,0.0,304000000.0,0.0,0.035,0.45,335000000.0,639000000.0,0.259,639000000.0,335000000.0,200000000.0,0.39,0.39,0.39,14377000000.0,,14377000000.0,40998657406.0,18.0,11.751,-432000000.0,-0.857,1.0,751000000.0,0.304,159000000.0,135000000.0,55533000000.0,,902000000.0,3398000000.0,0.0,3398000000.0,30949000000.0,4935000000.0,26014000000.0,26308657406.0,93000000.0,0.0,0.0,697000000.0,-228000000.0,475000000.0,-803000000.0,43000000.0,421000000.0,0.0,199000000.0,199000000.0,199000000.0,0.0,0.0,0.081,250000000.0,501000000.0,1451000000.0,1.154,1.83,18.295,18.263,34363000000.0,0.0,52.05,2.713,2.706,1675000000.0,10582000000.0,2468000000.0,2468000000.0,0.0,,,,,0.0,0.0,1.0,505449710.0,504000000,507000000.0,4.897,45167000000.0,242000000.0,1000000.0,5920000000.0,89.617,-1428000000.0
11,PEG,MRQ,2018-09-30,2018-09-30,2018-09-30,2021-08-09,-407000000.0,45073000000.0,,3215000000.0,41858000000.0,,28.49,-1023000000.0,88000000.0,88000000.0,1546000000.0,412000000.0,0.717,2.139,14778000000.0,1869000000.0,12909000000.0,14778000000.0,0.0,294000000.0,0.0,0.034,0.45,656000000.0,950000000.0,0.397,950000000.0,656000000.0,529000000.0,0.82,0.81,0.82,14359000000.0,,14359000000.0,40911018380.0,17.0,11.599,-164000000.0,-0.325,1.0,848000000.0,0.354,123000000.0,127000000.0,55155000000.0,,919000000.0,3701000000.0,0.0,3701000000.0,30714000000.0,4485000000.0,26229000000.0,26676018380.0,-5000000.0,0.0,0.0,449000000.0,-227000000.0,222000000.0,-1086000000.0,-7000000.0,859000000.0,0.0,412000000.0,412000000.0,412000000.0,0.0,0.0,0.172,294000000.0,554000000.0,1317000000.0,0.549,1.858,12.153,12.108,33781000000.0,0.0,52.79,2.858,2.85,1395000000.0,10611000000.0,2394000000.0,2394000000.0,0.0,,,,,0.0,0.0,1.0,505323326.0,504000000,507000000.0,4.75,44950000000.0,225000000.0,117000000.0,5908000000.0,89.187,-1270000000.0
12,PEG,MRQ,2018-06-30,2018-06-30,2018-06-30,2021-08-09,-410000000.0,43707000000.0,,3005000000.0,40702000000.0,,28.091,-952000000.0,95000000.0,95000000.0,1325000000.0,269000000.0,0.708,2.087,14330000000.0,1820000000.0,12510000000.0,14330000000.0,0.0,280000000.0,0.0,0.033,0.45,477000000.0,757000000.0,0.375,757000000.0,477000000.0,366000000.0,0.53,0.53,0.53,14158000000.0,,14158000000.0,40900471931.0,16.0,11.437,-459000000.0,-0.911,1.0,691000000.0,0.343,143000000.0,111000000.0,53555000000.0,,792000000.0,3661000000.0,0.0,3661000000.0,29549000000.0,4244000000.0,25305000000.0,27352471931.0,-23000000.0,0.0,0.0,676000000.0,-228000000.0,438000000.0,-954000000.0,2000000.0,493000000.0,0.0,269000000.0,269000000.0,269000000.0,0.0,0.0,0.133,280000000.0,411000000.0,1348000000.0,0.849,1.932,12.559,12.532,33151000000.0,0.0,54.14,2.975,2.968,1352000000.0,10426000000.0,2016000000.0,2016000000.0,0.0,,,,,0.0,0.0,1.0,505217435.0,504000000,507000000.0,4.0,43564000000.0,111000000.0,97000000.0,5756000000.0,86.437,-1239000000.0
13,PEG,MRQ,2018-03-31,2018-03-31,2018-03-31,2021-08-09,-411000000.0,42790000000.0,,2806000000.0,39984000000.0,,27.984,-1053000000.0,118000000.0,118000000.0,1706000000.0,558000000.0,0.711,2.034,13666000000.0,1594000000.0,12072000000.0,13666000000.0,0.0,280000000.0,0.0,0.035,0.45,863000000.0,1143000000.0,0.406,1143000000.0,863000000.0,760000000.0,1.11,1.1,1.11,14104000000.0,,14104000000.0,38656378880.0,17.0,10.394,87000000.0,0.173,1.0,1112000000.0,0.395,147000000.0,103000000.0,52243000000.0,,736000000.0,3679000000.0,0.0,3679000000.0,28686000000.0,3948000000.0,24738000000.0,25359378880.0,-181000000.0,0.0,0.0,52000000.0,-227000000.0,-248000000.0,-1073000000.0,-10000000.0,1140000000.0,0.0,558000000.0,558000000.0,558000000.0,0.0,0.0,0.198,280000000.0,832000000.0,1295000000.0,0.405,1.798,12.567,12.529,32405000000.0,0.0,50.24,2.721,2.717,1516000000.0,10385000000.0,2818000000.0,2818000000.0,0.0,,,,,0.0,0.0,1.0,504764707.0,504000000,507000000.0,5.591,42643000000.0,121000000.0,202000000.0,5678000000.0,84.609,-1142000000.0
14,PEG,MRQ,2017-12-31,2017-12-31,2017-12-31,2021-08-09,-229000000.0,42716000000.0,,3312000000.0,39404000000.0,,27.42,-1144000000.0,313000000.0,313000000.0,1479000000.0,956000000.0,0.795,2.085,13610000000.0,1542000000.0,12068000000.0,13610000000.0,0.0,265000000.0,0.0,0.033,0.43,412000000.0,677000000.0,0.321,677000000.0,412000000.0,310000000.0,1.9,1.88,1.9,13847000000.0,,13847000000.0,38508997736.0,23.0,10.565,-617000000.0,-1.222,1.0,628000000.0,0.298,130000000.0,102000000.0,51715000000.0,,866000000.0,3751000000.0,0.0,3751000000.0,28869000000.0,4168000000.0,24701000000.0,26060997736.0,35000000.0,0.0,0.0,890000000.0,-218000000.0,660000000.0,-1152000000.0,-5000000.0,527000000.0,0.0,956000000.0,956000000.0,956000000.0,0.0,0.0,0.454,265000000.0,363000000.0,1694000000.0,0.226,1.882,16.557,16.506,31797000000.0,0.0,51.5,2.866,2.86,1644000000.0,9878000000.0,2107000000.0,2107000000.0,0.0,,,,,0.0,0.0,1.0,506038791.0,505000000,507000000.0,4.172,42586000000.0,127000000.0,-646000000.0,5463000000.0,84.329,-856000000.0
15,PEG,MRQ,2017-09-30,2017-09-30,2017-09-30,2021-08-09,-204000000.0,41157000000.0,,3081000000.0,38076000000.0,,25.988,-1065000000.0,278000000.0,278000000.0,1309000000.0,395000000.0,0.804,2.136,12726000000.0,1452000000.0,11274000000.0,12726000000.0,0.0,252000000.0,0.0,0.037,0.43,747000000.0,999000000.0,0.443,999000000.0,747000000.0,647000000.0,0.78,0.78,0.78,13124000000.0,,13124000000.0,35488410326.0,32.0,9.822,-87000000.0,-0.172,1.0,945000000.0,0.419,104000000.0,100000000.0,49670000000.0,,936000000.0,3547000000.0,0.0,3547000000.0,28033000000.0,3831000000.0,24202000000.0,23397410326.0,-152000000.0,0.0,0.0,202000000.0,-217000000.0,-15000000.0,-1115000000.0,-1000000.0,978000000.0,0.0,395000000.0,395000000.0,395000000.0,0.0,0.0,0.175,252000000.0,693000000.0,1305000000.0,0.551,1.783,44.995,44.471,30533000000.0,0.0,46.25,2.605,2.6,1198000000.0,9140000000.0,2254000000.0,2254000000.0,0.0,,,,,0.0,0.0,1.0,505889953.0,505000000,507000000.0,4.463,41053000000.0,127000000.0,252000000.0,9250000000.0,81.293,-750000000.0
16,PEG,MRQ,2017-06-30,2017-06-30,2017-06-30,2021-08-09,-226000000.0,40524000000.0,,3188000000.0,37336000000.0,,25.58,-919000000.0,430000000.0,430000000.0,1306000000.0,109000000.0,1.008,2.137,12521000000.0,900000000.0,11621000000.0,12521000000.0,0.0,641000000.0,0.0,0.039,0.43,259000000.0,900000000.0,0.42,900000000.0,259000000.0,168000000.0,0.22,0.22,0.22,12918000000.0,,12918000000.0,33277848263.0,35.0,9.621,-361000000.0,-0.715,1.0,836000000.0,0.39,136000000.0,91000000.0,49315000000.0,,847000000.0,3529000000.0,0.0,3529000000.0,27606000000.0,3164000000.0,24442000000.0,21757848263.0,235000000.0,0.0,0.0,810000000.0,-217000000.0,587000000.0,-910000000.0,-6000000.0,558000000.0,0.0,109000000.0,109000000.0,109000000.0,0.0,0.0,0.051,641000000.0,195000000.0,1293000000.0,1.955,1.684,48.137,47.264,29637000000.0,0.0,43.01,2.371,2.367,1231000000.0,8962000000.0,2142000000.0,2142000000.0,0.0,,,,,0.0,0.0,1.0,505878825.0,505000000,507000000.0,4.242,40388000000.0,120000000.0,59000000.0,8993000000.0,79.976,24000000.0
17,PEG,MRQ,2017-03-31,2017-03-31,2017-03-31,2021-08-09,-242000000.0,39664000000.0,,2716000000.0,36948000000.0,,25.752,-1062000000.0,193000000.0,193000000.0,1585000000.0,114000000.0,0.873,2.05,11713000000.0,815000000.0,10898000000.0,11713000000.0,0.0,828000000.0,0.0,0.037,0.43,241000000.0,1069000000.0,0.413,1069000000.0,241000000.0,143000000.0,0.23,0.22,0.23,13005000000.0,,13005000000.0,33810737255.0,31.0,10.706,135000000.0,0.267,1.0,1006000000.0,0.388,122000000.0,98000000.0,47951000000.0,,739000000.0,3509000000.0,0.0,3509000000.0,26659000000.0,3111000000.0,23548000000.0,22450737255.0,-229000000.0,0.0,0.0,-73000000.0,-218000000.0,-347000000.0,-1079000000.0,-9000000.0,1197000000.0,0.0,114000000.0,114000000.0,114000000.0,0.0,0.0,0.044,828000000.0,178000000.0,1245000000.0,1.87,1.726,42.36,41.84,29345000000.0,0.0,44.35,2.511,2.505,1421000000.0,9070000000.0,2591000000.0,2591000000.0,0.0,,,,,0.0,0.0,1.0,506217300.0,505000000,508000000.0,5.131,39542000000.0,122000000.0,29000000.0,8919000000.0,78.301,-395000000.0
18,PEG,MRQ,2016-12-31,2016-12-31,2016-12-31,2021-08-09,-263000000.0,40070000000.0,,3254000000.0,36816000000.0,,26.0,-1214000000.0,423000000.0,423000000.0,1351000000.0,-98000000.0,0.993,2.052,11783000000.0,888000000.0,10895000000.0,11783000000.0,0.0,797000000.0,0.0,0.037,0.41,-152000000.0,645000000.0,0.323,645000000.0,-152000000.0,-249000000.0,-0.19,-0.19,-0.19,13130000000.0,,13130000000.0,32700726046.0,19.0,10.352,-662000000.0,-1.311,1.0,644000000.0,0.323,114000000.0,97000000.0,48040000000.0,,887000000.0,3498000000.0,0.0,3498000000.0,26940000000.0,3276000000.0,23664000000.0,22198726046.0,-25000000.0,0.0,0.0,833000000.0,-208000000.0,617000000.0,-1194000000.0,-7000000.0,552000000.0,0.0,-98000000.0,-98000000.0,-98000000.0,0.0,0.0,-0.049,797000000.0,-153000000.0,1459000000.0,-2.158,1.691,25.027,24.932,29286000000.0,0.0,43.88,2.476,2.471,1421000000.0,9174000000.0,1995000000.0,1995000000.0,0.0,,,,,0.0,0.0,1.0,505896218.0,505000000,508000000.0,3.95,39956000000.0,182000000.0,-151000000.0,8869000000.0,79.121,-22000000.0
19,PEG,MRQ,2016-09-30,2016-09-30,2016-09-30,2021-08-09,-218000000.0,39488000000.0,,3209000000.0,36279000000.0,,26.685,-1014000000.0,450000000.0,450000000.0,1642000000.0,327000000.0,1.144,1.93,10952000000.0,255000000.0,10697000000.0,10952000000.0,0.0,231000000.0,0.0,0.039,0.41,614000000.0,845000000.0,0.345,845000000.0,614000000.0,515000000.0,0.65,0.64,0.65,13476000000.0,,13476000000.0,31469724692.0,13.0,9.505,25000000.0,0.05,1.0,808000000.0,0.33,170000000.0,99000000.0,47016000000.0,,957000000.0,3432000000.0,0.0,3432000000.0,26012000000.0,2804000000.0,23208000000.0,21182724692.0,-198000000.0,0.0,0.0,27000000.0,-207000000.0,-187000000.0,-1050000000.0,-10000000.0,1039000000.0,0.0,327000000.0,327000000.0,327000000.0,0.0,0.0,0.133,231000000.0,577000000.0,1363000000.0,0.631,1.572,16.37,16.355,28804000000.0,0.0,41.87,2.29,2.286,1211000000.0,9480000000.0,2450000000.0,2450000000.0,0.0,,,,,0.0,0.0,1.0,505916520.0,505000000,508000000.0,4.851,39318000000.0,200000000.0,188000000.0,9072000000.0,77.857,405000000.0
20,PEG,MRQ,2016-06-30,2016-06-30,2016-06-30,2021-08-09,-252000000.0,39045000000.0,,3489000000.0,35556000000.0,,26.372,-906000000.0,648000000.0,648000000.0,1334000000.0,187000000.0,1.118,1.932,10935000000.0,662000000.0,10273000000.0,10935000000.0,0.0,224000000.0,0.0,0.034,0.41,375000000.0,599000000.0,0.314,599000000.0,375000000.0,278000000.0,0.37,0.37,0.37,13318000000.0,,13318000000.0,33239366025.0,13.0,9.236,-398000000.0,-0.788,1.0,571000000.0,0.3,147000000.0,97000000.0,46065000000.0,,905000000.0,3528000000.0,0.0,3528000000.0,25726000000.0,3120000000.0,22606000000.0,23581366025.0,56000000.0,0.0,0.0,688000000.0,-208000000.0,471000000.0,-923000000.0,-10000000.0,508000000.0,0.0,187000000.0,187000000.0,187000000.0,0.0,0.0,0.098,224000000.0,347000000.0,1308000000.0,1.108,1.771,16.772,16.766,28014000000.0,0.0,46.61,2.486,2.481,1190000000.0,9360000000.0,1905000000.0,1905000000.0,0.0,,,,,0.0,0.0,1.0,505929329.0,505000000,508000000.0,3.772,38898000000.0,187000000.0,91000000.0,8823000000.0,77.026,369000000.0
21,PEG,MRQ,2016-03-31,2016-03-31,2016-03-31,2021-08-09,-269000000.0,38126000000.0,,3263000000.0,34863000000.0,,26.372,-1065000000.0,592000000.0,592000000.0,1565000000.0,471000000.0,1.109,1.863,10250000000.0,574000000.0,9676000000.0,10250000000.0,0.0,224000000.0,0.0,0.034,0.41,846000000.0,1070000000.0,0.409,1070000000.0,846000000.0,754000000.0,0.93,0.93,0.93,13318000000.0,,13318000000.0,33411352358.0,12.0,8.469,149000000.0,0.295,1.0,1051000000.0,0.402,128000000.0,92000000.0,44714000000.0,,839000000.0,3518000000.0,0.0,3518000000.0,24807000000.0,2942000000.0,21865000000.0,23873352358.0,198000000.0,0.0,0.0,327000000.0,-207000000.0,65000000.0,-1081000000.0,-5000000.0,1214000000.0,0.0,471000000.0,471000000.0,471000000.0,0.0,0.0,0.18,224000000.0,827000000.0,1192000000.0,0.441,1.793,15.264,15.256,27274000000.0,0.0,47.14,2.412,2.406,1285000000.0,9381000000.0,2616000000.0,2616000000.0,0.0,,,,,0.0,0.0,1.0,506435137.0,505000000,508000000.0,5.18,37998000000.0,188000000.0,283000000.0,8708000000.0,75.244,321000000.0
22,PEG,MRQ,2015-12-31,2015-12-31,2015-12-31,2021-08-09,-295000000.0,37535000000.0,,3494000000.0,34041000000.0,,25.873,-1081000000.0,394000000.0,394000000.0,1492000000.0,309000000.0,0.977,1.873,9932000000.0,1098000000.0,8834000000.0,9932000000.0,0.0,254000000.0,0.0,0.04,0.39,543000000.0,797000000.0,0.35,797000000.0,543000000.0,441000000.0,0.61,0.6,0.61,13066000000.0,,13066000000.0,28562664209.0,9.0,6.663,-390000000.0,-0.772,1.0,786000000.0,0.345,118000000.0,102000000.0,43380000000.0,,976000000.0,3482000000.0,0.0,3482000000.0,24468000000.0,3575000000.0,20893000000.0,19575664209.0,123000000.0,0.0,0.0,726000000.0,-197000000.0,533000000.0,-1101000000.0,-20000000.0,691000000.0,0.0,309000000.0,309000000.0,309000000.0,0.0,0.0,0.136,254000000.0,532000000.0,1369000000.0,0.639,1.498,11.659,11.654,26539000000.0,0.0,38.69,1.88,1.876,1265000000.0,9117000000.0,2278000000.0,2278000000.0,0.0,,,,,0.0,0.0,1.0,505961856.0,505000000,508000000.0,4.511,37417000000.0,476000000.0,132000000.0,8420000000.0,74.093,-81000000.0
23,PEG,MRQ,2015-09-30,2015-09-30,2015-09-30,2021-08-09,-299000000.0,36424000000.0,,3204000000.0,33220000000.0,,25.61,-1039000000.0,271000000.0,271000000.0,1561000000.0,439000000.0,0.889,1.816,9258000000.0,1126000000.0,8132000000.0,9258000000.0,0.0,313000000.0,0.0,0.037,0.39,820000000.0,1133000000.0,0.422,1133000000.0,820000000.0,724000000.0,0.87,0.87,0.87,12933000000.0,,12933000000.0,30044680388.0,9.0,6.424,-45000000.0,-0.089,1.0,1127000000.0,0.419,138000000.0,96000000.0,41669000000.0,,923000000.0,2976000000.0,26000000.0,2950000000.0,23490000000.0,3604000000.0,19886000000.0,21327680388.0,-326000000.0,0.0,0.0,-46000000.0,-198000000.0,-252000000.0,-1068000000.0,2000000.0,994000000.0,0.0,439000000.0,439000000.0,439000000.0,0.0,0.0,0.163,313000000.0,814000000.0,1046000000.0,0.448,1.649,11.553,11.551,25605000000.0,0.0,42.16,1.955,1.951,2003000000.0,9005000000.0,2688000000.0,2688000000.0,0.0,,,,,0.0,0.0,1.0,505874772.0,505000000,508000000.0,5.323,36286000000.0,193000000.0,285000000.0,8163000000.0,71.853,-400000000.0
24,PEG,MRQ,2015-06-30,2015-06-30,2015-06-30,2021-08-09,-277000000.0,36212000000.0,,3627000000.0,32585000000.0,,25.113,-996000000.0,597000000.0,597000000.0,1429000000.0,345000000.0,1.167,1.85,9314000000.0,625000000.0,8689000000.0,9314000000.0,0.0,317000000.0,0.0,0.039,0.39,628000000.0,945000000.0,0.408,945000000.0,628000000.0,531000000.0,0.68,0.68,0.68,12707000000.0,,12707000000.0,27946281946.0,8.0,5.988,-441000000.0,-0.872,1.0,885000000.0,0.382,117000000.0,97000000.0,41705000000.0,,824000000.0,3090000000.0,0.0,3090000000.0,23504000000.0,3107000000.0,20397000000.0,19870281946.0,-411000000.0,0.0,0.0,233000000.0,-197000000.0,28000000.0,-994000000.0,-4000000.0,555000000.0,0.0,345000000.0,345000000.0,345000000.0,0.0,0.0,0.149,317000000.0,568000000.0,1156000000.0,0.574,1.564,10.735,10.732,24807000000.0,0.0,39.28,1.829,1.83,1975000000.0,8764000000.0,2314000000.0,2314000000.0,0.0,,,,,0.0,0.0,1.0,505862575.0,506000000,508000000.0,4.573,36095000000.0,188000000.0,186000000.0,8022000000.0,71.334,520000000.0
25,PEG,MRQ,2015-03-31,2015-03-31,2015-03-31,2021-08-09,-270000000.0,35827000000.0,,4159000000.0,31668000000.0,,24.816,-747000000.0,1008000000.0,1008000000.0,1757000000.0,586000000.0,1.148,1.853,9084000000.0,994000000.0,8090000000.0,9084000000.0,0.0,330000000.0,0.0,0.036,0.39,1082000000.0,1412000000.0,0.45,1412000000.0,1082000000.0,984000000.0,1.16,1.15,1.16,12557000000.0,,12557000000.0,29961024896.0,9.0,6.756,932000000.0,1.842,1.0,1378000000.0,0.44,103000000.0,98000000.0,40178000000.0,,749000000.0,3133000000.0,0.0,3133000000.0,23269000000.0,3622000000.0,19647000000.0,21219024896.0,606000000.0,0.0,0.0,-58000000.0,-197000000.0,-294000000.0,-779000000.0,-29000000.0,1679000000.0,0.0,586000000.0,586000000.0,586000000.0,0.0,0.0,0.187,330000000.0,1048000000.0,1006000000.0,0.336,1.69,12.351,12.329,23978000000.0,0.0,41.92,1.965,1.964,2281000000.0,8616000000.0,3135000000.0,3135000000.0,0.0,,,,,0.0,0.0,1.0,506179029.0,506000000,508000000.0,6.196,35724000000.0,31000000.0,398000000.0,8081000000.0,70.601,537000000.0
26,PEG,MRQ,2014-12-31,2014-12-31,2014-12-31,2021-08-09,-283000000.0,35287000000.0,,4119000000.0,31168000000.0,,24.081,-898000000.0,402000000.0,402000000.0,1658000000.0,476000000.0,1.184,1.896,9098000000.0,883000000.0,8215000000.0,9098000000.0,0.0,308000000.0,0.0,0.036,0.37,879000000.0,1187000000.0,0.428,1187000000.0,879000000.0,781000000.0,0.94,0.94,0.94,12185000000.0,,12185000000.0,29211802233.0,10.0,7.174,-274000000.0,-0.542,1.0,1115000000.0,0.402,100000000.0,98000000.0,40405000000.0,,1022000000.0,3691000000.0,0.0,3691000000.0,23101000000.0,3478000000.0,19623000000.0,20951802233.0,-301000000.0,0.0,0.0,183000000.0,-187000000.0,-21000000.0,-904000000.0,12000000.0,624000000.0,0.0,476000000.0,476000000.0,476000000.0,0.0,0.0,0.172,308000000.0,807000000.0,1178000000.0,0.394,1.719,13.802,13.803,23589000000.0,0.0,41.41,1.925,1.925,1538000000.0,8227000000.0,2773000000.0,2773000000.0,0.0,,,,,0.0,0.0,1.0,505959967.0,506000000,511000000.0,5.48,35187000000.0,286000000.0,305000000.0,7705000000.0,69.54,641000000.0
27,PEG,MRQ,2014-09-30,2014-09-30,2014-09-30,2021-08-09,-99000000.0,34147000000.0,,3846000000.0,30301000000.0,,23.879,-693000000.0,703000000.0,703000000.0,1577000000.0,444000000.0,1.226,1.826,8963000000.0,574000000.0,8389000000.0,8963000000.0,0.0,318000000.0,0.0,0.039,0.37,805000000.0,1123000000.0,0.425,1123000000.0,805000000.0,705000000.0,0.88,0.87,0.88,12083000000.0,,12083000000.0,27296222793.0,12.0,7.625,395000000.0,0.781,1.0,1064000000.0,0.403,118000000.0,100000000.0,39153000000.0,,1025000000.0,3072000000.0,0.0,3072000000.0,22063000000.0,3136000000.0,18927000000.0,18839222793.0,133000000.0,0.0,0.0,-59000000.0,-187000000.0,-249000000.0,-706000000.0,-2000000.0,1088000000.0,0.0,444000000.0,444000000.0,444000000.0,0.0,0.0,0.168,318000000.0,746000000.0,1111000000.0,0.42,1.559,15.168,15.138,22836000000.0,0.0,37.24,1.806,1.806,1896000000.0,7938000000.0,2641000000.0,2641000000.0,0.0,,,,,0.0,0.0,1.0,505886756.0,506000000,507000000.0,5.219,34029000000.0,142000000.0,261000000.0,7649000000.0,67.251,710000000.0
28,PEG,MRQ,2014-06-30,2014-06-30,2014-06-30,2021-08-09,-73000000.0,33700000000.0,,3794000000.0,29906000000.0,,23.405,-620000000.0,570000000.0,570000000.0,1589000000.0,212000000.0,1.096,1.845,9027000000.0,1095000000.0,7932000000.0,9027000000.0,0.0,295000000.0,0.0,0.036,0.37,418000000.0,713000000.0,0.317,713000000.0,418000000.0,324000000.0,0.42,0.42,0.42,11843000000.0,,11843000000.0,28569821394.0,12.0,8.093,-288000000.0,-0.569,1.0,660000000.0,0.293,106000000.0,94000000.0,38588000000.0,,902000000.0,3116000000.0,0.0,3116000000.0,21856000000.0,3463000000.0,18393000000.0,20636821394.0,-85000000.0,0.0,0.0,443000000.0,-187000000.0,236000000.0,-653000000.0,8000000.0,332000000.0,0.0,212000000.0,212000000.0,212000000.0,0.0,0.0,0.094,295000000.0,365000000.0,1104000000.0,0.881,1.743,17.371,17.357,22310000000.0,0.0,40.79,1.995,1.995,1941000000.0,7681000000.0,2249000000.0,2249000000.0,0.0,,,,,0.0,0.0,1.0,505928448.0,506000000,508000000.0,4.445,33594000000.0,205000000.0,112000000.0,7520000000.0,66.391,331000000.0
29,PEG,MRQ,2014-03-31,2014-03-31,2014-03-31,2021-08-09,-87000000.0,33326000000.0,,3853000000.0,29473000000.0,,23.318,-609000000.0,655000000.0,655000000.0,2212000000.0,386000000.0,1.148,1.824,8588000000.0,786000000.0,7802000000.0,8588000000.0,0.0,306000000.0,0.0,0.038,0.37,743000000.0,1049000000.0,0.325,1049000000.0,743000000.0,646000000.0,0.76,0.76,0.76,11799000000.0,,11799000000.0,27515131536.0,11.0,7.333,507000000.0,1.002,1.0,1011000000.0,0.314,64000000.0,97000000.0,37838000000.0,,746000000.0,3079000000.0,0.0,3079000000.0,21526000000.0,3357000000.0,18169000000.0,19305131536.0,162000000.0,0.0,0.0,-114000000.0,-187000000.0,-325000000.0,-629000000.0,-12000000.0,1116000000.0,0.0,386000000.0,386000000.0,386000000.0,0.0,0.0,0.12,306000000.0,705000000.0,1116000000.0,0.487,1.636,14.748,14.726,21933000000.0,0.0,38.14,1.855,1.855,2389000000.0,7656000000.0,3223000000.0,3223000000.0,0.0,,,,,0.0,0.0,1.0,506164959.0,506000000,508000000.0,6.37,33262000000.0,225000000.0,260000000.0,7645000000.0,65.735,496000000.0
30,PEG,MRQ,2013-12-31,2013-12-31,2013-12-31,2021-08-09,-95000000.0,32522000000.0,,3614000000.0,28908000000.0,,22.927,-709000000.0,493000000.0,493000000.0,1661000000.0,200000000.0,1.18,1.802,8703000000.0,841000000.0,7862000000.0,8703000000.0,0.0,292000000.0,0.0,0.045,0.36,403000000.0,695000000.0,0.3,695000000.0,403000000.0,304000000.0,0.4,0.39,0.4,11608000000.0,,11608000000.0,24245794834.0,10.0,6.67,14000000.0,0.028,1.0,657000000.0,0.283,49000000.0,99000000.0,37620000000.0,,1024000000.0,3038000000.0,0.0,3038000000.0,20913000000.0,3063000000.0,17850000000.0,16207794834.0,45000000.0,0.0,0.0,221000000.0,-182000000.0,35000000.0,-713000000.0,5000000.0,723000000.0,0.0,200000000.0,200000000.0,200000000.0,0.0,0.0,0.086,292000000.0,365000000.0,1222000000.0,0.9,1.396,13.039,13.024,21645000000.0,0.0,32.04,1.626,1.626,1503000000.0,7457000000.0,2318000000.0,2318000000.0,0.0,,,,,0.0,0.0,1.0,505861262.0,506300000,509701000.0,4.578,32473000000.0,133000000.0,104000000.0,7324000000.0,64.138,551000000.0
31,PEG,MRQ,2013-09-30,2013-09-30,2013-09-30,2021-08-09,-338000000.0,32610000000.0,,3741000000.0,28869000000.0,,22.413,-696000000.0,448000000.0,448000000.0,1529000000.0,390000000.0,1.156,1.876,8486000000.0,1010000000.0,7476000000.0,8486000000.0,0.0,313000000.0,0.0,0.044,0.36,760000000.0,1073000000.0,0.42,1073000000.0,760000000.0,660000000.0,0.77,0.77,0.77,11338000000.0,,11338000000.0,24900879638.0,10.0,6.783,396000000.0,0.783,1.0,1025000000.0,0.401,68000000.0,100000000.0,37345000000.0,,1049000000.0,2978000000.0,0.0,2978000000.0,21271000000.0,3235000000.0,18036000000.0,16657879638.0,284000000.0,0.0,0.0,87000000.0,-182000000.0,-99000000.0,-709000000.0,-5000000.0,1092000000.0,0.0,390000000.0,390000000.0,390000000.0,0.0,0.0,0.153,313000000.0,712000000.0,1024000000.0,0.468,1.469,13.147,13.172,21079000000.0,0.0,32.93,1.657,1.657,1280000000.0,7439000000.0,2554000000.0,2554000000.0,0.0,,,,,0.0,0.0,1.0,505857262.0,505858000,507694000.0,5.049,32542000000.0,256000000.0,270000000.0,7121000000.0,64.33,506000000.0
32,PEG,MRQ,2013-06-30,2013-06-30,2013-06-30,2021-08-09,-362000000.0,32059000000.0,,3615000000.0,28444000000.0,,21.933,-682000000.0,164000000.0,164000000.0,1415000000.0,333000000.0,1.182,1.889,8407000000.0,965000000.0,7442000000.0,8407000000.0,0.0,283000000.0,0.0,0.044,0.36,652000000.0,935000000.0,0.405,935000000.0,652000000.0,551000000.0,0.66,0.66,0.66,11096000000.0,,11096000000.0,24383933235.0,10.0,6.815,-216000000.0,-0.427,1.0,895000000.0,0.387,57000000.0,101000000.0,37187000000.0,,916000000.0,2926000000.0,0.0,2926000000.0,20962000000.0,3058000000.0,17904000000.0,16524933235.0,-256000000.0,0.0,0.0,137000000.0,-182000000.0,-76000000.0,-646000000.0,52000000.0,466000000.0,0.0,333000000.0,333000000.0,333000000.0,0.0,0.0,0.144,283000000.0,612000000.0,1046000000.0,0.545,1.489,13.501,13.496,20561000000.0,0.0,32.66,1.669,1.668,1390000000.0,7231000000.0,2310000000.0,2310000000.0,0.0,,,,,0.0,0.0,1.0,505968562.0,505900000,507381000.0,4.566,32002000000.0,258000000.0,218000000.0,6930000000.0,63.258,557000000.0
33,PEG,MRQ,2013-03-31,2013-03-31,2013-03-31,2021-08-09,-355000000.0,31712000000.0,,3656000000.0,28056000000.0,,21.635,-724000000.0,420000000.0,420000000.0,1886000000.0,320000000.0,1.073,1.897,8279000000.0,1270000000.0,7009000000.0,8279000000.0,0.0,290000000.0,0.0,0.041,0.36,642000000.0,932000000.0,0.335,932000000.0,642000000.0,540000000.0,0.63,0.63,0.63,10946000000.0,,10946000000.0,25197639477.0,11.0,7.504,153000000.0,0.302,1.0,900000000.0,0.323,53000000.0,102000000.0,36112000000.0,,754000000.0,2944000000.0,0.0,2944000000.0,20765000000.0,3406000000.0,17359000000.0,17374639477.0,41000000.0,0.0,0.0,101000000.0,-182000000.0,-103000000.0,-733000000.0,-13000000.0,877000000.0,0.0,320000000.0,320000000.0,320000000.0,0.0,0.0,0.115,290000000.0,610000000.0,1078000000.0,0.571,1.587,15.766,15.752,20125000000.0,0.0,34.34,1.793,1.793,1722000000.0,7080000000.0,2786000000.0,2786000000.0,0.0,,,,,0.0,0.0,1.0,505959216.0,505942000,507220000.0,5.507,31659000000.0,264000000.0,220000000.0,6866000000.0,62.574,250000000.0
34,PEG,MRQ,2012-12-31,2012-12-31,2012-12-31,2021-08-09,-388000000.0,31725000000.0,,3869000000.0,27856000000.0,,21.297,-605000000.0,379000000.0,379000000.0,1681000000.0,224000000.0,1.024,1.943,8202000000.0,1515000000.0,6687000000.0,8202000000.0,0.0,257000000.0,0.0,0.046,0.355,474000000.0,731000000.0,0.304,731000000.0,474000000.0,361000000.0,0.44,0.44,0.44,10780000000.0,,10780000000.0,23010074643.0,9.0,6.597,-129000000.0,-0.255,1.0,725000000.0,0.301,50000000.0,113000000.0,35721000000.0,,1005000000.0,2887000000.0,0.0,2887000000.0,20944000000.0,3777000000.0,17167000000.0,15481074643.0,-401000000.0,0.0,0.0,-97000000.0,-180000000.0,-303000000.0,-574000000.0,48000000.0,476000000.0,0.0,224000000.0,224000000.0,224000000.0,0.0,0.0,0.093,257000000.0,468000000.0,1304000000.0,0.807,1.436,12.142,12.143,19736000000.0,0.0,30.6,1.583,1.583,1383000000.0,6942000000.0,2406000000.0,2406000000.0,0.0,,,,,0.0,0.0,1.0,505917472.0,506174000,506889000.0,4.753,31675000000.0,276000000.0,137000000.0,6795000000.0,62.577,92000000.0
35,PEG,MRQ,2012-09-30,2012-09-30,2012-09-30,2021-08-09,-322000000.0,30706000000.0,,3978000000.0,26728000000.0,,21.359,-689000000.0,780000000.0,780000000.0,1522000000.0,347000000.0,1.309,1.841,8309000000.0,975000000.0,7334000000.0,8309000000.0,0.0,286000000.0,0.0,0.044,0.355,694000000.0,980000000.0,0.408,980000000.0,694000000.0,588000000.0,0.69,0.68,0.69,10806000000.0,,10806000000.0,23840000271.0,9.0,6.464,244000000.0,0.482,1.0,880000000.0,0.366,73000000.0,106000000.0,35123000000.0,,1073000000.0,2836000000.0,0.0,2836000000.0,19898000000.0,3039000000.0,16859000000.0,16281000271.0,15000000.0,0.0,0.0,-20000000.0,-179000000.0,-206000000.0,-712000000.0,-8000000.0,933000000.0,0.0,347000000.0,347000000.0,347000000.0,0.0,0.0,0.144,286000000.0,594000000.0,1012000000.0,0.514,1.507,11.539,11.534,19103000000.0,0.0,32.18,1.626,1.626,1259000000.0,6898000000.0,2402000000.0,2402000000.0,0.0,,,,,0.0,0.0,1.0,505935372.0,505914000,507111000.0,4.748,30633000000.0,148000000.0,241000000.0,6440000000.0,60.55,939000000.0
36,PEG,MRQ,2012-06-30,2012-06-30,2012-06-30,2021-08-09,-310000000.0,30142000000.0,,3940000000.0,26202000000.0,,21.04,-593000000.0,765000000.0,765000000.0,1410000000.0,211000000.0,1.399,1.832,8324000000.0,988000000.0,7336000000.0,8324000000.0,0.0,255000000.0,0.0,0.043,0.355,460000000.0,715000000.0,0.341,715000000.0,460000000.0,357000000.0,0.42,0.42,0.42,10644000000.0,,10644000000.0,23517584738.0,9.0,6.565,-303000000.0,-0.599,1.0,688000000.0,0.328,68000000.0,103000000.0,34817000000.0,,965000000.0,2730000000.0,0.0,2730000000.0,19496000000.0,2816000000.0,16680000000.0,16441584738.0,-166000000.0,0.0,0.0,362000000.0,-180000000.0,177000000.0,-633000000.0,-4000000.0,290000000.0,0.0,211000000.0,211000000.0,211000000.0,0.0,0.0,0.101,255000000.0,433000000.0,898000000.0,0.845,1.545,12.107,12.127,18590000000.0,0.0,32.5,1.607,1.607,1151000000.0,6730000000.0,2098000000.0,2098000000.0,0.0,,,,,0.0,0.0,1.0,505894915.0,505903000,506969000.0,4.147,30074000000.0,106000000.0,146000000.0,6179000000.0,59.446,1124000000.0
37,PEG,MRQ,2012-03-31,2012-03-31,2012-03-31,2021-08-09,-293000000.0,30002000000.0,,3961000000.0,26041000000.0,,20.996,-687000000.0,931000000.0,931000000.0,1836000000.0,493000000.0,1.274,1.824,8007000000.0,748000000.0,7259000000.0,8007000000.0,0.0,256000000.0,0.0,0.045,0.355,806000000.0,1062000000.0,0.369,1062000000.0,806000000.0,705000000.0,0.97,0.97,0.97,10624000000.0,,10624000000.0,22750205132.0,8.0,6.031,401000000.0,0.792,1.0,1039000000.0,0.361,152000000.0,101000000.0,33818000000.0,,866000000.0,2747000000.0,0.0,2747000000.0,19376000000.0,3108000000.0,16268000000.0,15490205132.0,97000000.0,0.0,0.0,-86000000.0,-179000000.0,-285000000.0,-706000000.0,-12000000.0,1088000000.0,0.0,493000000.0,493000000.0,493000000.0,0.0,0.0,0.171,256000000.0,783000000.0,1030000000.0,0.366,1.458,10.538,10.592,18233000000.0,0.0,30.61,1.461,1.461,1222000000.0,6699000000.0,2875000000.0,2875000000.0,0.0,,,,,0.0,0.0,1.0,506050478.0,506010000,507029000.0,5.682,29850000000.0,16000000.0,212000000.0,6164000000.0,58.991,853000000.0
38,PEG,MRQ,2011-12-31,2011-12-31,2011-12-31,2021-08-09,-337000000.0,29821000000.0,,3911000000.0,25910000000.0,,20.3,-604000000.0,834000000.0,834000000.0,1690000000.0,360000000.0,1.323,1.904,8094000000.0,633000000.0,7461000000.0,8094000000.0,0.0,237000000.0,0.0,0.042,0.343,694000000.0,931000000.0,0.353,931000000.0,694000000.0,580000000.0,0.71,0.71,0.71,10270000000.0,,10270000000.0,24426919098.0,8.0,6.204,544000000.0,1.075,1.0,946000000.0,0.359,147000000.0,114000000.0,33977000000.0,,1052000000.0,2674000000.0,0.0,2674000000.0,19549000000.0,2957000000.0,16592000000.0,16699919098.0,-408000000.0,0.0,0.0,-923000000.0,-173000000.0,-1114000000.0,-442000000.0,170000000.0,1148000000.0,0.0,360000000.0,360000000.0,360000000.0,0.0,0.0,0.137,237000000.0,709000000.0,1184000000.0,0.483,1.626,11.111,11.114,17849000000.0,0.0,33.01,1.507,1.507,1256000000.0,6385000000.0,2636000000.0,2636000000.0,0.0,,,,,0.0,0.0,1.0,505904850.0,505919000,507039000.0,5.21,29674000000.0,16000000.0,220000000.0,5950000000.0,58.654,954000000.0
39,PEG,MRQ,2011-09-30,2011-09-30,2011-09-30,2021-08-09,-256000000.0,29911000000.0,,4970000000.0,24941000000.0,,20.081,-477000000.0,1242000000.0,1242000000.0,1801000000.0,294000000.0,1.346,1.944,8969000000.0,1489000000.0,7480000000.0,8969000000.0,0.0,262000000.0,0.0,0.041,0.343,612000000.0,874000000.0,0.334,874000000.0,612000000.0,495000000.0,0.58,0.58,0.58,10159000000.0,,10159000000.0,25271040940.0,9.0,6.562,537000000.0,1.061,1.0,819000000.0,0.313,180000000.0,117000000.0,33766000000.0,,1105000000.0,1428000000.0,0.0,1428000000.0,19750000000.0,3692000000.0,16058000000.0,16882040940.0,1083000000.0,335000000.0,0.0,401000000.0,-173000000.0,223000000.0,-154000000.0,-3000000.0,1014000000.0,0.0,294000000.0,294000000.0,294000000.0,-29000000.0,0.0,0.112,263000000.0,556000000.0,1144000000.0,0.591,1.662,11.847,11.875,17282000000.0,0.0,33.37,1.509,1.509,1415000000.0,6198000000.0,2620000000.0,2620000000.0,0.0,,,,,0.0,0.0,1.0,505904733.0,505909000,506999000.0,5.179,29731000000.0,473000000.0,201000000.0,5916000000.0,58.767,1278000000.0
40,PEG,MRQ,2011-06-30,2011-06-30,2011-06-30,2021-08-09,-179000000.0,28789000000.0,,3786000000.0,25003000000.0,,19.979,-505000000.0,159000000.0,159000000.0,1613000000.0,323000000.0,1.073,1.848,8548000000.0,1485000000.0,7063000000.0,8548000000.0,0.0,238000000.0,0.0,0.042,0.343,667000000.0,905000000.0,0.367,905000000.0,667000000.0,550000000.0,0.63,0.63,0.63,10109000000.0,,10109000000.0,24520730485.0,7.0,5.702,-152000000.0,-0.3,1.0,856000000.0,0.347,158000000.0,117000000.0,33490000000.0,,924000000.0,1675000000.0,0.0,1675000000.0,18678000000.0,3530000000.0,15148000000.0,16512730485.0,-741000000.0,1000000.0,0.0,-379000000.0,-174000000.0,-576000000.0,-518000000.0,-3000000.0,353000000.0,0.0,323000000.0,323000000.0,323000000.0,-3000000.0,0.0,0.131,235000000.0,621000000.0,1018000000.0,0.544,1.633,9.725,9.743,16894000000.0,0.0,32.64,1.414,1.414,1390000000.0,6077000000.0,2469000000.0,2469000000.0,0.0,,,,,0.0,0.0,1.0,505904733.0,505988000,506761000.0,4.88,28631000000.0,192000000.0,227000000.0,5369000000.0,56.584,256000000.0
41,PEG,MRQ,2011-03-31,2011-03-31,2011-03-31,2021-08-09,-187000000.0,29370000000.0,,4466000000.0,24904000000.0,,19.679,-497000000.0,900000000.0,900000000.0,2257000000.0,526000000.0,1.282,1.949,8908000000.0,1211000000.0,7697000000.0,8908000000.0,0.0,245000000.0,0.0,0.043,0.343,982000000.0,1227000000.0,0.366,1227000000.0,982000000.0,855000000.0,1.04,1.04,1.04,9957000000.0,,9957000000.0,24669307828.0,8.0,6.023,545000000.0,1.077,1.0,1097000000.0,0.327,151000000.0,127000000.0,33744000000.0,,741000000.0,1651000000.0,0.0,1651000000.0,19411000000.0,3483000000.0,15928000000.0,15945307828.0,620000000.0,351000000.0,0.0,-90000000.0,-173000000.0,-267000000.0,-155000000.0,-16000000.0,1042000000.0,0.0,526000000.0,526000000.0,526000000.0,-64000000.0,0.0,0.157,241000000.0,856000000.0,1067000000.0,0.33,1.601,9.972,9.972,16648000000.0,0.0,31.51,1.378,1.378,1715000000.0,5928000000.0,3354000000.0,3354000000.0,0.0,,,,,0.0,0.0,1.0,506039601.0,505979000,507132000.0,6.629,29219000000.0,328000000.0,329000000.0,5323000000.0,57.747,983000000.0
42,PEG,MRQ,2010-12-31,2010-12-31,2010-12-31,2021-08-09,-156000000.0,29909000000.0,,5051000000.0,24858000000.0,,19.04,-643000000.0,280000000.0,280000000.0,1917000000.0,282000000.0,1.449,2.104,9004000000.0,1185000000.0,7819000000.0,9004000000.0,0.0,244000000.0,0.0,0.043,0.343,601000000.0,845000000.0,0.308,845000000.0,601000000.0,485000000.0,0.56,0.55,0.56,9633000000.0,,9633000000.0,24917760031.0,8.0,6.124,182000000.0,0.36,1.0,828000000.0,0.302,152000000.0,116000000.0,34996000000.0,,1025000000.0,1644000000.0,0.0,1644000000.0,20268000000.0,3485000000.0,16783000000.0,16093760031.0,-52000000.0,0.0,0.0,-129000000.0,-173000000.0,-304000000.0,-573000000.0,64000000.0,825000000.0,0.0,282000000.0,282000000.0,282000000.0,8000000.0,0.0,0.103,239000000.0,589000000.0,1176000000.0,0.613,1.671,10.29,10.294,16390000000.0,0.0,31.81,1.365,1.365,1787000000.0,5575000000.0,2745000000.0,2745000000.0,0.0,,,,,0.0,0.0,1.0,505933984.0,505937000,506976000.0,5.426,29757000000.0,732000000.0,203000000.0,5426000000.0,58.816,1566000000.0
43,PEG,MRQ,2010-09-30,2010-09-30,2010-09-30,2021-08-09,-111000000.0,29104000000.0,,3671000000.0,25433000000.0,,18.889,-606000000.0,332000000.0,332000000.0,1883000000.0,567000000.0,1.216,2.044,9156000000.0,1004000000.0,8152000000.0,9156000000.0,0.0,265000000.0,0.0,0.041,0.343,1058000000.0,1323000000.0,0.425,1323000000.0,1058000000.0,938000000.0,1.12,1.12,1.12,9557000000.0,,9557000000.0,25817248862.0,8.0,6.371,213000000.0,0.421,1.0,1231000000.0,0.395,145000000.0,120000000.0,34765000000.0,,1185000000.0,1719000000.0,0.0,1719000000.0,19539000000.0,3018000000.0,16521000000.0,16737248862.0,275000000.0,0.0,0.0,-25000000.0,-173000000.0,-203000000.0,-341000000.0,260000000.0,819000000.0,0.0,567000000.0,567000000.0,567000000.0,-20000000.0,0.0,0.182,260000000.0,971000000.0,992000000.0,0.306,1.751,10.262,10.241,16463000000.0,0.0,33.08,1.447,1.447,1487000000.0,5466000000.0,3114000000.0,3114000000.0,0.0,,,,,0.0,0.0,1.0,505962783.0,505945000,506968000.0,6.155,28959000000.0,0.0,371000000.0,4593000000.0,57.237,653000000.0
44,PEG,MRQ,2010-06-30,2010-06-30,2010-06-30,2021-08-09,-139000000.0,28742000000.0,,3485000000.0,25257000000.0,,18.032,-484000000.0,57000000.0,57000000.0,1701000000.0,224000000.0,1.073,2.148,9137000000.0,1391000000.0,7746000000.0,9137000000.0,0.0,233000000.0,0.0,0.043,0.343,468000000.0,701000000.0,0.297,701000000.0,468000000.0,348000000.0,0.44,0.44,0.44,9126000000.0,,9126000000.0,23712482238.0,8.0,6.069,-1036000000.0,-2.047,1.0,660000000.0,0.28,148000000.0,120000000.0,34425000000.0,,1044000000.0,1960000000.0,0.0,1960000000.0,19607000000.0,3249000000.0,16358000000.0,15851482238.0,-255000000.0,0.0,0.0,943000000.0,-174000000.0,734000000.0,-437000000.0,50000000.0,-552000000.0,0.0,224000000.0,224000000.0,224000000.0,-2000000.0,0.0,0.095,229000000.0,431000000.0,996000000.0,0.78,1.737,10.214,10.205,15957000000.0,0.0,31.33,1.38,1.38,1564000000.0,5072000000.0,2361000000.0,2361000000.0,0.0,,,,,0.0,0.0,1.0,505952194.0,506109000,507091000.0,4.665,28594000000.0,0.0,124000000.0,4686000000.0,56.498,236000000.0
45,PEG,MRQ,2010-03-31,2010-03-31,2010-03-31,2021-08-09,-24000000.0,28775000000.0,,3469000000.0,25306000000.0,,18.186,-427000000.0,312000000.0,312000000.0,2400000000.0,491000000.0,1.239,2.126,8173000000.0,267000000.0,7906000000.0,8173000000.0,0.0,232000000.0,0.0,0.045,0.343,968000000.0,1200000000.0,0.336,1200000000.0,968000000.0,852000000.0,0.97,0.97,0.97,9201000000.0,,9201000000.0,23281705077.0,7.0,5.688,645000000.0,1.275,1.0,1173000000.0,0.328,149000000.0,116000000.0,33687000000.0,,862000000.0,1986000000.0,3000000.0,1983000000.0,19565000000.0,2800000000.0,16765000000.0,14935705077.0,-38000000.0,0.0,0.0,-531000000.0,-173000000.0,-792000000.0,-318000000.0,98000000.0,1072000000.0,0.0,491000000.0,491000000.0,491000000.0,7000000.0,0.0,0.137,227000000.0,946000000.0,1002000000.0,0.354,1.623,9.113,9.111,15683000000.0,0.0,29.52,1.278,1.278,1778000000.0,5022000000.0,3573000000.0,3573000000.0,0.0,,,,,0.0,0.0,1.0,505952069.0,505950000,507147000.0,7.062,28626000000.0,0.0,361000000.0,5295000000.0,56.579,669000000.0
46,PEG,MRQ,2009-12-31,2009-12-31,2009-12-31,2021-08-09,-116000000.0,28678000000.0,,4290000000.0,24388000000.0,,17.368,-562000000.0,350000000.0,350000000.0,1702000000.0,349000000.0,1.277,2.262,8696000000.0,1051000000.0,7645000000.0,8696000000.0,0.0,204000000.0,0.0,0.04,0.333,624000000.0,828000000.0,0.329,828000000.0,624000000.0,510000000.0,0.7,0.69,0.7,8788000000.0,,8788000000.0,25150849098.0,8.0,6.299,-48000000.0,-0.095,1.0,813000000.0,0.323,139000000.0,114000000.0,33525000000.0,,1141000000.0,2049000000.0,0.0,2049000000.0,19880000000.0,3360000000.0,16520000000.0,16823849098.0,220000000.0,0.0,0.0,209000000.0,-168000000.0,79000000.0,-373000000.0,144000000.0,514000000.0,0.0,349000000.0,349000000.0,349000000.0,2000000.0,0.0,0.139,185000000.0,628000000.0,1075000000.0,0.476,1.914,10.568,10.556,14886000000.0,0.0,33.25,1.398,1.398,1635000000.0,4704000000.0,2515000000.0,2515000000.0,0.0,,,,,0.0,0.0,1.0,505980424.0,505986000,507385000.0,4.97,28539000000.0,0.0,161000000.0,4679000000.0,56.403,930000000.0
47,PEG,MRQ,2009-09-30,2009-09-30,2009-09-30,2021-08-09,-31000000.0,28434000000.0,,3541000000.0,24893000000.0,,17.145,-416000000.0,130000000.0,130000000.0,1892000000.0,488000000.0,1.183,2.277,8457000000.0,891000000.0,7566000000.0,8457000000.0,0.0,224000000.0,0.0,0.042,0.333,954000000.0,1178000000.0,0.388,1178000000.0,954000000.0,825000000.0,0.96,0.96,0.96,8675000000.0,,8675000000.0,24399071062.0,8.0,6.389,136000000.0,0.269,1.0,1148000000.0,0.378,126000000.0,129000000.0,33642000000.0,,1302000000.0,2174000000.0,10000000.0,2164000000.0,19749000000.0,2993000000.0,16756000000.0,15908071062.0,-263000000.0,0.0,0.0,-401000000.0,-169000000.0,-606000000.0,-209000000.0,213000000.0,552000000.0,0.0,488000000.0,488000000.0,488000000.0,0.0,0.0,0.161,224000000.0,924000000.0,911000000.0,0.347,1.834,10.771,10.804,15143000000.0,0.0,31.44,1.318,1.318,1514000000.0,4523000000.0,3040000000.0,3040000000.0,0.0,,,,,0.0,0.0,1.0,505981904.0,505982000,507242000.0,6.008,28308000000.0,0.0,337000000.0,4974000000.0,55.947,548000000.0
48,PEG,MRQ,2009-06-30,2009-06-30,2009-06-30,2021-08-09,0.0,28760000000.0,,3834000000.0,24926000000.0,,16.56,-414000000.0,393000000.0,393000000.0,1720000000.0,311000000.0,1.154,2.431,8884000000.0,1079000000.0,7805000000.0,8884000000.0,0.0,203000000.0,0.0,0.04,0.333,684000000.0,887000000.0,0.346,887000000.0,684000000.0,551000000.0,0.61,0.61,0.61,8379000000.0,,8379000000.0,24192315479.0,8.0,6.06,-1014000000.0,-2.004,1.0,840000000.0,0.328,124000000.0,133000000.0,33806000000.0,,1073000000.0,2319000000.0,10000000.0,2309000000.0,20371000000.0,3321000000.0,17050000000.0,16510315479.0,-839000000.0,0.0,0.0,-24000000.0,-168000000.0,-194000000.0,-45000000.0,363000000.0,-600000000.0,0.0,311000000.0,311000000.0,311000000.0,0.0,0.0,0.121,203000000.0,637000000.0,941000000.0,0.546,1.97,10.037,10.071,14899000000.0,0.0,32.63,1.295,1.295,1574000000.0,4204000000.0,2560000000.0,2560000000.0,0.0,,,,,0.0,0.0,1.0,505985764.0,505990000,506936000.0,5.059,28636000000.0,0.0,240000000.0,5108000000.0,56.594,513000000.0
49,PEG,MRQ,2009-03-31,2009-03-31,2009-03-31,2021-08-09,-31000000.0,29302000000.0,,4278000000.0,25024000000.0,,16.184,-402000000.0,1232000000.0,1232000000.0,2786000000.0,444000000.0,1.189,2.577,8914000000.0,1055000000.0,7859000000.0,8914000000.0,0.0,207000000.0,0.0,0.044,0.333,893000000.0,1100000000.0,0.281,1100000000.0,893000000.0,748000000.0,0.88,0.88,0.88,8189000000.0,,8189000000.0,23647704861.0,9.0,6.741,987000000.0,1.951,1.0,1134000000.0,0.289,104000000.0,145000000.0,33282000000.0,,846000000.0,2585000000.0,15000000.0,2570000000.0,21103000000.0,3598000000.0,17505000000.0,14911704861.0,911000000.0,0.0,0.0,-143000000.0,-168000000.0,-313000000.0,-165000000.0,131000000.0,1389000000.0,0.0,444000000.0,444000000.0,444000000.0,0.0,0.0,0.113,207000000.0,927000000.0,925000000.0,0.378,1.821,12.594,12.594,14641000000.0,0.0,29.47,1.171,1.171,1806000000.0,4049000000.0,3920000000.0,3920000000.0,0.0,,,,,0.0,0.0,1.0,505996093.0,505986000,506548000.0,7.747,29198000000.0,0.0,304000000.0,5512000000.0,57.705,680000000.0
50,PEG,MRQ,2008-12-31,2008-12-31,2008-12-31,2021-08-09,-177000000.0,29049000000.0,,3999000000.0,25050000000.0,,15.355,-534000000.0,321000000.0,321000000.0,1841000000.0,234000000.0,1.173,2.737,9057000000.0,1052000000.0,8005000000.0,9057000000.0,0.0,194000000.0,0.0,0.044,0.323,460000000.0,654000000.0,0.257,654000000.0,460000000.0,342000000.0,0.46,0.46,0.46,7771000000.0,,7771000000.0,23765794155.0,9.0,6.919,219000000.0,0.433,1.0,708000000.0,0.278,69000000.0,118000000.0,34306000000.0,,1255000000.0,2813000000.0,118000000.0,2695000000.0,21267000000.0,3410000000.0,17857000000.0,14762794155.0,92000000.0,153000000.0,0.0,-175000000.0,-163000000.0,-345000000.0,-316000000.0,-5000000.0,753000000.0,0.0,234000000.0,234000000.0,234000000.0,-62000000.0,0.0,0.092,178000000.0,530000000.0,1227000000.0,0.702,1.9,12.427,12.466,14433000000.0,0.0,29.17,1.171,1.175,1852000000.0,3773000000.0,2549000000.0,2549000000.0,0.0,,,,,0.0,0.0,1.0,506095103.0,506073000,507038000.0,5.037,28980000000.0,0.0,108000000.0,5114000000.0,57.264,589000000.0
51,PEG,MRQ,2008-09-30,2008-09-30,2008-09-30,2021-08-09,-196000000.0,28054000000.0,,4066000000.0,23988000000.0,,15.124,-498000000.0,229000000.0,229000000.0,2539000000.0,656000000.0,1.121,2.653,9232000000.0,1220000000.0,8012000000.0,9232000000.0,0.0,212000000.0,0.0,0.038,0.323,1139000000.0,1351000000.0,0.363,1351000000.0,1139000000.0,990000000.0,1.29,1.29,1.29,7679000000.0,,7679000000.0,26622055560.0,9.0,7.191,471000000.0,0.928,1.0,1179000000.0,0.317,59000000.0,149000000.0,33371000000.0,,1383000000.0,2886000000.0,144000000.0,2742000000.0,20375000000.0,3627000000.0,16748000000.0,16673055560.0,145000000.0,772000000.0,-92000000.0,-799000000.0,-164000000.0,-1066000000.0,243000000.0,-2000000.0,969000000.0,-1000000.0,656000000.0,656000000.0,656000000.0,-180000000.0,0.0,0.176,214000000.0,965000000.0,1043000000.0,0.25,2.171,14.142,14.134,14006000000.0,0.0,32.79,1.265,1.264,1633000000.0,3701000000.0,3718000000.0,3718000000.0,0.0,,,,,0.0,0.0,1.0,508479889.0,507724000,508326000.0,7.323,27995000000.0,71000000.0,334000000.0,5084000000.0,55.138,439000000.0
52,PEG,MRQ,2008-06-30,2008-06-30,2008-06-30,2021-08-09,-896000000.0,28334000000.0,,5296000000.0,23038000000.0,,12.928,-416000000.0,86000000.0,86000000.0,2182000000.0,-150000000.0,1.014,3.31,10035000000.0,1754000000.0,8281000000.0,10035000000.0,0.0,194000000.0,0.0,0.027,0.323,209000000.0,403000000.0,0.158,403000000.0,209000000.0,63000000.0,-0.29,-0.29,-0.29,6574000000.0,,6574000000.0,32253635247.0,12.0,9.035,-836000000.0,-1.644,1.0,368000000.0,0.144,62000000.0,146000000.0,33000000000.0,,1142000000.0,2851000000.0,110000000.0,2741000000.0,21760000000.0,5221000000.0,16539000000.0,23355635247.0,-167000000.0,0.0,0.0,858000000.0,-164000000.0,693000000.0,-441000000.0,8000000.0,-420000000.0,1000000.0,-150000000.0,-150000000.0,-150000000.0,-16000000.0,0.0,-0.059,191000000.0,177000000.0,1342000000.0,-1.114,3.553,22.697,22.738,13773000000.0,0.0,45.93,1.824,1.824,1950000000.0,3209000000.0,2550000000.0,2550000000.0,0.0,,,,,0.0,0.0,1.0,508505013.0,508491000,509487000.0,5.015,28272000000.0,0.0,213000000.0,4611000000.0,55.6,75000000.0
53,PEG,MRQ,2008-03-31,2008-03-31,2008-03-31,2021-08-09,-436000000.0,27968000000.0,,4721000000.0,23247000000.0,,14.447,-323000000.0,251000000.0,251000000.0,2789000000.0,448000000.0,1.133,2.807,9149000000.0,735000000.0,8414000000.0,9149000000.0,0.0,193000000.0,0.0,0.03,0.323,834000000.0,1027000000.0,0.271,1027000000.0,834000000.0,681000000.0,0.88,0.88,0.88,7346000000.0,,7346000000.0,29903880802.0,9.0,7.493,720000000.0,1.416,1.0,1003000000.0,0.265,59000000.0,153000000.0,32642000000.0,,686000000.0,3300000000.0,95000000.0,3205000000.0,20622000000.0,4165000000.0,16457000000.0,20434880802.0,-129000000.0,0.0,0.0,-751000000.0,-164000000.0,-911000000.0,-261000000.0,43000000.0,1043000000.0,0.0,448000000.0,448000000.0,448000000.0,-13000000.0,0.0,0.118,192000000.0,811000000.0,993000000.0,0.367,2.782,14.054,14.102,13450000000.0,0.0,40.19,1.577,1.577,2016000000.0,3523000000.0,3792000000.0,3792000000.0,0.0,,,,,0.0,0.0,1.0,508456850.0,508490000,510107000.0,7.457,27909000000.0,0.0,233000000.0,5124000000.0,54.886,556000000.0
54,PEG,MRQ,2007-12-31,2007-12-31,2007-12-31,2021-08-09,-216000000.0,28299000000.0,,4974000000.0,23325000000.0,,14.351,-375000000.0,380000000.0,380000000.0,2341000000.0,225000000.0,1.164,2.877,9846000000.0,1188000000.0,8658000000.0,9846000000.0,0.0,196000000.0,0.0,0.024,0.292,725000000.0,921000000.0,0.296,921000000.0,725000000.0,547000000.0,0.44,0.43,0.44,7299000000.0,,7299000000.0,35768726705.0,11.0,9.106,7000000.0,0.014,1.0,775000000.0,0.249,51000000.0,178000000.0,33439000000.0,,1084000000.0,3335000000.0,114000000.0,3221000000.0,21000000000.0,4275000000.0,16725000000.0,24983726705.0,-3000000.0,275000000.0,1000000.0,-850000000.0,-149000000.0,-981000000.0,598000000.0,688000000.0,382000000.0,-2000000.0,225000000.0,225000000.0,225000000.0,-6000000.0,0.0,0.072,175000000.0,600000000.0,1080000000.0,0.664,3.423,18.714,18.677,13196000000.0,0.0,49.12,1.971,1.967,1890000000.0,3261000000.0,3116000000.0,3116000000.0,0.0,,,,,0.0,0.0,1.0,508626358.0,508622000,511354000.0,6.126,28248000000.0,0.0,322000000.0,5182000000.0,55.538,699000000.0
55,PEG,MRQ,2007-09-30,2007-09-30,2007-09-30,2021-08-09,-127000000.0,28909000000.0,,4132000000.0,24777000000.0,,14.376,-299000000.0,421000000.0,421000000.0,2178000000.0,506000000.0,1.154,2.954,11206000000.0,1226000000.0,9980000000.0,11206000000.0,0.0,214000000.0,0.0,0.026,0.292,1005000000.0,1219000000.0,0.364,1219000000.0,1005000000.0,821000000.0,0.99,0.99,0.99,7311000000.0,,7311000000.0,33422390647.0,13.0,9.721,456000000.0,0.897,1.0,1169000000.0,0.349,469000000.0,184000000.0,35644000000.0,,1197000000.0,3956000000.0,80000000.0,3876000000.0,21598000000.0,3581000000.0,18017000000.0,22374390647.0,250000000.0,0.0,14000000.0,-32000000.0,-149000000.0,-179000000.0,-328000000.0,21000000.0,755000000.0,2000000.0,506000000.0,506000000.0,506000000.0,-16000000.0,0.0,0.151,221000000.0,948000000.0,916000000.0,0.295,3.06,21.048,21.05,13507000000.0,0.0,43.995,1.863,1.863,1757000000.0,3186000000.0,3347000000.0,3347000000.0,0.0,,,,,0.0,0.0,1.0,508566670.0,508543000,509090000.0,6.582,28440000000.0,0.0,315000000.0,4893000000.0,55.924,551000000.0
56,PEG,MRQ,2007-06-30,2007-06-30,2007-06-30,2021-08-09,-213000000.0,28458000000.0,,3897000000.0,24561000000.0,,13.498,-344000000.0,170000000.0,170000000.0,1928000000.0,275000000.0,1.054,3.156,11218000000.0,1355000000.0,9863000000.0,11218000000.0,0.0,196000000.0,0.0,0.026,0.292,628000000.0,824000000.0,0.304,824000000.0,628000000.0,446000000.0,0.54,0.54,0.54,6847000000.0,,6847000000.0,33100691537.0,14.0,10.169,-508000000.0,-1.001,1.0,779000000.0,0.288,462000000.0,182000000.0,35345000000.0,,982000000.0,3888000000.0,52000000.0,3836000000.0,21611000000.0,3699000000.0,17912000000.0,22253691537.0,-301000000.0,325000000.0,35000000.0,-5000000.0,-148000000.0,-109000000.0,-28000000.0,2000000.0,-164000000.0,0.0,275000000.0,275000000.0,275000000.0,6000000.0,0.0,0.102,191000000.0,588000000.0,1022000000.0,0.541,3.25,23.903,23.853,13279000000.0,0.0,43.89,1.861,1.861,1848000000.0,2829000000.0,2707000000.0,2707000000.0,0.0,,,,,0.0,0.0,1.0,507033300.0,507261000,508067000.0,5.337,27996000000.0,0.0,171000000.0,4846000000.0,55.191,198000000.0
57,PEG,MRQ,2007-03-31,2007-03-31,2007-03-31,2021-08-09,-272000000.0,28366000000.0,,3769000000.0,24597000000.0,,13.077,-275000000.0,483000000.0,483000000.0,2615000000.0,329000000.0,1.021,3.289,11330000000.0,1223000000.0,10107000000.0,11330000000.0,0.0,196000000.0,0.0,0.028,0.292,771000000.0,967000000.0,0.276,967000000.0,771000000.0,589000000.0,0.65,0.65,0.65,6614000000.0,,6614000000.0,32449110483.0,15.0,10.622,673000000.0,1.331,1.0,893000000.0,0.255,583000000.0,182000000.0,34939000000.0,,652000000.0,3824000000.0,46000000.0,3778000000.0,21752000000.0,3691000000.0,18061000000.0,20990110483.0,334000000.0,0.0,33000000.0,-271000000.0,-148000000.0,-381000000.0,-233000000.0,9000000.0,948000000.0,0.0,329000000.0,329000000.0,329000000.0,-8000000.0,0.0,0.094,192000000.0,701000000.0,1013000000.0,0.449,3.174,24.266,24.21,13133000000.0,0.0,41.52,1.779,1.78,2066000000.0,2702000000.0,3508000000.0,3508000000.0,0.0,,,,,0.0,0.0,1.0,505542160.0,505784000,506711000.0,6.936,27783000000.0,0.0,260000000.0,4819000000.0,54.931,78000000.0
58,PEG,MRQ,2006-12-31,2006-12-31,2006-12-31,2021-08-09,-108000000.0,28552000000.0,,4777000000.0,23775000000.0,,13.371,-264000000.0,106000000.0,106000000.0,1932000000.0,-47000000.0,1.286,3.232,11317000000.0,1217000000.0,10100000000.0,11317000000.0,0.0,205000000.0,0.0,0.034,0.285,223000000.0,428000000.0,0.175,428000000.0,223000000.0,22000000.0,-0.09,-0.1,-0.09,6747000000.0,,6747000000.0,28385258572.0,14.0,10.016,229000000.0,0.454,1.0,517000000.0,0.211,62000000.0,201000000.0,35985000000.0,,1123000000.0,3947000000.0,79000000.0,3868000000.0,21805000000.0,3716000000.0,18089000000.0,16741258572.0,-146000000.0,-186000000.0,27000000.0,-332000000.0,-144000000.0,-450000000.0,-190000000.0,253000000.0,493000000.0,1000000.0,-47000000.0,-47000000.0,-47000000.0,423000000.0,0.0,-0.019,-84000000.0,601000000.0,916000000.0,-3.167,2.481,22.654,22.578,12418000000.0,0.0,33.19,1.427,1.424,1585000000.0,2710000000.0,2449000000.0,2449000000.0,0.0,,,,,0.0,0.0,1.0,504406706.0,504598000,505546000.0,4.853,28490000000.0,0.0,69000000.0,4587000000.0,56.461,1061000000.0
59,PEG,MRQ,2006-09-30,2006-09-30,2006-09-30,2021-08-09,-33000000.0,28714000000.0,,3494000000.0,25220000000.0,,13.873,-272000000.0,292000000.0,292000000.0,2305000000.0,374000000.0,1.058,3.111,11936000000.0,1227000000.0,10709000000.0,11936000000.0,0.0,234000000.0,0.0,0.037,0.285,802000000.0,1036000000.0,0.314,1036000000.0,802000000.0,603000000.0,0.74,0.74,0.74,6985000000.0,,6985000000.0,27263925536.0,12.0,8.775,363000000.0,0.721,1.0,992000000.0,0.301,597000000.0,199000000.0,36458000000.0,,1164000000.0,3988000000.0,98000000.0,3890000000.0,21729000000.0,3303000000.0,18426000000.0,15402925536.0,155000000.0,-1000000.0,22000000.0,-71000000.0,-144000000.0,-198000000.0,-282000000.0,3000000.0,635000000.0,0.0,374000000.0,374000000.0,374000000.0,-2000000.0,0.0,0.113,228000000.0,764000000.0,806000000.0,0.385,2.205,15.543,15.413,13684000000.0,0.0,30.595,1.262,1.262,1559000000.0,2901000000.0,3297000000.0,3297000000.0,0.0,,,,,0.0,0.0,1.0,503445842.0,503494000,504658000.0,6.548,28117000000.0,0.0,229000000.0,4758000000.0,55.844,191000000.0
60,PEG,MRQ,2006-06-30,2006-06-30,2006-06-30,2021-08-09,-239000000.0,28259000000.0,,3347000000.0,24912000000.0,,12.987,-233000000.0,136000000.0,136000000.0,1941000000.0,209000000.0,1.095,3.326,11997000000.0,939000000.0,11058000000.0,11997000000.0,0.0,206000000.0,0.0,0.034,0.285,418000000.0,624000000.0,0.245,624000000.0,418000000.0,221000000.0,0.415,0.415,0.415,6532000000.0,,6532000000.0,28717158778.0,14.0,9.828,-345000000.0,-0.686,1.0,601000000.0,0.236,590000000.0,197000000.0,36473000000.0,,936000000.0,3933000000.0,75000000.0,3858000000.0,21727000000.0,3057000000.0,18670000000.0,16627158778.0,-92000000.0,679000000.0,17000000.0,-309000000.0,-143000000.0,-441000000.0,462000000.0,8000000.0,-112000000.0,-1000000.0,209000000.0,209000000.0,209000000.0,-217000000.0,0.0,0.082,201000000.0,400000000.0,877000000.0,0.687,2.545,19.112,18.625,13571000000.0,0.0,33.06,1.359,1.359,1694000000.0,2671000000.0,2542000000.0,2542000000.0,0.0,,,,,0.0,0.0,1.0,502938862.0,502948000,504168000.0,5.054,27669000000.0,0.0,12000000.0,4543000000.0,55.014,290000000.0
61,PEG,MRQ,2006-03-31,2006-03-31,2006-03-31,2021-08-09,-473000000.0,28856000000.0,,3801000000.0,25055000000.0,,12.383,-240000000.0,218000000.0,218000000.0,2765000000.0,203000000.0,0.965,3.638,12308000000.0,1195000000.0,11113000000.0,12308000000.0,0.0,205000000.0,0.0,0.035,0.285,545000000.0,750000000.0,0.217,750000000.0,545000000.0,352000000.0,0.405,0.405,0.405,6221000000.0,,6221000000.0,28711851169.0,15.0,10.847,670000000.0,1.334,1.0,696000000.0,0.201,595000000.0,193000000.0,36413000000.0,,675000000.0,4199000000.0,82000000.0,4117000000.0,22635000000.0,3938000000.0,18697000000.0,16084851169.0,-70000000.0,2000000.0,17000000.0,-605000000.0,-143000000.0,-746000000.0,-233000000.0,5000000.0,910000000.0,-1000000.0,203000000.0,203000000.0,203000000.0,5000000.0,0.0,0.059,201000000.0,495000000.0,785000000.0,0.704,2.586,27.78,26.908,13411000000.0,0.0,32.02,1.333,1.333,2064000000.0,2605000000.0,3461000000.0,3461000000.0,0.0,,,,,0.0,0.0,1.0,502337638.0,502374000,504130000.0,6.889,28261000000.0,0.0,149000000.0,4585000000.0,56.255,-137000000.0
62,PEG,MRQ,2005-12-31,2005-12-31,2005-12-31,2021-08-09,-609000000.0,29821000000.0,,5496000000.0,24325000000.0,,12.285,-297000000.0,288000000.0,288000000.0,2337000000.0,205000000.0,1.156,3.952,12915000000.0,1636000000.0,11279000000.0,12915000000.0,0.0,195000000.0,0.0,0.034,0.28,502000000.0,697000000.0,0.24,697000000.0,502000000.0,342000000.0,0.425,0.415,0.425,6022000000.0,,6022000000.0,28907079377.0,15.0,10.538,-251000000.0,-0.512,1.0,572000000.0,0.197,600000000.0,160000000.0,37093000000.0,,1081000000.0,4153000000.0,76000000.0,4077000000.0,23799000000.0,4755000000.0,19044000000.0,15547079377.0,-329000000.0,287000000.0,478000000.0,-702000000.0,-140000000.0,-369000000.0,-6000000.0,7000000.0,46000000.0,0.0,205000000.0,205000000.0,205000000.0,-25000000.0,0.0,0.07,152000000.0,420000000.0,1154000000.0,0.659,2.582,23.521,23.54,12676000000.0,0.0,32.485,1.312,1.318,2330000000.0,2545000000.0,2909000000.0,2909000000.0,0.0,,,,,0.0,0.0,1.0,478592562.0,490200000,495976000.0,5.934,29221000000.0,0.0,137000000.0,4389000000.0,59.61,741000000.0
63,PEG,MRQ,2005-09-30,2005-09-30,2005-09-30,2021-08-09,-588000000.0,30115000000.0,,4799000000.0,25316000000.0,,11.515,-265000000.0,608000000.0,608000000.0,2550000000.0,253000000.0,1.027,4.47,13968000000.0,1824000000.0,12144000000.0,13968000000.0,0.0,207000000.0,0.0,0.035,0.28,644000000.0,851000000.0,0.256,851000000.0,644000000.0,436000000.0,0.53,0.515,0.53,5505000000.0,,5505000000.0,28840575823.0,16.0,11.364,75000000.0,0.157,1.0,774000000.0,0.233,608000000.0,208000000.0,38196000000.0,,1076000000.0,4408000000.0,82000000.0,4326000000.0,24610000000.0,4671000000.0,19939000000.0,15383575823.0,319000000.0,219000000.0,18000000.0,193000000.0,-134000000.0,63000000.0,-87000000.0,135000000.0,340000000.0,3000000.0,253000000.0,253000000.0,253000000.0,16000000.0,0.0,0.076,204000000.0,570000000.0,1089000000.0,0.528,2.794,28.331,28.228,13476000000.0,0.0,32.18,1.362,1.362,1991000000.0,2480000000.0,3324000000.0,3324000000.0,0.0,,,,,0.0,0.0,1.0,478047726.0,478068000,488572000.0,6.953,29507000000.0,0.0,183000000.0,4287000000.0,61.721,128000000.0
64,PEG,MRQ,2005-06-30,2005-06-30,2005-06-30,2021-08-09,-391000000.0,28473000000.0,,3503000000.0,24970000000.0,,11.68,-283000000.0,294000000.0,294000000.0,1897000000.0,-82000000.0,0.866,4.105,13751000000.0,1929000000.0,11822000000.0,13751000000.0,0.0,175000000.0,0.0,0.037,0.28,174000000.0,349000000.0,0.147,349000000.0,174000000.0,-24000000.0,-0.17,-0.17,-0.17,5577000000.0,,5577000000.0,27812282964.0,16.0,11.103,-377000000.0,-0.79,1.0,480000000.0,0.202,616000000.0,198000000.0,37271000000.0,,782000000.0,4271000000.0,37000000.0,4234000000.0,22896000000.0,4043000000.0,18853000000.0,14519282964.0,-43000000.0,26000000.0,19000000.0,317000000.0,-133000000.0,199000000.0,-147000000.0,2000000.0,-94000000.0,-1000000.0,-82000000.0,-82000000.0,-82000000.0,173000000.0,0.0,-0.034,174000000.0,306000000.0,977000000.0,-1.647,2.603,27.19,27.031,13272000000.0,0.0,30.41,1.355,1.355,1573000000.0,2361000000.0,2377000000.0,2377000000.0,0.0,,,,,0.0,0.0,1.0,477450936.0,477464000,486038000.0,4.978,27857000000.0,0.0,58000000.0,4316000000.0,58.344,-540000000.0
65,PEG,MRQ,2005-03-31,2005-03-31,2005-03-31,2021-08-09,-435000000.0,28885000000.0,,3335000000.0,25550000000.0,,12.035,-197000000.0,332000000.0,332000000.0,2468000000.0,285000000.0,1.017,4.036,13625000000.0,898000000.0,12727000000.0,13625000000.0,0.0,190000000.0,0.0,0.041,0.28,656000000.0,846000000.0,0.261,846000000.0,656000000.0,456000000.0,0.6,0.59,0.6,5736000000.0,,5736000000.0,26633876244.0,14.0,9.835,460000000.0,0.965,1.0,776000000.0,0.239,626000000.0,200000000.0,38272000000.0,,490000000.0,4250000000.0,56000000.0,4194000000.0,23149000000.0,3280000000.0,19869000000.0,12963876244.0,61000000.0,1000000.0,18000000.0,-295000000.0,-134000000.0,-435000000.0,-160000000.0,2000000.0,657000000.0,-1000000.0,285000000.0,285000000.0,285000000.0,-5000000.0,0.0,0.088,184000000.0,592000000.0,932000000.0,0.467,2.26,17.519,17.489,13797000000.0,0.0,27.195,1.22,1.22,1934000000.0,2576000000.0,3244000000.0,3244000000.0,0.0,,,,,0.0,0.0,1.0,476700726.0,476628000,484380000.0,6.806,28259000000.0,0.0,171000000.0,4495000000.0,59.289,55000000.0
66,PEG,MRQ,2004-12-31,2004-12-31,2004-12-31,2021-08-09,-272000000.0,29260000000.0,,4626000000.0,24634000000.0,,12.079,-347000000.0,263000000.0,263000000.0,1905000000.0,87000000.0,1.19,4.094,13627000000.0,1014000000.0,12613000000.0,13627000000.0,0.0,196000000.0,0.0,0.042,0.275,296000000.0,492000000.0,0.21,492000000.0,296000000.0,149000000.0,0.18,0.18,0.18,5744000000.0,,5744000000.0,26088337298.0,13.0,9.644,4000000.0,0.008,1.0,443000000.0,0.189,622000000.0,147000000.0,38113000000.0,,872000000.0,4222000000.0,41000000.0,4181000000.0,23516000000.0,3889000000.0,19627000000.0,12306337298.0,-43000000.0,137000000.0,20000000.0,-179000000.0,-131000000.0,-332000000.0,-63000000.0,18000000.0,351000000.0,1000000.0,87000000.0,87000000.0,87000000.0,47000000.0,0.0,0.037,158000000.0,285000000.0,1349000000.0,1.528,2.142,16.951,16.918,12858000000.0,0.0,25.885,1.16,1.156,1930000000.0,2425000000.0,2348000000.0,2348000000.0,0.0,,,,,0.0,0.0,1.0,475423500.0,475528000,478990000.0,4.938,28638000000.0,0.0,62000000.0,4411000000.0,60.224,737000000.0
67,PEG,MRQ,2004-09-30,2004-09-30,2004-09-30,2021-08-09,-469000000.0,28462000000.0,,3466000000.0,24996000000.0,,11.74,-308000000.0,316000000.0,316000000.0,1975000000.0,244000000.0,1.04,4.109,14098000000.0,1102000000.0,12996000000.0,14098000000.0,0.0,190000000.0,0.0,0.051,0.275,628000000.0,818000000.0,0.298,818000000.0,628000000.0,421000000.0,0.515,0.515,0.515,5571000000.0,,5571000000.0,23329906282.0,11.0,8.258,114000000.0,0.24,1.0,774000000.0,0.282,617000000.0,207000000.0,38294000000.0,,944000000.0,4507000000.0,162000000.0,4345000000.0,22891000000.0,3333000000.0,19558000000.0,10105906282.0,63000000.0,13000000.0,18000000.0,131000000.0,-131000000.0,37000000.0,-397000000.0,0.0,422000000.0,1000000.0,244000000.0,244000000.0,244000000.0,8000000.0,0.0,0.089,190000000.0,584000000.0,963000000.0,0.534,1.814,12.99,13.067,13487000000.0,0.0,21.3,0.936,0.936,1576000000.0,2469000000.0,2749000000.0,2749000000.0,0.0,,,,,0.0,0.0,1.0,474455694.0,474538000,475456000.0,5.793,27845000000.0,0.0,177000000.0,4302000000.0,58.678,133000000.0
68,PEG,MRQ,2004-06-30,2004-06-30,2004-06-30,2021-08-09,-468000000.0,27407000000.0,,3253000000.0,24154000000.0,,11.47,-344000000.0,253000000.0,253000000.0,1812000000.0,124000000.0,1.053,4.047,13477000000.0,954000000.0,12523000000.0,13477000000.0,0.0,163000000.0,0.0,0.054,0.275,389000000.0,552000000.0,0.242,552000000.0,389000000.0,181000000.0,0.26,0.26,0.26,5430000000.0,,5430000000.0,22352256279.0,11.0,8.276,-465000000.0,-0.982,1.0,473000000.0,0.207,606000000.0,208000000.0,36937000000.0,,703000000.0,4534000000.0,0.0,4534000000.0,21977000000.0,3088000000.0,18889000000.0,9471256279.0,-217000000.0,276000000.0,24000000.0,131000000.0,-130000000.0,17000000.0,-113000000.0,-44000000.0,-121000000.0,0.0,124000000.0,124000000.0,124000000.0,3000000.0,0.0,0.054,167000000.0,306000000.0,1055000000.0,1.058,1.744,12.782,12.708,12696000000.0,0.0,20.015,0.875,0.875,1641000000.0,2356000000.0,2285000000.0,2285000000.0,0.0,,,,,0.0,0.0,1.0,473207908.0,473410000,476002000.0,4.827,26801000000.0,0.0,57000000.0,4223000000.0,56.613,165000000.0
69,PEG,MRQ,2004-03-31,2004-03-31,2004-03-31,2021-08-09,-383000000.0,27715000000.0,,3415000000.0,24300000000.0,,11.643,-235000000.0,470000000.0,470000000.0,2417000000.0,271000000.0,1.062,4.039,13351000000.0,746000000.0,12605000000.0,13351000000.0,0.0,172000000.0,0.0,0.046,0.275,674000000.0,846000000.0,0.262,846000000.0,674000000.0,451000000.0,0.575,0.57,0.575,5500000000.0,,5500000000.0,24519723293.0,12.0,9.211,718000000.0,1.52,1.0,808000000.0,0.251,596000000.0,223000000.0,36783000000.0,,432000000.0,4747000000.0,0.0,4747000000.0,22215000000.0,3217000000.0,18998000000.0,11095723293.0,18000000.0,2000000.0,21000000.0,-617000000.0,-130000000.0,-751000000.0,-183000000.0,44000000.0,953000000.0,-1000000.0,271000000.0,271000000.0,271000000.0,0.0,0.0,0.084,172000000.0,636000000.0,1083000000.0,0.478,2.017,14.794,14.59,12502000000.0,0.0,23.49,1.014,1.014,1915000000.0,2362000000.0,3225000000.0,3225000000.0,0.0,,,,,0.0,0.0,1.0,472359442.0,472386000,477704000.0,6.827,27119000000.0,0.0,180000000.0,4309000000.0,57.409,198000000.0
70,PEG,MRQ,2003-12-31,2003-12-31,2003-12-31,2021-08-09,-201000000.0,28084000000.0,,3665000000.0,24419000000.0,,11.753,-344000000.0,452000000.0,452000000.0,1980000000.0,139000000.0,1.086,4.079,13972000000.0,1027000000.0,12945000000.0,13972000000.0,0.0,166000000.0,0.0,0.049,0.27,443000000.0,609000000.0,0.24,609000000.0,443000000.0,233000000.0,0.28,0.28,0.28,5529000000.0,,5529000000.0,24618017680.0,10.0,8.261,322000000.0,0.684,1.0,558000000.0,0.22,625000000.0,210000000.0,37603000000.0,,754000000.0,4847000000.0,37000000.0,4810000000.0,22555000000.0,3376000000.0,19179000000.0,10300017680.0,298000000.0,-38000000.0,378000000.0,-80000000.0,-127000000.0,-1000000.0,-369000000.0,-3000000.0,666000000.0,2000000.0,139000000.0,139000000.0,139000000.0,28000000.0,0.0,0.055,156000000.0,402000000.0,1202000000.0,0.964,1.863,8.879,8.622,12415000000.0,0.0,21.9,0.936,0.908,1812000000.0,2221000000.0,2538000000.0,2538000000.0,0.0,,,,,0.0,0.0,1.0,470320442.0,470418000,471862000.0,5.395,27459000000.0,0.0,94000000.0,4229000000.0,58.371,289000000.0
71,PEG,MRQ,2003-09-30,2003-09-30,2003-09-30,2021-08-09,-543000000.0,26936000000.0,,3016000000.0,23920000000.0,,10.699,-372000000.0,271000000.0,271000000.0,2123000000.0,207000000.0,0.887,4.56,14589000000.0,1723000000.0,12866000000.0,14589000000.0,0.0,163000000.0,0.0,0.051,0.27,531000000.0,694000000.0,0.25,694000000.0,531000000.0,324000000.0,0.46,0.455,0.46,4845000000.0,,4845000000.0,22151449616.0,9.0,7.211,-126000000.0,-0.278,1.0,656000000.0,0.236,647000000.0,207000000.0,37205000000.0,,838000000.0,4773000000.0,0.0,4773000000.0,22091000000.0,3402000000.0,18689000000.0,9507449616.0,34000000.0,47000000.0,21000000.0,348000000.0,-122000000.0,213000000.0,-425000000.0,0.0,246000000.0,0.0,207000000.0,207000000.0,207000000.0,1000000.0,0.0,0.074,163000000.0,493000000.0,903000000.0,0.587,1.962,7.57,7.42,12352000000.0,0.0,21.0,0.86,0.86,1448000000.0,2256000000.0,2779000000.0,2779000000.0,0.0,,,,,0.0,0.0,1.0,452735696.0,452828000,455186000.0,6.137,26289000000.0,0.0,117000000.0,3818000000.0,58.055,-386000000.0
72,PEG,MRQ,2003-06-30,2003-06-30,2003-06-30,2021-08-09,-617000000.0,26570000000.0,,2969000000.0,23601000000.0,,10.318,-346000000.0,187000000.0,187000000.0,1916000000.0,133000000.0,0.767,4.699,12831000000.0,1803000000.0,11028000000.0,12831000000.0,0.0,98000000.0,0.0,0.051,0.27,415000000.0,513000000.0,0.214,513000000.0,415000000.0,205000000.0,0.295,0.295,0.295,4662000000.0,,4662000000.0,21672729130.0,8.0,7.016,-405000000.0,-0.896,1.0,485000000.0,0.202,648000000.0,210000000.0,34696000000.0,,642000000.0,4687000000.0,0.0,4687000000.0,21908000000.0,3870000000.0,18038000000.0,9543729130.0,-100000000.0,4000000.0,21000000.0,466000000.0,-122000000.0,329000000.0,-370000000.0,0.0,-59000000.0,0.0,133000000.0,133000000.0,133000000.0,5000000.0,0.0,0.055,98000000.0,387000000.0,1117000000.0,0.915,2.047,7.617,7.373,12136000000.0,0.0,21.125,0.901,0.901,1548000000.0,2160000000.0,2401000000.0,2401000000.0,0.0,,,,,0.0,0.0,1.0,451774160.0,451820000,453164000.0,5.314,25922000000.0,0.0,72000000.0,3598000000.0,57.372,-901000000.0
73,PEG,MRQ,2003-03-31,2003-03-31,2003-03-31,2021-08-09,-670000000.0,26163000000.0,,3177000000.0,22986000000.0,,10.173,-315000000.0,244000000.0,244000000.0,2516000000.0,681000000.0,0.807,4.706,12373000000.0,1499000000.0,10874000000.0,12373000000.0,0.0,99000000.0,0.0,0.059,0.27,1065000000.0,1164000000.0,0.354,1164000000.0,1065000000.0,867000000.0,1.51,1.505,1.51,4585000000.0,,4585000000.0,20572219085.0,10.0,8.18,326000000.0,0.723,1.0,772000000.0,0.235,640000000.0,198000000.0,33717000000.0,,430000000.0,4613000000.0,0.0,4613000000.0,21578000000.0,3935000000.0,17643000000.0,8267219085.0,65000000.0,-20000000.0,21000000.0,-139000000.0,-122000000.0,-239000000.0,-337000000.0,0.0,641000000.0,0.0,681000000.0,681000000.0,681000000.0,13000000.0,0.0,0.207,99000000.0,673000000.0,1313000000.0,0.179,1.803,9.658,9.505,11692000000.0,0.0,18.345,0.861,0.861,2073000000.0,2158000000.0,3288000000.0,3288000000.0,0.0,,,,,0.0,0.0,1.0,450652444.0,450684000,451428000.0,7.296,25523000000.0,0.0,186000000.0,3548000000.0,56.632,-758000000.0
74,PEG,MRQ,2002-12-31,2002-12-31,2002-12-31,2021-08-09,-739000000.0,26135000000.0,,3289000000.0,22846000000.0,,9.003,-314000000.0,171000000.0,171000000.0,1899000000.0,235000000.0,0.817,5.727,13728000000.0,1490000000.0,12238000000.0,13728000000.0,0.0,131000000.0,0.0,0.067,0.27,570000000.0,701000000.0,0.271,701000000.0,570000000.0,371000000.0,0.565,0.565,0.565,3885000000.0,,3885000000.0,19534764891.0,15.0,10.43,62000000.0,0.144,1.0,690000000.0,0.267,652000000.0,199000000.0,35013000000.0,,616000000.0,4468000000.0,0.0,4468000000.0,22250000000.0,4027000000.0,18223000000.0,6654764891.0,2000000.0,41000000.0,479000000.0,-600000000.0,-122000000.0,-80000000.0,-283000000.0,0.0,376000000.0,-11000000.0,235000000.0,235000000.0,235000000.0,8000000.0,0.0,0.091,131000000.0,559000000.0,1137000000.0,0.478,1.713,28.318,28.407,11640000000.0,0.0,16.05,0.81,0.815,1679000000.0,1554000000.0,2589000000.0,2589000000.0,0.0,,,,,0.0,0.0,1.0,414627096.0,431514000,431192000.0,6.0,25483000000.0,0.0,136000000.0,3132000000.0,59.055,-738000000.0
75,PEG,MRQ,2002-09-30,2002-09-30,2002-09-30,2021-08-09,-414000000.0,25954000000.0,,3411000000.0,22543000000.0,,8.881,-417000000.0,161000000.0,161000000.0,1649000000.0,204000000.0,0.697,6.068,13041000000.0,2399000000.0,10642000000.0,13041000000.0,0.0,168000000.0,0.0,0.089,0.27,543000000.0,711000000.0,0.307,711000000.0,543000000.0,328000000.0,0.495,0.495,0.495,3672000000.0,,3672000000.0,19458365396.0,16.0,10.907,-94000000.0,-0.227,1.0,665000000.0,0.287,464000000.0,215000000.0,33476000000.0,,673000000.0,5034000000.0,108000000.0,4926000000.0,22282000000.0,4894000000.0,17388000000.0,6302365396.0,-99000000.0,-58000000.0,21000000.0,-418000000.0,-111000000.0,-47000000.0,-375000000.0,0.0,323000000.0,0.0,204000000.0,204000000.0,204000000.0,3000000.0,0.0,0.088,168000000.0,497000000.0,731000000.0,0.545,1.716,33.523,33.516,10595000000.0,0.0,15.25,0.878,0.878,1181000000.0,1477000000.0,2314000000.0,2314000000.0,0.0,,,,,0.0,0.0,1.0,413269862.0,413446000,413564000.0,5.597,25490000000.0,0.0,124000000.0,3181000000.0,61.653,-1483000000.0
76,PEG,MRQ,2002-06-30,2002-06-30,2002-06-30,2021-08-09,-340000000.0,25346000000.0,,3226000000.0,22120000000.0,,8.96,-498000000.0,259000000.0,259000000.0,932000000.0,-264000000.0,0.641,5.858,13415000000.0,3074000000.0,10341000000.0,13415000000.0,0.0,135000000.0,0.0,0.062,0.27,-196000000.0,-61000000.0,-0.043,-61000000.0,-196000000.0,-384000000.0,-0.64,-0.64,-0.64,3696000000.0,,3696000000.0,21807705784.0,20.0,13.363,-310000000.0,-0.752,1.0,483000000.0,0.341,468000000.0,188000000.0,33000000000.0,,551000000.0,5009000000.0,164000000.0,4845000000.0,21650000000.0,5034000000.0,16616000000.0,8929705784.0,73000000.0,-87000000.0,20000000.0,597000000.0,-112000000.0,500000000.0,-617000000.0,0.0,188000000.0,2000000.0,-264000000.0,-264000000.0,-264000000.0,37000000.0,0.0,-0.187,135000000.0,348000000.0,536000000.0,-0.422,2.416,57.242,58.514,10289000000.0,0.0,21.65,1.378,1.378,1005000000.0,1384000000.0,1415000000.0,1415000000.0,0.0,,,,,0.0,0.0,1.0,412457542.0,412492000,413854000.0,3.43,24878000000.0,0.0,-120000000.0,3169000000.0,60.311,-1808000000.0
77,PEG,MRQ,2002-03-31,2002-03-31,2002-03-31,2021-08-09,-355000000.0,25028000000.0,,3025000000.0,22003000000.0,,9.785,-391000000.0,188000000.0,188000000.0,1241000000.0,60000000.0,0.668,5.198,13066000000.0,2888000000.0,10178000000.0,13066000000.0,0.0,131000000.0,0.0,0.059,0.27,365000000.0,496000000.0,0.263,496000000.0,365000000.0,174000000.0,0.145,0.145,0.145,4038000000.0,,4038000000.0,22097427024.0,13.0,10.017,-43000000.0,-0.104,1.0,642000000.0,0.341,478000000.0,191000000.0,32898000000.0,,432000000.0,4918000000.0,142000000.0,4776000000.0,20990000000.0,4530000000.0,16460000000.0,9427427024.0,6000000.0,-6000000.0,16000000.0,214000000.0,-111000000.0,123000000.0,-461000000.0,0.0,348000000.0,-4000000.0,60000000.0,60000000.0,60000000.0,1000000.0,0.0,0.032,131000000.0,511000000.0,546000000.0,1.862,2.335,16.745,16.715,10213000000.0,0.0,22.9,1.326,1.329,1384000000.0,1761000000.0,1883000000.0,1883000000.0,0.0,,,,,0.0,0.0,1.0,411678036.0,412680000,412680000.0,4.563,24550000000.0,0.0,114000000.0,3443000000.0,59.489,-1505000000.0
78,PEG,MRQ,2001-12-31,2001-12-31,2001-12-31,2021-08-09,-290000000.0,25156000000.0,,3289000000.0,21867000000.0,,10.078,-351000000.0,179000000.0,179000000.0,1141000000.0,188000000.0,0.723,5.081,12715000000.0,2523000000.0,10192000000.0,12715000000.0,0.0,122000000.0,0.0,0.064,0.54,516000000.0,638000000.0,0.407,638000000.0,516000000.0,270000000.0,0.455,0.455,0.455,4137000000.0,,4137000000.0,20718214906.0,11.0,8.604,-132000000.0,-0.322,1.0,425000000.0,0.271,632000000.0,246000000.0,32514000000.0,,681000000.0,4768000000.0,0.0,4768000000.0,21019000000.0,4546000000.0,16473000000.0,8753214906.0,-198000000.0,-188000000.0,-91000000.0,214000000.0,-111000000.0,180000000.0,-598000000.0,0.0,219000000.0,1000000.0,188000000.0,188000000.0,188000000.0,-5000000.0,0.0,0.12,122000000.0,303000000.0,871000000.0,1.187,2.116,11.457,11.496,9911000000.0,0.0,21.095,1.272,1.273,1283000000.0,1809000000.0,1566000000.0,1566000000.0,0.0,,,,,0.0,0.0,1.0,414942636.0,410512000,414424000.0,3.815,24524000000.0,0.0,82000000.0,3448000000.0,59.74,-1257000000.0
79,PEG,MRQ,2001-09-30,2001-09-30,2001-09-30,2021-08-09,-322000000.0,24869000000.0,,3531000000.0,21338000000.0,,9.868,-666000000.0,377000000.0,377000000.0,1037000000.0,172000000.0,0.811,5.043,12342000000.0,2199000000.0,10143000000.0,12342000000.0,0.0,146000000.0,0.0,0.051,0.27,413000000.0,559000000.0,0.346,559000000.0,413000000.0,221000000.0,0.41,0.41,0.41,4115000000.0,,4115000000.0,19762434581.0,11.0,8.471,-487000000.0,-1.168,1.0,579000000.0,0.358,0.0,192000000.0,32479000000.0,,704000000.0,4896000000.0,0.0,4896000000.0,20754000000.0,4355000000.0,16399000000.0,8853434581.0,-54000000.0,-1095000000.0,0.0,905000000.0,-112000000.0,763000000.0,-995000000.0,640000000.0,179000000.0,-1000000.0,172000000.0,172000000.0,172000000.0,3000000.0,0.0,0.106,152000000.0,427000000.0,778000000.0,0.659,2.152,11.264,11.286,9619000000.0,0.0,21.275,1.438,1.441,1258000000.0,1728000000.0,1616000000.0,1616000000.0,0.0,,,,,0.0,0.0,1.0,416142636.0,416992000,416992000.0,3.875,24869000000.0,0.0,49000000.0,3283000000.0,59.639,-824000000.0
80,PEG,MRQ,2001-06-30,2001-06-30,2001-06-30,2021-08-09,-277000000.0,23672000000.0,,3172000000.0,20500000000.0,,9.827,-656000000.0,487000000.0,487000000.0,1513000000.0,143000000.0,0.828,4.771,11396000000.0,1815000000.0,9581000000.0,11396000000.0,0.0,119000000.0,0.0,0.044,0.27,394000000.0,513000000.0,0.251,513000000.0,394000000.0,228000000.0,0.36,0.34,0.36,4102000000.0,,4102000000.0,19471797450.0,11.0,8.701,-323000000.0,-0.774,1.0,534000000.0,0.261,0.0,166000000.0,30752000000.0,,587000000.0,5141000000.0,0.0,5141000000.0,19570000000.0,3829000000.0,15741000000.0,10169797450.0,227000000.0,0.0,0.0,1896000000.0,-113000000.0,1374000000.0,-1480000000.0,-582000000.0,333000000.0,0.0,143000000.0,143000000.0,143000000.0,8000000.0,0.0,0.07,123000000.0,411000000.0,969000000.0,0.75,2.479,13.452,13.546,8853000000.0,0.0,24.45,1.508,1.513,1415000000.0,1671000000.0,2047000000.0,2047000000.0,0.0,,,,,0.0,0.0,1.0,415942636.0,417402000,417402000.0,4.904,23672000000.0,0.0,85000000.0,3238000000.0,56.713,-657000000.0
81,PEG,MRQ,2001-03-31,2001-03-31,2001-03-31,2021-08-09,-226000000.0,21694000000.0,,2443000000.0,19251000000.0,,9.893,-356000000.0,198000000.0,198000000.0,2129000000.0,261000000.0,0.826,4.262,9500000000.0,1206000000.0,8294000000.0,9500000000.0,0.0,108000000.0,0.0,0.05,0.27,578000000.0,686000000.0,0.243,686000000.0,578000000.0,414000000.0,0.625,0.625,0.625,4123000000.0,,4123000000.0,17723042085.0,10.0,8.104,82000000.0,0.197,1.0,690000000.0,0.245,0.0,164000000.0,28039000000.0,,424000000.0,4721000000.0,0.0,4721000000.0,17571000000.0,2957000000.0,14614000000.0,8976042085.0,96000000.0,0.0,0.0,426000000.0,-112000000.0,72000000.0,-414000000.0,-58000000.0,438000000.0,0.0,261000000.0,261000000.0,261000000.0,0.0,0.0,0.093,108000000.0,582000000.0,796000000.0,0.432,2.177,11.889,12.158,8068000000.0,0.0,21.58,1.309,1.311,1480000000.0,1641000000.0,2819000000.0,2819000000.0,0.0,,,,,0.0,0.0,1.0,415942636.0,416780000,416780000.0,6.764,21694000000.0,0.0,153000000.0,3318000000.0,52.051,-514000000.0
82,PEG,MRQ,2000-12-31,2000-12-31,2000-12-31,2021-08-09,-206000000.0,21526000000.0,,3139000000.0,18387000000.0,,9.333,-241000000.0,103000000.0,103000000.0,-930000000.0,210000000.0,0.55,4.387,8849000000.0,3552000000.0,5297000000.0,8849000000.0,0.0,84000000.0,0.0,0.044,0.27,491000000.0,575000000.0,-1.758,575000000.0,491000000.0,342000000.0,0.49,0.49,0.49,3996000000.0,,3996000000.0,18460588970.0,10.0,8.464,20000000.0,0.047,1.0,603000000.0,-1.844,78000000.0,149000000.0,24482000000.0,,586000000.0,4545000000.0,0.0,4545000000.0,17530000000.0,5712000000.0,11818000000.0,10426588970.0,-19000000.0,-732000000.0,-226000000.0,572000000.0,-116000000.0,194000000.0,-474000000.0,536000000.0,261000000.0,0.0,210000000.0,210000000.0,210000000.0,12000000.0,0.0,-0.642,84000000.0,519000000.0,1001000000.0,0.551,2.609,13.647,13.699,7681000000.0,0.0,24.315,1.599,1.604,1522000000.0,1493000000.0,-327000000.0,-327000000.0,0.0,,,,,0.0,0.0,1.0,428813036.0,428178000,428178000.0,-0.764,21448000000.0,0.0,132000000.0,3107000000.0,50.091,-2573000000.0
83,PEG,MRQ,2000-09-30,2000-09-30,2000-09-30,2021-08-09,-191000000.0,19708000000.0,,1825000000.0,17883000000.0,,9.649,-224000000.0,115000000.0,115000000.0,1725000000.0,142000000.0,0.408,3.758,8149000000.0,3443000000.0,4706000000.0,8149000000.0,0.0,90000000.0,0.0,0.048,0.27,374000000.0,464000000.0,0.21,464000000.0,374000000.0,226000000.0,0.33,0.33,0.33,4142000000.0,,4142000000.0,17015115420.0,10.0,7.958,9000000.0,0.021,1.0,482000000.0,0.218,0.0,148000000.0,23267000000.0,,432000000.0,4489000000.0,0.0,4489000000.0,15566000000.0,4475000000.0,11091000000.0,9586115420.0,-18000000.0,0.0,0.0,587000000.0,-114000000.0,472000000.0,-723000000.0,-468000000.0,233000000.0,0.0,142000000.0,142000000.0,142000000.0,0.0,0.0,0.064,90000000.0,392000000.0,613000000.0,0.818,2.314,13.954,14.104,7316000000.0,0.0,22.355,0.927,0.928,1025000000.0,1398000000.0,2207000000.0,2207000000.0,0.0,,,,,0.0,0.0,1.0,428813036.0,429246000,429246000.0,5.142,19708000000.0,0.0,84000000.0,3045000000.0,45.913,-2650000000.0
84,PEG,MRQ,2000-06-30,2000-06-30,2000-06-30,2021-08-09,-183000000.0,19632000000.0,,2341000000.0,17291000000.0,,9.571,-201000000.0,133000000.0,133000000.0,1680000000.0,142000000.0,0.502,3.762,7562000000.0,3145000000.0,4417000000.0,7562000000.0,0.0,86000000.0,0.0,0.062,0.27,376000000.0,462000000.0,0.214,462000000.0,376000000.0,239000000.0,0.33,0.33,0.33,4123000000.0,,4123000000.0,14447358101.0,8.0,6.314,-272000000.0,-0.631,1.0,479000000.0,0.222,0.0,137000000.0,22394000000.0,,443000000.0,3957000000.0,0.0,3957000000.0,15509000000.0,4667000000.0,10842000000.0,7492358101.0,12000000.0,0.0,-72000000.0,487000000.0,-117000000.0,298000000.0,-215000000.0,-6000000.0,-71000000.0,0.0,142000000.0,142000000.0,142000000.0,0.0,0.0,0.066,86000000.0,393000000.0,1077000000.0,0.818,1.817,9.963,10.009,7217000000.0,0.0,17.315,0.769,0.766,1294000000.0,1371000000.0,2159000000.0,2159000000.0,0.0,,,,,0.0,0.0,1.0,432709102.0,430788000,430788000.0,5.012,19632000000.0,0.0,97000000.0,3044000000.0,45.572,-2326000000.0
85,PEG,MRQ,2000-03-31,2000-03-31,2000-03-31,2021-08-09,-175000000.0,18968000000.0,,1848000000.0,17120000000.0,,9.649,-149000000.0,121000000.0,121000000.0,1790000000.0,270000000.0,0.513,3.541,7076000000.0,2175000000.0,4901000000.0,7076000000.0,0.0,90000000.0,0.0,0.073,0.27,590000000.0,680000000.0,0.274,680000000.0,590000000.0,453000000.0,0.625,0.625,0.625,4177000000.0,,4177000000.0,13773442169.0,12.0,8.773,618000000.0,1.428,1.0,693000000.0,0.279,0.0,137000000.0,22324000000.0,,304000000.0,3960000000.0,0.0,3960000000.0,14791000000.0,3599000000.0,11192000000.0,6412442169.0,-138000000.0,0.0,0.0,-569000000.0,-117000000.0,-686000000.0,-219000000.0,-62000000.0,767000000.0,0.0,270000000.0,270000000.0,270000000.0,0.0,0.0,0.109,90000000.0,603000000.0,802000000.0,0.432,1.535,6412.442,987.667,7131000000.0,0.0,14.815,0.711,0.711,1323000000.0,1345000000.0,2483000000.0,2483000000.0,0.0,,,,,0.0,0.0,1.0,432834436.0,432874000,432874000.0,5.736,18968000000.0,0.0,183000000.0,3216000000.0,43.819,-1751000000.0
86,PEG,MRQ,1999-12-31,1999-12-31,1999-12-31,2021-08-09,-204000000.0,19015000000.0,,2043000000.0,16972000000.0,,9.164,-302000000.0,259000000.0,259000000.0,2902000000.0,133000000.0,0.489,3.759,7620000000.0,3045000000.0,4575000000.0,7620000000.0,0.0,126000000.0,0.0,0.062,0.27,406000000.0,532000000.0,0.152,532000000.0,406000000.0,271000000.0,0.3,0.3,0.3,3996000000.0,,3996000000.0,14593163780.0,15.0,9.677,171000000.0,0.392,1.0,588000000.0,0.168,0.0,135000000.0,22199000000.0,,441000000.0,3848000000.0,0.0,3848000000.0,15019000000.0,4177000000.0,10842000000.0,7609163780.0,176000000.0,-49000000.0,-91000000.0,552000000.0,-117000000.0,354000000.0,-651000000.0,-281000000.0,473000000.0,0.0,133000000.0,133000000.0,133000000.0,0.0,0.0,0.038,126000000.0,462000000.0,738000000.0,0.9,1.904,-93.94,-94.081,7066000000.0,0.0,17.405,0.914,0.919,1218000000.0,1193000000.0,3490000000.0,3490000000.0,0.0,,,,,0.0,0.0,1.0,437182636.0,436034000,436034000.0,8.004,19015000000.0,0.0,138000000.0,2928000000.0,43.609,-2134000000.0
87,PEG,MRQ,1999-09-30,1999-09-30,1999-09-30,2021-08-09,-206000000.0,18590000000.0,,1950000000.0,16640000000.0,,9.258,-108000000.0,84000000.0,84000000.0,981000000.0,207000000.0,0.54,3.58,7068000000.0,2357000000.0,4711000000.0,7068000000.0,0.0,122000000.0,0.0,0.056,0.27,492000000.0,614000000.0,0.382,614000000.0,492000000.0,366000000.0,0.475,0.475,0.475,4059000000.0,,4059000000.0,15421516168.0,17.0,10.371,244000000.0,0.557,1.0,625000000.0,0.389,0.0,126000000.0,21964000000.0,,485000000.0,3689000000.0,0.0,3689000000.0,14531000000.0,3610000000.0,10921000000.0,8469516168.0,7000000.0,0.0,-9000000.0,89000000.0,-119000000.0,-38000000.0,-307000000.0,-216000000.0,352000000.0,0.0,207000000.0,207000000.0,207000000.0,0.0,0.0,0.129,122000000.0,503000000.0,826000000.0,0.568,2.087,-134.437,-124.613,6953000000.0,0.0,19.315,1.326,1.326,1168000000.0,1177000000.0,1606000000.0,1606000000.0,0.0,,,,,0.0,0.0,1.0,438494236.0,438450000,438450000.0,3.663,18590000000.0,0.0,159000000.0,2958000000.0,42.399,-1660000000.0
88,PEG,MRQ,1999-06-30,1999-06-30,1999-06-30,2021-08-09,-173000000.0,18467000000.0,,2012000000.0,16455000000.0,,9.136,-93000000.0,77000000.0,77000000.0,877000000.0,-609000000.0,0.593,3.603,7029000000.0,2139000000.0,4890000000.0,7029000000.0,0.0,115000000.0,0.0,0.053,0.27,-371000000.0,-256000000.0,-0.178,-256000000.0,-371000000.0,-488000000.0,-1.385,-1.385,-1.385,4012000000.0,,4012000000.0,15987366356.0,19.0,10.868,-103000000.0,-0.235,1.0,559000000.0,0.389,0.0,117000000.0,22024000000.0,,403000000.0,3475000000.0,0.0,3475000000.0,14455000000.0,3395000000.0,11060000000.0,8960366356.0,8000000.0,0.0,-65000000.0,971000000.0,-118000000.0,788000000.0,-770000000.0,-628000000.0,-10000000.0,0.0,-609000000.0,-609000000.0,-609000000.0,0.0,0.0,-0.424,122000000.0,437000000.0,789000000.0,-0.195,2.233,-99.56,-85.021,6839000000.0,0.0,20.405,1.441,1.441,1203000000.0,1089000000.0,1436000000.0,1436000000.0,0.0,,,,,0.0,0.0,1.0,439126016.0,439142000,439142000.0,3.27,18467000000.0,296000000.0,121000000.0,2961000000.0,42.052,-1383000000.0
89,PEG,MRQ,1999-03-31,1999-03-31,1999-03-31,2021-08-09,-171000000.0,17650000000.0,,1543000000.0,16107000000.0,,10.79,-79000000.0,69000000.0,69000000.0,1161000000.0,188000000.0,0.678,2.672,7096000000.0,1096000000.0,6000000000.0,7096000000.0,0.0,173000000.0,0.0,0.057,0.27,443000000.0,616000000.0,0.343,616000000.0,443000000.0,331000000.0,0.425,0.425,0.425,4806000000.0,,4806000000.0,15706571784.0,10.0,7.075,534000000.0,1.199,1.0,634000000.0,0.353,0.0,112000000.0,22402000000.0,,380000000.0,2946000000.0,0.0,2946000000.0,12844000000.0,2275000000.0,10569000000.0,8521571784.0,-71000000.0,0.0,-235000000.0,-229000000.0,-120000000.0,-584000000.0,-100000000.0,-2000000.0,613000000.0,0.0,188000000.0,188000000.0,188000000.0,0.0,0.0,0.105,173000000.0,461000000.0,504000000.0,0.635,1.773,13.294,13.543,10752000000.0,0.0,19.095,1.387,1.384,1070000000.0,1816000000.0,1795000000.0,1795000000.0,0.0,,,,,0.0,0.0,1.0,446272416.0,445406000,445406000.0,4.03,17650000000.0,690000000.0,143000000.0,3891000000.0,39.627,-732000000.0
90,PEG,MRQ,1998-12-31,1998-12-31,1998-12-31,2021-08-09,-46000000.0,17991000000.0,,1661000000.0,16330000000.0,,11.17,-172000000.0,139000000.0,139000000.0,1011000000.0,151000000.0,0.676,2.529,6237000000.0,1474000000.0,4763000000.0,6237000000.0,0.0,175000000.0,0.0,0.054,0.27,338000000.0,513000000.0,0.331,513000000.0,338000000.0,212000000.0,0.33,0.33,0.33,5098000000.0,,5098000000.0,16281100320.0,11.0,7.394,348000000.0,0.763,1.0,539000000.0,0.348,0.0,126000000.0,21632000000.0,,498000000.0,3029000000.0,0.0,3029000000.0,12893000000.0,2457000000.0,10436000000.0,9129100320.0,61000000.0,0.0,-116000000.0,56000000.0,-123000000.0,-192000000.0,-267000000.0,-100000000.0,520000000.0,0.0,151000000.0,151000000.0,151000000.0,0.0,0.0,0.097,175000000.0,364000000.0,684000000.0,0.818,1.791,14.176,14.337,10935000000.0,0.0,20.0,1.519,1.537,928000000.0,1748000000.0,1550000000.0,1550000000.0,0.0,,,,,0.0,0.0,1.0,456455016.0,456386000,456386000.0,3.396,17991000000.0,0.0,61000000.0,3701000000.0,39.421,-796000000.0
91,PEG,MRQ,1998-09-30,1998-09-30,1998-09-30,2021-08-09,-37000000.0,17957000000.0,,1861000000.0,16096000000.0,,11.209,-168000000.0,78000000.0,78000000.0,827000000.0,180000000.0,0.691,2.457,7230000000.0,1625000000.0,5605000000.0,7230000000.0,0.0,162000000.0,0.0,0.055,0.27,436000000.0,598000000.0,0.416,598000000.0,436000000.0,322000000.0,0.39,0.39,0.39,5195000000.0,,5195000000.0,16270253570.0,15.0,9.372,270000000.0,0.583,1.0,612000000.0,0.425,0.0,114000000.0,22414000000.0,,326000000.0,2886000000.0,0.0,2886000000.0,12762000000.0,2695000000.0,10067000000.0,9118253570.0,-37000000.0,0.0,-91000000.0,-187000000.0,-125000000.0,-285000000.0,-190000000.0,23000000.0,438000000.0,0.0,180000000.0,180000000.0,180000000.0,0.0,0.0,0.125,162000000.0,450000000.0,725000000.0,0.692,1.755,14.115,14.09,10873000000.0,0.0,19.655,1.475,1.474,1086000000.0,1720000000.0,1439000000.0,1439000000.0,0.0,,,,,0.0,0.0,1.0,463915216.0,463454000,463454000.0,3.105,17957000000.0,698000000.0,142000000.0,3708000000.0,38.746,-834000000.0
92,PEG,MRQ,1998-06-30,1998-06-30,1998-06-30,2021-08-09,-27000000.0,17967000000.0,,1784000000.0,16183000000.0,,11.319,-110000000.0,115000000.0,115000000.0,811000000.0,122000000.0,0.672,2.422,7267000000.0,1715000000.0,5552000000.0,7267000000.0,0.0,166000000.0,0.0,0.063,0.27,327000000.0,493000000.0,0.362,493000000.0,327000000.0,211000000.0,0.265,0.265,0.265,5251000000.0,,5251000000.0,14535620020.0,12.0,8.009,-155000000.0,-0.334,1.0,551000000.0,0.405,0.0,116000000.0,22466000000.0,,249000000.0,2931000000.0,0.0,2931000000.0,12716000000.0,2653000000.0,10063000000.0,7988620020.0,38000000.0,0.0,0.0,268000000.0,-126000000.0,292000000.0,-209000000.0,-60000000.0,-45000000.0,0.0,122000000.0,122000000.0,122000000.0,0.0,0.0,0.09,210000000.0,341000000.0,592000000.0,1.019,1.521,12.443,12.433,10897000000.0,0.0,17.22,1.291,1.291,931000000.0,1675000000.0,1362000000.0,1362000000.0,0.0,,,,,0.0,0.0,1.0,463915216.0,463916000,463916000.0,2.936,17967000000.0,706000000.0,89000000.0,3687000000.0,38.729,-869000000.0
93,PEG,MRQ,1998-03-31,1998-03-31,1998-03-31,2021-08-09,-21000000.0,17764000000.0,,1532000000.0,16232000000.0,,11.34,-81000000.0,77000000.0,77000000.0,992000000.0,191000000.0,0.607,2.377,6624000000.0,1328000000.0,5296000000.0,6624000000.0,0.0,157000000.0,0.0,0.057,0.27,444000000.0,601000000.0,0.362,601000000.0,444000000.0,323000000.0,0.41,0.41,0.41,5261000000.0,,5261000000.0,15899399702.0,13.0,8.59,505000000.0,1.089,1.0,667000000.0,0.402,0.0,121000000.0,21787000000.0,,170000000.0,2881000000.0,0.0,2881000000.0,12503000000.0,2524000000.0,9979000000.0,8756399702.0,-6000000.0,0.0,0.0,-600000000.0,-125000000.0,-510000000.0,-82000000.0,45000000.0,586000000.0,0.0,191000000.0,191000000.0,191000000.0,0.0,0.0,0.115,218000000.0,449000000.0,613000000.0,0.659,1.664,14.331,14.354,10967000000.0,0.0,18.875,1.424,1.424,1039000000.0,1679000000.0,1659000000.0,1659000000.0,0.0,,,,,0.0,0.0,1.0,463915216.0,463916000,463916000.0,3.576,17764000000.0,716000000.0,132000000.0,3927000000.0,38.291,-992000000.0
94,PEG,MRQ,1997-12-31,1997-12-31,1997-12-31,2021-08-09,-15000000.0,17943000000.0,,1663000000.0,16280000000.0,,11.233,-153000000.0,83000000.0,83000000.0,2458000000.0,153000000.0,0.588,2.443,7226000000.0,1788000000.0,5438000000.0,7226000000.0,0.0,168000000.0,0.0,0.068,0.27,-124000000.0,44000000.0,0.026,44000000.0,-124000000.0,-229000000.0,0.33,0.33,0.33,5211000000.0,,5211000000.0,,,,253000000.0,0.545,1.0,-737000000.0,-0.428,0.0,105000000.0,22259000000.0,,310000000.0,2873000000.0,0.0,2873000000.0,12732000000.0,2827000000.0,9905000000.0,7378571510.0,-4000000.0,0.0,0.0,576000000.0,-125000000.0,432000000.0,-842000000.0,-640000000.0,406000000.0,0.0,153000000.0,153000000.0,153000000.0,0.0,0.0,0.089,-693000000.0,-44000000.0,686000000.0,0.818,1.416,13.176,13.199,11050000000.0,0.0,15.905,1.195,1.195,1083000000.0,1623000000.0,1721000000.0,1721000000.0,0.0,,,,,0.0,0.0,1.0,463915216.0,463918000,463918000.0,3.71,17943000000.0,725000000.0,-382000000.0,3737000000.0,38.677,-1164000000.0
95,PEG,MRQ,1997-09-30,1997-09-30,1997-09-30,2021-08-09,,,,,,,,-154000000.0,,,465000000.0,176000000.0,,,,,,,,157000000.0,,0.084,0.27,520000000.0,677000000.0,0.468,677000000.0,520000000.0,401000000.0,0.38,0.38,0.38,,,,,,,325000000.0,0.701,1.0,983000000.0,0.679,,119000000.0,,,,,,,,,,,34000000.0,0.0,0.0,-83000000.0,-125000000.0,-214000000.0,-231000000.0,-53000000.0,479000000.0,0.0,176000000.0,176000000.0,176000000.0,0.0,0.0,0.122,457000000.0,526000000.0,,0.711,,,,,0.0,12.875,,,,,1448000000.0,1448000000.0,0.0,,,,,0.0,0.0,1.0,,463916000,463916000.0,3.121,,,225000000.0,,,
96,PEG,MRQ,1997-06-30,1997-06-30,1997-06-30,2021-08-09,,,,,,,,-122000000.0,,,493000000.0,91000000.0,,,,,,,,155000000.0,,0.086,0.27,374000000.0,529000000.0,0.4,529000000.0,374000000.0,257000000.0,0.195,0.195,0.195,,,,,,,-342000000.0,-0.737,1.0,830000000.0,0.627,,117000000.0,,,,,,,,,,,-297000000.0,0.0,0.0,624000000.0,-126000000.0,421000000.0,-498000000.0,-311000000.0,-220000000.0,0.0,91000000.0,91000000.0,91000000.0,0.0,0.0,0.069,445000000.0,385000000.0,,1.385,,,,,0.0,12.5,,,,,1323000000.0,1323000000.0,0.0,,,,,0.0,0.0,1.0,,463916000,463916000.0,2.852,,,166000000.0,,,
97,PEG,MRQ,1997-03-31,1997-03-31,1997-03-31,2021-08-09,,,,,,,,-107000000.0,,,728000000.0,140000000.0,,,,,,,,150000000.0,,0.082,0.27,525000000.0,675000000.0,0.39,675000000.0,525000000.0,415000000.0,0.3,0.3,0.3,,,,,,,412000000.0,0.888,1.0,1004000000.0,0.58,,110000000.0,,,,,,,,,,,72000000.0,0.0,-43000000.0,-153000000.0,-125000000.0,-247000000.0,-200000000.0,-74000000.0,519000000.0,0.0,140000000.0,140000000.0,140000000.0,0.0,0.0,0.081,420000000.0,584000000.0,,0.9,,,,,0.0,13.125,,,,,1732000000.0,1732000000.0,0.0,,,,,0.0,0.0,1.0,,464144000,464144000.0,3.732,,,275000000.0,,,
98,PEG,MRQ,1996-12-31,1996-12-31,1996-12-31,2021-08-09,0.0,16915000000.0,,1744000000.0,15171000000.0,,10.753,,279000000.0,279000000.0,,,0.768,2.245,6236000000.0,1186000000.0,5050000000.0,6236000000.0,0.0,,0.0,0.079,0.27,,,,,,,,,,5213000000.0,,5213000000.0,,,,,,1.0,,,0.0,,20600000000.0,,313000000.0,1854000000.0,0.0,1854000000.0,11702000000.0,2272000000.0,9430000000.0,,,,,,,,,,,,,,,,,,,,697000000.0,,,,10.813,11179000000.0,,13.625,,1.093,993000000.0,1586000000.0,,,,,,,,,,1.0,,484802000,,,16915000000.0,752000000.0,,3611000000.0,34.891,-528000000.0
0,PEG,MRT,2021-06-30,2021-06-30,2021-06-30,2021-08-09,-522000000.0,49292000000.0,49781000000.0,3201000000.0,46091000000.0,0.192,31.504,-1946000000.0,107000000.0,107000000.0,6379000000.0,1477000000.0,0.713,2.104,17349000000.0,1795000000.0,15554000000.0,17349000000.0,0.0,1309000000.0,0.0,0.033,2.0,2364000000.0,3673000000.0,0.385,3673000000.0,2364000000.0,1775000000.0,2.94,2.92,2.94,15878000000.0,15993750000.0,15878000000.0,47078357636.0,20.0,12.817,541000000.0,1.073,1.0,3156000000.0,0.331,122000000.0,589000000.0,61920000000.0,61546750000.0,819000000.0,4175000000.0,0.0,4175000000.0,33414000000.0,4492000000.0,28922000000.0,30197357636.0,-323000000.0,0.0,0.0,317000000.0,-1012000000.0,-774000000.0,-2036000000.0,11000000.0,2487000000.0,0.0,1477000000.0,1477000000.0,1477000000.0,0.0,0.0,0.155,1643000000.0,1513000000.0,1146000000.0,0.68,1.902,20.445,20.32,37258000000.0,0.0,59.74,3.167,3.158,1615000000.0,12273000000.0,9535000000.0,9535000000.0,0.0,0.03,0.092,0.038,0.248,0.0,0.0,1.0,505479706.0,504000000,504000000.0,18.919,49170000000.0,56000000.0,298000000.0,6544000000.0,97.56,-1291000000.0
1,PEG,MRT,2021-03-31,2021-03-31,2021-03-31,2021-08-09,-542000000.0,50206000000.0,49653000000.0,3595000000.0,46611000000.0,0.196,32.296,-2535000000.0,803000000.0,803000000.0,6318000000.0,2105000000.0,0.791,2.084,17684000000.0,2094000000.0,15590000000.0,17684000000.0,0.0,1302000000.0,0.0,0.033,1.98,3167000000.0,4469000000.0,0.46,4469000000.0,3167000000.0,2574000000.0,4.18,4.16,4.18,16277000000.0,15897000000.0,16277000000.0,47363654889.0,15.0,10.598,441000000.0,0.875,1.0,3393000000.0,0.349,163000000.0,593000000.0,62378000000.0,60937250000.0,738000000.0,3987000000.0,0.0,3987000000.0,33929000000.0,4546000000.0,29383000000.0,30411654889.0,-1000000.0,0.0,0.0,688000000.0,-1001000000.0,-401000000.0,-2576000000.0,-4000000.0,2976000000.0,0.0,2105000000.0,2105000000.0,2105000000.0,0.0,0.0,0.217,1179000000.0,2214000000.0,984000000.0,0.474,1.868,14.447,14.404,38041000000.0,0.0,60.21,3.132,3.125,1663000000.0,12708000000.0,9711000000.0,9711000000.0,0.0,0.042,0.132,0.052,0.326,0.0,0.0,1.0,505093089.0,504000000,507000000.0,19.268,50043000000.0,50000000.0,469000000.0,6871000000.0,99.292,-951000000.0
2,PEG,MRT,2020-12-31,2020-12-31,2020-12-31,2021-08-09,-504000000.0,50050000000.0,49192750000.0,3630000000.0,46420000000.0,0.195,31.714,-2622000000.0,543000000.0,543000000.0,6171000000.0,1905000000.0,0.657,2.131,17495000000.0,2747000000.0,14748000000.0,17495000000.0,0.0,1285000000.0,0.0,0.034,1.96,2901000000.0,4186000000.0,0.436,4186000000.0,2901000000.0,2301000000.0,3.78,3.76,3.78,15984000000.0,15640000000.0,15984000000.0,45969937934.0,16.0,10.982,480000000.0,0.952,1.0,3432000000.0,0.357,158000000.0,600000000.0,61322000000.0,60161250000.0,878000000.0,3982000000.0,0.0,3982000000.0,34066000000.0,5522000000.0,28544000000.0,29490937934.0,396000000.0,0.0,0.0,1033000000.0,-991000000.0,-30000000.0,-2676000000.0,-16000000.0,3102000000.0,0.0,1905000000.0,1905000000.0,1905000000.0,0.0,0.0,0.198,1162000000.0,2270000000.0,1332000000.0,0.519,1.845,15.481,15.423,37847000000.0,0.0,58.3,3.071,3.06,1639000000.0,12318000000.0,9603000000.0,9603000000.0,0.0,0.039,0.122,0.048,0.302,0.0,0.0,1.0,505847992.0,504000000,507000000.0,19.054,49892000000.0,63000000.0,396000000.0,6714000000.0,98.992,-1892000000.0
3,PEG,MRT,2020-09-30,2020-09-30,2020-09-30,2021-08-09,-452000000.0,49576000000.0,48612750000.0,4023000000.0,45553000000.0,0.199,31.421,-2575000000.0,966000000.0,966000000.0,6181000000.0,1911000000.0,0.765,2.131,17445000000.0,2393000000.0,15052000000.0,17445000000.0,0.0,1276000000.0,0.0,0.035,1.94,2888000000.0,4164000000.0,0.43,4164000000.0,2888000000.0,2283000000.0,3.79,3.77,3.79,15836000000.0,15416250000.0,15836000000.0,44441039117.0,15.0,10.673,612000000.0,1.214,1.0,3498000000.0,0.361,228000000.0,605000000.0,60567000000.0,59551500000.0,917000000.0,3797000000.0,0.0,3797000000.0,33740000000.0,5260000000.0,28480000000.0,27771039117.0,843000000.0,0.0,0.0,1348000000.0,-980000000.0,297000000.0,-2641000000.0,-20000000.0,3187000000.0,0.0,1911000000.0,1911000000.0,1911000000.0,0.0,0.0,0.197,1154000000.0,2344000000.0,1332000000.0,0.512,1.754,14.532,14.488,37319000000.0,0.0,54.91,2.869,2.859,1474000000.0,12135000000.0,9679000000.0,9679000000.0,0.0,0.039,0.124,0.048,0.298,0.0,0.0,1.0,505755584.0,504000000,507000000.0,19.204,49348000000.0,102000000.0,372000000.0,6682000000.0,97.913,-1237000000.0
4,PEG,MRT,2020-06-30,2020-06-30,2020-06-30,2021-08-09,-455000000.0,48780000000.0,47922500000.0,3742000000.0,45038000000.0,0.201,30.736,-2906000000.0,431000000.0,431000000.0,6137000000.0,1739000000.0,0.647,2.149,17101000000.0,3258000000.0,13843000000.0,17101000000.0,0.0,1266000000.0,0.0,0.039,1.92,2623000000.0,3889000000.0,0.405,3889000000.0,2623000000.0,2020000000.0,3.44,3.42,3.44,15491000000.0,15188500000.0,15491000000.0,41090541124.0,16.0,10.566,313000000.0,0.621,1.0,3474000000.0,0.361,185000000.0,603000000.0,59482000000.0,59047000000.0,816000000.0,3859000000.0,0.0,3859000000.0,33289000000.0,5783000000.0,27506000000.0,24856541124.0,352000000.0,0.0,0.0,1119000000.0,-970000000.0,89000000.0,-2956000000.0,-30000000.0,3219000000.0,0.0,1739000000.0,1739000000.0,1739000000.0,0.0,0.0,0.181,1273000000.0,2201000000.0,1135000000.0,0.558,1.605,14.294,14.291,36824000000.0,0.0,49.16,2.586,2.578,1431000000.0,11808000000.0,9611000000.0,9611000000.0,0.0,0.036,0.114,0.044,0.273,0.0,0.0,1.0,505625328.0,504000000,507000000.0,19.069,48595000000.0,154000000.0,281000000.0,6694000000.0,96.419,-2041000000.0
5,PEG,MRT,2020-03-31,2020-03-31,2020-03-31,2021-08-09,-481000000.0,48365000000.0,47297500000.0,3727000000.0,44638000000.0,0.209,30.256,-3021000000.0,799000000.0,799000000.0,6263000000.0,1441000000.0,0.722,2.172,17033000000.0,2727000000.0,14306000000.0,17033000000.0,0.0,1258000000.0,0.0,0.042,1.9,2182000000.0,3440000000.0,0.348,3440000000.0,2182000000.0,1593000000.0,2.85,2.83,2.85,15249000000.0,15004250000.0,15249000000.0,39034263495.0,18.0,11.347,293000000.0,0.581,1.0,3614000000.0,0.366,165000000.0,589000000.0,59274000000.0,58684750000.0,776000000.0,3638000000.0,0.0,3638000000.0,33116000000.0,5160000000.0,27956000000.0,22685263495.0,746000000.0,0.0,0.0,1511000000.0,-960000000.0,485000000.0,-3053000000.0,-27000000.0,3314000000.0,0.0,1441000000.0,1441000000.0,1441000000.0,0.0,0.0,0.146,1660000000.0,1954000000.0,1172000000.0,0.667,1.488,15.743,15.758,36480000000.0,0.0,44.91,2.297,2.292,1450000000.0,11604000000.0,9877000000.0,9877000000.0,0.0,0.03,0.096,0.037,0.221,0.0,0.0,1.0,505127221.0,504000000,507000000.0,19.597,48200000000.0,152000000.0,152000000.0,6614000000.0,95.635,-1433000000.0
6,PEG,MRT,2019-12-31,2019-12-31,2019-12-31,2021-08-09,-489000000.0,47730000000.0,46645250000.0,3231000000.0,44499000000.0,0.216,29.938,-3096000000.0,147000000.0,147000000.0,6483000000.0,1693000000.0,0.64,2.163,16496000000.0,2480000000.0,14016000000.0,16496000000.0,0.0,1248000000.0,0.0,0.032,1.88,2519000000.0,3767000000.0,0.374,3767000000.0,2519000000.0,1950000000.0,3.35,3.33,3.35,15089000000.0,14895500000.0,15089000000.0,45868147758.0,18.0,12.176,283000000.0,0.562,1.0,3593000000.0,0.357,149000000.0,569000000.0,58883000000.0,58007000000.0,897000000.0,3841000000.0,0.0,3841000000.0,32641000000.0,5047000000.0,27594000000.0,29863147758.0,-23000000.0,0.0,0.0,749000000.0,-950000000.0,-257000000.0,-3145000000.0,-27000000.0,3379000000.0,0.0,1693000000.0,1693000000.0,1693000000.0,0.0,0.0,0.168,1650000000.0,1943000000.0,1358000000.0,0.561,1.979,17.639,17.627,36126000000.0,0.0,59.05,2.964,2.954,1552000000.0,11406000000.0,10076000000.0,10076000000.0,0.0,0.036,0.114,0.043,0.25,0.0,0.0,1.0,505726465.0,504000000,507000000.0,19.992,47581000000.0,171000000.0,257000000.0,6479000000.0,94.407,-1816000000.0
7,PEG,MRT,2019-09-30,2019-09-30,2019-09-30,2021-08-09,-438000000.0,46815000000.0,46044250000.0,3059000000.0,43756000000.0,0.219,29.613,-3166000000.0,120000000.0,120000000.0,6549000000.0,1455000000.0,0.752,2.137,16125000000.0,1402000000.0,14723000000.0,16125000000.0,0.0,1232000000.0,0.0,0.03,1.86,2167000000.0,3399000000.0,0.338,3399000000.0,2167000000.0,1615000000.0,2.88,2.86,2.88,14925000000.0,14717500000.0,14925000000.0,47302910319.0,22.0,13.917,-36000000.0,-0.071,1.0,3517000000.0,0.349,204000000.0,552000000.0,58549000000.0,57169500000.0,925000000.0,3586000000.0,0.0,3586000000.0,31890000000.0,4067000000.0,27823000000.0,31389910319.0,50000000.0,0.0,0.0,1077000000.0,-941000000.0,82000000.0,-3162000000.0,15000000.0,3130000000.0,0.0,1455000000.0,1455000000.0,1455000000.0,0.0,0.0,0.145,1580000000.0,1937000000.0,1244000000.0,0.646,2.103,21.574,21.556,35692000000.0,0.0,62.08,3.118,3.108,1345000000.0,11206000000.0,10066000000.0,10066000000.0,0.0,0.032,0.099,0.038,0.215,0.0,0.0,1.0,505636442.0,504000000,507000000.0,19.972,46611000000.0,150000000.0,160000000.0,6345000000.0,92.482,-1008000000.0
8,PEG,MRT,2019-06-30,2019-06-30,2019-06-30,2021-08-09,-432000000.0,46280000000.0,45608750000.0,3156000000.0,43124000000.0,0.223,29.274,-3480000000.0,82000000.0,82000000.0,6597000000.0,1464000000.0,0.793,2.137,15995000000.0,1421000000.0,14574000000.0,15995000000.0,0.0,1219000000.0,0.0,0.031,1.84,2243000000.0,3462000000.0,0.341,3462000000.0,2243000000.0,1711000000.0,2.9,2.88,2.9,14754000000.0,14576000000.0,14754000000.0,45181420422.0,20.0,13.051,-376000000.0,-0.746,1.0,3561000000.0,0.351,178000000.0,532000000.0,58033000000.0,56321000000.0,809000000.0,3600000000.0,0.0,3600000000.0,31526000000.0,3982000000.0,27544000000.0,29729420422.0,4000000.0,0.0,0.0,1395000000.0,-930000000.0,411000000.0,-3511000000.0,18000000.0,3104000000.0,0.0,1464000000.0,1464000000.0,1464000000.0,0.0,0.0,0.144,1560000000.0,2001000000.0,1153000000.0,0.634,2.015,20.307,20.283,35159000000.0,0.0,58.82,2.927,2.918,1311000000.0,11041000000.0,10158000000.0,10158000000.0,0.0,0.032,0.1,0.04,0.221,0.0,0.0,1.0,505430473.0,504000000,507000000.0,20.155,46102000000.0,150000000.0,247000000.0,6239000000.0,91.472,-826000000.0
9,PEG,MRT,2019-03-31,2019-03-31,2019-03-31,2021-08-09,-441000000.0,45756000000.0,44965500000.0,3027000000.0,42729000000.0,0.219,29.393,-3623000000.0,65000000.0,65000000.0,6468000000.0,1580000000.0,0.677,2.089,15517000000.0,2051000000.0,13466000000.0,15517000000.0,0.0,1192000000.0,0.0,0.031,1.82,2450000000.0,3642000000.0,0.369,3642000000.0,2450000000.0,1944000000.0,3.13,3.11,3.13,14814000000.0,14427000000.0,14814000000.0,45303022434.0,18.0,12.439,-632000000.0,-1.254,1.0,3390000000.0,0.344,172000000.0,506000000.0,56563000000.0,55201500000.0,718000000.0,3586000000.0,0.0,3586000000.0,30942000000.0,4473000000.0,26469000000.0,30002022434.0,-38000000.0,0.0,0.0,1607000000.0,-921000000.0,630000000.0,-3659000000.0,28000000.0,2991000000.0,0.0,1580000000.0,1580000000.0,1580000000.0,0.0,0.0,0.16,1138000000.0,2252000000.0,1135000000.0,0.581,2.025,18.989,18.981,35040000000.0,0.0,59.41,3.043,3.037,1642000000.0,11125000000.0,9858000000.0,9858000000.0,0.0,0.035,0.11,0.044,0.249,0.0,0.0,1.0,504999536.0,504000000,507000000.0,19.56,45584000000.0,149000000.0,364000000.0,6191000000.0,90.444,-1446000000.0
10,PEG,MRT,2018-12-31,2018-12-31,2018-12-31,2021-08-09,-377000000.0,45326000000.0,44224000000.0,3507000000.0,41819000000.0,0.219,28.526,-3881000000.0,177000000.0,177000000.0,6294000000.0,1438000000.0,0.711,2.153,15478000000.0,2310000000.0,13168000000.0,15478000000.0,0.0,1158000000.0,0.0,0.035,1.8,2331000000.0,3489000000.0,0.36,3489000000.0,2331000000.0,1855000000.0,2.85,2.83,2.85,14377000000.0,14249500000.0,14377000000.0,40998657406.0,18.0,11.751,-968000000.0,-1.921,1.0,3402000000.0,0.351,159000000.0,476000000.0,55533000000.0,54121500000.0,902000000.0,3398000000.0,0.0,3398000000.0,30949000000.0,4935000000.0,26014000000.0,26308657406.0,-116000000.0,0.0,0.0,1874000000.0,-910000000.0,887000000.0,-3916000000.0,28000000.0,2913000000.0,0.0,1438000000.0,1438000000.0,1438000000.0,0.0,0.0,0.148,1104000000.0,2298000000.0,1451000000.0,0.632,1.83,18.295,18.263,34363000000.0,0.0,52.05,2.713,2.706,1675000000.0,10582000000.0,9696000000.0,9696000000.0,0.0,0.033,0.101,0.043,0.24,0.0,0.0,1.0,505449710.0,504000000,507000000.0,19.238,45167000000.0,242000000.0,417000000.0,5920000000.0,89.617,-1428000000.0
11,PEG,MRT,2018-09-30,2018-09-30,2018-09-30,2021-08-09,-407000000.0,45073000000.0,43571500000.0,3215000000.0,41858000000.0,0.214,28.49,-4172000000.0,88000000.0,88000000.0,6056000000.0,2195000000.0,0.717,2.139,14778000000.0,1869000000.0,12909000000.0,14778000000.0,0.0,1119000000.0,0.0,0.034,1.78,2408000000.0,3527000000.0,0.378,3527000000.0,2408000000.0,1965000000.0,4.36,4.32,4.36,14359000000.0,14117000000.0,14359000000.0,40911018380.0,17.0,11.599,-1153000000.0,-2.288,1.0,3279000000.0,0.351,123000000.0,443000000.0,55155000000.0,53167000000.0,919000000.0,3701000000.0,0.0,3701000000.0,30714000000.0,4485000000.0,26229000000.0,26676018380.0,-174000000.0,0.0,0.0,2067000000.0,-900000000.0,1072000000.0,-4265000000.0,-20000000.0,3019000000.0,0.0,2195000000.0,2195000000.0,2195000000.0,0.0,0.0,0.235,1119000000.0,2160000000.0,1317000000.0,0.408,1.858,12.153,12.108,33781000000.0,0.0,52.79,2.858,2.85,1395000000.0,10611000000.0,9335000000.0,9335000000.0,0.0,0.05,0.155,0.045,0.258,0.0,0.0,1.0,505323326.0,504000000,507000000.0,18.522,44950000000.0,225000000.0,-230000000.0,5908000000.0,89.187,-1270000000.0
12,PEG,MRT,2018-06-30,2018-06-30,2018-06-30,2021-08-09,-410000000.0,43707000000.0,42592500000.0,3005000000.0,40702000000.0,0.216,28.091,-4214000000.0,95000000.0,95000000.0,5819000000.0,2178000000.0,0.708,2.087,14330000000.0,1820000000.0,12510000000.0,14330000000.0,0.0,1077000000.0,0.0,0.033,1.76,2499000000.0,3576000000.0,0.389,3576000000.0,2499000000.0,2083000000.0,4.32,4.29,4.32,14158000000.0,13808250000.0,14158000000.0,40900471931.0,16.0,11.437,-1076000000.0,-2.135,1.0,3376000000.0,0.367,143000000.0,416000000.0,53555000000.0,51795750000.0,792000000.0,3661000000.0,0.0,3661000000.0,29549000000.0,4244000000.0,25305000000.0,27352471931.0,-321000000.0,0.0,0.0,1820000000.0,-890000000.0,835000000.0,-4294000000.0,-14000000.0,3138000000.0,0.0,2178000000.0,2178000000.0,2178000000.0,0.0,0.0,0.237,1077000000.0,2299000000.0,1348000000.0,0.407,1.932,12.559,12.532,33151000000.0,0.0,54.14,2.975,2.968,1352000000.0,10426000000.0,9195000000.0,9195000000.0,0.0,0.051,0.158,0.048,0.272,0.0,0.0,1.0,505217435.0,504000000,507000000.0,18.244,43564000000.0,111000000.0,-95000000.0,5756000000.0,86.437,-1239000000.0
13,PEG,MRT,2018-03-31,2018-03-31,2018-03-31,2021-08-09,-411000000.0,42790000000.0,41796750000.0,2806000000.0,39984000000.0,0.223,27.984,-4181000000.0,118000000.0,118000000.0,5800000000.0,2018000000.0,0.711,2.034,13666000000.0,1594000000.0,12072000000.0,13666000000.0,0.0,1438000000.0,0.0,0.035,1.74,2281000000.0,3719000000.0,0.399,3719000000.0,2281000000.0,1885000000.0,4.01,3.98,4.01,14104000000.0,13498250000.0,14104000000.0,38656378880.0,17.0,10.394,-978000000.0,-1.94,1.0,3521000000.0,0.378,147000000.0,396000000.0,52243000000.0,50735750000.0,736000000.0,3679000000.0,0.0,3679000000.0,28686000000.0,3948000000.0,24738000000.0,25359378880.0,-63000000.0,0.0,0.0,1954000000.0,-879000000.0,984000000.0,-4250000000.0,-22000000.0,3203000000.0,0.0,2018000000.0,2018000000.0,2018000000.0,0.0,0.0,0.217,1438000000.0,2083000000.0,1295000000.0,0.434,1.798,12.567,12.529,32405000000.0,0.0,50.24,2.721,2.717,1516000000.0,10385000000.0,9321000000.0,9321000000.0,0.0,0.048,0.15,0.045,0.245,0.0,0.0,1.0,504764707.0,504000000,507000000.0,18.494,42643000000.0,121000000.0,-133000000.0,5678000000.0,84.609,-1142000000.0
14,PEG,MRT,2017-12-31,2017-12-31,2017-12-31,2021-08-09,-229000000.0,42716000000.0,41015250000.0,3312000000.0,39404000000.0,0.222,27.42,-4190000000.0,313000000.0,313000000.0,5679000000.0,1574000000.0,0.795,2.085,13610000000.0,1542000000.0,12068000000.0,13610000000.0,0.0,1986000000.0,0.0,0.033,1.72,1659000000.0,3645000000.0,0.401,3645000000.0,1659000000.0,1268000000.0,3.12,3.1,3.12,13847000000.0,13223500000.0,13847000000.0,38508997736.0,23.0,10.565,-930000000.0,-1.842,1.0,3415000000.0,0.376,130000000.0,391000000.0,51715000000.0,49662750000.0,866000000.0,3751000000.0,0.0,3751000000.0,28869000000.0,4168000000.0,24701000000.0,26060997736.0,-111000000.0,0.0,0.0,1829000000.0,-870000000.0,885000000.0,-4256000000.0,-21000000.0,3260000000.0,0.0,1574000000.0,1574000000.0,1574000000.0,0.0,0.0,0.173,1986000000.0,1429000000.0,1694000000.0,0.551,1.882,16.557,16.506,31797000000.0,0.0,51.5,2.866,2.86,1644000000.0,9878000000.0,9094000000.0,9094000000.0,0.0,0.038,0.119,0.033,0.182,0.0,0.0,1.0,506038791.0,505000000,507000000.0,18.008,42586000000.0,127000000.0,-306000000.0,5463000000.0,84.329,-856000000.0
15,PEG,MRT,2017-09-30,2017-09-30,2017-09-30,2021-08-09,-204000000.0,41157000000.0,40353750000.0,3081000000.0,38076000000.0,0.223,25.988,-4260000000.0,278000000.0,278000000.0,5551000000.0,520000000.0,0.804,2.136,12726000000.0,1452000000.0,11274000000.0,12726000000.0,0.0,2518000000.0,0.0,0.037,1.7,1095000000.0,3613000000.0,0.402,3613000000.0,1095000000.0,709000000.0,1.04,1.03,1.04,13124000000.0,13044250000.0,13124000000.0,35488410326.0,32.0,9.822,-975000000.0,-1.931,1.0,3431000000.0,0.382,104000000.0,386000000.0,49670000000.0,48744000000.0,936000000.0,3547000000.0,0.0,3547000000.0,28033000000.0,3831000000.0,24202000000.0,23397410326.0,-171000000.0,0.0,0.0,1772000000.0,-860000000.0,842000000.0,-4298000000.0,-23000000.0,3285000000.0,0.0,520000000.0,520000000.0,520000000.0,0.0,0.0,0.058,2518000000.0,913000000.0,1305000000.0,1.635,1.783,44.995,44.471,30533000000.0,0.0,46.25,2.605,2.6,1198000000.0,9140000000.0,8982000000.0,8982000000.0,0.0,0.013,0.04,0.022,0.122,0.0,0.0,1.0,505889953.0,505000000,507000000.0,17.786,41053000000.0,127000000.0,189000000.0,9250000000.0,81.293,-750000000.0
16,PEG,MRT,2017-06-30,2017-06-30,2017-06-30,2021-08-09,-226000000.0,40524000000.0,39936500000.0,3188000000.0,37336000000.0,0.23,25.58,-4209000000.0,430000000.0,430000000.0,5884000000.0,452000000.0,1.008,2.137,12521000000.0,900000000.0,11621000000.0,12521000000.0,0.0,2497000000.0,0.0,0.039,1.68,962000000.0,3459000000.0,0.377,3459000000.0,962000000.0,577000000.0,0.91,0.89,0.91,12918000000.0,13132250000.0,12918000000.0,33277848263.0,35.0,9.621,-863000000.0,-1.709,1.0,3294000000.0,0.359,136000000.0,385000000.0,49315000000.0,48080500000.0,847000000.0,3529000000.0,0.0,3529000000.0,27606000000.0,3164000000.0,24442000000.0,21757848263.0,-217000000.0,0.0,0.0,1597000000.0,-850000000.0,670000000.0,-4233000000.0,-32000000.0,3346000000.0,0.0,452000000.0,452000000.0,452000000.0,0.0,0.0,0.049,2497000000.0,797000000.0,1293000000.0,1.846,1.684,48.137,47.264,29637000000.0,0.0,43.01,2.371,2.367,1231000000.0,8962000000.0,9178000000.0,9178000000.0,0.0,0.011,0.034,0.02,0.105,0.0,0.0,1.0,505878825.0,505000000,507000000.0,18.174,40388000000.0,120000000.0,125000000.0,8993000000.0,79.976,24000000.0
17,PEG,MRT,2017-03-31,2017-03-31,2017-03-31,2021-08-09,-242000000.0,39664000000.0,39566750000.0,2716000000.0,36948000000.0,0.226,25.752,-4196000000.0,193000000.0,193000000.0,5912000000.0,530000000.0,0.873,2.05,11713000000.0,815000000.0,10898000000.0,11713000000.0,0.0,2080000000.0,0.0,0.037,1.66,1078000000.0,3158000000.0,0.353,3158000000.0,1078000000.0,687000000.0,1.06,1.04,1.06,13005000000.0,13232250000.0,13005000000.0,33810737255.0,31.0,10.706,-900000000.0,-1.782,1.0,3029000000.0,0.339,122000000.0,391000000.0,47951000000.0,47268000000.0,739000000.0,3509000000.0,0.0,3509000000.0,26659000000.0,3111000000.0,23548000000.0,22450737255.0,-396000000.0,0.0,0.0,1475000000.0,-841000000.0,554000000.0,-4246000000.0,-36000000.0,3296000000.0,0.0,530000000.0,530000000.0,530000000.0,0.0,0.0,0.059,2080000000.0,949000000.0,1245000000.0,1.566,1.726,42.36,41.84,29345000000.0,0.0,44.35,2.511,2.505,1421000000.0,9070000000.0,8941000000.0,8941000000.0,0.0,0.013,0.04,0.023,0.121,0.0,0.0,1.0,506217300.0,505000000,508000000.0,17.705,39542000000.0,122000000.0,157000000.0,8919000000.0,78.301,-395000000.0
18,PEG,MRT,2016-12-31,2016-12-31,2016-12-31,2021-08-09,-263000000.0,40070000000.0,39182250000.0,3254000000.0,36816000000.0,0.229,26.0,-4199000000.0,423000000.0,423000000.0,5892000000.0,887000000.0,0.993,2.052,11783000000.0,888000000.0,10895000000.0,11783000000.0,0.0,1476000000.0,0.0,0.037,1.64,1683000000.0,3159000000.0,0.352,3159000000.0,1683000000.0,1298000000.0,1.76,1.75,1.76,13130000000.0,13310500000.0,13130000000.0,32700726046.0,19.0,10.352,-886000000.0,-1.754,1.0,3074000000.0,0.343,114000000.0,385000000.0,48040000000.0,46458750000.0,887000000.0,3498000000.0,0.0,3498000000.0,26940000000.0,3276000000.0,23664000000.0,22198726046.0,31000000.0,0.0,0.0,1875000000.0,-830000000.0,966000000.0,-4248000000.0,-32000000.0,3313000000.0,0.0,887000000.0,887000000.0,887000000.0,0.0,0.0,0.099,1476000000.0,1598000000.0,1459000000.0,0.932,1.691,25.027,24.932,29286000000.0,0.0,43.88,2.476,2.471,1421000000.0,9174000000.0,8966000000.0,8966000000.0,0.0,0.023,0.067,0.036,0.188,0.0,0.0,1.0,505896218.0,505000000,508000000.0,17.754,39956000000.0,182000000.0,411000000.0,8869000000.0,79.121,-22000000.0
19,PEG,MRT,2016-09-30,2016-09-30,2016-09-30,2021-08-09,-218000000.0,39488000000.0,38548500000.0,3209000000.0,36279000000.0,0.24,26.685,-4066000000.0,450000000.0,450000000.0,6033000000.0,1294000000.0,1.144,1.93,10952000000.0,255000000.0,10697000000.0,10952000000.0,0.0,933000000.0,0.0,0.039,1.62,2378000000.0,3311000000.0,0.358,3311000000.0,2378000000.0,1988000000.0,2.56,2.54,2.56,13476000000.0,13294500000.0,13476000000.0,31469724692.0,13.0,9.505,-614000000.0,-1.216,1.0,3216000000.0,0.348,170000000.0,390000000.0,47016000000.0,45293750000.0,957000000.0,3432000000.0,0.0,3432000000.0,26012000000.0,2804000000.0,23208000000.0,21182724692.0,179000000.0,0.0,0.0,1768000000.0,-819000000.0,882000000.0,-4155000000.0,-45000000.0,3452000000.0,0.0,1294000000.0,1294000000.0,1294000000.0,0.0,0.0,0.14,933000000.0,2283000000.0,1363000000.0,0.633,1.572,16.37,16.355,28804000000.0,0.0,41.87,2.29,2.286,1211000000.0,9480000000.0,9249000000.0,9249000000.0,0.0,0.034,0.097,0.053,0.257,0.0,0.0,1.0,505916520.0,505000000,508000000.0,18.315,39318000000.0,200000000.0,694000000.0,9072000000.0,77.857,405000000.0
20,PEG,MRT,2016-06-30,2016-06-30,2016-06-30,2021-08-09,-252000000.0,39045000000.0,37782500000.0,3489000000.0,35556000000.0,0.251,26.372,-4091000000.0,648000000.0,648000000.0,5952000000.0,1406000000.0,1.118,1.932,10935000000.0,662000000.0,10273000000.0,10935000000.0,0.0,1015000000.0,0.0,0.034,1.6,2584000000.0,3599000000.0,0.379,3599000000.0,2584000000.0,2197000000.0,2.78,2.77,2.78,13318000000.0,13158750000.0,13318000000.0,33239366025.0,13.0,9.236,-684000000.0,-1.354,1.0,3535000000.0,0.373,147000000.0,387000000.0,46065000000.0,43957000000.0,905000000.0,3528000000.0,0.0,3528000000.0,25726000000.0,3120000000.0,22606000000.0,23581366025.0,51000000.0,0.0,0.0,1695000000.0,-810000000.0,817000000.0,-4173000000.0,-33000000.0,3407000000.0,0.0,1406000000.0,1406000000.0,1406000000.0,0.0,0.0,0.148,1015000000.0,2520000000.0,1308000000.0,0.576,1.771,16.772,16.766,28014000000.0,0.0,46.61,2.486,2.481,1190000000.0,9360000000.0,9487000000.0,9487000000.0,0.0,0.037,0.107,0.059,0.272,0.0,0.0,1.0,505929329.0,505000000,508000000.0,18.786,38898000000.0,187000000.0,791000000.0,8823000000.0,77.026,369000000.0
21,PEG,MRT,2016-03-31,2016-03-31,2016-03-31,2021-08-09,-269000000.0,38126000000.0,37074250000.0,3263000000.0,34863000000.0,0.267,26.372,-4181000000.0,592000000.0,592000000.0,6047000000.0,1564000000.0,1.109,1.863,10250000000.0,574000000.0,9676000000.0,10250000000.0,0.0,1108000000.0,0.0,0.034,1.58,2837000000.0,3945000000.0,0.399,3945000000.0,2837000000.0,2450000000.0,3.09,3.08,3.09,13318000000.0,13006000000.0,13318000000.0,33411352358.0,12.0,8.469,-727000000.0,-1.44,1.0,3849000000.0,0.389,128000000.0,387000000.0,44714000000.0,42867000000.0,839000000.0,3518000000.0,0.0,3518000000.0,24807000000.0,2942000000.0,21865000000.0,23873352358.0,-416000000.0,0.0,0.0,1240000000.0,-799000000.0,374000000.0,-4244000000.0,-27000000.0,3454000000.0,0.0,1564000000.0,1564000000.0,1564000000.0,0.0,0.0,0.158,1108000000.0,2741000000.0,1192000000.0,0.511,1.793,15.264,15.256,27274000000.0,0.0,47.14,2.412,2.406,1285000000.0,9381000000.0,9896000000.0,9896000000.0,0.0,0.042,0.12,0.066,0.287,0.0,0.0,1.0,506435137.0,505000000,508000000.0,19.596,37998000000.0,188000000.0,886000000.0,8708000000.0,75.244,321000000.0
22,PEG,MRT,2015-12-31,2015-12-31,2015-12-31,2021-08-09,-295000000.0,37535000000.0,36499500000.0,3494000000.0,34041000000.0,0.285,25.873,-3863000000.0,394000000.0,394000000.0,6239000000.0,1679000000.0,0.977,1.873,9932000000.0,1098000000.0,8834000000.0,9932000000.0,0.0,1214000000.0,0.0,0.04,1.56,3073000000.0,4287000000.0,0.412,4287000000.0,3073000000.0,2680000000.0,3.32,3.3,3.32,13066000000.0,12815750000.0,13066000000.0,28562664209.0,9.0,6.663,56000000.0,0.111,1.0,4176000000.0,0.401,118000000.0,393000000.0,43380000000.0,41733000000.0,976000000.0,3482000000.0,0.0,3482000000.0,24468000000.0,3575000000.0,20893000000.0,19575664209.0,-8000000.0,0.0,0.0,855000000.0,-789000000.0,15000000.0,-3942000000.0,-51000000.0,3919000000.0,0.0,1679000000.0,1679000000.0,1679000000.0,0.0,0.0,0.161,1214000000.0,2962000000.0,1369000000.0,0.47,1.498,11.659,11.654,26539000000.0,0.0,38.69,1.88,1.876,1265000000.0,9117000000.0,10415000000.0,10415000000.0,0.0,0.046,0.131,0.074,0.295,0.0,0.0,1.0,505961856.0,505000000,508000000.0,20.624,37417000000.0,476000000.0,1001000000.0,8420000000.0,74.093,-81000000.0
23,PEG,MRT,2015-09-30,2015-09-30,2015-09-30,2021-08-09,-299000000.0,36424000000.0,35937500000.0,3204000000.0,33220000000.0,0.304,25.61,-3680000000.0,271000000.0,271000000.0,6405000000.0,1846000000.0,0.889,1.816,9258000000.0,1126000000.0,8132000000.0,9258000000.0,0.0,1268000000.0,0.0,0.037,1.54,3409000000.0,4677000000.0,0.429,4677000000.0,3409000000.0,3020000000.0,3.65,3.64,3.65,12933000000.0,12595500000.0,12933000000.0,30044680388.0,9.0,6.424,172000000.0,0.341,1.0,4505000000.0,0.413,138000000.0,389000000.0,41669000000.0,40989250000.0,923000000.0,2976000000.0,26000000.0,2950000000.0,23490000000.0,3604000000.0,19886000000.0,21327680388.0,-432000000.0,0.0,0.0,312000000.0,-779000000.0,-539000000.0,-3745000000.0,-19000000.0,3852000000.0,0.0,1846000000.0,1846000000.0,1846000000.0,0.0,0.0,0.169,1268000000.0,3237000000.0,1046000000.0,0.422,1.649,11.553,11.551,25605000000.0,0.0,42.16,1.955,1.951,2003000000.0,9005000000.0,10910000000.0,10910000000.0,0.0,0.051,0.147,0.083,0.312,0.0,0.0,1.0,505874772.0,505000000,508000000.0,21.604,36286000000.0,193000000.0,1174000000.0,8163000000.0,71.853,-400000000.0
24,PEG,MRT,2015-06-30,2015-06-30,2015-06-30,2021-08-09,-277000000.0,36212000000.0,35368250000.0,3627000000.0,32585000000.0,0.307,25.113,-3334000000.0,597000000.0,597000000.0,6421000000.0,1851000000.0,1.167,1.85,9314000000.0,625000000.0,8689000000.0,9314000000.0,0.0,1273000000.0,0.0,0.039,1.52,3394000000.0,4667000000.0,0.43,4667000000.0,3394000000.0,3001000000.0,3.66,3.64,3.66,12707000000.0,12383000000.0,12707000000.0,27946281946.0,8.0,5.988,612000000.0,1.209,1.0,4442000000.0,0.409,117000000.0,393000000.0,41705000000.0,40360250000.0,824000000.0,3090000000.0,0.0,3090000000.0,23504000000.0,3107000000.0,20397000000.0,19870281946.0,27000000.0,0.0,0.0,299000000.0,-768000000.0,-536000000.0,-3383000000.0,-23000000.0,3946000000.0,0.0,1851000000.0,1851000000.0,1851000000.0,0.0,0.0,0.17,1273000000.0,3169000000.0,1156000000.0,0.415,1.564,10.735,10.732,24807000000.0,0.0,39.28,1.829,1.83,1975000000.0,8764000000.0,10863000000.0,10863000000.0,0.0,0.052,0.149,0.084,0.312,0.0,0.0,1.0,505862575.0,506000000,508000000.0,21.468,36095000000.0,188000000.0,1150000000.0,8022000000.0,71.334,520000000.0
25,PEG,MRT,2015-03-31,2015-03-31,2015-03-31,2021-08-09,-270000000.0,35827000000.0,34740250000.0,4159000000.0,31668000000.0,0.311,24.816,-2958000000.0,1008000000.0,1008000000.0,6581000000.0,1718000000.0,1.148,1.853,9084000000.0,994000000.0,8090000000.0,9084000000.0,0.0,1251000000.0,0.0,0.036,1.5,3184000000.0,4435000000.0,0.411,4435000000.0,3184000000.0,2794000000.0,3.4,3.38,3.4,12557000000.0,12167000000.0,12557000000.0,29961024896.0,9.0,6.756,765000000.0,1.512,1.0,4217000000.0,0.391,103000000.0,390000000.0,40178000000.0,39581000000.0,749000000.0,3133000000.0,0.0,3133000000.0,23269000000.0,3622000000.0,19647000000.0,21219024896.0,353000000.0,0.0,0.0,509000000.0,-758000000.0,-328000000.0,-3042000000.0,-11000000.0,3723000000.0,0.0,1718000000.0,1718000000.0,1718000000.0,0.0,0.0,0.159,1251000000.0,2966000000.0,1006000000.0,0.441,1.69,12.351,12.329,23978000000.0,0.0,41.92,1.965,1.964,2281000000.0,8616000000.0,10798000000.0,10798000000.0,0.0,0.049,0.141,0.08,0.295,0.0,0.0,1.0,506179029.0,506000000,508000000.0,21.34,35724000000.0,31000000.0,1076000000.0,8081000000.0,70.601,537000000.0
26,PEG,MRT,2014-12-31,2014-12-31,2014-12-31,2021-08-09,-283000000.0,35287000000.0,34115000000.0,4119000000.0,31168000000.0,0.319,24.081,-2820000000.0,402000000.0,402000000.0,7036000000.0,1518000000.0,1.184,1.896,9098000000.0,883000000.0,8215000000.0,9098000000.0,0.0,1227000000.0,0.0,0.036,1.48,2845000000.0,4072000000.0,0.374,4072000000.0,2845000000.0,2456000000.0,3.0,2.99,3.0,12185000000.0,11977500000.0,12185000000.0,29211802233.0,10.0,7.174,340000000.0,0.672,1.0,3850000000.0,0.354,100000000.0,389000000.0,40405000000.0,38996000000.0,1022000000.0,3691000000.0,0.0,3691000000.0,23101000000.0,3478000000.0,19623000000.0,20951802233.0,-91000000.0,0.0,0.0,453000000.0,-748000000.0,-359000000.0,-2892000000.0,6000000.0,3160000000.0,0.0,1518000000.0,1518000000.0,1518000000.0,0.0,0.0,0.139,1227000000.0,2623000000.0,1178000000.0,0.493,1.719,13.802,13.803,23589000000.0,0.0,41.41,1.925,1.925,1538000000.0,8227000000.0,10886000000.0,10886000000.0,0.0,0.044,0.127,0.073,0.261,0.0,0.0,1.0,505959967.0,506000000,508000000.0,21.514,35187000000.0,286000000.0,938000000.0,7705000000.0,69.54,641000000.0
27,PEG,MRT,2014-09-30,2014-09-30,2014-09-30,2021-08-09,-99000000.0,34147000000.0,33423750000.0,3846000000.0,30301000000.0,0.312,23.879,-2631000000.0,703000000.0,703000000.0,7039000000.0,1242000000.0,1.226,1.826,8963000000.0,574000000.0,8389000000.0,8963000000.0,0.0,1211000000.0,0.0,0.039,1.47,2369000000.0,3580000000.0,0.343,3580000000.0,2369000000.0,1979000000.0,2.46,2.44,2.46,12083000000.0,11833250000.0,12083000000.0,27296222793.0,12.0,7.625,628000000.0,1.241,1.0,3392000000.0,0.325,118000000.0,390000000.0,39153000000.0,38299750000.0,1025000000.0,3072000000.0,0.0,3072000000.0,22063000000.0,3136000000.0,18927000000.0,18839222793.0,255000000.0,0.0,0.0,491000000.0,-743000000.0,-303000000.0,-2701000000.0,-1000000.0,3259000000.0,0.0,1242000000.0,1242000000.0,1242000000.0,0.0,0.0,0.119,1211000000.0,2181000000.0,1111000000.0,0.598,1.559,15.168,15.138,22836000000.0,0.0,37.24,1.806,1.806,1896000000.0,7938000000.0,10431000000.0,10431000000.0,0.0,0.037,0.105,0.062,0.227,0.0,0.0,1.0,505886756.0,506000000,507000000.0,20.615,34029000000.0,142000000.0,737000000.0,7649000000.0,67.251,710000000.0
28,PEG,MRT,2014-06-30,2014-06-30,2014-06-30,2021-08-09,-73000000.0,33700000000.0,33039500000.0,3794000000.0,29906000000.0,0.313,23.405,-2634000000.0,570000000.0,570000000.0,6991000000.0,1188000000.0,1.096,1.845,9027000000.0,1095000000.0,7932000000.0,9027000000.0,0.0,1206000000.0,0.0,0.036,1.46,2324000000.0,3530000000.0,0.341,3530000000.0,2324000000.0,1934000000.0,2.35,2.34,2.35,11843000000.0,11647000000.0,11843000000.0,28569821394.0,12.0,8.093,629000000.0,1.243,1.0,3353000000.0,0.324,106000000.0,390000000.0,38588000000.0,37847750000.0,902000000.0,3116000000.0,0.0,3116000000.0,21856000000.0,3463000000.0,18393000000.0,20636821394.0,406000000.0,0.0,0.0,637000000.0,-738000000.0,-153000000.0,-2704000000.0,-4000000.0,3263000000.0,0.0,1188000000.0,1188000000.0,1188000000.0,0.0,0.0,0.115,1206000000.0,2147000000.0,1104000000.0,0.621,1.743,17.371,17.357,22310000000.0,0.0,40.79,1.995,1.995,1941000000.0,7681000000.0,10344000000.0,10344000000.0,0.0,0.036,0.102,0.061,0.225,0.0,0.0,1.0,505928448.0,506000000,508000000.0,20.443,33594000000.0,205000000.0,746000000.0,7520000000.0,66.391,331000000.0
29,PEG,MRT,2014-03-31,2014-03-31,2014-03-31,2021-08-09,-87000000.0,33326000000.0,32629250000.0,3853000000.0,29473000000.0,0.319,23.318,-2696000000.0,655000000.0,655000000.0,6817000000.0,1309000000.0,1.148,1.824,8588000000.0,786000000.0,7802000000.0,8588000000.0,0.0,1194000000.0,0.0,0.038,1.45,2558000000.0,3752000000.0,0.361,3752000000.0,2558000000.0,2161000000.0,2.59,2.58,2.59,11799000000.0,11460250000.0,11799000000.0,27515131536.0,11.0,7.333,701000000.0,1.385,1.0,3588000000.0,0.345,64000000.0,397000000.0,37838000000.0,37497500000.0,746000000.0,3079000000.0,0.0,3079000000.0,21526000000.0,3357000000.0,18169000000.0,19305131536.0,235000000.0,0.0,0.0,331000000.0,-733000000.0,-465000000.0,-2697000000.0,40000000.0,3397000000.0,0.0,1309000000.0,1309000000.0,1309000000.0,0.0,0.0,0.126,1194000000.0,2394000000.0,1116000000.0,0.56,1.636,14.748,14.726,21933000000.0,0.0,38.14,1.855,1.855,2389000000.0,7656000000.0,10405000000.0,10405000000.0,0.0,0.04,0.114,0.068,0.246,0.0,0.0,1.0,506164959.0,506000000,508000000.0,20.563,33262000000.0,225000000.0,852000000.0,7645000000.0,65.735,496000000.0
30,PEG,MRT,2013-12-31,2013-12-31,2013-12-31,2021-08-09,-95000000.0,32522000000.0,32225750000.0,3614000000.0,28908000000.0,0.309,22.941,-2811000000.0,493000000.0,493000000.0,6491000000.0,1243000000.0,1.18,1.802,8703000000.0,841000000.0,7862000000.0,8703000000.0,0.0,1178000000.0,0.0,0.045,1.44,2457000000.0,3635000000.0,0.365,3635000000.0,2457000000.0,2055000000.0,2.46,2.45,2.46,11608000000.0,11247000000.0,11608000000.0,24245794834.0,10.0,6.67,347000000.0,0.686,1.0,3477000000.0,0.349,49000000.0,402000000.0,37620000000.0,37066000000.0,1024000000.0,3038000000.0,0.0,3038000000.0,20913000000.0,3063000000.0,17850000000.0,16207794834.0,114000000.0,0.0,0.0,546000000.0,-728000000.0,-243000000.0,-2801000000.0,39000000.0,3158000000.0,0.0,1243000000.0,1243000000.0,1243000000.0,0.0,0.0,0.125,1178000000.0,2299000000.0,1222000000.0,0.585,1.396,13.039,13.024,21645000000.0,0.0,32.04,1.626,1.626,1503000000.0,7457000000.0,9968000000.0,9968000000.0,0.0,0.039,0.111,0.066,0.246,0.0,0.0,1.0,505861262.0,506000000,508000000.0,19.7,32473000000.0,133000000.0,812000000.0,7324000000.0,64.176,551000000.0
31,PEG,MRT,2013-09-30,2013-09-30,2013-09-30,2021-08-09,-338000000.0,32610000000.0,32026500000.0,3741000000.0,28869000000.0,0.314,22.413,-2707000000.0,448000000.0,448000000.0,6511000000.0,1267000000.0,1.156,1.876,8486000000.0,1010000000.0,7476000000.0,8486000000.0,0.0,1143000000.0,0.0,0.044,1.435,2528000000.0,3671000000.0,0.365,3671000000.0,2528000000.0,2112000000.0,2.5,2.5,2.5,11338000000.0,11040000000.0,11338000000.0,24900879638.0,10.0,6.783,204000000.0,0.403,1.0,3545000000.0,0.353,68000000.0,416000000.0,37345000000.0,36591250000.0,1049000000.0,2978000000.0,0.0,2978000000.0,21271000000.0,3235000000.0,18036000000.0,16657879638.0,-332000000.0,0.0,0.0,228000000.0,-726000000.0,-581000000.0,-2662000000.0,82000000.0,2911000000.0,0.0,1267000000.0,1267000000.0,1267000000.0,0.0,0.0,0.126,1143000000.0,2402000000.0,1024000000.0,0.574,1.469,13.147,13.172,21079000000.0,0.0,32.93,1.657,1.657,1280000000.0,7439000000.0,10056000000.0,10056000000.0,0.0,0.04,0.115,0.069,0.251,0.0,0.0,1.0,505857262.0,505858000,507694000.0,19.879,32542000000.0,256000000.0,845000000.0,7121000000.0,64.33,506000000.0
32,PEG,MRT,2013-06-30,2013-06-30,2013-06-30,2021-08-09,-362000000.0,32059000000.0,31550500000.0,3615000000.0,28444000000.0,0.314,21.933,-2700000000.0,164000000.0,164000000.0,6504000000.0,1224000000.0,1.182,1.889,8407000000.0,965000000.0,7442000000.0,8407000000.0,0.0,1116000000.0,0.0,0.044,1.43,2462000000.0,3578000000.0,0.361,3578000000.0,2462000000.0,2040000000.0,2.42,2.41,2.42,11096000000.0,10907000000.0,11096000000.0,24383933235.0,10.0,6.815,52000000.0,0.103,1.0,3400000000.0,0.343,57000000.0,422000000.0,37187000000.0,36035750000.0,916000000.0,2926000000.0,0.0,2926000000.0,20962000000.0,3058000000.0,17904000000.0,16524933235.0,-601000000.0,0.0,0.0,121000000.0,-723000000.0,-688000000.0,-2665000000.0,79000000.0,2752000000.0,0.0,1224000000.0,1224000000.0,1224000000.0,0.0,0.0,0.124,1116000000.0,2284000000.0,1046000000.0,0.591,1.489,13.501,13.496,20561000000.0,0.0,32.66,1.669,1.668,1390000000.0,7231000000.0,9904000000.0,9904000000.0,0.0,0.039,0.112,0.068,0.249,0.0,0.0,1.0,505968562.0,505900000,507381000.0,19.577,32002000000.0,258000000.0,816000000.0,6930000000.0,63.258,557000000.0
33,PEG,MRT,2013-03-31,2013-03-31,2013-03-31,2021-08-09,-355000000.0,31712000000.0,31071250000.0,3656000000.0,28056000000.0,0.312,21.635,-2611000000.0,420000000.0,420000000.0,6499000000.0,1102000000.0,1.073,1.897,8279000000.0,1270000000.0,7009000000.0,8279000000.0,0.0,1088000000.0,0.0,0.041,1.425,2270000000.0,3358000000.0,0.346,3358000000.0,2270000000.0,1846000000.0,2.18,2.17,2.18,10946000000.0,10794000000.0,10946000000.0,25197639477.0,11.0,7.504,-35000000.0,-0.069,1.0,3193000000.0,0.329,53000000.0,424000000.0,36112000000.0,35443250000.0,754000000.0,2944000000.0,0.0,2944000000.0,20765000000.0,3406000000.0,17359000000.0,17374639477.0,-511000000.0,0.0,0.0,346000000.0,-721000000.0,-435000000.0,-2652000000.0,23000000.0,2576000000.0,0.0,1102000000.0,1102000000.0,1102000000.0,0.0,0.0,0.114,1088000000.0,2105000000.0,1078000000.0,0.654,1.587,15.766,15.752,20125000000.0,0.0,34.34,1.793,1.793,1722000000.0,7080000000.0,9692000000.0,9692000000.0,0.0,0.035,0.102,0.064,0.234,0.0,0.0,1.0,505959216.0,505942000,507220000.0,19.156,31659000000.0,264000000.0,744000000.0,6866000000.0,62.574,250000000.0
34,PEG,MRT,2012-12-31,2012-12-31,2012-12-31,2021-08-09,-388000000.0,31725000000.0,30643750000.0,3869000000.0,27856000000.0,0.319,21.304,-2574000000.0,379000000.0,379000000.0,6449000000.0,1275000000.0,1.024,1.943,8202000000.0,1515000000.0,6687000000.0,8202000000.0,0.0,1054000000.0,0.0,0.046,1.42,2434000000.0,3488000000.0,0.357,3488000000.0,2434000000.0,2011000000.0,2.52,2.51,2.52,10780000000.0,10713500000.0,10780000000.0,23010074643.0,9.0,6.597,213000000.0,0.421,1.0,3332000000.0,0.341,50000000.0,423000000.0,35721000000.0,34869750000.0,1005000000.0,2887000000.0,0.0,2887000000.0,20944000000.0,3777000000.0,17167000000.0,15481074643.0,-455000000.0,0.0,0.0,159000000.0,-718000000.0,-617000000.0,-2625000000.0,24000000.0,2787000000.0,0.0,1275000000.0,1275000000.0,1275000000.0,0.0,0.0,0.13,1054000000.0,2278000000.0,1304000000.0,0.563,1.436,12.142,12.143,19736000000.0,0.0,30.6,1.583,1.583,1383000000.0,6942000000.0,9781000000.0,9781000000.0,0.0,0.042,0.119,0.07,0.249,0.0,0.0,1.0,505917472.0,506000000,507000000.0,19.33,31675000000.0,276000000.0,736000000.0,6795000000.0,62.599,92000000.0
35,PEG,MRT,2012-09-30,2012-09-30,2012-09-30,2021-08-09,-322000000.0,30706000000.0,30167750000.0,3978000000.0,26728000000.0,0.332,21.359,-2573000000.0,780000000.0,780000000.0,6458000000.0,1411000000.0,1.309,1.841,8309000000.0,975000000.0,7334000000.0,8309000000.0,0.0,1034000000.0,0.0,0.044,1.407,2654000000.0,3688000000.0,0.368,3688000000.0,2654000000.0,2230000000.0,2.79,2.78,2.79,10806000000.0,10586000000.0,10806000000.0,23840000271.0,9.0,6.464,886000000.0,1.751,1.0,3553000000.0,0.355,73000000.0,424000000.0,35123000000.0,34433750000.0,1073000000.0,2836000000.0,0.0,2836000000.0,19898000000.0,3039000000.0,16859000000.0,16281000271.0,-462000000.0,0.0,0.0,-667000000.0,-711000000.0,-1428000000.0,-2493000000.0,146000000.0,3459000000.0,0.0,1411000000.0,1411000000.0,1411000000.0,0.0,0.0,0.141,1034000000.0,2519000000.0,1012000000.0,0.504,1.507,11.539,11.534,19103000000.0,0.0,32.18,1.626,1.626,1259000000.0,6898000000.0,10011000000.0,10011000000.0,0.0,0.047,0.133,0.077,0.265,0.0,0.0,1.0,505935372.0,505914000,507111000.0,19.788,30633000000.0,148000000.0,819000000.0,6440000000.0,60.55,939000000.0
36,PEG,MRT,2012-06-30,2012-06-30,2012-06-30,2021-08-09,-310000000.0,30142000000.0,29969000000.0,3940000000.0,26202000000.0,0.341,21.04,-2361000000.0,765000000.0,765000000.0,6737000000.0,1358000000.0,1.399,1.832,8324000000.0,988000000.0,7336000000.0,8324000000.0,0.0,1010000000.0,0.0,0.043,1.395,2572000000.0,3582000000.0,0.35,3582000000.0,2572000000.0,2137000000.0,2.68,2.68,2.68,10644000000.0,10424250000.0,10644000000.0,23517584738.0,9.0,6.565,1179000000.0,2.33,1.0,3492000000.0,0.341,68000000.0,435000000.0,34817000000.0,34094500000.0,965000000.0,2730000000.0,0.0,2730000000.0,19496000000.0,2816000000.0,16680000000.0,16441584738.0,606000000.0,335000000.0,0.0,-246000000.0,-705000000.0,-999000000.0,-1935000000.0,151000000.0,3540000000.0,0.0,1358000000.0,1358000000.0,1358000000.0,-29000000.0,0.0,0.133,1011000000.0,2481000000.0,898000000.0,0.521,1.545,12.107,12.127,18590000000.0,0.0,32.5,1.607,1.607,1151000000.0,6730000000.0,10229000000.0,10229000000.0,0.0,0.045,0.13,0.075,0.251,0.0,0.0,1.0,505894915.0,505903000,506969000.0,20.219,30074000000.0,106000000.0,779000000.0,6179000000.0,59.446,1124000000.0
37,PEG,MRT,2012-03-31,2012-03-31,2012-03-31,2021-08-09,-293000000.0,30002000000.0,29630750000.0,3961000000.0,26041000000.0,0.358,20.996,-2273000000.0,931000000.0,931000000.0,6940000000.0,1470000000.0,1.274,1.824,8007000000.0,748000000.0,7259000000.0,8007000000.0,0.0,993000000.0,0.0,0.045,1.383,2779000000.0,3772000000.0,0.356,3772000000.0,2779000000.0,2330000000.0,2.89,2.89,2.89,10624000000.0,10290500000.0,10624000000.0,22750205132.0,8.0,6.031,1330000000.0,2.628,1.0,3660000000.0,0.345,152000000.0,449000000.0,33818000000.0,33762750000.0,866000000.0,2747000000.0,0.0,2747000000.0,19376000000.0,3108000000.0,16268000000.0,15490205132.0,31000000.0,336000000.0,0.0,-987000000.0,-699000000.0,-1752000000.0,-1820000000.0,152000000.0,3603000000.0,0.0,1470000000.0,1470000000.0,1470000000.0,-32000000.0,0.0,0.139,991000000.0,2669000000.0,1030000000.0,0.479,1.458,10.538,10.592,18233000000.0,0.0,30.61,1.461,1.461,1222000000.0,6699000000.0,10600000000.0,10600000000.0,0.0,0.05,0.143,0.082,0.262,0.0,0.0,1.0,506050478.0,506010000,507029000.0,20.948,29850000000.0,16000000.0,860000000.0,6164000000.0,58.991,853000000.0
38,PEG,MRT,2011-12-31,2011-12-31,2011-12-31,2021-08-09,-337000000.0,29821000000.0,29472750000.0,3911000000.0,25910000000.0,0.376,20.298,-2083000000.0,834000000.0,834000000.0,7361000000.0,1503000000.0,1.323,1.904,8094000000.0,633000000.0,7461000000.0,8094000000.0,0.0,982000000.0,0.0,0.042,1.37,2955000000.0,3937000000.0,0.355,3937000000.0,2955000000.0,2480000000.0,2.97,2.96,2.97,10270000000.0,10123750000.0,10270000000.0,24426919098.0,8.0,6.204,1474000000.0,2.913,1.0,3718000000.0,0.336,147000000.0,475000000.0,33977000000.0,33744250000.0,1052000000.0,2674000000.0,0.0,2674000000.0,19549000000.0,2957000000.0,16592000000.0,16699919098.0,554000000.0,687000000.0,0.0,-991000000.0,-693000000.0,-1734000000.0,-1269000000.0,148000000.0,3557000000.0,0.0,1503000000.0,1503000000.0,1503000000.0,-96000000.0,0.0,0.136,976000000.0,2742000000.0,1184000000.0,0.461,1.626,11.111,11.114,17849000000.0,0.0,33.01,1.507,1.507,1256000000.0,6385000000.0,11079000000.0,11079000000.0,0.0,0.051,0.148,0.088,0.267,0.0,0.0,1.0,505904850.0,505949000,506982000.0,21.897,29674000000.0,16000000.0,977000000.0,5950000000.0,58.65,954000000.0
39,PEG,MRT,2011-09-30,2011-09-30,2011-09-30,2021-08-09,-256000000.0,29911000000.0,29494750000.0,4970000000.0,24941000000.0,0.379,20.081,-2122000000.0,1242000000.0,1242000000.0,7588000000.0,1425000000.0,1.346,1.944,8969000000.0,1489000000.0,7480000000.0,8969000000.0,0.0,989000000.0,0.0,0.041,1.37,2862000000.0,3851000000.0,0.344,3851000000.0,2862000000.0,2385000000.0,2.81,2.8,2.81,10159000000.0,9964500000.0,10159000000.0,25271040940.0,9.0,6.562,1112000000.0,2.198,1.0,3600000000.0,0.322,180000000.0,477000000.0,33766000000.0,33999000000.0,1105000000.0,1428000000.0,0.0,1428000000.0,19750000000.0,3692000000.0,16058000000.0,16882040940.0,910000000.0,687000000.0,0.0,-197000000.0,-693000000.0,-924000000.0,-1400000000.0,42000000.0,3234000000.0,0.0,1425000000.0,1425000000.0,1425000000.0,-88000000.0,0.0,0.127,978000000.0,2622000000.0,1144000000.0,0.488,1.662,11.847,11.875,17282000000.0,0.0,33.37,1.509,1.509,1415000000.0,6198000000.0,11188000000.0,11188000000.0,0.0,0.048,0.143,0.084,0.256,0.0,0.0,1.0,505904733.0,505909000,506999000.0,22.115,29731000000.0,473000000.0,960000000.0,5916000000.0,58.767,1278000000.0
40,PEG,MRT,2011-06-30,2011-06-30,2011-06-30,2021-08-09,-179000000.0,28789000000.0,29293000000.0,3786000000.0,25003000000.0,0.399,19.979,-2251000000.0,159000000.0,159000000.0,7670000000.0,1698000000.0,1.073,1.848,8548000000.0,1485000000.0,7063000000.0,8548000000.0,0.0,992000000.0,0.0,0.042,1.37,3308000000.0,4300000000.0,0.368,4300000000.0,3308000000.0,2828000000.0,3.35,3.34,3.35,10109000000.0,9814000000.0,10109000000.0,24520730485.0,7.0,5.702,788000000.0,1.557,1.0,4012000000.0,0.343,158000000.0,480000000.0,33490000000.0,34248750000.0,924000000.0,1675000000.0,0.0,1675000000.0,18678000000.0,3530000000.0,15148000000.0,16512730485.0,102000000.0,352000000.0,0.0,-623000000.0,-693000000.0,-1350000000.0,-1587000000.0,305000000.0,3039000000.0,0.0,1698000000.0,1698000000.0,1698000000.0,-79000000.0,0.0,0.145,975000000.0,3037000000.0,1018000000.0,0.409,1.633,9.725,9.743,16894000000.0,0.0,32.64,1.414,1.414,1390000000.0,6077000000.0,11682000000.0,11682000000.0,0.0,0.058,0.173,0.097,0.283,0.0,0.0,1.0,505904733.0,505988000,506761000.0,23.088,28631000000.0,192000000.0,1130000000.0,5369000000.0,56.584,256000000.0
41,PEG,MRT,2011-03-31,2011-03-31,2011-03-31,2021-08-09,-187000000.0,29370000000.0,29281250000.0,4466000000.0,24904000000.0,0.395,19.679,-2230000000.0,900000000.0,900000000.0,7758000000.0,1599000000.0,1.282,1.949,8908000000.0,1211000000.0,7697000000.0,8908000000.0,0.0,987000000.0,0.0,0.043,1.37,3109000000.0,4096000000.0,0.354,4096000000.0,3109000000.0,2626000000.0,3.16,3.15,3.16,9957000000.0,9568250000.0,9957000000.0,24669307828.0,8.0,6.023,-96000000.0,-0.19,1.0,3816000000.0,0.33,151000000.0,483000000.0,33744000000.0,34482500000.0,741000000.0,1651000000.0,0.0,1651000000.0,19411000000.0,3483000000.0,15928000000.0,15945307828.0,588000000.0,351000000.0,0.0,699000000.0,-693000000.0,-40000000.0,-1506000000.0,358000000.0,2134000000.0,0.0,1599000000.0,1599000000.0,1599000000.0,-78000000.0,0.0,0.138,969000000.0,2847000000.0,1067000000.0,0.434,1.601,9.972,9.972,16648000000.0,0.0,31.51,1.378,1.378,1715000000.0,5928000000.0,11574000000.0,11574000000.0,0.0,0.055,0.167,0.09,0.269,0.0,0.0,1.0,506039601.0,505979000,507132000.0,22.874,29219000000.0,328000000.0,1027000000.0,5323000000.0,57.747,983000000.0
42,PEG,MRT,2010-12-31,2010-12-31,2010-12-31,2021-08-09,-156000000.0,29909000000.0,29132500000.0,5051000000.0,24858000000.0,0.405,19.038,-2160000000.0,280000000.0,280000000.0,7901000000.0,1564000000.0,1.449,2.104,9004000000.0,1185000000.0,7819000000.0,9004000000.0,0.0,974000000.0,0.0,0.043,1.37,3095000000.0,4069000000.0,0.345,4069000000.0,3095000000.0,2623000000.0,3.09,3.08,3.09,9633000000.0,9379250000.0,9633000000.0,24917760031.0,8.0,6.124,4000000.0,0.008,1.0,3892000000.0,0.33,152000000.0,472000000.0,34996000000.0,34468250000.0,1025000000.0,1644000000.0,0.0,1644000000.0,20268000000.0,3485000000.0,16783000000.0,16093760031.0,-70000000.0,0.0,0.0,258000000.0,-693000000.0,-565000000.0,-1669000000.0,472000000.0,2164000000.0,0.0,1564000000.0,1564000000.0,1564000000.0,-7000000.0,0.0,0.133,955000000.0,2937000000.0,1176000000.0,0.443,1.671,10.29,10.294,16390000000.0,0.0,31.81,1.365,1.365,1787000000.0,5575000000.0,11793000000.0,11793000000.0,0.0,0.054,0.167,0.09,0.262,0.0,0.0,1.0,505933984.0,505985000,507045000.0,23.307,29757000000.0,732000000.0,1059000000.0,5426000000.0,58.81,1566000000.0
43,PEG,MRT,2010-09-30,2010-09-30,2010-09-30,2021-08-09,-111000000.0,29104000000.0,28824750000.0,3671000000.0,25433000000.0,0.401,18.889,-2079000000.0,332000000.0,332000000.0,7686000000.0,1631000000.0,1.216,2.044,9156000000.0,1004000000.0,8152000000.0,9156000000.0,0.0,934000000.0,0.0,0.041,1.36,3118000000.0,4052000000.0,0.35,4052000000.0,3118000000.0,2648000000.0,3.23,3.22,3.23,9557000000.0,9168000000.0,9557000000.0,25817248862.0,8.0,6.371,-226000000.0,-0.447,1.0,3877000000.0,0.335,145000000.0,470000000.0,34765000000.0,34100500000.0,1185000000.0,1719000000.0,0.0,1719000000.0,19539000000.0,3018000000.0,16521000000.0,16737248862.0,202000000.0,0.0,0.0,596000000.0,-688000000.0,-182000000.0,-1469000000.0,552000000.0,1853000000.0,0.0,1631000000.0,1631000000.0,1631000000.0,-13000000.0,0.0,0.141,901000000.0,2976000000.0,992000000.0,0.421,1.751,10.262,10.241,16463000000.0,0.0,33.08,1.447,1.447,1487000000.0,5466000000.0,11563000000.0,11563000000.0,0.0,0.057,0.178,0.091,0.27,0.0,0.0,1.0,505962783.0,505945000,506968000.0,22.854,28959000000.0,0.0,1017000000.0,4593000000.0,57.237,653000000.0
44,PEG,MRT,2010-06-30,2010-06-30,2010-06-30,2021-08-09,-139000000.0,28742000000.0,28657250000.0,3485000000.0,25257000000.0,0.401,18.032,-1889000000.0,57000000.0,57000000.0,7695000000.0,1552000000.0,1.073,2.148,9137000000.0,1391000000.0,7746000000.0,9137000000.0,0.0,893000000.0,0.0,0.043,1.35,3014000000.0,3907000000.0,0.34,3907000000.0,3014000000.0,2535000000.0,3.07,3.06,3.07,9126000000.0,8947500000.0,9126000000.0,23712482238.0,8.0,6.069,-303000000.0,-0.599,1.0,3794000000.0,0.33,148000000.0,479000000.0,34425000000.0,33819750000.0,1044000000.0,1960000000.0,0.0,1960000000.0,19607000000.0,3249000000.0,16358000000.0,15851482238.0,-336000000.0,0.0,0.0,220000000.0,-684000000.0,-585000000.0,-1337000000.0,505000000.0,1586000000.0,0.0,1552000000.0,1552000000.0,1552000000.0,7000000.0,0.0,0.135,865000000.0,2929000000.0,996000000.0,0.44,1.737,10.214,10.205,15957000000.0,0.0,31.33,1.38,1.38,1564000000.0,5072000000.0,11489000000.0,11489000000.0,0.0,0.054,0.173,0.089,0.262,0.0,0.0,1.0,505952194.0,506109000,507091000.0,22.701,28594000000.0,0.0,983000000.0,4686000000.0,56.498,236000000.0
45,PEG,MRT,2010-03-31,2010-03-31,2010-03-31,2021-08-09,-24000000.0,28775000000.0,28661750000.0,3469000000.0,25306000000.0,0.408,18.186,-1819000000.0,312000000.0,312000000.0,7714000000.0,1639000000.0,1.239,2.126,8173000000.0,267000000.0,7906000000.0,8173000000.0,0.0,863000000.0,0.0,0.045,1.34,3230000000.0,4093000000.0,0.35,4093000000.0,3230000000.0,2738000000.0,3.24,3.23,3.24,9201000000.0,8760750000.0,9201000000.0,23281705077.0,7.0,5.688,-281000000.0,-0.555,1.0,3974000000.0,0.34,149000000.0,492000000.0,33687000000.0,33665000000.0,862000000.0,1986000000.0,3000000.0,1983000000.0,19565000000.0,2800000000.0,16765000000.0,14935705077.0,-920000000.0,0.0,0.0,-747000000.0,-678000000.0,-1513000000.0,-945000000.0,818000000.0,1538000000.0,0.0,1639000000.0,1639000000.0,1639000000.0,9000000.0,0.0,0.14,839000000.0,3135000000.0,1002000000.0,0.414,1.623,9.113,9.111,15683000000.0,0.0,29.52,1.278,1.278,1778000000.0,5022000000.0,11688000000.0,11688000000.0,0.0,0.057,0.187,0.096,0.276,0.0,0.0,1.0,505952069.0,505950000,507147000.0,23.101,28626000000.0,0.0,1099000000.0,5295000000.0,56.579,669000000.0
46,PEG,MRT,2009-12-31,2009-12-31,2009-12-31,2021-08-09,-116000000.0,28678000000.0,28793500000.0,4290000000.0,24388000000.0,0.418,17.368,-1794000000.0,350000000.0,350000000.0,8100000000.0,1592000000.0,1.277,2.262,8696000000.0,1051000000.0,7645000000.0,8696000000.0,0.0,838000000.0,0.0,0.04,1.33,3155000000.0,3993000000.0,0.332,3993000000.0,3155000000.0,2634000000.0,3.15,3.14,3.15,8788000000.0,8507750000.0,8788000000.0,25150849098.0,8.0,6.299,61000000.0,0.121,1.0,3935000000.0,0.327,139000000.0,521000000.0,33525000000.0,33563750000.0,1141000000.0,2049000000.0,0.0,2049000000.0,19880000000.0,3360000000.0,16520000000.0,16823849098.0,29000000.0,0.0,0.0,-359000000.0,-673000000.0,-1034000000.0,-792000000.0,851000000.0,1855000000.0,0.0,1592000000.0,1592000000.0,1592000000.0,2000000.0,0.0,0.132,819000000.0,3116000000.0,1075000000.0,0.422,1.914,10.568,10.556,14886000000.0,0.0,33.25,1.398,1.398,1635000000.0,4704000000.0,12035000000.0,12035000000.0,0.0,0.055,0.187,0.094,0.262,0.0,0.0,1.0,505980424.0,505986000,507064000.0,23.785,28539000000.0,0.0,1042000000.0,4679000000.0,56.403,930000000.0
47,PEG,MRT,2009-09-30,2009-09-30,2009-09-30,2021-08-09,-31000000.0,28434000000.0,28886250000.0,3541000000.0,24893000000.0,0.418,17.145,-1766000000.0,130000000.0,130000000.0,8239000000.0,1477000000.0,1.183,2.277,8457000000.0,891000000.0,7566000000.0,8457000000.0,0.0,828000000.0,0.0,0.042,1.32,2991000000.0,3819000000.0,0.316,3819000000.0,2991000000.0,2466000000.0,2.91,2.91,2.91,8675000000.0,8253500000.0,8675000000.0,24399071062.0,8.0,6.389,328000000.0,0.648,1.0,3830000000.0,0.317,126000000.0,525000000.0,33642000000.0,33759000000.0,1302000000.0,2174000000.0,10000000.0,2164000000.0,19749000000.0,2993000000.0,16756000000.0,15908071062.0,-99000000.0,153000000.0,0.0,-743000000.0,-668000000.0,-1458000000.0,-735000000.0,702000000.0,2094000000.0,0.0,1477000000.0,1477000000.0,1477000000.0,-62000000.0,0.0,0.122,812000000.0,3018000000.0,911000000.0,0.454,1.834,10.771,10.804,15143000000.0,0.0,31.44,1.318,1.318,1514000000.0,4523000000.0,12069000000.0,12069000000.0,0.0,0.051,0.179,0.089,0.248,0.0,0.0,1.0,505981904.0,505982000,507242000.0,23.853,28308000000.0,0.0,989000000.0,4974000000.0,55.947,548000000.0
48,PEG,MRT,2009-06-30,2009-06-30,2009-06-30,2021-08-09,0.0,28760000000.0,28791250000.0,3834000000.0,24926000000.0,0.443,16.56,-1848000000.0,393000000.0,393000000.0,8886000000.0,1645000000.0,1.154,2.431,8884000000.0,1079000000.0,7805000000.0,8884000000.0,0.0,816000000.0,0.0,0.04,1.31,3176000000.0,3992000000.0,0.313,3992000000.0,3176000000.0,2631000000.0,3.24,3.24,3.24,8379000000.0,8004500000.0,8379000000.0,24192315479.0,8.0,6.06,663000000.0,1.31,1.0,3861000000.0,0.303,124000000.0,545000000.0,33806000000.0,33691250000.0,1073000000.0,2319000000.0,10000000.0,2309000000.0,20371000000.0,3321000000.0,17050000000.0,16510315479.0,309000000.0,925000000.0,-92000000.0,-1141000000.0,-663000000.0,-1918000000.0,-283000000.0,487000000.0,2511000000.0,-1000000.0,1645000000.0,1645000000.0,1645000000.0,-242000000.0,0.0,0.129,802000000.0,3059000000.0,941000000.0,0.404,1.97,10.037,10.071,14899000000.0,0.0,32.63,1.295,1.295,1574000000.0,4204000000.0,12747000000.0,12747000000.0,0.0,0.057,0.206,0.094,0.249,0.0,0.0,1.0,505985764.0,505990000,506936000.0,25.192,28636000000.0,0.0,986000000.0,5108000000.0,56.594,513000000.0
49,PEG,MRT,2009-03-31,2009-03-31,2009-03-31,2021-08-09,-31000000.0,29302000000.0,28684750000.0,4278000000.0,25024000000.0,0.444,16.184,-1850000000.0,1232000000.0,1232000000.0,9348000000.0,1184000000.0,1.189,2.577,8914000000.0,1055000000.0,7859000000.0,8914000000.0,0.0,807000000.0,0.0,0.044,1.3,2701000000.0,3508000000.0,0.275,3508000000.0,2701000000.0,2143000000.0,2.34,2.34,2.34,8189000000.0,7553250000.0,8189000000.0,23647704861.0,9.0,6.741,841000000.0,1.662,1.0,3389000000.0,0.266,104000000.0,558000000.0,33282000000.0,33489750000.0,846000000.0,2585000000.0,15000000.0,2570000000.0,21103000000.0,3598000000.0,17505000000.0,14911704861.0,981000000.0,925000000.0,-92000000.0,-259000000.0,-659000000.0,-1031000000.0,-679000000.0,132000000.0,2691000000.0,0.0,1184000000.0,1184000000.0,1184000000.0,-258000000.0,0.0,0.093,790000000.0,2599000000.0,925000000.0,0.556,1.821,12.594,12.594,14641000000.0,0.0,29.47,1.171,1.171,1806000000.0,4049000000.0,12737000000.0,12737000000.0,0.0,0.041,0.157,0.081,0.212,0.0,0.0,1.0,505996093.0,505986000,506548000.0,25.173,29198000000.0,0.0,959000000.0,5512000000.0,57.705,680000000.0
50,PEG,MRT,2008-12-31,2008-12-31,2008-12-31,2021-08-09,-177000000.0,29049000000.0,28351250000.0,3999000000.0,25050000000.0,0.445,15.306,-1771000000.0,321000000.0,321000000.0,9350000000.0,1188000000.0,1.173,2.737,9057000000.0,1052000000.0,8005000000.0,9057000000.0,0.0,793000000.0,0.0,0.044,1.29,2642000000.0,3435000000.0,0.272,3435000000.0,2642000000.0,2076000000.0,2.34,2.34,2.34,7771000000.0,7342500000.0,7771000000.0,23765794155.0,9.0,6.919,574000000.0,1.131,1.0,3259000000.0,0.258,69000000.0,566000000.0,34306000000.0,33329750000.0,1255000000.0,2813000000.0,118000000.0,2695000000.0,21267000000.0,3410000000.0,17857000000.0,14762794155.0,-59000000.0,925000000.0,-92000000.0,-867000000.0,-655000000.0,-1629000000.0,-775000000.0,44000000.0,2345000000.0,0.0,1188000000.0,1188000000.0,1188000000.0,-270000000.0,0.0,0.094,775000000.0,2484000000.0,1227000000.0,0.551,1.9,12.427,12.466,14433000000.0,0.0,29.17,1.171,1.175,1852000000.0,3773000000.0,12609000000.0,12609000000.0,0.0,0.042,0.162,0.079,0.21,0.0,0.0,1.0,506095103.0,507693000,508427000.0,24.836,28980000000.0,0.0,888000000.0,5114000000.0,57.082,589000000.0
51,PEG,MRT,2008-09-30,2008-09-30,2008-09-30,2021-08-09,-196000000.0,28054000000.0,28163750000.0,4066000000.0,23988000000.0,0.468,15.124,-1612000000.0,229000000.0,229000000.0,9851000000.0,1179000000.0,1.121,2.653,9232000000.0,1220000000.0,8012000000.0,9232000000.0,0.0,795000000.0,0.0,0.038,1.26,2907000000.0,3702000000.0,0.281,3702000000.0,2907000000.0,2281000000.0,2.32,2.31,2.32,7679000000.0,7224500000.0,7679000000.0,26622055560.0,9.0,7.191,362000000.0,0.713,1.0,3325000000.0,0.252,59000000.0,626000000.0,33371000000.0,33113000000.0,1383000000.0,2886000000.0,144000000.0,2742000000.0,20375000000.0,3627000000.0,16748000000.0,16673055560.0,-154000000.0,1047000000.0,-91000000.0,-1542000000.0,-641000000.0,-2265000000.0,139000000.0,737000000.0,1974000000.0,-2000000.0,1179000000.0,1179000000.0,1179000000.0,-215000000.0,0.0,0.089,772000000.0,2553000000.0,1043000000.0,0.543,2.171,14.142,14.134,14006000000.0,0.0,32.79,1.265,1.264,1633000000.0,3701000000.0,13176000000.0,13176000000.0,0.0,0.042,0.163,0.088,0.221,0.0,0.0,1.0,508479889.0,507724000,508326000.0,25.951,27995000000.0,71000000.0,1102000000.0,5084000000.0,55.138,439000000.0
52,PEG,MRT,2008-06-30,2008-06-30,2008-06-30,2021-08-09,-896000000.0,28334000000.0,28377500000.0,5296000000.0,23038000000.0,0.451,12.928,-1413000000.0,86000000.0,86000000.0,9490000000.0,1029000000.0,1.014,3.31,10035000000.0,1754000000.0,8281000000.0,10035000000.0,0.0,797000000.0,0.0,0.027,1.23,2773000000.0,3570000000.0,0.279,3570000000.0,2773000000.0,2112000000.0,2.02,2.01,2.02,6574000000.0,7132500000.0,6574000000.0,32253635247.0,12.0,9.035,347000000.0,0.682,1.0,3315000000.0,0.259,62000000.0,661000000.0,33000000000.0,33681250000.0,1142000000.0,2851000000.0,110000000.0,2741000000.0,21760000000.0,5221000000.0,16539000000.0,23355635247.0,-49000000.0,275000000.0,15000000.0,-775000000.0,-626000000.0,-1378000000.0,-432000000.0,760000000.0,1760000000.0,1000000.0,1029000000.0,1029000000.0,1029000000.0,-51000000.0,0.0,0.08,779000000.0,2536000000.0,1342000000.0,0.609,3.553,22.697,22.738,13773000000.0,0.0,45.93,1.824,1.824,1950000000.0,3209000000.0,12805000000.0,12805000000.0,0.0,0.036,0.144,0.082,0.217,0.0,0.0,1.0,508505013.0,508491000,509487000.0,25.182,28272000000.0,0.0,1083000000.0,4611000000.0,55.6,75000000.0
53,PEG,MRT,2008-03-31,2008-03-31,2008-03-31,2021-08-09,-436000000.0,27968000000.0,28408500000.0,4721000000.0,23247000000.0,0.456,14.447,-1341000000.0,251000000.0,251000000.0,9236000000.0,1454000000.0,1.133,2.807,9149000000.0,735000000.0,8414000000.0,9149000000.0,0.0,799000000.0,0.0,0.03,1.2,3192000000.0,3991000000.0,0.308,3991000000.0,3192000000.0,2495000000.0,2.85,2.84,2.85,7346000000.0,7200750000.0,7346000000.0,29903880802.0,9.0,7.493,675000000.0,1.327,1.0,3726000000.0,0.287,59000000.0,697000000.0,32642000000.0,34267500000.0,686000000.0,3300000000.0,95000000.0,3205000000.0,20622000000.0,4165000000.0,16457000000.0,20434880802.0,-183000000.0,600000000.0,50000000.0,-1638000000.0,-610000000.0,-2180000000.0,-19000000.0,754000000.0,2016000000.0,0.0,1454000000.0,1454000000.0,1454000000.0,-29000000.0,0.0,0.112,779000000.0,2947000000.0,993000000.0,0.421,2.782,14.054,14.102,13450000000.0,0.0,40.19,1.577,1.577,2016000000.0,3523000000.0,12962000000.0,12962000000.0,0.0,0.051,0.202,0.093,0.246,0.0,0.0,1.0,508456850.0,508490000,510107000.0,25.491,27909000000.0,0.0,1041000000.0,5124000000.0,54.886,556000000.0
54,PEG,MRT,2007-12-31,2007-12-31,2007-12-31,2021-08-09,-216000000.0,28299000000.0,28508000000.0,4974000000.0,23325000000.0,0.445,14.381,-1293000000.0,380000000.0,380000000.0,9057000000.0,1335000000.0,1.164,2.877,9846000000.0,1188000000.0,8658000000.0,9846000000.0,0.0,802000000.0,0.0,0.024,1.17,3126000000.0,3928000000.0,0.31,3928000000.0,3126000000.0,2399000000.0,2.63,2.62,2.63,7299000000.0,7017750000.0,7299000000.0,35768726705.0,11.0,9.106,628000000.0,1.237,1.0,3620000000.0,0.286,51000000.0,727000000.0,33439000000.0,34841750000.0,1084000000.0,3335000000.0,114000000.0,3221000000.0,21000000000.0,4275000000.0,16725000000.0,24983726705.0,280000000.0,600000000.0,83000000.0,-1158000000.0,-594000000.0,-1650000000.0,9000000.0,720000000.0,1921000000.0,0.0,1335000000.0,1335000000.0,1335000000.0,-10000000.0,0.0,0.105,774000000.0,2846000000.0,1080000000.0,0.445,3.423,18.714,18.677,13196000000.0,0.0,49.12,1.971,1.967,1890000000.0,3261000000.0,12677000000.0,12677000000.0,0.0,0.047,0.19,0.09,0.247,0.0,0.0,1.0,508626358.0,507560000,508813000.0,24.976,28248000000.0,0.0,1064000000.0,5182000000.0,55.655,699000000.0
55,PEG,MRT,2007-09-30,2007-09-30,2007-09-30,2021-08-09,-127000000.0,28909000000.0,28571250000.0,4132000000.0,24777000000.0,0.42,14.376,-1182000000.0,421000000.0,421000000.0,8653000000.0,1063000000.0,1.154,2.954,11206000000.0,1226000000.0,9980000000.0,11206000000.0,0.0,811000000.0,0.0,0.026,1.162,2627000000.0,3438000000.0,0.286,3438000000.0,2627000000.0,1878000000.0,2.09,2.08,2.09,7311000000.0,6879750000.0,7311000000.0,33422390647.0,13.0,9.721,850000000.0,1.671,1.0,3358000000.0,0.28,469000000.0,749000000.0,35644000000.0,35478250000.0,1197000000.0,3956000000.0,80000000.0,3876000000.0,21598000000.0,3581000000.0,18017000000.0,22374390647.0,137000000.0,139000000.0,109000000.0,-640000000.0,-589000000.0,-1119000000.0,-779000000.0,285000000.0,2032000000.0,3000000.0,1063000000.0,1063000000.0,1063000000.0,405000000.0,0.0,0.089,520000000.0,2838000000.0,916000000.0,0.556,3.06,21.048,21.05,13507000000.0,0.0,43.995,1.863,1.863,1757000000.0,3186000000.0,12011000000.0,12011000000.0,0.0,0.037,0.155,0.074,0.219,0.0,0.0,1.0,508566670.0,508543000,509090000.0,23.618,28440000000.0,0.0,815000000.0,4893000000.0,55.924,551000000.0
56,PEG,MRT,2007-06-30,2007-06-30,2007-06-30,2021-08-09,-213000000.0,28458000000.0,28522500000.0,3897000000.0,24561000000.0,0.419,13.498,-1155000000.0,170000000.0,170000000.0,8780000000.0,931000000.0,1.054,3.156,11218000000.0,1355000000.0,9863000000.0,11218000000.0,0.0,831000000.0,0.0,0.026,1.155,2424000000.0,3255000000.0,0.272,3255000000.0,2424000000.0,1660000000.0,1.84,1.83,1.84,6847000000.0,6798250000.0,6847000000.0,33100691537.0,14.0,10.169,757000000.0,1.492,1.0,3181000000.0,0.266,462000000.0,764000000.0,35345000000.0,35681750000.0,982000000.0,3888000000.0,52000000.0,3836000000.0,21611000000.0,3699000000.0,17912000000.0,22253691537.0,42000000.0,138000000.0,117000000.0,-679000000.0,-584000000.0,-1138000000.0,-733000000.0,267000000.0,1912000000.0,1000000.0,931000000.0,931000000.0,931000000.0,419000000.0,0.0,0.078,527000000.0,2654000000.0,1022000000.0,0.628,3.25,23.903,23.853,13279000000.0,0.0,43.89,1.861,1.861,1848000000.0,2829000000.0,11961000000.0,11961000000.0,0.0,0.033,0.137,0.068,0.203,0.0,0.0,1.0,507033300.0,507261000,508067000.0,23.58,27996000000.0,0.0,729000000.0,4846000000.0,55.191,198000000.0
57,PEG,MRT,2007-03-31,2007-03-31,2007-03-31,2021-08-09,-272000000.0,28366000000.0,28472750000.0,3769000000.0,24597000000.0,0.414,13.077,-1044000000.0,483000000.0,483000000.0,8793000000.0,865000000.0,1.021,3.289,11330000000.0,1223000000.0,10107000000.0,11330000000.0,0.0,841000000.0,0.0,0.028,1.147,2214000000.0,3055000000.0,0.259,3055000000.0,2214000000.0,1435000000.0,1.715,1.705,1.715,6614000000.0,6719500000.0,6614000000.0,32449110483.0,15.0,10.622,920000000.0,1.819,1.0,3003000000.0,0.255,583000000.0,779000000.0,34939000000.0,35963750000.0,652000000.0,3824000000.0,46000000.0,3778000000.0,21752000000.0,3691000000.0,18061000000.0,20990110483.0,251000000.0,492000000.0,99000000.0,-983000000.0,-579000000.0,-1470000000.0,-243000000.0,273000000.0,1964000000.0,0.0,865000000.0,865000000.0,865000000.0,196000000.0,0.0,0.073,537000000.0,2466000000.0,1013000000.0,0.669,3.174,24.266,24.21,13133000000.0,0.0,41.52,1.779,1.78,2066000000.0,2702000000.0,11796000000.0,11796000000.0,0.0,0.03,0.129,0.062,0.188,0.0,0.0,1.0,505542160.0,505784000,506711000.0,23.322,27783000000.0,0.0,570000000.0,4819000000.0,54.931,78000000.0
58,PEG,MRT,2006-12-31,2006-12-31,2006-12-31,2021-08-09,-108000000.0,28552000000.0,28595250000.0,4777000000.0,23775000000.0,0.41,13.404,-1009000000.0,106000000.0,106000000.0,8937000000.0,739000000.0,1.286,3.232,11317000000.0,1217000000.0,10100000000.0,11317000000.0,0.0,850000000.0,0.0,0.034,1.14,1984000000.0,2834000000.0,0.241,2834000000.0,1984000000.0,1196000000.0,1.47,1.46,1.47,6747000000.0,6621250000.0,6747000000.0,28385258572.0,14.0,10.016,917000000.0,1.822,1.0,2798000000.0,0.238,62000000.0,788000000.0,35985000000.0,36332250000.0,1123000000.0,3947000000.0,79000000.0,3868000000.0,21805000000.0,3716000000.0,18089000000.0,16741258572.0,-153000000.0,494000000.0,83000000.0,-1317000000.0,-574000000.0,-1835000000.0,-243000000.0,269000000.0,1926000000.0,-1000000.0,739000000.0,739000000.0,739000000.0,206000000.0,0.0,0.063,808000000.0,1990000000.0,916000000.0,0.776,2.481,22.654,22.578,12418000000.0,0.0,33.19,1.427,1.424,1585000000.0,2710000000.0,11735000000.0,11735000000.0,0.0,0.026,0.112,0.055,0.169,0.0,0.0,1.0,504406706.0,503356000,504628000.0,23.314,28490000000.0,0.0,457000000.0,4587000000.0,56.6,1061000000.0
59,PEG,MRT,2006-09-30,2006-09-30,2006-09-30,2021-08-09,-33000000.0,28714000000.0,28912500000.0,3494000000.0,25220000000.0,0.422,13.873,-1042000000.0,292000000.0,292000000.0,9348000000.0,991000000.0,1.058,3.111,11936000000.0,1227000000.0,10709000000.0,11936000000.0,0.0,840000000.0,0.0,0.037,1.135,2267000000.0,3107000000.0,0.254,3107000000.0,2267000000.0,1518000000.0,1.985,1.975,1.985,6985000000.0,6440000000.0,6985000000.0,27263925536.0,12.0,8.775,437000000.0,0.868,1.0,2861000000.0,0.234,597000000.0,749000000.0,36458000000.0,36609250000.0,1164000000.0,3988000000.0,98000000.0,3890000000.0,21729000000.0,3303000000.0,18426000000.0,15402925536.0,-336000000.0,967000000.0,534000000.0,-1687000000.0,-570000000.0,-1754000000.0,-59000000.0,23000000.0,1479000000.0,-2000000.0,991000000.0,991000000.0,991000000.0,-239000000.0,0.0,0.081,782000000.0,2079000000.0,806000000.0,0.572,2.205,15.543,15.413,13684000000.0,0.0,30.595,1.262,1.262,1559000000.0,2901000000.0,12209000000.0,12209000000.0,0.0,0.034,0.154,0.062,0.186,0.0,0.0,1.0,503445842.0,503494000,504658000.0,24.249,28117000000.0,0.0,527000000.0,4758000000.0,55.844,191000000.0
60,PEG,MRT,2006-06-30,2006-06-30,2006-06-30,2021-08-09,-239000000.0,28259000000.0,29262750000.0,3347000000.0,24912000000.0,0.418,12.987,-1035000000.0,136000000.0,136000000.0,9593000000.0,870000000.0,1.095,3.326,11997000000.0,939000000.0,11058000000.0,11997000000.0,0.0,813000000.0,0.0,0.034,1.13,2109000000.0,2922000000.0,0.239,2922000000.0,2109000000.0,1351000000.0,1.775,1.75,1.775,6532000000.0,6070000000.0,6532000000.0,28717158778.0,14.0,9.828,149000000.0,0.296,1.0,2643000000.0,0.216,590000000.0,758000000.0,36473000000.0,37043750000.0,936000000.0,3933000000.0,75000000.0,3858000000.0,21727000000.0,3057000000.0,18670000000.0,16627158778.0,-172000000.0,1187000000.0,530000000.0,-1423000000.0,-560000000.0,-1493000000.0,136000000.0,155000000.0,1184000000.0,1000000.0,870000000.0,870000000.0,870000000.0,-221000000.0,0.0,0.071,758000000.0,1885000000.0,877000000.0,0.637,2.545,19.112,18.625,13571000000.0,0.0,33.06,1.359,1.359,1694000000.0,2671000000.0,12236000000.0,12236000000.0,0.0,0.03,0.143,0.057,0.172,0.0,0.0,1.0,502938862.0,502948000,504168000.0,24.329,27669000000.0,0.0,481000000.0,4543000000.0,55.014,290000000.0
61,PEG,MRT,2006-03-31,2006-03-31,2006-03-31,2021-08-09,-473000000.0,28856000000.0,29316250000.0,3801000000.0,25055000000.0,0.412,12.383,-1085000000.0,218000000.0,218000000.0,9549000000.0,579000000.0,0.965,3.638,12308000000.0,1195000000.0,11113000000.0,12308000000.0,0.0,782000000.0,0.0,0.035,1.125,1865000000.0,2647000000.0,0.219,2647000000.0,1865000000.0,1106000000.0,1.19,1.165,1.19,6221000000.0,5831250000.0,6221000000.0,28711851169.0,15.0,10.847,117000000.0,0.233,1.0,2522000000.0,0.209,595000000.0,759000000.0,36413000000.0,37243250000.0,675000000.0,4199000000.0,82000000.0,4117000000.0,22635000000.0,3938000000.0,18697000000.0,16084851169.0,-123000000.0,534000000.0,532000000.0,-797000000.0,-550000000.0,-853000000.0,-473000000.0,149000000.0,1202000000.0,1000000.0,579000000.0,579000000.0,579000000.0,169000000.0,0.0,0.048,731000000.0,1791000000.0,785000000.0,0.945,2.586,27.78,26.908,13411000000.0,0.0,32.02,1.333,1.333,2064000000.0,2605000000.0,12071000000.0,12071000000.0,0.0,0.02,0.099,0.05,0.155,0.0,0.0,1.0,502337638.0,502374000,504130000.0,24.028,28261000000.0,0.0,527000000.0,4585000000.0,56.255,-137000000.0
62,PEG,MRT,2005-12-31,2005-12-31,2005-12-31,2021-08-09,-609000000.0,29821000000.0,29323500000.0,5496000000.0,24325000000.0,0.404,12.53,-1042000000.0,288000000.0,288000000.0,9247000000.0,661000000.0,1.156,3.952,12915000000.0,1636000000.0,11279000000.0,12915000000.0,0.0,767000000.0,0.0,0.034,1.12,1976000000.0,2743000000.0,0.231,2743000000.0,1976000000.0,1210000000.0,1.38,1.35,1.38,6022000000.0,5710000000.0,6022000000.0,28907079377.0,15.0,10.538,-93000000.0,-0.194,1.0,2602000000.0,0.22,600000000.0,766000000.0,37093000000.0,37708000000.0,1081000000.0,4153000000.0,76000000.0,4077000000.0,23799000000.0,4755000000.0,19044000000.0,15547079377.0,8000000.0,533000000.0,533000000.0,-487000000.0,-541000000.0,-542000000.0,-400000000.0,146000000.0,949000000.0,1000000.0,661000000.0,661000000.0,661000000.0,159000000.0,0.0,0.056,714000000.0,1888000000.0,1154000000.0,0.812,2.582,23.521,23.54,12676000000.0,0.0,32.485,1.312,1.318,2330000000.0,2545000000.0,11849000000.0,11849000000.0,0.0,0.023,0.116,0.052,0.167,0.0,0.0,1.0,478592562.0,480594000,488812000.0,24.655,29221000000.0,0.0,549000000.0,4389000000.0,60.802,741000000.0
63,PEG,MRT,2005-09-30,2005-09-30,2005-09-30,2021-08-09,-588000000.0,30115000000.0,29183250000.0,4799000000.0,25316000000.0,0.387,11.515,-1092000000.0,608000000.0,608000000.0,8820000000.0,543000000.0,1.027,4.47,13968000000.0,1824000000.0,12144000000.0,13968000000.0,0.0,768000000.0,0.0,0.035,1.115,1770000000.0,2538000000.0,0.225,2538000000.0,1770000000.0,1017000000.0,1.14,1.115,1.14,5505000000.0,5640500000.0,5505000000.0,28840575823.0,16.0,11.364,162000000.0,0.339,1.0,2473000000.0,0.219,608000000.0,753000000.0,38196000000.0,37963000000.0,1076000000.0,4408000000.0,82000000.0,4326000000.0,24610000000.0,4671000000.0,19939000000.0,15383575823.0,294000000.0,383000000.0,75000000.0,36000000.0,-532000000.0,-505000000.0,-457000000.0,157000000.0,1254000000.0,2000000.0,543000000.0,543000000.0,543000000.0,231000000.0,0.0,0.048,720000000.0,1753000000.0,1089000000.0,0.978,2.794,28.331,28.228,13476000000.0,0.0,32.18,1.362,1.362,1991000000.0,2480000000.0,11293000000.0,11293000000.0,0.0,0.019,0.096,0.047,0.157,0.0,0.0,1.0,478047726.0,478068000,488572000.0,23.622,29507000000.0,0.0,474000000.0,4287000000.0,61.721,128000000.0
64,PEG,MRT,2005-06-30,2005-06-30,2005-06-30,2021-08-09,-391000000.0,28473000000.0,28770000000.0,3503000000.0,24970000000.0,0.373,11.68,-1135000000.0,294000000.0,294000000.0,8245000000.0,534000000.0,0.866,4.105,13751000000.0,1929000000.0,11822000000.0,13751000000.0,0.0,751000000.0,0.0,0.037,1.11,1754000000.0,2505000000.0,0.234,2505000000.0,1754000000.0,1002000000.0,1.125,1.115,1.125,5577000000.0,5657000000.0,5577000000.0,27812282964.0,16.0,11.103,201000000.0,0.421,1.0,2473000000.0,0.231,616000000.0,752000000.0,37271000000.0,37987500000.0,782000000.0,4271000000.0,37000000.0,4234000000.0,22896000000.0,4043000000.0,18853000000.0,14519282964.0,38000000.0,177000000.0,75000000.0,-26000000.0,-529000000.0,-531000000.0,-767000000.0,22000000.0,1336000000.0,0.0,534000000.0,534000000.0,534000000.0,223000000.0,0.0,0.05,706000000.0,1767000000.0,977000000.0,0.987,2.603,27.19,27.031,13272000000.0,0.0,30.41,1.355,1.355,1573000000.0,2361000000.0,10718000000.0,10718000000.0,0.0,0.019,0.094,0.046,0.164,0.0,0.0,1.0,477450936.0,477464000,486038000.0,22.448,27857000000.0,0.0,468000000.0,4316000000.0,58.344,-540000000.0
65,PEG,MRT,2005-03-31,2005-03-31,2005-03-31,2021-08-09,-435000000.0,28885000000.0,28503500000.0,3335000000.0,25550000000.0,0.373,12.035,-1196000000.0,332000000.0,332000000.0,8160000000.0,740000000.0,1.017,4.036,13625000000.0,898000000.0,12727000000.0,13625000000.0,0.0,739000000.0,0.0,0.041,1.105,1969000000.0,2708000000.0,0.255,2708000000.0,1969000000.0,1207000000.0,1.555,1.545,1.555,5736000000.0,5620250000.0,5736000000.0,26633876244.0,14.0,9.835,113000000.0,0.237,1.0,2466000000.0,0.232,626000000.0,762000000.0,38272000000.0,37904000000.0,490000000.0,4250000000.0,56000000.0,4194000000.0,23149000000.0,3280000000.0,19869000000.0,12963876244.0,-136000000.0,427000000.0,80000000.0,-212000000.0,-526000000.0,-713000000.0,-733000000.0,-24000000.0,1309000000.0,1000000.0,740000000.0,740000000.0,740000000.0,53000000.0,0.0,0.07,699000000.0,1767000000.0,932000000.0,0.711,2.26,17.519,17.489,13797000000.0,0.0,27.195,1.22,1.22,1934000000.0,2576000000.0,10626000000.0,10626000000.0,0.0,0.026,0.132,0.052,0.185,0.0,0.0,1.0,476700726.0,476628000,484380000.0,22.294,28259000000.0,0.0,467000000.0,4495000000.0,59.289,55000000.0
66,PEG,MRT,2004-12-31,2004-12-31,2004-12-31,2021-08-09,-272000000.0,29260000000.0,28211000000.0,4626000000.0,24634000000.0,0.376,12.119,-1234000000.0,263000000.0,263000000.0,8110000000.0,726000000.0,1.19,4.094,13627000000.0,1014000000.0,12613000000.0,13627000000.0,0.0,721000000.0,0.0,0.042,1.1,1984000000.0,2705000000.0,0.255,2705000000.0,1984000000.0,1210000000.0,1.53,1.525,1.53,5744000000.0,5561250000.0,5744000000.0,26088337298.0,13.0,9.644,371000000.0,0.783,1.0,2500000000.0,0.236,622000000.0,774000000.0,38113000000.0,37531750000.0,872000000.0,4222000000.0,41000000.0,4181000000.0,23516000000.0,3889000000.0,19627000000.0,12306337298.0,-179000000.0,428000000.0,83000000.0,-534000000.0,-522000000.0,-1029000000.0,-756000000.0,18000000.0,1605000000.0,1000000.0,726000000.0,726000000.0,726000000.0,69000000.0,0.0,0.068,683000000.0,1817000000.0,1349000000.0,0.719,2.142,16.951,16.918,12858000000.0,0.0,25.885,1.16,1.156,1930000000.0,2425000000.0,10610000000.0,10610000000.0,0.0,0.026,0.131,0.053,0.187,0.0,0.0,1.0,475423500.0,473968000,476572000.0,22.385,28638000000.0,0.0,484000000.0,4411000000.0,60.422,737000000.0
67,PEG,MRT,2004-09-30,2004-09-30,2004-09-30,2021-08-09,-469000000.0,28462000000.0,27917000000.0,3466000000.0,24996000000.0,0.387,11.74,-1231000000.0,316000000.0,316000000.0,8184000000.0,778000000.0,1.04,4.109,14098000000.0,1102000000.0,12996000000.0,14098000000.0,0.0,691000000.0,0.0,0.051,1.095,2134000000.0,2825000000.0,0.262,2825000000.0,2134000000.0,1286000000.0,1.63,1.625,1.63,5571000000.0,5507500000.0,5571000000.0,23329906282.0,11.0,8.258,689000000.0,1.452,1.0,2613000000.0,0.242,617000000.0,848000000.0,38294000000.0,37404250000.0,944000000.0,4507000000.0,162000000.0,4345000000.0,22891000000.0,3333000000.0,19558000000.0,10105906282.0,162000000.0,253000000.0,441000000.0,-435000000.0,-518000000.0,-698000000.0,-1062000000.0,-3000000.0,1920000000.0,2000000.0,778000000.0,778000000.0,778000000.0,39000000.0,0.0,0.072,685000000.0,1928000000.0,963000000.0,0.672,1.814,12.99,13.067,13487000000.0,0.0,21.3,0.936,0.936,1576000000.0,2469000000.0,10797000000.0,10797000000.0,0.0,0.028,0.141,0.057,0.198,0.0,0.0,1.0,474455694.0,474538000,475456000.0,22.753,27845000000.0,0.0,508000000.0,4302000000.0,58.678,133000000.0
68,PEG,MRT,2004-06-30,2004-06-30,2004-06-30,2021-08-09,-468000000.0,27407000000.0,27535500000.0,3253000000.0,24154000000.0,0.393,11.47,-1295000000.0,253000000.0,253000000.0,8332000000.0,741000000.0,1.053,4.047,13477000000.0,954000000.0,12523000000.0,13477000000.0,0.0,664000000.0,0.0,0.054,1.09,2037000000.0,2701000000.0,0.249,2701000000.0,2037000000.0,1189000000.0,1.575,1.565,1.575,5430000000.0,5326000000.0,5430000000.0,22352256279.0,11.0,8.276,449000000.0,0.948,1.0,2495000000.0,0.23,606000000.0,848000000.0,36937000000.0,37132000000.0,703000000.0,4534000000.0,0.0,4534000000.0,21977000000.0,3088000000.0,18889000000.0,9471256279.0,133000000.0,287000000.0,444000000.0,-218000000.0,-509000000.0,-522000000.0,-1090000000.0,-3000000.0,1744000000.0,1000000.0,741000000.0,741000000.0,741000000.0,32000000.0,0.0,0.068,658000000.0,1837000000.0,1055000000.0,0.692,1.744,12.782,12.708,12696000000.0,0.0,20.015,0.875,0.875,1641000000.0,2356000000.0,10827000000.0,10827000000.0,0.0,0.027,0.139,0.055,0.188,0.0,0.0,1.0,473207908.0,473410000,476002000.0,22.87,26801000000.0,0.0,448000000.0,4223000000.0,56.613,165000000.0
69,PEG,MRT,2004-03-31,2004-03-31,2004-03-31,2021-08-09,-383000000.0,27715000000.0,27326250000.0,3415000000.0,24300000000.0,0.4,11.643,-1297000000.0,470000000.0,470000000.0,8436000000.0,750000000.0,1.062,4.039,13351000000.0,746000000.0,12605000000.0,13351000000.0,0.0,599000000.0,0.0,0.046,1.085,2063000000.0,2662000000.0,0.243,2662000000.0,2063000000.0,1213000000.0,1.61,1.6,1.61,5500000000.0,5134000000.0,5500000000.0,24519723293.0,12.0,9.211,509000000.0,1.078,1.0,2507000000.0,0.229,596000000.0,850000000.0,36783000000.0,36571750000.0,432000000.0,4747000000.0,0.0,4747000000.0,22215000000.0,3217000000.0,18998000000.0,11095723293.0,250000000.0,15000000.0,441000000.0,117000000.0,-501000000.0,-210000000.0,-1347000000.0,41000000.0,1806000000.0,1000000.0,750000000.0,750000000.0,750000000.0,34000000.0,0.0,0.069,589000000.0,1918000000.0,1083000000.0,0.674,2.017,14.794,14.59,12502000000.0,0.0,23.49,1.014,1.014,1915000000.0,2362000000.0,10943000000.0,10943000000.0,0.0,0.027,0.146,0.056,0.189,0.0,0.0,1.0,472359442.0,472386000,477704000.0,23.165,27119000000.0,0.0,463000000.0,4309000000.0,57.409,198000000.0
70,PEG,MRT,2003-12-31,2003-12-31,2003-12-31,2021-08-09,-201000000.0,28084000000.0,26938250000.0,3665000000.0,24419000000.0,0.409,12.113,-1377000000.0,452000000.0,452000000.0,8535000000.0,1160000000.0,1.086,4.079,13972000000.0,1027000000.0,12945000000.0,13972000000.0,0.0,526000000.0,0.0,0.049,1.08,2454000000.0,2980000000.0,0.271,2980000000.0,2454000000.0,1629000000.0,2.54,2.535,2.54,5529000000.0,4905250000.0,5529000000.0,24618017680.0,10.0,8.261,117000000.0,0.256,1.0,2471000000.0,0.225,625000000.0,825000000.0,37603000000.0,35805250000.0,754000000.0,4847000000.0,37000000.0,4810000000.0,22555000000.0,3376000000.0,19179000000.0,10300017680.0,297000000.0,-7000000.0,441000000.0,595000000.0,-493000000.0,302000000.0,-1501000000.0,-3000000.0,1494000000.0,2000000.0,1160000000.0,1160000000.0,1160000000.0,47000000.0,0.0,0.105,516000000.0,1955000000.0,1202000000.0,0.425,1.863,8.879,8.622,12415000000.0,0.0,21.9,0.936,0.908,1812000000.0,2221000000.0,11006000000.0,11006000000.0,0.0,0.043,0.236,0.069,0.223,0.0,0.0,1.0,470320442.0,456444000,457648000.0,24.112,27459000000.0,0.0,469000000.0,4229000000.0,60.159,289000000.0
71,PEG,MRT,2003-09-30,2003-09-30,2003-09-30,2021-08-09,-543000000.0,26936000000.0,26451000000.0,3016000000.0,23920000000.0,0.418,10.699,-1347000000.0,271000000.0,271000000.0,8454000000.0,1256000000.0,0.887,4.56,14589000000.0,1723000000.0,12866000000.0,14589000000.0,0.0,491000000.0,0.0,0.051,1.08,2581000000.0,3072000000.0,0.278,3072000000.0,2581000000.0,1767000000.0,2.83,2.82,2.83,4845000000.0,4494250000.0,4845000000.0,22151449616.0,9.0,7.211,-143000000.0,-0.316,1.0,2603000000.0,0.235,647000000.0,814000000.0,37205000000.0,35157750000.0,838000000.0,4773000000.0,0.0,4773000000.0,22091000000.0,3402000000.0,18689000000.0,9507449616.0,1000000.0,72000000.0,542000000.0,75000000.0,-488000000.0,223000000.0,-1415000000.0,0.0,1204000000.0,-11000000.0,1256000000.0,1256000000.0,1256000000.0,27000000.0,0.0,0.114,491000000.0,2112000000.0,903000000.0,0.382,1.962,7.57,7.42,12352000000.0,0.0,21.0,0.86,0.86,1448000000.0,2256000000.0,11057000000.0,11057000000.0,0.0,0.047,0.279,0.073,0.233,0.0,0.0,1.0,452735696.0,452828000,455186000.0,24.418,26289000000.0,0.0,511000000.0,3818000000.0,58.055,-386000000.0
72,PEG,MRT,2003-06-30,2003-06-30,2003-06-30,2021-08-09,-617000000.0,26570000000.0,26205500000.0,2969000000.0,23601000000.0,0.404,10.318,-1392000000.0,187000000.0,187000000.0,7980000000.0,1253000000.0,0.767,4.699,12831000000.0,1803000000.0,11028000000.0,12831000000.0,0.0,496000000.0,0.0,0.051,1.08,2593000000.0,3089000000.0,0.292,3089000000.0,2593000000.0,1771000000.0,2.865,2.86,2.865,4662000000.0,4201000000.0,4662000000.0,21672729130.0,8.0,7.016,-111000000.0,-0.246,1.0,2612000000.0,0.247,648000000.0,822000000.0,34696000000.0,34225500000.0,642000000.0,4687000000.0,0.0,4687000000.0,21908000000.0,3870000000.0,18038000000.0,9543729130.0,-132000000.0,-33000000.0,542000000.0,-691000000.0,-477000000.0,-37000000.0,-1365000000.0,0.0,1281000000.0,-11000000.0,1253000000.0,1253000000.0,1253000000.0,29000000.0,0.0,0.118,496000000.0,2116000000.0,1117000000.0,0.377,2.047,7.617,7.373,12136000000.0,0.0,21.125,0.901,0.901,1548000000.0,2160000000.0,10592000000.0,10592000000.0,0.0,0.048,0.298,0.076,0.245,0.0,0.0,1.0,451774160.0,451820000,453164000.0,23.443,25922000000.0,0.0,518000000.0,3598000000.0,57.372,-901000000.0
73,PEG,MRT,2003-03-31,2003-03-31,2003-03-31,2021-08-09,-670000000.0,26163000000.0,25899500000.0,3177000000.0,22986000000.0,0.371,10.173,-1544000000.0,244000000.0,244000000.0,6996000000.0,856000000.0,0.807,4.706,12373000000.0,1499000000.0,10874000000.0,12373000000.0,0.0,533000000.0,0.0,0.059,1.08,1982000000.0,2515000000.0,0.262,2515000000.0,1982000000.0,1182000000.0,1.93,1.925,1.93,4585000000.0,3959500000.0,4585000000.0,20572219085.0,10.0,8.18,-16000000.0,-0.036,1.0,2610000000.0,0.272,640000000.0,800000000.0,33717000000.0,33801500000.0,430000000.0,4613000000.0,0.0,4613000000.0,21578000000.0,3935000000.0,17643000000.0,8267219085.0,41000000.0,-124000000.0,541000000.0,-560000000.0,-467000000.0,134000000.0,-1612000000.0,0.0,1528000000.0,-9000000.0,856000000.0,856000000.0,856000000.0,61000000.0,0.0,0.089,533000000.0,2077000000.0,1313000000.0,0.56,1.803,9.658,9.505,11692000000.0,0.0,18.345,0.861,0.861,2073000000.0,2158000000.0,9606000000.0,9606000000.0,0.0,0.033,0.216,0.059,0.206,0.0,0.0,1.0,450652444.0,450684000,451428000.0,21.314,25523000000.0,0.0,326000000.0,3548000000.0,56.632,-758000000.0
74,PEG,MRT,2002-12-31,2002-12-31,2002-12-31,2021-08-09,-739000000.0,26135000000.0,25615750000.0,3289000000.0,22846000000.0,0.321,9.31,-1620000000.0,171000000.0,171000000.0,5740000000.0,235000000.0,0.817,5.727,13728000000.0,1490000000.0,12238000000.0,13728000000.0,0.0,565000000.0,0.0,0.067,1.08,1308000000.0,1873000000.0,0.228,1873000000.0,1308000000.0,489000000.0,0.565,0.565,0.565,3885000000.0,3822750000.0,3885000000.0,19534764891.0,15.0,10.43,-385000000.0,-0.923,1.0,2480000000.0,0.302,652000000.0,819000000.0,35013000000.0,33596750000.0,616000000.0,4468000000.0,0.0,4468000000.0,22250000000.0,4027000000.0,18223000000.0,6654764891.0,-18000000.0,-110000000.0,536000000.0,-207000000.0,-456000000.0,496000000.0,-1736000000.0,0.0,1235000000.0,-13000000.0,235000000.0,235000000.0,235000000.0,49000000.0,0.0,0.029,565000000.0,1915000000.0,1137000000.0,1.912,1.713,28.318,28.407,11640000000.0,0.0,16.05,0.81,0.815,1679000000.0,1554000000.0,8220000000.0,8220000000.0,0.0,0.009,0.061,0.039,0.159,0.0,0.0,1.0,414627096.0,417294000,417626000.0,19.698,25483000000.0,0.0,254000000.0,3132000000.0,61.067,-738000000.0
75,PEG,MRT,2002-09-30,2002-09-30,2002-09-30,2021-08-09,-414000000.0,25954000000.0,25371000000.0,3411000000.0,22543000000.0,0.283,8.881,-1657000000.0,161000000.0,161000000.0,4963000000.0,188000000.0,0.697,6.068,13041000000.0,2399000000.0,10642000000.0,13041000000.0,0.0,556000000.0,0.0,0.089,1.35,1228000000.0,1784000000.0,0.249,1784000000.0,1228000000.0,388000000.0,0.455,0.455,0.455,3672000000.0,3885750000.0,3672000000.0,19458365396.0,16.0,10.907,-579000000.0,-1.4,1.0,2215000000.0,0.309,464000000.0,840000000.0,33476000000.0,32972000000.0,673000000.0,5034000000.0,108000000.0,4926000000.0,22282000000.0,4894000000.0,17388000000.0,6302365396.0,-218000000.0,-339000000.0,-34000000.0,607000000.0,-445000000.0,756000000.0,-2051000000.0,0.0,1078000000.0,-1000000.0,188000000.0,188000000.0,188000000.0,36000000.0,0.0,0.026,556000000.0,1659000000.0,731000000.0,2.967,1.716,33.523,33.516,10595000000.0,0.0,15.25,0.878,0.878,1181000000.0,1477000000.0,7178000000.0,7178000000.0,0.0,0.007,0.048,0.037,0.171,0.0,0.0,1.0,413269862.0,413446000,413564000.0,17.361,25490000000.0,0.0,200000000.0,3181000000.0,61.653,-1483000000.0
76,PEG,MRT,2002-06-30,2002-06-30,2002-06-30,2021-08-09,-340000000.0,25346000000.0,25099750000.0,3226000000.0,22120000000.0,0.258,8.96,-1906000000.0,259000000.0,259000000.0,4351000000.0,156000000.0,0.641,5.858,13415000000.0,3074000000.0,10341000000.0,13415000000.0,0.0,534000000.0,0.0,0.062,1.35,1098000000.0,1632000000.0,0.252,1632000000.0,1098000000.0,281000000.0,0.37,0.37,0.37,3696000000.0,3996500000.0,3696000000.0,21807705784.0,20.0,13.363,-972000000.0,-2.356,1.0,2129000000.0,0.329,468000000.0,817000000.0,33000000000.0,32722750000.0,551000000.0,5009000000.0,164000000.0,4845000000.0,21650000000.0,5034000000.0,16616000000.0,8929705784.0,-173000000.0,-1376000000.0,-55000000.0,1930000000.0,-446000000.0,1566000000.0,-2671000000.0,640000000.0,934000000.0,-2000000.0,156000000.0,156000000.0,156000000.0,36000000.0,0.0,0.024,540000000.0,1589000000.0,536000000.0,3.649,2.416,57.242,58.514,10289000000.0,0.0,21.65,1.378,1.378,1005000000.0,1384000000.0,6480000000.0,6480000000.0,0.0,0.006,0.039,0.034,0.169,0.0,0.0,1.0,412457542.0,412492000,413854000.0,15.709,24878000000.0,0.0,125000000.0,3169000000.0,60.311,-1808000000.0
77,PEG,MRT,2002-03-31,2002-03-31,2002-03-31,2021-08-09,-355000000.0,25028000000.0,24681250000.0,3025000000.0,22003000000.0,0.288,9.785,-2064000000.0,188000000.0,188000000.0,4932000000.0,563000000.0,0.668,5.198,13066000000.0,2888000000.0,10178000000.0,13066000000.0,0.0,518000000.0,0.0,0.059,1.35,1688000000.0,2206000000.0,0.31,2206000000.0,1688000000.0,893000000.0,1.37,1.35,1.37,4038000000.0,4098000000.0,4038000000.0,22097427024.0,13.0,10.017,-985000000.0,-2.387,1.0,2180000000.0,0.307,478000000.0,795000000.0,32898000000.0,32160750000.0,432000000.0,4918000000.0,142000000.0,4776000000.0,20990000000.0,4530000000.0,16460000000.0,9427427024.0,-19000000.0,-1289000000.0,-75000000.0,3229000000.0,-447000000.0,2440000000.0,-3534000000.0,58000000.0,1079000000.0,-4000000.0,563000000.0,563000000.0,563000000.0,7000000.0,0.0,0.079,528000000.0,1652000000.0,546000000.0,0.985,2.335,16.745,16.715,10213000000.0,0.0,22.9,1.326,1.329,1384000000.0,1761000000.0,7112000000.0,7112000000.0,0.0,0.023,0.137,0.052,0.237,0.0,0.0,1.0,411678036.0,412680000,412680000.0,17.234,24550000000.0,0.0,330000000.0,3443000000.0,59.489,-1505000000.0
78,PEG,MRT,2001-12-31,2001-12-31,2001-12-31,2021-08-09,-290000000.0,25156000000.0,23847750000.0,3289000000.0,21867000000.0,0.289,9.957,-2029000000.0,179000000.0,179000000.0,4651000000.0,764000000.0,0.723,5.081,12715000000.0,2523000000.0,10192000000.0,12715000000.0,0.0,495000000.0,0.0,0.064,1.35,1913000000.0,2408000000.0,0.35,2408000000.0,1913000000.0,1137000000.0,1.835,1.835,1.835,4137000000.0,4119250000.0,4137000000.0,20718214906.0,11.0,8.604,-860000000.0,-2.07,1.0,2232000000.0,0.324,632000000.0,776000000.0,32514000000.0,30946000000.0,681000000.0,4768000000.0,0.0,4768000000.0,21019000000.0,4546000000.0,16473000000.0,8753214906.0,71000000.0,-1283000000.0,-91000000.0,3441000000.0,-448000000.0,2389000000.0,-3487000000.0,0.0,1169000000.0,0.0,764000000.0,764000000.0,764000000.0,12000000.0,0.0,0.111,495000000.0,1737000000.0,871000000.0,0.736,2.116,11.457,11.496,9911000000.0,0.0,21.095,1.272,1.273,1283000000.0,1809000000.0,6883000000.0,6883000000.0,0.0,0.032,0.185,0.062,0.278,0.0,0.0,1.0,414942636.0,415474000,416452000.0,16.567,24524000000.0,0.0,373000000.0,3448000000.0,59.027,-1257000000.0
79,PEG,MRT,2001-09-30,2001-09-30,2001-09-30,2021-08-09,-322000000.0,24869000000.0,22940250000.0,3531000000.0,21338000000.0,0.268,9.868,-1919000000.0,377000000.0,377000000.0,3749000000.0,786000000.0,0.811,5.043,12342000000.0,2199000000.0,10143000000.0,12342000000.0,0.0,457000000.0,0.0,0.051,1.08,1876000000.0,2333000000.0,0.379,2333000000.0,1876000000.0,1205000000.0,1.885,1.865,1.885,4115000000.0,4084000000.0,4115000000.0,19762434581.0,11.0,8.471,-708000000.0,-1.698,1.0,2406000000.0,0.391,0.0,671000000.0,32479000000.0,28938000000.0,704000000.0,4896000000.0,0.0,4896000000.0,20754000000.0,4355000000.0,16399000000.0,8853434581.0,250000000.0,-1827000000.0,-226000000.0,3799000000.0,-453000000.0,2403000000.0,-3363000000.0,536000000.0,1211000000.0,-1000000.0,786000000.0,786000000.0,786000000.0,23000000.0,0.0,0.128,467000000.0,1939000000.0,778000000.0,0.573,2.152,11.264,11.286,9619000000.0,0.0,21.275,1.438,1.441,1258000000.0,1728000000.0,6155000000.0,6155000000.0,0.0,0.034,0.192,0.065,0.305,0.0,0.0,1.0,416142636.0,416992000,416992000.0,14.76,24869000000.0,0.0,419000000.0,3283000000.0,59.639,-824000000.0
80,PEG,MRT,2001-06-30,2001-06-30,2001-06-30,2021-08-09,-277000000.0,23672000000.0,21650000000.0,3172000000.0,20500000000.0,0.312,9.827,-1477000000.0,487000000.0,487000000.0,4437000000.0,756000000.0,0.828,4.771,11396000000.0,1815000000.0,9581000000.0,11396000000.0,0.0,401000000.0,0.0,0.044,1.08,1837000000.0,2238000000.0,0.332,2238000000.0,1837000000.0,1210000000.0,1.805,1.785,1.805,4102000000.0,4090750000.0,4102000000.0,19471797450.0,11.0,8.701,-212000000.0,-0.508,1.0,2309000000.0,0.342,0.0,627000000.0,30752000000.0,26635000000.0,587000000.0,5141000000.0,0.0,5141000000.0,19570000000.0,3829000000.0,15741000000.0,10169797450.0,286000000.0,-732000000.0,-226000000.0,3481000000.0,-455000000.0,2112000000.0,-3091000000.0,-572000000.0,1265000000.0,0.0,756000000.0,756000000.0,756000000.0,20000000.0,0.0,0.112,405000000.0,1904000000.0,969000000.0,0.598,2.479,13.452,13.546,8853000000.0,0.0,24.45,1.508,1.513,1415000000.0,1671000000.0,6746000000.0,6746000000.0,0.0,0.035,0.185,0.069,0.272,0.0,0.0,1.0,415942636.0,417402000,417402000.0,16.162,23672000000.0,0.0,454000000.0,3238000000.0,56.713,-657000000.0
81,PEG,MRT,2001-03-31,2001-03-31,2001-03-31,2021-08-09,-226000000.0,21694000000.0,20640000000.0,2443000000.0,19251000000.0,0.332,9.893,-1022000000.0,198000000.0,198000000.0,4604000000.0,755000000.0,0.826,4.262,9500000000.0,1206000000.0,8294000000.0,9500000000.0,0.0,368000000.0,0.0,0.05,1.08,1819000000.0,2187000000.0,0.319,2187000000.0,1819000000.0,1221000000.0,1.775,1.775,1.775,4123000000.0,4096000000.0,4123000000.0,17723042085.0,10.0,8.104,-161000000.0,-0.386,1.0,2254000000.0,0.329,0.0,598000000.0,28039000000.0,24545500000.0,424000000.0,4721000000.0,0.0,4721000000.0,17571000000.0,2957000000.0,14614000000.0,8976042085.0,71000000.0,-732000000.0,-298000000.0,2072000000.0,-459000000.0,1036000000.0,-1826000000.0,4000000.0,861000000.0,0.0,755000000.0,755000000.0,755000000.0,12000000.0,0.0,0.11,368000000.0,1886000000.0,796000000.0,0.608,2.177,11.889,12.158,8068000000.0,0.0,21.58,1.309,1.311,1480000000.0,1641000000.0,6858000000.0,6858000000.0,0.0,0.037,0.184,0.074,0.265,0.0,0.0,1.0,415942636.0,416780000,416780000.0,16.455,21694000000.0,0.0,466000000.0,3318000000.0,52.051,-514000000.0
82,PEG,MRT,2000-12-31,2000-12-31,2000-12-31,2021-08-09,-206000000.0,21526000000.0,19958500000.0,3139000000.0,18387000000.0,0.327,9.288,-815000000.0,103000000.0,103000000.0,4264000000.0,764000000.0,0.55,4.387,8849000000.0,3552000000.0,5297000000.0,8849000000.0,0.0,350000000.0,0.0,0.044,1.08,1831000000.0,2181000000.0,0.334,2181000000.0,1831000000.0,1260000000.0,1.775,1.775,1.775,3996000000.0,4109500000.0,3996000000.0,18460588970.0,10.0,8.464,375000000.0,0.872,1.0,2257000000.0,0.346,78000000.0,571000000.0,24482000000.0,23116750000.0,586000000.0,4545000000.0,0.0,4545000000.0,17530000000.0,5712000000.0,11818000000.0,10426588970.0,-163000000.0,-732000000.0,-298000000.0,1077000000.0,-464000000.0,278000000.0,-1631000000.0,0.0,1190000000.0,0.0,764000000.0,764000000.0,764000000.0,12000000.0,0.0,0.117,350000000.0,1907000000.0,1001000000.0,0.608,2.609,13.647,13.699,7681000000.0,0.0,24.315,1.599,1.604,1522000000.0,1493000000.0,6521000000.0,6521000000.0,0.0,0.038,0.186,0.079,0.281,0.0,0.0,1.0,428813036.0,430242000,430242000.0,15.157,21448000000.0,0.0,496000000.0,3107000000.0,49.851,-2573000000.0
83,PEG,MRT,2000-09-30,2000-09-30,2000-09-30,2021-08-09,-191000000.0,19708000000.0,19330750000.0,1825000000.0,17883000000.0,0.535,9.649,-876000000.0,115000000.0,115000000.0,8097000000.0,687000000.0,0.408,3.758,8149000000.0,3443000000.0,4706000000.0,8149000000.0,0.0,392000000.0,0.0,0.048,1.08,1746000000.0,2138000000.0,0.207,2138000000.0,1746000000.0,1189000000.0,1.585,1.585,1.585,4142000000.0,4109500000.0,4142000000.0,17015115420.0,10.0,7.958,526000000.0,1.225,1.0,2242000000.0,0.217,0.0,557000000.0,23267000000.0,22546000000.0,432000000.0,4489000000.0,0.0,4489000000.0,15566000000.0,4475000000.0,11091000000.0,9586115420.0,32000000.0,-49000000.0,-163000000.0,1057000000.0,-465000000.0,438000000.0,-1808000000.0,-817000000.0,1402000000.0,0.0,687000000.0,687000000.0,687000000.0,0.0,0.0,0.066,392000000.0,1850000000.0,613000000.0,0.681,2.314,13.954,14.104,7316000000.0,0.0,22.355,0.927,0.928,1025000000.0,1398000000.0,10339000000.0,10339000000.0,0.0,0.036,0.167,0.077,0.169,0.0,0.0,1.0,428813036.0,429246000,429246000.0,24.086,19708000000.0,0.0,502000000.0,3045000000.0,45.913,-2650000000.0
84,PEG,MRT,2000-06-30,2000-06-30,2000-06-30,2021-08-09,-183000000.0,19632000000.0,19051250000.0,2341000000.0,17291000000.0,0.511,9.571,-760000000.0,133000000.0,133000000.0,7353000000.0,752000000.0,0.502,3.762,7562000000.0,3145000000.0,4417000000.0,7562000000.0,0.0,424000000.0,0.0,0.062,1.08,1864000000.0,2288000000.0,0.235,2288000000.0,1864000000.0,1329000000.0,1.73,1.73,1.73,4123000000.0,4088750000.0,4123000000.0,14447358101.0,8.0,6.314,761000000.0,1.767,1.0,2385000000.0,0.245,0.0,535000000.0,22394000000.0,22220250000.0,443000000.0,3957000000.0,0.0,3957000000.0,15509000000.0,4667000000.0,10842000000.0,7492358101.0,57000000.0,-49000000.0,-172000000.0,559000000.0,-470000000.0,-72000000.0,-1392000000.0,-565000000.0,1521000000.0,0.0,752000000.0,752000000.0,752000000.0,0.0,0.0,0.077,424000000.0,1961000000.0,1077000000.0,0.624,1.817,9.963,10.009,7217000000.0,0.0,17.315,0.769,0.766,1294000000.0,1371000000.0,9738000000.0,9738000000.0,0.0,0.039,0.184,0.084,0.191,0.0,0.0,1.0,432709102.0,430788000,430788000.0,22.605,19632000000.0,0.0,577000000.0,3044000000.0,45.572,-2326000000.0
85,PEG,MRT,2000-03-31,2000-03-31,2000-03-31,2021-08-09,-175000000.0,18968000000.0,18760000000.0,1848000000.0,17120000000.0,0.481,9.649,-652000000.0,121000000.0,121000000.0,6550000000.0,1000000.0,0.513,3.541,7076000000.0,2175000000.0,4901000000.0,7076000000.0,0.0,453000000.0,0.0,0.073,1.08,1117000000.0,1570000000.0,0.174,1570000000.0,1117000000.0,602000000.0,0.015,0.015,0.015,4177000000.0,4061000000.0,4177000000.0,13773442169.0,12.0,8.773,930000000.0,2.148,1.0,2465000000.0,0.273,0.0,515000000.0,22324000000.0,22127750000.0,304000000.0,3960000000.0,0.0,3960000000.0,14791000000.0,3599000000.0,11192000000.0,6412442169.0,53000000.0,-49000000.0,-165000000.0,1043000000.0,-471000000.0,418000000.0,-1947000000.0,-1187000000.0,1582000000.0,0.0,1000000.0,1000000.0,1000000.0,0.0,0.0,0.0,460000000.0,2005000000.0,802000000.0,72.0,1.535,6412.442,987.667,7131000000.0,0.0,14.815,0.711,0.711,1323000000.0,1345000000.0,9015000000.0,9015000000.0,0.0,0.0,0.0,0.05,0.124,0.0,0.0,1.0,432834436.0,432874000,432874000.0,20.826,18968000000.0,0.0,601000000.0,3216000000.0,43.819,-1751000000.0
86,PEG,MRT,1999-12-31,1999-12-31,1999-12-31,2021-08-09,-204000000.0,19015000000.0,18430500000.0,2043000000.0,16972000000.0,0.452,9.09,-582000000.0,259000000.0,259000000.0,5928000000.0,-81000000.0,0.489,3.759,7620000000.0,3045000000.0,4575000000.0,7620000000.0,0.0,536000000.0,0.0,0.062,1.08,972000000.0,1508000000.0,0.181,1508000000.0,972000000.0,482000000.0,-0.185,-0.185,-0.185,3996000000.0,4218250000.0,3996000000.0,14593163780.0,15.0,9.677,846000000.0,1.924,1.0,2399000000.0,0.288,0.0,490000000.0,22199000000.0,22147250000.0,441000000.0,3848000000.0,0.0,3848000000.0,15019000000.0,4177000000.0,10842000000.0,7609163780.0,120000000.0,-49000000.0,-400000000.0,1383000000.0,-474000000.0,520000000.0,-1828000000.0,-1127000000.0,1428000000.0,0.0,-81000000.0,-81000000.0,-81000000.0,0.0,0.0,-0.01,536000000.0,1863000000.0,738000000.0,-5.838,1.904,-93.94,-94.081,7066000000.0,0.0,17.405,0.914,0.919,1218000000.0,1193000000.0,8327000000.0,8327000000.0,0.0,-0.004,-0.019,0.044,0.117,0.0,0.0,1.0,437182636.0,439628000,439628000.0,18.941,19015000000.0,0.0,563000000.0,2928000000.0,43.252,-2134000000.0
87,PEG,MRT,1999-09-30,1999-09-30,1999-09-30,2021-08-09,-206000000.0,18590000000.0,18174500000.0,1950000000.0,16640000000.0,0.351,9.258,-452000000.0,84000000.0,84000000.0,4030000000.0,-63000000.0,0.54,3.58,7068000000.0,2357000000.0,4711000000.0,7068000000.0,0.0,585000000.0,0.0,0.056,1.08,902000000.0,1487000000.0,0.233,1487000000.0,902000000.0,421000000.0,-0.155,-0.155,-0.155,4059000000.0,4493750000.0,4059000000.0,15421516168.0,17.0,10.371,1023000000.0,2.333,1.0,2357000000.0,0.369,0.0,481000000.0,21964000000.0,22005500000.0,485000000.0,3689000000.0,0.0,3689000000.0,14531000000.0,3610000000.0,10921000000.0,8469516168.0,5000000.0,0.0,-425000000.0,887000000.0,-480000000.0,-26000000.0,-1444000000.0,-946000000.0,1475000000.0,0.0,-63000000.0,-63000000.0,-63000000.0,0.0,0.0,-0.01,592000000.0,1765000000.0,826000000.0,-6.968,2.087,-134.437,-124.613,6953000000.0,0.0,19.315,1.326,1.326,1168000000.0,1177000000.0,6387000000.0,6387000000.0,0.0,-0.003,-0.014,0.041,0.141,0.0,0.0,1.0,438494236.0,438450000,438450000.0,14.567,18590000000.0,0.0,484000000.0,2958000000.0,42.399,-1660000000.0
88,PEG,MRT,1999-06-30,1999-06-30,1999-06-30,2021-08-09,-173000000.0,18467000000.0,18016250000.0,2012000000.0,16455000000.0,0.345,9.136,-512000000.0,77000000.0,77000000.0,3876000000.0,-90000000.0,0.593,3.603,7029000000.0,2139000000.0,4890000000.0,7029000000.0,0.0,625000000.0,0.0,0.053,1.08,846000000.0,1471000000.0,0.236,1471000000.0,846000000.0,377000000.0,-0.24,-0.24,-0.24,4012000000.0,4777750000.0,4012000000.0,15987366356.0,19.0,10.868,1049000000.0,2.389,1.0,2344000000.0,0.377,0.0,469000000.0,22024000000.0,22118000000.0,403000000.0,3475000000.0,0.0,3475000000.0,14455000000.0,3395000000.0,11060000000.0,8960366356.0,-39000000.0,0.0,-507000000.0,611000000.0,-486000000.0,-273000000.0,-1327000000.0,-707000000.0,1561000000.0,0.0,-90000000.0,-90000000.0,-90000000.0,0.0,0.0,-0.014,632000000.0,1712000000.0,789000000.0,-4.5,2.233,-99.56,-85.021,6839000000.0,0.0,20.405,1.441,1.441,1203000000.0,1089000000.0,6220000000.0,6220000000.0,0.0,-0.005,-0.019,0.038,0.136,0.0,0.0,1.0,439126016.0,439142000,439142000.0,14.164,18467000000.0,296000000.0,467000000.0,2961000000.0,42.052,-1383000000.0
89,PEG,MRT,1999-03-31,1999-03-31,1999-03-31,2021-08-09,-171000000.0,17650000000.0,17891250000.0,1543000000.0,16107000000.0,0.344,10.79,-529000000.0,69000000.0,69000000.0,3810000000.0,641000000.0,0.678,2.672,7096000000.0,1096000000.0,6000000000.0,7096000000.0,0.0,676000000.0,0.0,0.057,1.08,1544000000.0,2220000000.0,0.361,2220000000.0,1544000000.0,1076000000.0,1.41,1.41,1.41,4806000000.0,5087500000.0,4806000000.0,15706571784.0,10.0,7.075,997000000.0,2.238,1.0,2336000000.0,0.38,0.0,468000000.0,22402000000.0,22228500000.0,380000000.0,2946000000.0,0.0,2946000000.0,12844000000.0,2275000000.0,10569000000.0,8521571784.0,-9000000.0,0.0,-442000000.0,-92000000.0,-494000000.0,-769000000.0,-766000000.0,-139000000.0,1526000000.0,0.0,641000000.0,641000000.0,641000000.0,0.0,0.0,0.104,720000000.0,1616000000.0,504000000.0,0.766,1.773,13.294,13.543,10752000000.0,0.0,19.095,1.387,1.384,1070000000.0,1816000000.0,6146000000.0,6146000000.0,0.0,0.036,0.126,0.069,0.251,0.0,0.0,1.0,446272416.0,445406000,445406000.0,13.799,17650000000.0,690000000.0,435000000.0,3891000000.0,39.627,-732000000.0
90,PEG,MRT,1998-12-31,1998-12-31,1998-12-31,2021-08-09,-46000000.0,17991000000.0,17919750000.0,1661000000.0,16330000000.0,0.335,11.036,-531000000.0,139000000.0,139000000.0,3746000000.0,644000000.0,0.676,2.529,6237000000.0,1474000000.0,4763000000.0,6237000000.0,0.0,660000000.0,0.0,0.054,1.08,1542000000.0,2202000000.0,0.366,2202000000.0,1542000000.0,1072000000.0,1.395,1.395,1.395,5098000000.0,5201250000.0,5098000000.0,16281100320.0,11.0,7.394,968000000.0,2.095,1.0,2264000000.0,0.377,0.0,470000000.0,21632000000.0,22074750000.0,498000000.0,3029000000.0,0.0,3029000000.0,12893000000.0,2457000000.0,10436000000.0,9129100320.0,56000000.0,0.0,-207000000.0,-463000000.0,-499000000.0,-695000000.0,-748000000.0,-92000000.0,1499000000.0,0.0,644000000.0,644000000.0,644000000.0,0.0,0.0,0.107,660000000.0,1604000000.0,684000000.0,0.774,1.791,14.176,14.337,10935000000.0,0.0,20.0,1.519,1.537,928000000.0,1748000000.0,6010000000.0,6010000000.0,0.0,0.036,0.124,0.07,0.257,0.0,0.0,1.0,456455016.0,461948000,461948000.0,13.01,17991000000.0,0.0,428000000.0,3701000000.0,38.946,-796000000.0
91,PEG,MRT,1998-09-30,1998-09-30,1998-09-30,2021-08-09,-37000000.0,17957000000.0,17907750000.0,1861000000.0,16096000000.0,0.345,11.209,-512000000.0,78000000.0,78000000.0,5088000000.0,646000000.0,0.691,2.457,7230000000.0,1625000000.0,5605000000.0,7230000000.0,0.0,653000000.0,0.0,0.055,1.08,1083000000.0,1736000000.0,0.281,1736000000.0,1083000000.0,627000000.0,1.395,1.395,1.395,5195000000.0,5229500000.0,5195000000.0,16270253570.0,15.0,9.372,873000000.0,1.884,1.0,1093000000.0,0.177,0.0,456000000.0,22414000000.0,22231500000.0,326000000.0,2886000000.0,0.0,2886000000.0,12762000000.0,2695000000.0,10067000000.0,9118253570.0,-9000000.0,0.0,-91000000.0,57000000.0,-501000000.0,-71000000.0,-1323000000.0,-632000000.0,1385000000.0,0.0,646000000.0,646000000.0,646000000.0,0.0,0.0,0.105,-103000000.0,1196000000.0,725000000.0,0.774,1.755,14.115,14.09,10873000000.0,0.0,19.655,1.475,1.474,1086000000.0,1720000000.0,6181000000.0,6181000000.0,0.0,0.036,0.124,0.049,0.175,0.0,0.0,1.0,463915216.0,463454000,463454000.0,13.337,17957000000.0,698000000.0,-19000000.0,3708000000.0,38.746,-834000000.0
92,PEG,MRT,1998-06-30,1998-06-30,1998-06-30,2021-08-09,-27000000.0,17967000000.0,,1784000000.0,16183000000.0,,11.319,-498000000.0,115000000.0,115000000.0,4726000000.0,642000000.0,0.672,2.422,7267000000.0,1715000000.0,5552000000.0,7267000000.0,0.0,648000000.0,0.0,0.063,1.08,1167000000.0,1815000000.0,0.293,1815000000.0,1167000000.0,706000000.0,1.385,1.385,1.385,5251000000.0,,5251000000.0,14535620020.0,12.0,8.009,928000000.0,2.0,1.0,1464000000.0,0.237,0.0,461000000.0,22466000000.0,,249000000.0,2931000000.0,0.0,2931000000.0,12716000000.0,2653000000.0,10063000000.0,7988620020.0,62000000.0,0.0,0.0,161000000.0,-501000000.0,0.0,-1364000000.0,-708000000.0,1426000000.0,0.0,642000000.0,642000000.0,642000000.0,0.0,0.0,0.104,192000000.0,1272000000.0,592000000.0,0.78,1.521,12.443,12.433,10897000000.0,0.0,17.22,1.291,1.291,931000000.0,1675000000.0,6190000000.0,6190000000.0,0.0,,,,0.189,0.0,0.0,1.0,463915216.0,463916000,463916000.0,13.343,17967000000.0,706000000.0,64000000.0,3687000000.0,38.729,-869000000.0
93,PEG,MRT,1998-03-31,1998-03-31,1998-03-31,2021-08-09,-21000000.0,17764000000.0,,1532000000.0,16232000000.0,,11.34,-510000000.0,77000000.0,77000000.0,4408000000.0,611000000.0,0.607,2.377,6624000000.0,1328000000.0,5296000000.0,6624000000.0,0.0,637000000.0,0.0,0.057,1.08,1214000000.0,1851000000.0,0.301,1851000000.0,1214000000.0,752000000.0,1.315,1.315,1.315,5261000000.0,,5261000000.0,15899399702.0,13.0,8.59,741000000.0,1.597,1.0,1743000000.0,0.283,0.0,462000000.0,21787000000.0,,170000000.0,2881000000.0,0.0,2881000000.0,12503000000.0,2524000000.0,9979000000.0,8756399702.0,-273000000.0,0.0,0.0,517000000.0,-501000000.0,129000000.0,-1653000000.0,-959000000.0,1251000000.0,0.0,611000000.0,611000000.0,611000000.0,0.0,0.0,0.099,427000000.0,1316000000.0,613000000.0,0.821,1.664,14.331,14.354,10967000000.0,0.0,18.875,1.424,1.424,1039000000.0,1679000000.0,6151000000.0,6151000000.0,0.0,,,,0.197,0.0,0.0,1.0,463915216.0,463916000,463916000.0,13.259,17764000000.0,716000000.0,141000000.0,3927000000.0,38.291,-992000000.0
94,PEG,MRT,1997-12-31,1997-12-31,1997-12-31,2021-08-09,-15000000.0,17943000000.0,17429000000.0,1663000000.0,16280000000.0,0.354,11.231,-536000000.0,83000000.0,83000000.0,4096000000.0,560000000.0,0.588,2.443,7226000000.0,1788000000.0,5438000000.0,7226000000.0,0.0,630000000.0,0.0,0.068,1.08,1294000000.0,1924000000.0,0.311,1924000000.0,1294000000.0,844000000.0,1.205,1.205,1.205,5211000000.0,5212000000.0,5211000000.0,,,,648000000.0,1.397,1.0,2081000000.0,0.337,0.0,450000000.0,22259000000.0,21429500000.0,310000000.0,2873000000.0,0.0,2873000000.0,12732000000.0,2827000000.0,9905000000.0,7378571510.0,-195000000.0,0.0,-43000000.0,964000000.0,-501000000.0,392000000.0,-1771000000.0,-1078000000.0,1184000000.0,0.0,560000000.0,560000000.0,560000000.0,0.0,0.0,0.091,630000000.0,1451000000.0,686000000.0,0.896,1.416,13.176,13.199,11050000000.0,0.0,15.905,1.195,1.195,1083000000.0,1623000000.0,6177000000.0,6177000000.0,0.0,0.032,0.107,0.06,0.209,0.0,0.0,1.0,463915216.0,463972000,463972000.0,13.313,17943000000.0,725000000.0,284000000.0,3737000000.0,38.673,-1164000000.0
95,PEG,MRT,1997-09-30,1997-09-30,1997-09-30,2021-08-09,,,,,,,,,,,,,,,,,,,,,,0.084,1.08,,,,,,,,,,,,,,,,,,1.0,,,,,,,,,,,,,,,,,,,,,,,,,,,,,,,,,,,,,,,,12.875,,,,,,,,,,,,,,1.0,,463916000,,,,,,,,
96,PEG,MRT,1997-06-30,1997-06-30,1997-06-30,2021-08-09,,,,,,,,,,,,,,,,,,,,,,0.086,1.08,,,,,,,,,,,,,,,,,,1.0,,,,,,,,,,,,,,,,,,,,,,,,,,,,,,,,,,,,,,,,12.5,,,,,,,,,,,,,,1.0,,463916000,,,,,,,,
97,PEG,MRT,1997-03-31,1997-03-31,1997-03-31,2021-08-09,,,,,,,,,,,,,,,,,,,,,,0.082,1.08,,,,,,,,,,,,,,,,,,1.0,,,,,,,,,,,,,,,,,,,,,,,,,,,,,,,,,,,,,,,,13.125,,,,,,,,,,,,,,1.0,,464144000,,,,,,,,
98,PEG,MRT,1996-12-31,1996-12-31,1996-12-31,2021-08-09,0.0,16915000000.0,,1744000000.0,15171000000.0,,10.753,-586000000.0,279000000.0,279000000.0,3408000000.0,612000000.0,0.768,2.245,6236000000.0,1186000000.0,5050000000.0,6236000000.0,0.0,607000000.0,0.0,0.079,1.08,1958000000.0,2565000000.0,0.425,2565000000.0,1958000000.0,1505000000.0,1.26,1.26,1.26,5213000000.0,,5213000000.0,,,,884000000.0,1.823,1.0,2633000000.0,0.436,0.0,453000000.0,20600000000.0,,313000000.0,1854000000.0,0.0,1854000000.0,11702000000.0,2272000000.0,9430000000.0,,217000000.0,704000000.0,-307000000.0,-363000000.0,-523000000.0,-1244000000.0,-9000000.0,5000000.0,1470000000.0,0.0,612000000.0,612000000.0,612000000.0,-24000000.0,0.0,0.101,683000000.0,1950000000.0,697000000.0,0.857,,,10.813,11179000000.0,0.0,13.625,,1.093,993000000.0,1586000000.0,6041000000.0,6041000000.0,0.0,,,,0.324,0.0,0.0,1.0,,484802000,484802000.0,12.461,16915000000.0,752000000.0,893000000.0,3611000000.0,34.891,-528000000.0
99,PEG,MRT,1995-12-31,1995-12-31,1995-12-31,2021-08-09,,,,,,,,-680000000.0,,,2167000000.0,662000000.0,,,,,,,,597000000.0,,0.071,1.08,1464000000.0,2061000000.0,0.35,2061000000.0,1464000000.0,1000000000.0,1.355,1.355,1.355,,,,,,,838000000.0,1.712,1.0,3726000000.0,0.632,,464000000.0,,,,,,,,,,,-3000000.0,0.0,0.0,-56000000.0,-528000000.0,-586000000.0,-935000000.0,-66000000.0,1518000000.0,0.0,662000000.0,662000000.0,662000000.0,-35000000.0,0.0,0.112,2295000000.0,1431000000.0,,0.797,,,11.303,,0.0,15.315,,1.272,,,5893000000.0,5893000000.0,0.0,,,,0.248,0.0,0.0,1.0,,489396000,489396000.0,12.041,,,338000000.0,,,
