None,ticker,dimension,calendardate,datekey,reportperiod,lastupdated,accoci,assets,assetsavg,assetsc,assetsnc,assetturnover,bvps,capex,cashneq,cashnequsd,cor,consolinc,currentratio,de,debt,debtc,debtnc,debtusd,deferredrev,depamor,deposits,divyield,dps,ebit,ebitda,ebitdamargin,ebitdausd,ebitusd,ebt,eps,epsdil,epsusd,equity,equityavg,equityusd,ev,evebit,evebitda,fcf,fcfps,fxusd,gp,grossmargin,intangibles,intexp,invcap,invcapavg,inventory,investments,investmentsc,investmentsnc,liabilities,liabilitiesc,liabilitiesnc,marketcap,ncf,ncfbus,ncfcommon,ncfdebt,ncfdiv,ncff,ncfi,ncfinv,ncfo,ncfx,netinc,netinccmn,netinccmnusd,netincdis,netincnci,netmargin,opex,opinc,payables,payoutratio,pb,pe,pe1,ppnenet,prefdivis,price,ps,ps1,receivables,retearn,revenue,revenueusd,rnd,roa,roe,roic,ros,sbcomp,sgna,sharefactor,sharesbas,shareswa,shareswadil,sps,tangibles,taxassets,taxexp,taxliabilities,tbvps,workingcapital
0,MZIAQ,ARY,2007-12-31,2008-03-25,2007-12-31,2019-04-29,-52500000,602900000,644650000.0,370000000,232900000,1.253,-8.993,-9300000.0,40800000,40800000,645100000.0,-87100000.0,1.629,-13.204,260900000,29000000,231900000,260900000,29400000,16100000.0,0,0.0,0.0,-3300000.0,12800000.0,0.016,12800000.0,-3300000.0,-34700000.0,-19.25,-19.25,-19.25,-49400000,-30150000.0,-49400000,233887990,-71.0,18.272,300000.0,0.055,1.0,162800000.0,0.202,90500000,31400000.0,505400000,562075000.0,179700000,0,0,0,652300000,227100000,425200000,13787990,2300000.0,0.0,0.0,-600000.0,-200000.0,-800000.0,-9300000.0,0.0,9600000.0,2800000.0,-96400000.0,-96400000.0,-96400000.0,-1200000.0,9300000.0,-0.119,158000000.0,4800000.0,92100000,0.0,-0.279,-0.143,-0.13,106400000,0.0,2.51,0.017,0.017,114600000,-478300000,807900000.0,807900000.0,0.0,-0.15,3.197,-0.006,-0.004,0.0,144600000.0,1.0,5493223,5493223,,147.072,512400000,0,61700000.0,0,93.279,142900000
1,MZIAQ,ARY,2006-12-31,2007-03-09,2006-12-31,2019-04-29,-113600000,650500000,670300000.0,365600000,284900000,1.223,-4.052,-10900000.0,38500000,38500000,668700000.0,-39700000.0,1.72,-31.54,260500000,27700000,232800000,260500000,24400000,16800000.0,0,0.0,0.0,-16500000.0,300000.0,0.0,300000.0,-16500000.0,-46500000.0,-10.2,-10.2,-10.2,-21300000,-18550000.0,-21300000,259845320,-16.0,866.151,-30100000.0,-5.726,1.0,151400000.0,0.185,87300000,30000000.0,572700000,588625000.0,170700000,0,0,0,671800000,212500000,459300000,37845320,-7200000.0,0.0,0.0,19600000.0,-200000.0,19400000.0,-10900000.0,0.0,-19200000.0,3500000.0,-49100000.0,-49100000.0,-49100000.0,-100000.0,9400000.0,-0.06,156800000.0,-5400000.0,77800000,0.0,-1.777,-0.771,-0.706,114300000,0.0,7.2,0.046,0.046,114500000,-381900000,820100000.0,820100000.0,0.0,-0.073,2.647,-0.028,-0.02,0.0,140200000.0,1.0,5256295,5256295,,156.022,563200000,0,2600000.0,0,107.148,153100000
2,MZIAQ,ARY,2005-12-31,2006-03-13,2005-12-31,2019-04-29,-140200000,671600000,686050000.0,368800000,302800000,1.179,-0.994,-10100000.0,45700000,45700000,663100000.0,-14000000.0,2.026,-132.686,240000000,6700000,233300000,240000000,22600000,18400000.0,0,0.0,0.0,6400000.0,24800000.0,0.031,24800000.0,6400000.0,-23900000.0,-4.2,-4.2,-4.2,-5100000,16175000.0,-5100000,268150590,42.0,10.813,-900000.0,-0.175,1.0,145800000.0,0.18,83700000,30300000.0,600200000,609275000.0,161100000,0,0,0,676700000,182000000,494700000,73850590,-23500000.0,300000.0,0.0,-12900000.0,-6200000.0,-20200000.0,-9800000.0,0.0,9200000.0,-2700000.0,-20100000.0,-20100000.0,-20100000.0,-2500000.0,6100000.0,-0.025,135800000.0,10000000.0,76400000,0.0,-14.481,-3.674,-3.429,114200000,0.0,14.4,0.091,0.091,117700000,-332800000,808900000.0,808900000.0,0.0,-0.029,-1.243,0.011,0.008,0.0,133800000.0,1.0,5128513,5128513,,157.726,587900000,0,-3800000.0,0,114.634,186800000
3,MZIAQ,ARY,2004-12-31,2005-03-30,2004-12-31,2019-04-29,-104000000,739900000,704150000.0,406800000,333100000,1.099,10.14,-8200000.0,69200000,69200000,628000000.0,-51800000.0,1.906,13.681,253100000,17200000,235900000,253100000,18600000,20300000.0,0,0.0,0.0,-17100000.0,3200000.0,0.004,3200000.0,-17100000.0,-54400000.0,-13.4,-13.4,-13.4,50400000,11200000.0,50400000,329029659,-19.0,102.822,-49900000.0,-10.04,1.0,146200000.0,0.189,86600000,37300000.0,623800000,593150000.0,153900000,0,0,0,689500000,213400000,476100000,145129659,-23600000.0,8000000.0,25200000.0,-1000000.0,-3300000.0,20900000.0,-200000.0,0.0,-41700000.0,1600000.0,-51800000.0,-51800000.0,-51800000.0,500000.0,0.0,-0.067,141400000.0,4800000.0,80300000,0.0,2.88,-2.802,-2.179,128400000,0.0,29.2,0.187,0.187,134600000,-312700000,774200000.0,774200000.0,0.0,-0.074,-4.625,-0.029,-0.022,0.0,126900000.0,1.0,4970194,4970194,,155.769,653300000,0,-2600000.0,0,131.444,193400000
4,MZIAQ,ARY,2003-12-31,2004-03-15,2003-12-31,2019-04-29,-106700000,711500000,774975000.0,371300000,340200000,0.954,-9.72,-4000000.0,92800000,92800000,608600000.0,-191700000.0,1.049,-21.988,323400000,159900000,163500000,323400000,15200000,21700000.0,0,0.057,2.0,-96000000.0,-74300000.0,-0.1,-74300000.0,-96000000.0,-119000000.0,-57.0,-57.0,-57.0,-33900000,28225000.0,-33900000,351975221,-4.0,-4.737,6000000.0,1.72,1.0,131100000.0,0.177,83800000,23000000.0,504200000,539975000.0,132300000,0,0,0,745400000,354100000,391300000,121375221,-29500000.0,-26800000.0,0.0,-4800000.0,-800000.0,-5600000.0,-30800000.0,0.0,10000000.0,8800000.0,-191700000.0,-191700000.0,-191700000.0,7200000.0,0.0,-0.259,219900000.0,-88800000.0,67900000,-0.035,-3.58,-0.633,-0.611,140800000,0.0,34.8,0.164,0.164,93800000,-252000000,739700000.0,739700000.0,0.0,-0.247,-6.792,-0.178,-0.13,0.0,129000000.0,1.0,3487794,3487794,,212.082,627700000,0,72700000.0,0,179.97,17200000
5,MZIAQ,ARY,2002-12-31,2003-03-21,2002-12-31,2019-04-29,-129800000,915700000,1245300000.0,444800000,470900000,0.557,39.678,1300000.0,122300000,122300000,573500000.0,-222900000.0,1.576,5.834,301500000,46100000,255400000,301500000,17500000,23000000.0,0,0.091,4.0,-217800000.0,-194800000.0,-0.281,-194800000.0,-217800000.0,-241100000.0,-66.7,-66.7,-66.7,134000000,348100000.0,134000000,327796532,-2.0,-1.683,37200000.0,11.015,1.0,119700000.0,0.173,143300000,23300000.0,669400000,922450000.0,147600000,0,0,0,781700000,282200000,499500000,148596532,32200000.0,299600000.0,400000.0,-301400000.0,-1600000.0,-302600000.0,300900000.0,0.0,35900000.0,5600000.0,-222900000.0,-222900000.0,-222900000.0,16800000.0,0.0,-0.322,133000000.0,-13300000.0,68800000,-0.06,1.109,-0.667,-0.66,149800000,0.0,44.0,0.214,0.214,89300000,-59500000,693200000.0,693200000.0,0.0,-0.179,-0.64,-0.236,-0.314,0.0,121000000.0,1.0,3377194,3377194,,205.259,772400000,0,-18200000.0,0,228.711,162600000
6,MZIAQ,ARY,2001-12-31,2002-03-20,2001-12-31,2019-04-29,-51000000,1512300000,1494375000.0,660000000,852300000,0.845,129.318,-25700000.0,110400000,110400000,1018400000.0,-35700000.0,1.865,2.477,603600000,90300000,513300000,603600000,17400000,59200000.0,0,0.031,4.6,-42500000.0,16700000.0,0.013,16700000.0,-42500000.0,-81800000.0,-10.8,-10.8,-10.8,434900000,460575000.0,434900000,998325859,-23.0,59.78,-12900000.0,-3.836,1.0,244300000.0,0.193,410800000,39300000.0,1240900000,1210600000.0,318500000,0,0,0,1077400000,353800000,723600000,505125859,69200000.0,-28600000.0,-3700000.0,127500000.0,-12600000.0,111200000.0,-54300000.0,0.0,12800000.0,-500000.0,-35700000.0,-35700000.0,-35700000.0,0.0,0.0,-0.028,274500000.0,-30200000.0,92700000,-0.426,1.161,-14.149,-13.907,295500000,0.0,150.2,0.4,0.4,155100000,165000000,1262700000.0,1262700000.0,0.0,-0.024,-0.078,-0.035,-0.034,0.0,247700000.0,1.0,3363022,3363022,,375.466,1101500000,0,-46100000.0,0,327.533,306200000
7,MZIAQ,ARY,2000-12-31,2001-03-21,2000-12-31,2019-04-29,-49700000,1464900000,1479725000.0,656000000,808900000,1.071,145.228,-37000000.0,41200000,41200000,1174100000.0,72300000.0,1.615,2.024,476600000,94000000,382600000,476600000,25900000,58400000.0,0,0.025,4.8,137200000.0,195600000.0,0.123,195600000.0,137200000.0,97700000.0,20.6,20.6,20.6,484400000,481725000.0,484400000,1068135946,8.0,5.461,58800000.0,17.629,1.0,410100000.0,0.259,413700000,39500000.0,1080500000,1062225000.0,367100000,0,0,0,980500000,406100000,574400000,632735946,-40100000.0,4200000.0,-48400000.0,-35900000.0,-17000000.0,-101300000.0,-32800000.0,0.0,95800000.0,-1800000.0,72300000.0,72300000.0,72300000.0,0.0,0.0,0.046,265600000.0,144500000.0,127300000,0.233,1.306,8.752,9.209,305500000,0.0,189.7,0.399,0.399,199500000,213300000,1584200000.0,1584200000.0,0.0,0.049,0.15,0.129,0.087,0.0,262900000.0,1.0,3335456,3335456,,474.958,1051200000,0,25400000.0,0,315.159,249900000
8,MZIAQ,ARY,1999-12-31,2000-03-07,1999-12-31,2019-04-29,-35400000,1536700000,1526525000.0,717600000,819100000,1.064,135.629,-41400000.0,81300000,81300000,1201600000.0,70100000.0,1.289,2.13,522800000,224700000,298100000,522800000,28800000,58300000.0,0,0.035,3.6,134700000.0,193000000.0,0.119,193000000.0,134700000.0,96500000.0,19.0,18.9,19.0,490900000,474875000.0,490900000,939171281,7.0,4.866,48000000.0,13.262,1.0,423100000.0,0.26,419600000,38200000.0,1001700000,1063475000.0,373400000,0,0,0,1045800000,556900000,488900000,497671281,32400000.0,2200000.0,-21900000.0,24000000.0,-18100000.0,-16000000.0,-39200000.0,0.0,89400000.0,-1800000.0,70100000.0,70100000.0,70100000.0,0.0,0.0,0.043,276000000.0,147100000.0,130700000,0.253,1.014,7.099,7.237,323200000,0.0,137.5,0.306,0.306,217300000,158000000,1624700000.0,1624700000.0,0.0,0.046,0.148,0.127,0.083,0.0,272900000.0,1.0,3619428,3619428,,448.883,1117100000,0,26400000.0,0,308.64,160700000
9,MZIAQ,ARY,1998-12-31,1999-03-29,1998-12-28,2019-04-29,-14400000,1557100000,1533350000.0,730500000,826600000,0.988,127.802,-79000000.0,48900000,48900000,1092300000.0,41500000.0,1.326,2.267,520900000,185200000,335700000,520900000,31700000,57400000.0,0,0.015,2.4,100300000.0,157700000.0,0.104,157700000.0,100300000.0,69600000.0,10.6,10.5,10.6,476600000,480300000.0,476600000,1064011024,11.0,6.747,5900000.0,1.582,1.0,422400000.0,0.279,397600000,30700000.0,1080600000,1131975000.0,401000000,0,0,0,1080500000,550900000,529600000,592011024,23200000.0,-54300000.0,-34600000.0,125200000.0,-19000000.0,71600000.0,-133300000.0,0.0,84900000.0,0.0,41500000.0,41500000.0,41500000.0,33900000.0,0.0,0.027,271600000.0,150800000.0,155200000,0.226,1.242,14.265,14.976,350900000,0.0,158.75,0.391,0.391,226100000,106000000,1514700000.0,1514700000.0,0.0,0.027,0.086,0.089,0.066,0.0,271600000.0,1.0,3729203,3729203,,406.173,1159500000,0,28100000.0,0,310.924,179600000
10,MZIAQ,ARY,1997-12-31,1998-03-19,1997-12-31,2019-04-29,-35000000,1392500000,,751100000,641400000,,119.296,-73800000.0,25700000,25700000,1424800000.0,80600000.0,1.766,1.951,371700000,67500000,304200000,371700000,35700000,53700000.0,0,0.0,0.0,127100000.0,180800000.0,0.095,180800000.0,127100000.0,100600000.0,20.3,20.1,20.3,471900000,,471900000,1552492587,12.0,8.587,40100000.0,10.137,1.0,471900000.0,0.249,231100000,26500000.0,1082000000,,390400000,0,0,0,920600000,425400000,495200000,1206492587,-2100000.0,-25900000.0,-12500000.0,13200000.0,-17000000.0,-16300000.0,-99700000.0,0.0,113900000.0,0.0,80600000.0,80600000.0,80600000.0,0.0,0.0,0.042,329300000.0,142600000.0,153700000,0.0,2.557,14.969,15.025,343100000,0.0,305.0,0.636,0.636,275000000,83500000,1896700000.0,1896700000.0,0.0,,,,0.067,0.0,329300000.0,1.0,3955713,3955713,,479.484,1161400000,0,20000000.0,0,293.601,325700000
0,MZIAQ,ARQ,2008-09-30,2008-11-06,2008-09-30,2019-04-29,-48800000,586100000,,356400000,229700000,,-11.859,-2000000.0,32500000,32500000,156300000.0,-2600000.0,1.52,-10.393,285700000,40200000,245500000,285700000,27600000,3400000.0,0,0.0,0.0,4200000.0,7600000.0,0.039,7600000.0,4200000.0,-4200000.0,-0.93,-0.93,-0.93,-62400000,,-62400000,255130642,34.0,11.544,-5200000.0,-0.988,1.0,38700000.0,0.198,90300000,8400000.0,514600000,,185100000,0,0,0,648500000,234400000,414100000,1930642,-7000000.0,0.0,0.0,0.0,0.0,0.0,-2000000.0,0.0,-3200000.0,-1800000.0,-4900000.0,-4900000.0,-4900000.0,0.0,2300000.0,-0.025,32200000.0,6500000.0,81100000,0.0,-0.031,-0.021,-0.017,101900000,0.0,0.32,0.002,0.002,106400000,-497900000,195000000.0,195000000.0,0.0,,,,,0.0,31800000.0,1.0,6033257,5262000,5262000.0,37.058,495800000,0,700000.0,0,94.223,122000000
1,MZIAQ,ARQ,2008-06-30,2008-08-07,2008-06-30,2019-04-29,-38800000,636300000,,396500000,239800000,,-9.186,-1600000.0,39500000,39500000,167500000.0,-3100000.0,1.614,-14.174,287900000,41600000,246300000,287900000,26400000,3600000.0,0,0.0,0.0,4100000.0,7700000.0,0.036,7700000.0,4100000.0,-4100000.0,-1.04,-1.04,-1.04,-48300000,,-48300000,254598076,65.0,13.33,-8000000.0,-1.521,1.0,48200000.0,0.223,93000000,8200000.0,546100000,,198800000,0,0,0,684600000,245600000,439000000,6198076,2700000.0,0.0,0.0,10900000.0,0.0,10900000.0,-1600000.0,0.0,-6400000.0,-200000.0,-5500000.0,-5500000.0,-5500000.0,0.0,2400000.0,-0.025,41700000.0,6500000.0,94000000,0.0,-0.128,-0.065,-0.06,107200000,0.0,1.13,0.007,0.007,126000000,-493000000,215700000.0,215700000.0,0.0,,,,,0.0,37900000.0,1.0,5485023,5258000,5258000.0,41.023,543300000,0,1400000.0,0,103.328,150900000
2,MZIAQ,ARQ,2008-03-31,2008-05-09,2008-03-31,2019-04-29,-37800000,640500000,,397600000,242900000,,-8.188,-2600000.0,36800000,36800000,164200000.0,-6900000.0,1.657,-15.965,277400000,30600000,246800000,277400000,31100000,3600000.0,0,0.0,0.0,-800000.0,2800000.0,0.014,2800000.0,-800000.0,-8800000.0,-1.76,-1.76,-1.76,-42800000,,-42800000,253263163,844.0,15.829,-21700000.0,-4.152,1.0,38600000.0,0.19,93500000,8000000.0,547700000,,193400000,0,0,0,683300000,239900000,443400000,12663163,-4000000.0,0.0,0.0,15700000.0,-100000.0,15600000.0,-2600000.0,0.0,-19100000.0,2100000.0,-9200000.0,-9200000.0,-9200000.0,0.0,2300000.0,-0.045,37100000.0,1500000.0,90400000,0.0,-0.296,-0.137,-0.125,109900000,0.0,2.3,0.015,0.015,133400000,-487500000,202800000.0,202800000.0,0.0,,,,,0.0,36000000.0,1.0,5505723,5227000,5227000.0,38.799,547000000,0,400000.0,0,104.649,157700000
3,MZIAQ,ARQ,2007-12-31,2008-03-25,2007-12-31,2019-04-29,-52500000,602900000,,370000000,232900000,,-8.993,-3500000.0,40800000,40800000,168200000.0,-71700000.0,1.629,-13.204,260900000,29000000,231900000,260900000,29400000,4100000.0,0,0.0,0.0,-100000.0,4000000.0,0.018,4000000.0,-100000.0,-7900000.0,-14.72,-14.72,-14.72,-49400000,,-49400000,233887990,-71.0,18.272,6100000.0,1.11,1.0,48400000.0,0.223,90500000,7800000.0,505400000,,179700000,0,0,0,652300000,227100000,425200000,13787990,3300000.0,0.0,0.0,-3300000.0,0.0,-3300000.0,-3500000.0,0.0,9600000.0,500000.0,-74000000.0,-74000000.0,-74000000.0,-1000000.0,2300000.0,-0.342,47200000.0,1200000.0,92100000,0.0,-0.279,-0.143,-0.13,106400000,0.0,2.51,0.017,0.017,114600000,-478300000,216600000.0,216600000.0,0.0,,,,,0.0,39300000.0,1.0,5493223,5493223,,39.43,512400000,0,66100000.0,0,93.279,142900000
4,MZIAQ,ARQ,2007-09-30,2007-11-07,2007-09-30,2019-04-29,-93000000,679900000,,391800000,288100000,,-3.519,-2300000.0,37500000,37500000,163500000.0,-4500000.0,1.675,-39.631,263900000,31400000,232500000,263900000,28100000,3900000.0,0,0.0,0.0,700000.0,4600000.0,0.023,4600000.0,700000.0,-7300000.0,-1.36,-1.36,-1.36,-17600000,,-17600000,262075112,-40.0,27.018,8300000.0,1.659,1.0,40200000.0,0.197,90700000,8000000.0,581700000,,184500000,0,0,0,697500000,233900000,463600000,35675112,6200000.0,0.0,0.0,-3500000.0,-100000.0,-3600000.0,-2300000.0,0.0,10600000.0,1500000.0,-6800000.0,-6800000.0,-6800000.0,0.0,2300000.0,-0.033,37200000.0,3000000.0,89000000,0.0,-2.027,-1.068,-0.208,112100000,0.0,6.43,0.045,0.041,122500000,-404300000,203700000.0,203700000.0,0.0,,,,,0.0,35100000.0,1.0,5548229,5002000,5002000.0,40.724,589200000,0,-500000.0,0,117.793,157900000
5,MZIAQ,ARQ,2007-06-30,2007-08-06,2007-06-30,2019-04-29,-105000000,655000000,,367600000,287400000,,-5.036,-2000000.0,31300000,31300000,158600000.0,-100000.0,1.703,-27.411,266900000,34400000,232500000,266900000,27000000,4100000.0,0,0.0,0.0,500000.0,4600000.0,0.023,4600000.0,500000.0,-7400000.0,-0.5,-0.5,-0.5,-24800000,,-24800000,269474993,-30.0,35.93,-5900000.0,-1.198,1.0,38700000.0,0.196,88400000,7900000.0,586400000,,173100000,0,0,0,679800000,215800000,464000000,33874993,-3200000.0,0.0,0.0,2100000.0,0.0,2100000.0,-2000000.0,0.0,-3900000.0,600000.0,-2500000.0,-2500000.0,-2500000.0,-300000.0,2400000.0,-0.013,36100000.0,2600000.0,78400000,0.0,-1.366,-0.938,-0.195,110800000,0.0,6.15,0.043,0.038,115500000,-397500000,197300000.0,197300000.0,0.0,,,,,0.0,34900000.0,1.0,5508129,4925000,4925000.0,40.061,566600000,0,-4900000.0,0,115.046,151800000
6,MZIAQ,ARQ,2007-03-31,2007-05-07,2007-03-31,2019-04-29,-109900000,640800000,,358400000,282400000,,-58.812,-1500000.0,34500000,34500000,154800000.0,-10800000.0,1.719,-23.25,264700000,32100000,232600000,264700000,24800000,4000000.0,0,0.0,0.0,-4400000.0,-400000.0,-0.002,-400000.0,-4400000.0,-12100000.0,-26.8,-26.8,-26.8,-28800000,,-28800000,233877946,-13.0,-334.111,-8200000.0,-16.745,1.0,35500000.0,0.187,87700000,7700000.0,574800000,,171600000,0,0,0,669600000,208500000,461100000,3677946,-4000000.0,0.0,0.0,4100000.0,-100000.0,4000000.0,-1500000.0,0.0,-6700000.0,200000.0,-13100000.0,-13100000.0,-13100000.0,100000.0,2300000.0,-0.069,37500000.0,-2000000.0,69600000,0.0,-0.128,-0.073,-0.191,112500000,0.0,6.6,0.005,0.004,109300000,-395000000,190300000.0,190300000.0,0.0,,,,,0.0,35300000.0,1.0,557265,489700,489700.0,388.605,553100000,0,1000000.0,0,1129.467,149900000
7,MZIAQ,ARQ,2006-12-31,2007-03-09,2006-12-31,2019-04-29,-113600000,650500000,,365600000,284900000,,-4.052,-2700000.0,38500000,38500000,159200000.0,-8600000.0,1.72,-31.54,260500000,27700000,232800000,260500000,24400000,4300000.0,0,0.0,0.0,-3400000.0,900000.0,0.005,900000.0,-3400000.0,-11100000.0,-2.3,-2.3,-2.3,-21300000,,-21300000,259845320,-16.0,866.151,-3500000.0,-0.666,1.0,38300000.0,0.194,87300000,7700000.0,572700000,,170700000,0,0,0,671800000,212500000,459300000,37845320,2800000.0,0.0,0.0,5500000.0,-100000.0,5400000.0,-2700000.0,0.0,-800000.0,900000.0,-11000000.0,-11000000.0,-11000000.0,-100000.0,2400000.0,-0.056,37600000.0,700000.0,77800000,0.0,-1.777,-0.771,-0.706,114300000,0.0,7.2,0.046,0.046,114500000,-381900000,197500000.0,197500000.0,0.0,,,,,0.0,32400000.0,1.0,5256295,5256295,,37.574,563200000,0,-100000.0,0,107.148,153100000
8,MZIAQ,ARQ,2006-09-30,2006-11-07,2006-09-30,2019-04-29,-123900000,662100000,,374400000,287700000,,-4.523,-600000.0,35700000,35700000,169900000.0,-7200000.0,1.777,-31.233,254600000,22400000,232200000,254600000,22900000,4200000.0,0,0.0,0.0,-1800000.0,2400000.0,0.011,2400000.0,-1800000.0,-8600000.0,-2.0,-2.0,-2.0,-21900000,,-21900000,263509778,-37.0,25.583,-15300000.0,-3.16,1.0,39200000.0,0.187,86100000,6800000.0,584200000,,178500000,0,0,0,684000000,210700000,473300000,44609778,-6200000.0,0.0,0.0,9000000.0,0.0,9000000.0,-600000.0,0.0,-14700000.0,100000.0,-9500000.0,-9500000.0,-9500000.0,0.0,2300000.0,-0.045,38700000.0,500000.0,77000000,0.0,-2.037,-1.316,-1.229,114000000,0.0,8.6,0.053,0.05,118200000,-370900000,209100000.0,209100000.0,0.0,,,,,0.0,35300000.0,1.0,5187184,4842400,4842400.0,43.181,576000000,0,900000.0,0,118.949,163700000
9,MZIAQ,ARQ,2006-06-30,2006-08-08,2006-06-30,2019-04-29,-129900000,684600000,,381900000,302700000,,-4.065,-3900000.0,41900000,41900000,170800000.0,-14300000.0,1.909,-35.929,245600000,13000000,232600000,245600000,19100000,4200000.0,0,0.0,0.0,-7800000.0,-3600000.0,-0.017,-3600000.0,-7800000.0,-15700000.0,-3.4,-3.4,-3.4,-19600000,,-19600000,254598290,-47.0,20.869,-11900000.0,-2.468,1.0,40300000.0,0.191,86100000,7900000.0,602200000,,176700000,0,0,0,704200000,200000000,504200000,50898290,-2700000.0,0.0,0.0,7500000.0,-100000.0,7400000.0,-3900000.0,0.0,-8000000.0,1800000.0,-16600000.0,-16600000.0,-16600000.0,0.0,2300000.0,-0.079,45800000.0,-5500000.0,83800000,0.0,-2.597,-1.552,-1.456,117100000,0.0,9.9,0.062,0.058,119900000,-361400000,211100000.0,211100000.0,0.0,,,,,0.0,38300000.0,1.0,5141241,4821600,4821600.0,43.782,598500000,0,900000.0,0,124.129,181900000
10,MZIAQ,ARQ,2006-03-31,2006-05-09,2006-03-31,2019-04-29,-137000000,684000000,,378100000,305900000,,-2.374,-3700000.0,44600000,44600000,168800000.0,-9600000.0,1.915,-61.0,237700000,4800000,232900000,237700000,25300000,4100000.0,0,0.0,0.0,-3500000.0,600000.0,0.003,600000.0,-3500000.0,-11100000.0,-2.5,-2.5,-2.5,-11400000,,-11400000,259412282,51.0,11.23,600000.0,0.125,1.0,33600000.0,0.166,84300000,7600000.0,595400000,,169000000,0,0,0,695400000,197400000,498000000,66312282,-1100000.0,0.0,0.0,-2400000.0,0.0,-2400000.0,-3700000.0,0.0,4300000.0,700000.0,-12000000.0,-12000000.0,-12000000.0,0.0,2400000.0,-0.059,34700000.0,-1100000.0,85500000,0.0,-5.817,-3.084,-2.867,115200000,0.0,12.9,0.081,0.076,119800000,-344800000,202400000.0,202400000.0,0.0,,,,,0.0,34200000.0,1.0,5140487,4802400,4802400.0,42.146,599700000,0,900000.0,0,124.875,180700000
11,MZIAQ,ARQ,2005-12-31,2006-03-13,2005-12-31,2019-04-29,-140200000,671600000,,368800000,302800000,,-0.994,-5200000.0,45700000,45700000,174700000.0,5800000.0,2.026,-132.686,240000000,6700000,233300000,240000000,22600000,4900000.0,0,0.0,0.0,6000000.0,10900000.0,0.05,10900000.0,6000000.0,-1400000.0,0.9,0.9,0.9,-5100000,,-5100000,268150590,42.0,10.813,-1900000.0,-0.37,1.0,42400000.0,0.195,83700000,7400000.0,600200000,,161100000,0,0,0,676700000,182000000,494700000,73850590,-2600000.0,0.0,0.0,1700000.0,-1500000.0,200000.0,-5200000.0,0.0,3300000.0,-900000.0,4200000.0,4200000.0,4200000.0,-1200000.0,1600000.0,0.019,36000000.0,6400000.0,76400000,0.0,-14.481,-3.674,-3.429,114200000,0.0,14.4,0.091,0.091,117700000,-332800000,217100000.0,217100000.0,0.0,,,,,0.0,35300000.0,1.0,5128513,5128513,,42.332,587900000,0,-5600000.0,0,114.634,186800000
12,MZIAQ,ARQ,2005-09-30,2005-11-07,2005-09-30,2019-04-29,-116400000,684800000,,375100000,309700000,,2.998,-3700000.0,48300000,48300000,157300000.0,-6900000.0,1.956,46.888,238500000,4500000,234000000,238500000,18900000,4400000.0,0,0.0,0.0,-100000.0,4300000.0,0.023,4300000.0,-100000.0,-7800000.0,-1.8,-1.8,-1.8,14300000,,14300000,252616690,133.0,12.383,11100000.0,2.327,1.0,33400000.0,0.175,84500000,7700000.0,598700000,,162100000,0,0,0,670500000,191800000,478700000,62416690,10900000.0,300000.0,0.0,700000.0,-1600000.0,-900000.0,-3400000.0,0.0,14800000.0,400000.0,-8400000.0,-8400000.0,-8400000.0,-700000.0,1500000.0,-0.044,32700000.0,700000.0,75700000,0.0,4.365,-2.527,-2.66,116000000,0.0,12.5,0.078,0.074,117300000,-337000000,190700000.0,190700000.0,0.0,,,,,0.0,31300000.0,1.0,4993335,4770600,4770600.0,39.974,600300000,0,600000.0,0,125.833,183300000
13,MZIAQ,ARQ,2005-06-30,2005-10-14,2005-06-30,2019-04-29,-118200000,682400000,,371000000,311400000,,4.328,100000.0,37400000,37400000,171000000.0,-3800000.0,2.017,32.126,237800000,3400000,234400000,237800000,19700000,4600000.0,0,0.0,0.0,2700000.0,7300000.0,0.035,7300000.0,2700000.0,-4300000.0,-1.1,-1.1,-1.1,20600000,,20600000,280755498,72.0,12.26,-2600000.0,-0.546,1.0,37800000.0,0.181,83800000,7000000.0,615100000,,159600000,0,0,0,661800000,183900000,477900000,80355498,-6300000.0,0.0,0.0,-700000.0,-1500000.0,-2200000.0,100000.0,0.0,-2700000.0,-1500000.0,-5300000.0,-5300000.0,-5300000.0,-600000.0,1500000.0,-0.025,34200000.0,3600000.0,74100000,0.0,3.901,-3.686,-3.286,116000000,0.0,16.1,0.101,0.096,127300000,-328600000,208800000.0,208800000.0,0.0,,,,,0.0,33700000.0,1.0,4991025,4760000,4760000.0,43.866,598600000,0,1000000.0,0,125.756,187100000
14,MZIAQ,ARQ,2005-06-30,2005-08-08,2005-06-30,2019-04-29,-118200000,682400000,,371000000,311400000,,4.328,100000.0,37400000,37400000,171000000.0,-3800000.0,2.017,32.126,237800000,3400000,234400000,237800000,19700000,4600000.0,0,0.0,0.0,2700000.0,7300000.0,0.035,7300000.0,2700000.0,-4300000.0,-1.1,-1.1,-1.1,20600000,,20600000,298224084,76.0,13.023,-2600000.0,-0.546,1.0,37800000.0,0.181,83800000,7000000.0,615100000,,159600000,0,0,0,661800000,183900000,477900000,97824084,-6300000.0,0.0,0.0,-700000.0,-1500000.0,-2200000.0,100000.0,0.0,-2700000.0,-1500000.0,-5300000.0,-5300000.0,-5300000.0,-600000.0,1500000.0,-0.025,34200000.0,3600000.0,74100000,0.0,4.749,-4.487,-4.0,116000000,0.0,19.6,0.123,0.117,127300000,-328600000,208800000.0,208800000.0,0.0,,,,,0.0,33700000.0,1.0,4991025,4760000,4760000.0,43.866,598600000,0,1000000.0,0,125.756,187100000
15,MZIAQ,ARQ,2005-03-31,2005-05-10,2005-03-31,2019-04-29,-108900000,705400000,,379600000,325800000,,7.344,-1300000.0,43700000,43700000,160100000.0,-9100000.0,1.979,19.212,239000000,3700000,235300000,239000000,15700000,4500000.0,0,0.0,0.0,-700000.0,3800000.0,0.02,3800000.0,-700000.0,-8900000.0,-2.2,-2.2,-2.2,34900000,,34900000,310326713,-30.0,33.368,-7500000.0,-1.578,1.0,32200000.0,0.167,85800000,8200000.0,623100000,,161300000,0,0,0,670500000,191800000,478700000,115026713,-25500000.0,0.0,0.0,-14600000.0,-1600000.0,-17300000.0,-1300000.0,0.0,-6200000.0,-700000.0,-9100000.0,-9100000.0,-9100000.0,0.0,0.0,-0.047,32900000.0,-700000.0,73200000,0.0,3.296,-2.597,-2.265,124000000,0.0,23.1,0.148,0.141,128100000,-323400000,192300000.0,192300000.0,0.0,,,,,0.0,33500000.0,1.0,4979511,4752400,4752400.0,40.464,619600000,0,200000.0,0,130.376,187800000
16,MZIAQ,ARQ,2004-12-31,2005-03-30,2004-12-31,2019-04-29,-104000000,739900000,,406800000,333100000,,10.14,-4300000.0,69200000,69200000,169300000.0,-1900000.0,1.906,13.681,253100000,17200000,235900000,253100000,18600000,5000000.0,0,0.0,0.0,0.0,5000000.0,0.023,5000000.0,0.0,-7500000.0,0.4,0.4,0.4,50400000,,50400000,329029659,-19.0,102.822,5000000.0,1.006,1.0,43700000.0,0.205,86600000,7500000.0,623800000,,153900000,0,0,0,689500000,213400000,476100000,145129659,28700000.0,0.0,25200000.0,-2300000.0,-1700000.0,21200000.0,-4300000.0,0.0,9300000.0,2500000.0,-1900000.0,-1900000.0,-1900000.0,0.0,0.0,-0.009,43700000.0,0.0,80300000,0.0,2.88,-2.802,-2.179,128400000,0.0,29.2,0.187,0.187,134600000,-312700000,213000000.0,213000000.0,0.0,,,,,0.0,34300000.0,1.0,4970194,4970194,,42.855,653300000,0,-5600000.0,0,131.444,193400000
17,MZIAQ,ARQ,2004-09-30,2004-11-09,2004-09-30,2019-04-29,-106400000,673600000,,348300000,325300000,,4.867,-1200000.0,40500000,40500000,146300000.0,-5500000.0,1.742,38.858,251600000,15800000,235800000,251600000,18200000,4900000.0,0,0.0,0.0,1900000.0,6800000.0,0.038,6800000.0,1900000.0,-4700000.0,-2.0,-2.0,-2.0,16900000,,16900000,321601847,-9.0,-24.0,-6100000.0,-1.757,1.0,34200000.0,0.189,83800000,6600000.0,600900000,,128800000,0,0,0,656700000,200000000,456700000,110501847,-1500000.0,0.0,0.0,5700000.0,-1400000.0,4300000.0,-1200000.0,0.0,-4900000.0,300000.0,-5500000.0,-5500000.0,-5500000.0,0.0,0.0,-0.03,31900000.0,2300000.0,69800000,0.0,6.539,-1.487,-1.502,129000000,0.0,30.8,0.146,0.141,126500000,-321600000,180500000.0,180500000.0,0.0,,,,,0.0,30800000.0,1.0,3587722,3472300,3472300.0,51.983,589800000,0,800000.0,0,169.859,148300000
18,MZIAQ,ARQ,2004-06-30,2004-08-09,2004-06-30,2019-04-29,-108800000,678300000,,347700000,330600000,,4.812,-1500000.0,42000000,42000000,156200000.0,-27800000.0,1.773,31.455,242900000,6700000,236200000,242900000,16400000,5100000.0,0,0.0,0.0,-11400000.0,-6300000.0,-0.033,-6300000.0,-11400000.0,-26700000.0,-6.4,-6.4,-6.4,20900000,,20900000,312860310,-3.0,-4.16,-5400000.0,-1.243,1.0,35500000.0,0.185,83100000,15300000.0,600000000,,130000000,0,0,0,657400000,196100000,461300000,111960310,-20000000.0,8000000.0,0.0,-21100000.0,-200000.0,-21300000.0,6500000.0,0.0,-3900000.0,-600000.0,-27800000.0,-27800000.0,-27800000.0,-100000.0,0.0,-0.145,32400000.0,3100000.0,70600000,0.0,5.357,-0.82,-0.811,131400000,0.0,31.3,0.15,0.182,124700000,-314700000,191700000.0,191700000.0,0.0,,,,,0.0,30800000.0,1.0,3577007,4342900,4342900.0,44.141,595200000,0,1100000.0,0,137.051,151600000
19,MZIAQ,ARQ,2004-03-31,2004-05-10,2004-03-31,2019-04-29,-106600000,724800000,,397200000,327600000,,-12.81,-1200000.0,62000000,62000000,156100000.0,-16600000.0,1.046,-17.7,348100000,188400000,159700000,348100000,16600000,5300000.0,0,0.029,0.0,-7600000.0,-2300000.0,-0.012,-2300000.0,-7600000.0,-15500000.0,-4.9,-4.9,-4.9,-43400000,,-43400000,460507296,-5.0,-6.012,-43400000.0,-12.81,1.0,32800000.0,0.174,83300000,7900000.0,547900000,,131100000,0,0,0,768200000,379700000,388500000,174407296,-30800000.0,0.0,0.0,16700000.0,0.0,16700000.0,-1200000.0,0.0,-42200000.0,-600000.0,-16600000.0,-16600000.0,-16600000.0,600000.0,0.0,-0.088,33400000.0,-600000.0,65400000,0.0,-4.019,-0.872,-0.589,135300000,0.0,35.0,0.236,0.161,123000000,-268600000,188900000.0,188900000.0,0.0,,,,,0.0,30900000.0,1.0,4983066,3388000,3388000.0,55.756,641500000,0,1100000.0,0,189.345,17500000
20,MZIAQ,ARQ,2003-12-31,2004-03-15,2003-12-31,2019-04-29,-106700000,711500000,,371300000,340200000,,-9.72,-2300000.0,92800000,92800000,157700000.0,-24400000.0,1.049,-21.988,323400000,159900000,163500000,323400000,15200000,5400000.0,0,0.057,0.0,-17000000.0,-11600000.0,-0.059,-11600000.0,-17000000.0,-23100000.0,-7.2,-7.2,-7.2,-33900000,,-33900000,351975221,-4.0,-4.737,28200000.0,8.085,1.0,40000000.0,0.202,83800000,6100000.0,504200000,,132300000,0,0,0,745400000,354100000,391300000,121375221,30000000.0,0.0,0.0,-300000.0,0.0,-300000.0,-2300000.0,0.0,30500000.0,2600000.0,-24400000.0,-24400000.0,-24400000.0,1500000.0,0.0,-0.123,55500000.0,-15500000.0,67900000,0.0,-3.58,-0.633,-0.611,140800000,0.0,34.8,0.164,0.164,93800000,-252000000,197700000.0,197700000.0,0.0,,,,,0.0,33700000.0,1.0,3487794,3487794,,56.683,627700000,0,1300000.0,0,179.97,17200000
21,MZIAQ,ARQ,2003-09-30,2003-11-13,2003-09-30,2019-04-29,-122500000,717000000,,368400000,348600000,,-7.63,-1000000.0,62800000,62800000,139000000.0,-67700000.0,1.067,-28.899,312500000,158700000,153800000,312500000,12100000,5000000.0,0,0.122,0.0,-60000000.0,-55000000.0,-0.323,-55000000.0,-60000000.0,-65900000.0,-20.1,-20.1,-20.1,-25700000,,-25700000,335008998,-1.0,-1.33,800000.0,0.238,1.0,31200000.0,0.183,95100000,5900000.0,526300000,,136400000,0,0,0,742700000,345300000,397400000,85308998,-4400000.0,4100000.0,0.0,-2200000.0,0.0,-2200000.0,3100000.0,0.0,1800000.0,-800000.0,-67700000.0,-67700000.0,-67700000.0,2000000.0,0.0,-0.398,89200000.0,-58000000.0,66300000,0.0,-3.319,-0.237,-0.228,143000000,0.0,24.5,0.116,0.113,102700000,-227500000,170200000.0,170200000.0,0.0,,,,,0.0,30700000.0,1.0,3482000,3368400,3368400.0,50.528,621900000,0,1800000.0,0,184.628,23100000
22,MZIAQ,ARQ,2003-06-30,2003-08-14,2003-06-30,2019-04-29,-120800000,792400000,,384100000,408300000,,12.884,300000.0,67200000,67200000,153500000.0,-91300000.0,1.089,17.3,315300000,160300000,155000000,315300000,14900000,5600000.0,0,0.164,1.0,-13300000.0,-7700000.0,-0.042,-7700000.0,-13300000.0,-19100000.0,-27.2,-27.2,-27.2,43300000,,43300000,330760327,-2.0,-1.895,-17000000.0,-5.058,1.0,28100000.0,0.155,147600000,5800000.0,540300000,,145200000,0,0,0,749100000,352600000,396500000,82660327,-15100000.0,0.0,0.0,200000.0,-400000.0,-200000.0,300000.0,0.0,-17300000.0,3500000.0,-91300000.0,-91300000.0,-91300000.0,3000000.0,0.0,-0.503,38400000.0,-10300000.0,58800000,-0.037,1.909,-0.297,-0.293,147100000,0.0,24.4,0.112,0.111,94300000,-159900000,181600000.0,181600000.0,0.0,,,,,0.0,34300000.0,1.0,3387718,3360800,3360800.0,54.035,644800000,0,72200000.0,0,191.859,31500000
23,MZIAQ,ARQ,2003-03-31,2003-05-13,2003-03-31,2019-04-29,-126200000,879000000,,405200000,473800000,,38.49,-1000000.0,82300000,82300000,158400000.0,-8300000.0,1.104,5.803,304300000,159400000,144900000,304300000,14900000,5700000.0,0,0.079,1.0,-5800000.0,-100000.0,-0.001,-100000.0,-5800000.0,-11000000.0,-2.5,-2.5,-2.5,129200000,,129200000,392823234,-2.0,-2.08,-6000000.0,-1.787,1.0,31800000.0,0.167,144900000,5200000.0,589100000,,152700000,0,0,0,749800000,367000000,382800000,170823234,-40000000.0,-30900000.0,0.0,-2500000.0,-400000.0,-2900000.0,-31900000.0,0.0,-5000000.0,3500000.0,-8300000.0,-8300000.0,-8300000.0,700000.0,0.0,-0.044,36900000.0,-5100000.0,70400000,-0.4,1.322,-0.783,-0.773,147200000,0.0,50.5,0.23,0.228,91000000,-68200000,190200000.0,190200000.0,0.0,,,,,0.0,30200000.0,1.0,3382638,3356700,3356700.0,56.663,734100000,0,-2700000.0,0,218.697,38200000
24,MZIAQ,ARQ,2002-12-31,2003-03-21,2002-12-31,2019-04-29,-129800000,915700000,,444800000,470900000,,39.678,-2400000.0,122300000,122300000,160100000.0,-193200000.0,1.576,5.834,301500000,46100000,255400000,301500000,17500000,5600000.0,0,0.091,1.0,-194700000.0,-189100000.0,-0.987,-189100000.0,-194700000.0,-199800000.0,-57.8,-57.8,-57.8,134000000,,134000000,327796532,-2.0,-1.683,11200000.0,3.316,1.0,31400000.0,0.164,143300000,5100000.0,669400000,,147600000,0,0,0,781700000,282200000,499500000,148596532,8100000.0,-7300000.0,0.0,-1000000.0,-400000.0,-1400000.0,-9700000.0,0.0,13600000.0,4200000.0,-193200000.0,-193200000.0,-193200000.0,6500000.0,0.0,-1.009,32500000.0,-1100000.0,68800000,-0.017,1.109,-0.667,-0.66,149800000,0.0,44.0,0.214,0.214,89300000,-59500000,191500000.0,191500000.0,0.0,,,,,0.0,30200000.0,1.0,3377194,3377194,,56.704,772400000,0,-6600000.0,0,228.711,162600000
25,MZIAQ,ARQ,2002-09-30,2002-11-13,2002-09-30,2019-04-29,-32500000,1116800000,,487500000,629300000,,126.746,900000.0,114200000,114200000,141700000.0,14500000.0,1.688,1.63,296200000,46900000,249300000,296200000,20400000,6100000.0,0,0.08,1.0,16300000.0,22400000.0,0.129,22400000.0,16300000.0,9800000.0,4.3,4.3,4.3,424700000,,424700000,350061743,-6.0,-18.328,3400000.0,1.015,1.0,31600000.0,0.182,365700000,6500000.0,644300000,,151900000,0,0,0,692100000,288800000,403300000,168061743,38900000.0,308800000.0,0.0,-266700000.0,-400000.0,-267100000.0,309700000.0,0.0,2500000.0,-300000.0,14500000.0,14500000.0,14500000.0,-19000000.0,0.0,0.084,34100000.0,-2500000.0,60300000,0.233,0.396,-3.257,-3.213,148700000,0.0,49.8,0.178,0.177,95500000,134100000,173300000.0,173300000.0,0.0,,,,,0.0,31000000.0,1.0,3374734,3350800,3350800.0,51.719,751100000,0,-4700000.0,0,224.155,198700000
26,MZIAQ,ARQ,2002-06-30,2002-08-13,2002-06-30,2019-04-29,-29500000,1476900000,,778100000,698800000,,123.492,200000.0,75300000,75300000,155200000.0,-31100000.0,1.977,2.572,566400000,50200000,516200000,566400000,14800000,6600000.0,0,0.059,1.0,-28700000.0,-22100000.0,-0.118,-22100000.0,-28700000.0,-35300000.0,-9.3,-9.3,-9.3,413500000,,413500000,730350838,-7.0,-13.626,5000000.0,1.493,1.0,32600000.0,0.174,395400000,6600000.0,1179000000,,176300000,0,0,0,1063400000,393600000,669800000,239250838,-24300000.0,0.0,0.0,-22800000.0,-400000.0,-23200000.0,200000.0,0.0,4800000.0,2300000.0,-31100000.0,-31100000.0,-31100000.0,21900000.0,0.0,-0.166,39200000.0,-6600000.0,64100000,-0.108,0.579,-2.831,-2.802,181500000,0.0,70.9,0.225,0.223,89000000,120100000,187800000.0,187800000.0,0.0,,,,,0.0,33500000.0,1.0,3374483,3348400,3348400.0,56.086,1081500000,0,-4200000.0,0,322.99,384500000
27,MZIAQ,ARQ,2002-03-31,2002-05-14,2002-03-31,2019-04-29,-54100000,1471800000,,631600000,840200000,,125.808,0.0,108300000,108300000,229400000.0,-13100000.0,1.847,2.503,586200000,84900000,501300000,586200000,18500000,11000000.0,0,0.035,1.0,-11100000.0,-100000.0,0.0,-100000.0,-11100000.0,-20400000.0,-3.9,-3.9,-3.9,420200000,,420200000,906366022,-13.0,-73.094,12800000.0,3.832,1.0,46000000.0,0.167,410600000,9300000.0,1197100000,,295800000,0,0,0,1051600000,342000000,709600000,428466022,-2100000.0,-1900000.0,400000.0,-12100000.0,-400000.0,-12100000.0,-1900000.0,0.0,12800000.0,-900000.0,-13100000.0,-13100000.0,-13100000.0,0.0,0.0,-0.048,57100000.0,-11100000.0,90400000,-0.256,1.02,-8.192,-8.096,280200000,0.0,127.1,0.357,0.354,152800000,151600000,275400000.0,275400000.0,0.0,,,,,0.0,55800000.0,1.0,3371094,3340000,3340000.0,82.455,1061200000,0,-7300000.0,0,317.725,289600000
28,MZIAQ,ARQ,2001-12-31,2002-03-20,2001-12-31,2019-04-29,-51000000,1512300000,,660000000,852300000,,129.318,-7300000.0,110400000,110400000,256700000.0,-21900000.0,1.865,2.477,603600000,90300000,513300000,603600000,17400000,14600000.0,0,0.031,1.0,-33900000.0,-19300000.0,-0.063,-19300000.0,-33900000.0,-44000000.0,-6.6,-6.6,-6.6,434900000,,434900000,998325859,-23.0,59.78,34500000.0,10.259,1.0,48800000.0,0.16,410800000,10100000.0,1240900000,,318500000,0,0,0,1077400000,353800000,723600000,505125859,47200000.0,0.0,0.0,13800000.0,-400000.0,13400000.0,-7300000.0,0.0,41800000.0,-700000.0,-21900000.0,-21900000.0,-21900000.0,0.0,0.0,-0.072,78900000.0,-30100000.0,92700000,-0.152,1.161,-14.149,-13.907,295500000,0.0,150.2,0.4,0.4,155100000,165000000,305500000.0,305500000.0,0.0,,,,,0.0,61100000.0,1.0,3363022,3363022,,90.841,1101500000,0,-22100000.0,0,327.533,306200000
29,MZIAQ,ARQ,2001-09-30,2001-11-14,2001-09-30,2019-04-29,-50800000,1502400000,,672300000,830100000,,137.041,-6600000.0,63200000,63200000,248300000.0,-18400000.0,1.835,2.292,594200000,112800000,481400000,594200000,11900000,14600000.0,0,0.036,1.2,-26700000.0,-12100000.0,-0.041,-12100000.0,-26700000.0,-36700000.0,-5.5,-5.5,-5.5,456400000,,456400000,976091230,38.0,11.62,13600000.0,4.084,1.0,46600000.0,0.158,410500000,10000000.0,1256500000,,373300000,0,0,0,1046000000,366400000,679600000,445091230,26500000.0,0.0,0.0,16000000.0,-4100000.0,11900000.0,-6600000.0,0.0,20200000.0,1000000.0,-18400000.0,-18400000.0,-18400000.0,0.0,0.0,-0.062,69600000.0,-23000000.0,101200000,-0.218,0.975,54.279,60.455,306600000,0.0,133.0,0.331,0.329,170400000,187400000,294900000.0,294900000.0,0.0,,,,,0.0,60600000.0,1.0,3346551,3330400,3330400.0,88.548,1091900000,0,-18300000.0,0,327.859,305900000
30,MZIAQ,ARQ,2001-06-30,2001-08-13,2001-06-30,2019-04-29,-54900000,1483600000,,666200000,817400000,,142.077,-5500000.0,36700000,36700000,253800000.0,1100000.0,1.657,2.133,566500000,155600000,410900000,566500000,14100000,15300000.0,0,0.027,1.2,3800000.0,19100000.0,0.059,19100000.0,3800000.0,-5800000.0,0.3,0.3,0.3,473500000,,473500000,1126963046,13.0,7.615,6900000.0,2.07,1.0,69400000.0,0.215,412300000,9600000.0,1199100000,,392100000,0,0,0,1010100000,402000000,608100000,597163046,6000000.0,-28600000.0,0.0,32000000.0,-4100000.0,27900000.0,-34100000.0,0.0,12400000.0,-200000.0,1100000.0,1100000.0,1100000.0,0.0,0.0,0.003,63000000.0,6400000.0,101700000,4.0,1.261,13.241,13.769,307800000,0.0,179.0,0.413,0.413,181500000,209800000,323200000.0,323200000.0,0.0,,,,,0.0,63000000.0,1.0,3336106,3332700,3332700.0,96.978,1071300000,0,-6900000.0,0,321.451,264200000
31,MZIAQ,ARQ,2001-03-31,2001-05-01,2001-03-31,2019-04-29,-53500000,1479200000,,675200000,804000000,,142.866,-6300000.0,30700000,30700000,259600000.0,3500000.0,1.563,2.098,539500000,163400000,376100000,539500000,17200000,14700000.0,0,0.025,1.2,14300000.0,29000000.0,0.086,29000000.0,14300000.0,4700000.0,1.0,1.0,1.0,477500000,,477500000,1137015889,9.0,6.381,-67900000.0,-20.315,1.0,79500000.0,0.234,410100000,9600000.0,1145900000,,392900000,0,0,0,1001700000,432000000,569700000,628215889,-10500000.0,0.0,-3700000.0,65700000.0,-4000000.0,58000000.0,-6300000.0,0.0,-61600000.0,-600000.0,3500000.0,3500000.0,3500000.0,0.0,0.0,0.01,63000000.0,16500000.0,110900000,1.2,1.316,10.35,10.845,298900000,0.0,188.7,0.412,0.413,199700000,212700000,339100000.0,339100000.0,0.0,,,,,0.0,63000000.0,1.0,3329178,3342300,3342300.0,101.457,1069100000,0,1200000.0,0,319.87,243200000
32,MZIAQ,ARQ,2000-12-31,2001-03-21,2000-12-31,2019-04-29,-49700000,1464900000,,656000000,808900000,,145.228,-13400000.0,41200000,41200000,289000000.0,22000000.0,1.615,2.024,476600000,94000000,382600000,476600000,25900000,13800000.0,0,0.025,1.2,34200000.0,48000000.0,0.123,48000000.0,34200000.0,24300000.0,6.4,6.5,6.4,484400000,,484400000,1068135946,8.0,5.461,33000000.0,9.894,1.0,99800000.0,0.257,413700000,9900000.0,1080500000,,367100000,0,0,0,980500000,406100000,574400000,632735946,14000000.0,-2900000.0,-17100000.0,5000000.0,-4100000.0,-16200000.0,-16300000.0,0.0,46400000.0,100000.0,22000000.0,22000000.0,22000000.0,0.0,0.0,0.057,65700000.0,34100000.0,127300000,0.188,1.306,8.752,9.209,305500000,0.0,189.7,0.399,0.399,199500000,213300000,388800000.0,388800000.0,0.0,,,,,0.0,63600000.0,1.0,3335456,3335456,,116.566,1051200000,0,2300000.0,0,315.159,249900000
33,MZIAQ,ARQ,2000-09-30,2000-11-13,2000-09-30,2019-04-29,-51000000,1451300000,,654800000,796500000,,138.474,-7500000.0,27200000,27200000,292000000.0,18500000.0,1.603,2.022,467000000,92500000,374500000,467000000,28200000,14400000.0,0,0.03,1.2,37500000.0,51900000.0,0.132,51900000.0,37500000.0,27000000.0,5.3,5.3,5.3,480200000,,480200000,978156736,7.0,4.862,22900000.0,6.604,1.0,102000000.0,0.259,414400000,10500000.0,1068200000,,373000000,0,0,0,971100000,408500000,562600000,538356736,-6200000.0,13700000.0,-7400000.0,-30400000.0,-4200000.0,-42000000.0,6200000.0,0.0,30400000.0,-800000.0,18500000.0,18500000.0,18500000.0,0.0,0.0,0.047,64900000.0,37100000.0,116600000,0.226,1.121,7.415,7.882,297300000,0.0,160.0,0.329,0.34,202900000,195400000,394000000.0,394000000.0,0.0,,,,,0.0,65800000.0,1.0,3364730,3467800,3467800.0,113.617,1036900000,0,8500000.0,0,299.008,246300000
34,MZIAQ,ARQ,2000-06-30,2000-08-14,2000-06-30,2019-04-29,-45600000,1497600000,,689200000,808400000,,134.639,-8900000.0,33400000,33400000,299100000.0,16700000.0,1.515,2.129,508300000,135100000,373200000,508300000,25800000,15000000.0,0,0.031,1.2,34300000.0,49300000.0,0.122,49300000.0,34300000.0,24500000.0,4.7,4.7,4.7,478600000,,478600000,1008491564,7.0,5.096,11100000.0,3.123,1.0,105400000.0,0.261,414900000,9800000.0,1102700000,,377900000,0,0,0,1019000000,454900000,564100000,533591564,-13200000.0,-6600000.0,-11600000.0,-1400000.0,-4300000.0,-17300000.0,-15500000.0,0.0,20000000.0,-400000.0,16700000.0,16700000.0,16700000.0,0.0,0.0,0.041,67600000.0,37800000.0,120300000,0.255,1.115,7.463,7.773,309900000,0.0,153.125,0.327,0.333,226100000,181100000,404500000.0,404500000.0,0.0,,,,,0.0,67300000.0,1.0,3484680,3554700,3554700.0,113.793,1082700000,0,7800000.0,0,304.583,234300000
35,MZIAQ,ARQ,2000-03-31,2000-05-12,2000-03-31,2019-04-29,-42300000,1505100000,,697200000,807900000,,133.486,-7200000.0,46600000,46600000,294000000.0,15100000.0,1.255,2.112,509400000,233300000,276100000,509400000,31300000,15200000.0,0,0.029,1.2,31200000.0,46400000.0,0.117,46400000.0,31200000.0,21900000.0,4.2,4.1,4.2,483700000,,483700000,1062083812,8.0,5.472,-8200000.0,-2.263,1.0,102900000.0,0.259,415000000,9300000.0,997500000,,373800000,0,0,0,1021400000,555400000,466000000,599283812,-34700000.0,0.0,-12300000.0,-9100000.0,-4400000.0,-25800000.0,-7200000.0,0.0,-1000000.0,-700000.0,15100000.0,15100000.0,15100000.0,0.0,0.0,0.038,67400000.0,35500000.0,126100000,0.286,1.239,8.549,8.724,314700000,0.0,167.5,0.368,0.372,228700000,168600000,396900000.0,396900000.0,0.0,,,,,0.0,66200000.0,1.0,3577814,3623600,3623600.0,109.532,1090100000,0,6800000.0,0,300.833,141800000
36,MZIAQ,ARQ,1999-12-31,2000-03-07,1999-12-31,2019-04-29,-35400000,1536700000,,717600000,819100000,,135.629,-8400000.0,81300000,81300000,324000000.0,22300000.0,1.289,2.13,522800000,224700000,298100000,522800000,28800000,14600000.0,0,0.035,1.2,39000000.0,53600000.0,0.122,53600000.0,39000000.0,28900000.0,6.1,6.1,6.1,490900000,,490900000,939171281,7.0,4.866,28900000.0,7.985,1.0,114700000.0,0.261,419600000,10100000.0,1001700000,,373400000,0,0,0,1045800000,556900000,488900000,497671281,40100000.0,39400000.0,-3200000.0,-18700000.0,-4500000.0,-26400000.0,31000000.0,0.0,37300000.0,-1800000.0,22300000.0,22300000.0,22300000.0,0.0,0.0,0.051,72900000.0,41800000.0,130700000,0.197,1.014,7.099,7.237,323200000,0.0,137.5,0.306,0.306,217300000,158000000,438700000.0,438700000.0,0.0,,,,,0.0,69800000.0,1.0,3619428,3619428,,121.207,1117100000,0,6600000.0,0,308.64,160700000
37,MZIAQ,ARQ,1999-09-30,1999-11-15,1999-09-30,2019-04-29,-28800000,1542800000,,708600000,834200000,,130.508,-4700000.0,41200000,41200000,290500000.0,17400000.0,1.278,2.196,549000000,228900000,320100000,549000000,30500000,14900000.0,0,0.032,1.2,33700000.0,48600000.0,0.124,48600000.0,33700000.0,24200000.0,4.7,4.7,4.7,482800000,,482800000,1056054589,8.0,5.441,33500000.0,9.056,1.0,102500000.0,0.261,422600000,9500000.0,1073400000,,401100000,0,0,0,1060000000,554600000,505400000,548254589,5400000.0,-35800000.0,100000.0,12100000.0,-4500000.0,7700000.0,-40500000.0,0.0,38200000.0,0.0,17400000.0,17400000.0,17400000.0,0.0,0.0,0.044,64300000.0,38200000.0,126800000,0.255,1.136,7.679,4.6,342900000,0.0,148.125,0.338,0.338,218300000,140200000,393000000.0,393000000.0,0.0,,,,,0.0,64300000.0,1.0,3701297,3699400,3699400.0,106.233,1120200000,0,6800000.0,0,302.806,154000000
38,MZIAQ,ARQ,1999-06-30,1999-08-12,1999-06-30,2019-04-29,-34000000,1500500000,,697100000,803400000,,125.669,-13500000.0,35800000,35800000,298700000.0,15300000.0,1.325,2.229,533400000,209000000,324400000,533400000,27200000,14100000.0,0,0.019,1.2,31400000.0,45500000.0,0.113,45500000.0,31400000.0,22000000.0,4.2,4.1,4.2,464700000,,464700000,1203143881,12.0,7.838,-1300000.0,-0.352,1.0,102300000.0,0.255,387400000,9400000.0,1084700000,,395100000,0,0,0,1035800000,526000000,509800000,705543881,-1800000.0,5900000.0,-1100000.0,-800000.0,-4500000.0,-6400000.0,-7600000.0,0.0,12200000.0,0.0,15300000.0,15300000.0,15300000.0,0.0,0.0,0.038,68400000.0,33900000.0,128800000,0.286,1.518,21.124,10.893,342200000,0.0,190.625,0.446,0.446,219500000,127300000,401000000.0,401000000.0,0.0,,,,,0.0,68400000.0,1.0,3701214,3697800,3697800.0,108.443,1113100000,0,6700000.0,0,301.017,171100000
39,MZIAQ,ARQ,1999-03-31,1999-05-14,1999-03-31,2019-04-29,-26800000,1526100000,,717600000,808500000,,122.96,-14800000.0,37600000,37600000,288400000.0,15100000.0,1.315,2.31,541200000,211300000,329900000,541200000,32500000,14700000.0,0,0.011,1.2,30600000.0,45300000.0,0.116,45300000.0,30600000.0,21400000.0,4.0,4.0,4.0,461100000,,461100000,1343515072,13.0,8.418,-13100000.0,-3.493,1.0,103600000.0,0.264,389700000,9200000.0,1094100000,,404800000,0,0,0,1065000000,545900000,519100000,839915072,-11300000.0,-7300000.0,-17700000.0,31400000.0,-4600000.0,9100000.0,-22100000.0,0.0,1700000.0,0.0,15100000.0,15100000.0,15100000.0,0.0,0.0,0.039,70400000.0,33200000.0,136700000,0.3,1.822,21.536,12.198,346000000,0.0,226.875,0.503,0.509,222500000,116500000,392000000.0,392000000.0,0.0,,,,,0.0,70400000.0,1.0,3702105,3750000,3750000.0,104.533,1136400000,0,6300000.0,0,303.04,171700000
40,MZIAQ,ARQ,1998-12-31,1999-03-29,1998-12-28,2019-04-29,-14400000,1557100000,,730500000,826600000,,127.802,-28800000.0,48900000,48900000,313100000.0,23600000.0,1.326,2.267,520900000,185200000,335700000,520900000,31700000,13600000.0,0,0.015,1.2,41100000.0,54700000.0,0.126,54700000.0,41100000.0,32100000.0,19.3,-2.4,19.3,476600000,,476600000,1064011024,11.0,6.747,33400000.0,8.956,1.0,122500000.0,0.281,397600000,9000000.0,1080600000,,401000000,0,0,0,1080500000,550900000,529600000,592011024,7100000.0,158900000.0,-19400000.0,-161200000.0,-4600000.0,-185200000.0,130100000.0,0.0,62200000.0,0.0,23600000.0,23600000.0,23600000.0,0.0,0.0,0.054,77400000.0,45100000.0,155200000,0.062,1.242,14.265,14.976,350900000,0.0,158.75,0.391,0.391,226100000,106000000,435600000.0,435600000.0,0.0,,,,,0.0,77400000.0,1.0,3729203,3729203,,116.808,1159500000,0,8500000.0,0,310.924,179600000
41,MZIAQ,ARQ,1998-09-30,1998-11-16,1998-09-30,2019-04-29,-15500000,1690400000,,898000000,792400000,,123.155,-22300000.0,41800000,41800000,252200000.0,-20600000.0,1.322,2.524,668100000,333300000,334800000,668100000,31400000,14600000.0,0,0.0,0.0,-6600000.0,8000000.0,0.023,8000000.0,-6600000.0,-14000000.0,-10.0,4.7,-10.0,479700000,,479700000,1393005176,,,-35800000.0,-9.191,1.0,99900000.0,0.284,394400000,7400000.0,1242900000,,376200000,0,0,0,1210700000,679400000,531300000,766705176,11500000.0,-192700000.0,-7700000.0,252500000.0,-4800000.0,240000000.0,-215000000.0,0.0,-13500000.0,0.0,-20600000.0,-20600000.0,-20600000.0,39100000.0,0.0,-0.059,64500000.0,35400000.0,124100000,0.0,1.598,,,328100000,0.0,199.375,,,235100000,87000000,352100000.0,352100000.0,0.0,,,,,0.0,64500000.0,1.0,3845543,3895100,3914900.0,90.396,1296000000,0,6600000.0,0,332.726,218600000
42,MZIAQ,ARQ,1998-06-30,1998-08-12,1998-06-30,2019-04-29,-41100000,1464600000,,795400000,669200000,,124.289,-17000000.0,30300000,30300000,363600000.0,20900000.0,1.674,2.006,408300000,98100000,310200000,408300000,38300000,14800000.0,0,0.0,0.0,36800000.0,51600000.0,0.105,51600000.0,36800000.0,29600000.0,5.3,5.2,5.3,487200000,,487200000,1260572693,,,-8500000.0,-2.168,1.0,127000000.0,0.259,242800000,7200000.0,1124600000,,434400000,0,0,0,977400000,475200000,502200000,882572693,-12700000.0,-8000000.0,-2800000.0,11400000.0,-4800000.0,3800000.0,-25000000.0,0.0,8500000.0,0.0,20900000.0,20900000.0,20900000.0,0.0,0.0,0.043,83900000.0,43100000.0,148600000,0.0,1.812,,,349200000,0.0,225.0,,,268100000,112400000,490600000.0,490600000.0,0.0,,,,,0.0,83900000.0,1.0,3922545,3919900,3973900.0,125.156,1221800000,0,8700000.0,0,311.692,320200000
43,MZIAQ,ARQ,1998-03-31,1998-05-13,1998-03-31,2019-04-29,-37300000,1421300000,,770500000,650800000,,121.996,-10900000.0,43000000,43000000,356500000.0,17600000.0,1.694,1.975,392500000,88900000,303600000,392500000,34100000,14400000.0,0,0.0,0.0,32100000.0,46500000.0,0.097,46500000.0,32100000.0,25000000.0,4.5,4.4,4.5,477700000,,477700000,1522859547,,,16800000.0,4.29,1.0,120900000.0,0.253,236200000,7100000.0,1079800000,,408500000,0,0,0,943600000,454800000,488800000,1173359547,17300000.0,-12500000.0,-4700000.0,22500000.0,-4800000.0,13000000.0,-23400000.0,0.0,27700000.0,0.0,17600000.0,17600000.0,17600000.0,0.0,0.0,0.037,84300000.0,36600000.0,152800000,0.0,2.456,,,341500000,0.0,296.875,,,253600000,96300000,477400000.0,477400000.0,0.0,,,,,0.0,84300000.0,1.0,3952369,3915700,3970800.0,121.919,1185100000,0,7400000.0,0,302.653,315700000
44,MZIAQ,ARQ,1997-12-31,1998-03-19,1997-12-31,2019-04-29,-35000000,1392500000,,751100000,641400000,,119.296,,25700000,25700000,,,1.766,1.951,371700000,67500000,304200000,371700000,35700000,,0,0.0,0.0,,,,,,,,,,471900000,,471900000,1552492587,12.0,8.587,,,1.0,,,231100000,,1082000000,,390400000,0,0,0,920600000,425400000,495200000,1206492587,,,,,,,,,,,,,,,,,,,153700000,,2.557,14.969,15.025,343100000,,305.0,0.636,0.636,275000000,83500000,,,,,,,,,,1.0,3955713,3955713,,,1161400000,0,,0,293.601,325700000
0,MZIAQ,ART,2008-09-30,2008-11-06,2008-09-30,2019-04-29,-48800000,586100000,616450000.0,356400000,229700000,1.347,-11.859,-9700000.0,32500000,32500000,656200000.0,-84300000.0,1.52,-10.393,285700000,40200000,245500000,285700000,27600000,14700000.0,0,0.0,0.0,7400000.0,22100000.0,0.027,22100000.0,7400000.0,-25000000.0,-18.45,-18.45,-18.45,-62400000,-50725000.0,-62400000,255130642,34.0,11.544,-28800000.0,-5.473,1.0,173900000.0,0.209,90300000,32400000.0,514600000,528450000.0,185100000,0,0,0,648500000,234400000,414100000,1930642,-5000000.0,0.0,0.0,23300000.0,-100000.0,23200000.0,-9700000.0,0.0,-19100000.0,600000.0,-93600000.0,-93600000.0,-93600000.0,-1000000.0,9300000.0,-0.113,158200000.0,15700000.0,81100000,0.0,-0.031,-0.021,-0.017,101900000,0.0,0.32,0.002,0.002,106400000,-497900000,830100000.0,830100000.0,0.0,-0.152,1.845,0.014,0.009,0.0,145000000.0,1.0,6033257,5262000,,157.754,495800000,0,68600000.0,0,94.223,122000000
1,MZIAQ,ART,2008-06-30,2008-08-07,2008-06-30,2019-04-29,-38800000,636300000,639900000.0,396500000,239800000,1.311,-9.186,-10000000.0,39500000,39500000,663400000.0,-86200000.0,1.614,-14.174,287900000,41600000,246300000,287900000,26400000,15200000.0,0,0.0,0.0,3900000.0,19100000.0,0.023,19100000.0,3900000.0,-28100000.0,-18.88,-18.88,-18.88,-48300000,-39525000.0,-48300000,254598076,65.0,13.33,-15300000.0,-2.91,1.0,175400000.0,0.209,93000000,32000000.0,546100000,545225000.0,198800000,0,0,0,684600000,245600000,439000000,6198076,8200000.0,0.0,0.0,19800000.0,-200000.0,19600000.0,-10000000.0,0.0,-5300000.0,3900000.0,-95500000.0,-95500000.0,-95500000.0,-1000000.0,9300000.0,-0.114,163200000.0,12200000.0,94000000,0.0,-0.128,-0.065,-0.06,107200000,0.0,1.13,0.007,0.007,126000000,-493000000,838800000.0,838800000.0,0.0,-0.149,2.416,0.007,0.005,0.0,148300000.0,1.0,5485023,5258000,,159.528,543300000,0,67400000.0,0,103.328,150900000
2,MZIAQ,ART,2008-03-31,2008-05-09,2008-03-31,2019-04-29,-37800000,640500000,644575000.0,397600000,242900000,1.273,-8.188,-10400000.0,36800000,36800000,654500000.0,-83200000.0,1.657,-15.965,277400000,30600000,246800000,277400000,31100000,15700000.0,0,0.0,0.0,300000.0,16000000.0,0.02,16000000.0,300000.0,-31400000.0,-18.34,-18.34,-18.34,-42800000,-33650000.0,-42800000,253263163,844.0,15.829,-13200000.0,-2.525,1.0,165900000.0,0.202,93500000,31700000.0,547700000,555300000.0,193400000,0,0,0,683300000,239900000,443400000,12663163,2300000.0,0.0,0.0,11000000.0,-200000.0,10800000.0,-10400000.0,0.0,-2800000.0,4700000.0,-92500000.0,-92500000.0,-92500000.0,-1300000.0,9300000.0,-0.113,157600000.0,8300000.0,90400000,0.0,-0.296,-0.137,-0.125,109900000,0.0,2.3,0.015,0.015,133400000,-487500000,820400000.0,820400000.0,0.0,-0.144,2.749,0.001,0.0,0.0,145300000.0,1.0,5505723,5227000,,156.954,547000000,0,61100000.0,0,104.649,157700000
3,MZIAQ,ART,2007-12-31,2008-03-25,2007-12-31,2019-04-29,-52500000,602900000,644650000.0,370000000,232900000,1.253,-8.993,-9300000.0,40800000,40800000,645100000.0,-87100000.0,1.629,-13.204,260900000,29000000,231900000,260900000,29400000,16100000.0,0,0.0,0.0,-3300000.0,12800000.0,0.016,12800000.0,-3300000.0,-34700000.0,-19.25,-19.25,-19.25,-49400000,-30150000.0,-49400000,233887990,-71.0,18.272,300000.0,0.055,1.0,162800000.0,0.202,90500000,31400000.0,505400000,562075000.0,179700000,0,0,0,652300000,227100000,425200000,13787990,2300000.0,0.0,0.0,-600000.0,-200000.0,-800000.0,-9300000.0,0.0,9600000.0,2800000.0,-96400000.0,-96400000.0,-96400000.0,-1200000.0,9300000.0,-0.119,158000000.0,4800000.0,92100000,0.0,-0.279,-0.143,-0.13,106400000,0.0,2.51,0.017,0.017,114600000,-478300000,807900000.0,807900000.0,0.0,-0.15,3.197,-0.006,-0.004,0.0,144600000.0,1.0,5493223,5493223,,147.072,512400000,0,61700000.0,0,93.279,142900000
4,MZIAQ,ART,2007-09-30,2007-11-07,2007-09-30,2019-04-29,-93000000,679900000,656550000.0,391800000,288100000,1.201,-3.519,-8500000.0,37500000,37500000,636100000.0,-24000000.0,1.675,-39.631,263900000,31400000,232500000,263900000,28100000,16300000.0,0,0.0,0.0,-6600000.0,9700000.0,0.012,9700000.0,-6600000.0,-37900000.0,-30.96,-30.96,-30.96,-17600000,-23125000.0,-17600000,262075112,-40.0,27.018,-9300000.0,-1.859,1.0,152700000.0,0.194,90700000,31300000.0,581700000,578900000.0,184500000,0,0,0,697500000,233900000,463600000,35675112,1800000.0,0.0,0.0,8200000.0,-300000.0,7900000.0,-8500000.0,0.0,-800000.0,3200000.0,-33400000.0,-33400000.0,-33400000.0,-300000.0,9400000.0,-0.042,148400000.0,4300000.0,89000000,0.0,-2.027,-1.068,-0.208,112100000,0.0,6.43,0.045,0.041,122500000,-404300000,788800000.0,788800000.0,0.0,-0.051,1.444,-0.011,-0.008,0.0,137700000.0,1.0,5548229,5002000,,157.697,589200000,0,-4500000.0,0,117.793,157900000
5,MZIAQ,ART,2007-06-30,2007-08-06,2007-06-30,2019-04-29,-105000000,655000000,652100000.0,367600000,287400000,1.218,-5.036,-6800000.0,31300000,31300000,642500000.0,-26700000.0,1.703,-27.411,266900000,34400000,232500000,266900000,27000000,16600000.0,0,0.0,0.0,-9100000.0,7500000.0,0.009,7500000.0,-9100000.0,-39200000.0,-31.6,-31.6,-31.6,-24800000,-24200000.0,-24800000,269474993,-30.0,35.93,-32900000.0,-6.68,1.0,151700000.0,0.191,88400000,30100000.0,586400000,579525000.0,173100000,0,0,0,679800000,215800000,464000000,33874993,-10600000.0,0.0,0.0,20700000.0,-200000.0,20500000.0,-6800000.0,0.0,-26100000.0,1800000.0,-36100000.0,-36100000.0,-36100000.0,-300000.0,9400000.0,-0.045,149900000.0,1800000.0,78400000,0.0,-1.366,-0.938,-0.195,110800000,0.0,6.15,0.043,0.038,115500000,-397500000,794200000.0,794200000.0,0.0,-0.055,1.492,-0.016,-0.011,0.0,137900000.0,1.0,5508129,4925000,,161.259,566600000,0,-3100000.0,0,115.046,151800000
6,MZIAQ,ART,2007-03-31,2007-05-07,2007-03-31,2019-04-29,-109900000,640800000,659500000.0,358400000,282400000,1.225,-58.812,-8700000.0,34500000,34500000,654700000.0,-40900000.0,1.719,-23.25,264700000,32100000,232600000,264700000,24800000,16700000.0,0,0.0,0.0,-17400000.0,-700000.0,-0.001,-700000.0,-17400000.0,-47500000.0,-34.5,-34.5,-34.5,-28800000,-22900000.0,-28800000,233877946,-13.0,-334.111,-38900000.0,-79.436,1.0,153300000.0,0.19,87700000,30100000.0,574800000,583475000.0,171600000,0,0,0,669600000,208500000,461100000,3677946,-10100000.0,0.0,0.0,26100000.0,-300000.0,25800000.0,-8700000.0,0.0,-30200000.0,3000000.0,-50200000.0,-50200000.0,-50200000.0,0.0,9300000.0,-0.062,159600000.0,-6300000.0,69600000,0.0,-0.128,-0.073,-0.191,112500000,0.0,6.6,0.005,0.004,109300000,-395000000,808000000.0,808000000.0,0.0,-0.076,2.192,-0.03,-0.022,0.0,141300000.0,1.0,557265,489700,,1649.99,553100000,0,2700000.0,0,1129.467,149900000
7,MZIAQ,ART,2006-12-31,2007-03-09,2006-12-31,2019-04-29,-113600000,650500000,670300000.0,365600000,284900000,1.223,-4.052,-10900000.0,38500000,38500000,668700000.0,-39700000.0,1.72,-31.54,260500000,27700000,232800000,260500000,24400000,16800000.0,0,0.0,0.0,-16500000.0,300000.0,0.0,300000.0,-16500000.0,-46500000.0,-10.2,-10.2,-10.2,-21300000,-18550000.0,-21300000,259845320,-16.0,866.151,-30100000.0,-5.726,1.0,151400000.0,0.185,87300000,30000000.0,572700000,588625000.0,170700000,0,0,0,671800000,212500000,459300000,37845320,-7200000.0,0.0,0.0,19600000.0,-200000.0,19400000.0,-10900000.0,0.0,-19200000.0,3500000.0,-49100000.0,-49100000.0,-49100000.0,-100000.0,9400000.0,-0.06,156800000.0,-5400000.0,77800000,0.0,-1.777,-0.771,-0.706,114300000,0.0,7.2,0.046,0.046,114500000,-381900000,820100000.0,820100000.0,0.0,-0.073,2.647,-0.028,-0.02,0.0,140200000.0,1.0,5256295,5256295,,156.022,563200000,0,2600000.0,0,107.148,153100000
8,MZIAQ,ART,2006-09-30,2006-11-07,2006-09-30,2019-04-29,-123900000,662100000,675575000.0,374400000,287700000,1.243,-4.523,-13400000.0,35700000,35700000,684200000.0,-25300000.0,1.777,-31.233,254600000,22400000,232200000,254600000,22900000,17400000.0,0,0.0,0.0,-7100000.0,10300000.0,0.012,10300000.0,-7100000.0,-36800000.0,-7.0,-7.0,-7.0,-21900000,-14500000.0,-21900000,263509778,-37.0,25.583,-28500000.0,-5.886,1.0,155500000.0,0.185,86100000,29700000.0,584200000,595500000.0,178500000,0,0,0,684000000,210700000,473300000,44609778,-12600000.0,0.0,0.0,15800000.0,-1600000.0,14200000.0,-13400000.0,0.0,-15100000.0,1700000.0,-33900000.0,-33900000.0,-33900000.0,-1200000.0,8600000.0,-0.04,155200000.0,300000.0,77000000,0.0,-2.037,-1.316,-1.229,114000000,0.0,8.6,0.053,0.05,118200000,-370900000,839700000.0,839700000.0,0.0,-0.05,2.338,-0.012,-0.008,0.0,143100000.0,1.0,5187184,4842400,,173.406,576000000,0,-2900000.0,0,118.949,163700000
9,MZIAQ,ART,2006-06-30,2006-08-08,2006-06-30,2019-04-29,-129900000,684600000,681250000.0,381900000,302700000,1.206,-4.065,-16500000.0,41900000,41900000,671600000.0,-25000000.0,1.909,-35.929,245600000,13000000,232600000,245600000,19100000,17600000.0,0,0.0,0.0,-5400000.0,12200000.0,0.015,12200000.0,-5400000.0,-36000000.0,-6.8,-6.8,-6.8,-19600000,-5450000.0,-19600000,254598290,-47.0,20.869,-2100000.0,-0.436,1.0,149700000.0,0.182,86100000,30600000.0,602200000,599125000.0,176700000,0,0,0,704200000,200000000,504200000,50898290,4500000.0,300000.0,0.0,7500000.0,-3200000.0,4300000.0,-16200000.0,0.0,14400000.0,2000000.0,-32800000.0,-32800000.0,-32800000.0,-1900000.0,7800000.0,-0.04,149200000.0,500000.0,83800000,0.0,-2.597,-1.552,-1.456,117100000,0.0,9.9,0.062,0.058,119900000,-361400000,821300000.0,821300000.0,0.0,-0.048,6.018,-0.009,-0.007,0.0,139100000.0,1.0,5141241,4821600,,170.338,598500000,0,-3200000.0,0,124.129,181900000
10,MZIAQ,ART,2006-03-31,2006-05-09,2006-03-31,2019-04-29,-137000000,684000000,680700000.0,378100000,305900000,1.203,-2.374,-12500000.0,44600000,44600000,671800000.0,-14500000.0,1.915,-61.0,237700000,4800000,232900000,237700000,25300000,18000000.0,0,0.0,0.0,5100000.0,23100000.0,0.028,23100000.0,5100000.0,-24600000.0,-4.5,-4.5,-4.5,-11400000,4600000.0,-11400000,259412282,51.0,11.23,7200000.0,1.499,1.0,147200000.0,0.18,84300000,29700000.0,595400000,602350000.0,169000000,0,0,0,695400000,197400000,498000000,66312282,900000.0,300000.0,0.0,-700000.0,-4600000.0,-5300000.0,-12200000.0,0.0,19700000.0,-1300000.0,-21500000.0,-21500000.0,-21500000.0,-2500000.0,7000000.0,-0.026,137600000.0,9600000.0,85500000,0.0,-5.817,-3.084,-2.867,115200000,0.0,12.9,0.081,0.076,119800000,-344800000,819000000.0,819000000.0,0.0,-0.032,-4.674,0.008,0.006,0.0,134500000.0,1.0,5140487,4802400,,170.54,599700000,0,-3100000.0,0,124.875,180700000
11,MZIAQ,ART,2005-12-31,2006-03-13,2005-12-31,2019-04-29,-140200000,671600000,686050000.0,368800000,302800000,1.179,-0.994,-10100000.0,45700000,45700000,663100000.0,-14000000.0,2.026,-132.686,240000000,6700000,233300000,240000000,22600000,18400000.0,0,0.0,0.0,6400000.0,24800000.0,0.031,24800000.0,6400000.0,-23900000.0,-4.2,-4.2,-4.2,-5100000,16175000.0,-5100000,268150590,42.0,10.813,-900000.0,-0.175,1.0,145800000.0,0.18,83700000,30300000.0,600200000,609275000.0,161100000,0,0,0,676700000,182000000,494700000,73850590,-23500000.0,300000.0,0.0,-12900000.0,-6200000.0,-20200000.0,-9800000.0,0.0,9200000.0,-2700000.0,-20100000.0,-20100000.0,-20100000.0,-2500000.0,6100000.0,-0.025,135800000.0,10000000.0,76400000,0.0,-14.481,-3.674,-3.429,114200000,0.0,14.4,0.091,0.091,117700000,-332800000,808900000.0,808900000.0,0.0,-0.029,-1.243,0.011,0.008,0.0,133800000.0,1.0,5128513,5128513,,157.726,587900000,0,-3800000.0,0,114.634,186800000
12,MZIAQ,ART,2005-09-30,2005-11-07,2005-09-30,2019-04-29,-116400000,684800000,703125000.0,375100000,309700000,1.145,2.998,-9200000.0,48300000,48300000,657700000.0,-21700000.0,1.956,46.888,238500000,4500000,234000000,238500000,18900000,18500000.0,0,0.0,0.0,1900000.0,20400000.0,0.025,20400000.0,1900000.0,-28500000.0,-4.7,-4.7,-4.7,14300000,30050000.0,14300000,252616690,133.0,12.383,6000000.0,1.258,1.0,147100000.0,0.183,84500000,30400000.0,598700000,615175000.0,162100000,0,0,0,670500000,191800000,478700000,62416690,7800000.0,300000.0,25200000.0,-16900000.0,-6400000.0,800000.0,-8900000.0,0.0,15200000.0,700000.0,-24700000.0,-24700000.0,-24700000.0,-1300000.0,3000000.0,-0.031,143500000.0,3600000.0,75700000,0.0,4.365,-2.527,-2.66,116000000,0.0,12.5,0.078,0.074,117300000,-337000000,804800000.0,804800000.0,0.0,-0.035,-0.822,0.003,0.002,0.0,132800000.0,1.0,4993335,4770600,,168.7,600300000,0,-3800000.0,0,125.833,183300000
13,MZIAQ,ART,2005-06-30,2005-10-14,2005-06-30,2019-04-29,-118200000,682400000,700325000.0,371000000,311400000,1.135,4.328,-6700000.0,37400000,37400000,646700000.0,-20300000.0,2.017,32.126,237800000,3400000,234400000,237800000,19700000,19000000.0,0,0.0,0.0,3900000.0,22900000.0,0.029,22900000.0,3900000.0,-25400000.0,-4.9,-4.9,-4.9,20600000,30700000.0,20600000,280755498,72.0,12.26,-11200000.0,-2.353,1.0,147900000.0,0.186,83800000,29300000.0,615100000,615725000.0,159600000,0,0,0,661800000,183900000,477900000,80355498,-4600000.0,0.0,25200000.0,-11900000.0,-6200000.0,6000000.0,-6700000.0,0.0,-4500000.0,600000.0,-21800000.0,-21800000.0,-21800000.0,-600000.0,1500000.0,-0.027,142700000.0,5200000.0,74100000,0.0,3.901,-3.686,-3.286,116000000,0.0,16.1,0.101,0.096,127300000,-328600000,794600000.0,794600000.0,0.0,-0.031,-0.71,0.006,0.005,0.0,132300000.0,1.0,4991025,4760000,,166.933,598600000,0,-3600000.0,0,125.756,187100000
14,MZIAQ,ART,2005-06-30,2005-08-08,2005-06-30,2019-04-29,-118200000,682400000,700325000.0,371000000,311400000,1.135,4.328,-6700000.0,37400000,37400000,646700000.0,-20300000.0,2.017,32.126,237800000,3400000,234400000,237800000,19700000,19000000.0,0,0.0,0.0,3900000.0,22900000.0,0.029,22900000.0,3900000.0,-25400000.0,-4.9,-4.9,-4.9,20600000,30700000.0,20600000,298224084,76.0,13.023,-11200000.0,-2.353,1.0,147900000.0,0.186,83800000,29300000.0,615100000,615725000.0,159600000,0,0,0,661800000,183900000,477900000,97824084,-4600000.0,0.0,25200000.0,-11900000.0,-6200000.0,6000000.0,-6700000.0,0.0,-4500000.0,600000.0,-21800000.0,-21800000.0,-21800000.0,-600000.0,1500000.0,-0.027,142700000.0,5200000.0,74100000,0.0,4.749,-4.487,-4.0,116000000,0.0,19.6,0.123,0.117,127300000,-328600000,794600000.0,794600000.0,0.0,-0.031,-0.71,0.006,0.005,0.0,132300000.0,1.0,4991025,4760000,,166.933,598600000,0,-3600000.0,0,125.756,187100000
15,MZIAQ,ART,2005-03-31,2005-05-10,2005-03-31,2019-04-29,-108900000,705400000,699300000.0,379600000,325800000,1.112,7.344,-8300000.0,43700000,43700000,631900000.0,-44300000.0,1.979,19.212,239000000,3700000,235300000,239000000,15700000,19500000.0,0,0.0,0.0,-10200000.0,9300000.0,0.012,9300000.0,-10200000.0,-47800000.0,-10.2,-10.2,-10.2,34900000,30775000.0,34900000,310326713,-30.0,33.368,-14000000.0,-2.946,1.0,145600000.0,0.187,85800000,37600000.0,623100000,611950000.0,161300000,0,0,0,670500000,191800000,478700000,115026713,-18300000.0,8000000.0,25200000.0,-32300000.0,-4900000.0,-13100000.0,-300000.0,0.0,-5700000.0,1500000.0,-44300000.0,-44300000.0,-44300000.0,-100000.0,0.0,-0.057,140900000.0,4700000.0,73200000,0.0,3.296,-2.597,-2.265,124000000,0.0,23.1,0.148,0.141,128100000,-323400000,777500000.0,777500000.0,0.0,-0.063,-1.439,-0.017,-0.013,0.0,129400000.0,1.0,4979511,4752400,,163.602,619600000,0,-3500000.0,0,130.376,187800000
16,MZIAQ,ART,2004-12-31,2005-03-30,2004-12-31,2019-04-29,-104000000,739900000,704150000.0,406800000,333100000,1.099,10.14,-8200000.0,69200000,69200000,628000000.0,-51800000.0,1.906,13.681,253100000,17200000,235900000,253100000,18600000,20300000.0,0,0.0,0.0,-17100000.0,3200000.0,0.004,3200000.0,-17100000.0,-54400000.0,-13.4,-13.4,-13.4,50400000,11200000.0,50400000,329029659,-19.0,102.822,-49900000.0,-10.04,1.0,146200000.0,0.189,86600000,37300000.0,623800000,593150000.0,153900000,0,0,0,689500000,213400000,476100000,145129659,-23600000.0,8000000.0,25200000.0,-1000000.0,-3300000.0,20900000.0,-200000.0,0.0,-41700000.0,1600000.0,-51800000.0,-51800000.0,-51800000.0,500000.0,0.0,-0.067,141400000.0,4800000.0,80300000,0.0,2.88,-2.802,-2.179,128400000,0.0,29.2,0.187,0.187,134600000,-312700000,774200000.0,774200000.0,0.0,-0.074,-4.625,-0.029,-0.022,0.0,126900000.0,1.0,4970194,4970194,,155.769,653300000,0,-2600000.0,0,131.444,193400000
17,MZIAQ,ART,2004-09-30,2004-11-09,2004-09-30,2019-04-29,-106400000,673600000,697050000.0,348300000,325300000,1.089,4.867,-6200000.0,40500000,40500000,616300000.0,-74300000.0,1.742,38.858,251600000,15800000,235800000,251600000,18200000,20700000.0,0,0.0,0.0,-34100000.0,-13400000.0,-0.018,-13400000.0,-34100000.0,-70000000.0,-20.5,-20.5,-20.5,16900000,-9875000.0,16900000,321601847,-9.0,-24.0,-26700000.0,-7.689,1.0,142500000.0,0.188,83800000,35900000.0,600900000,563250000.0,128800000,0,0,0,656700000,200000000,456700000,110501847,-22300000.0,8000000.0,0.0,1000000.0,-1600000.0,-600000.0,1800000.0,0.0,-20500000.0,1700000.0,-74300000.0,-74300000.0,-74300000.0,2000000.0,0.0,-0.098,153200000.0,-10700000.0,69800000,0.0,6.539,-1.487,-1.502,129000000,0.0,30.8,0.146,0.141,126500000,-321600000,758800000.0,758800000.0,0.0,-0.107,7.524,-0.061,-0.045,0.0,126200000.0,1.0,3587722,3472300,,218.53,589800000,0,4300000.0,0,169.859,148300000
18,MZIAQ,ART,2004-06-30,2004-08-09,2004-06-30,2019-04-29,-108800000,678300000,707900000.0,347700000,330600000,1.057,4.812,-6000000.0,42000000,42000000,609000000.0,-136500000.0,1.773,31.455,242900000,6700000,236200000,242900000,16400000,20800000.0,0,0.0,0.0,-96000000.0,-75200000.0,-0.1,-75200000.0,-96000000.0,-131200000.0,-38.6,-38.6,-38.6,20900000,-20525000.0,20900000,312860310,-3.0,-4.16,-19800000.0,-4.559,1.0,139500000.0,0.186,83100000,35200000.0,600000000,544600000.0,130000000,0,0,0,657400000,196100000,461300000,111960310,-25200000.0,12100000.0,0.0,-6900000.0,-200000.0,-7100000.0,6100000.0,0.0,-13800000.0,600000.0,-136500000.0,-136500000.0,-136500000.0,4000000.0,0.0,-0.182,210500000.0,-71000000.0,70600000,0.0,5.357,-0.82,-0.811,131400000,0.0,31.3,0.15,0.182,124700000,-314700000,748500000.0,748500000.0,0.0,-0.193,6.65,-0.176,-0.128,0.0,126100000.0,1.0,3577007,4342900,,172.35,595200000,0,5300000.0,0,137.051,151600000
19,MZIAQ,ART,2004-03-31,2004-05-10,2004-03-31,2019-04-29,-106600000,724800000,736425000.0,397200000,327600000,1.003,-12.81,-4200000.0,62000000,62000000,606300000.0,-200000000.0,1.046,-17.7,348100000,188400000,159700000,348100000,16600000,21300000.0,0,0.029,1.0,-97900000.0,-76600000.0,-0.104,-76600000.0,-97900000.0,-123600000.0,-59.4,-59.4,-59.4,-43400000,-14925000.0,-43400000,460507296,-5.0,-6.012,-31400000.0,-9.268,1.0,132100000.0,0.179,83300000,25700000.0,547900000,529675000.0,131100000,0,0,0,768200000,379700000,388500000,174407296,-20300000.0,4100000.0,0.0,14400000.0,-400000.0,14000000.0,-100000.0,0.0,-27200000.0,4700000.0,-200000000.0,-200000000.0,-200000000.0,7100000.0,0.0,-0.271,216500000.0,-84400000.0,65400000,-0.017,-4.019,-0.872,-0.589,135300000,0.0,35.0,0.236,0.161,123000000,-268600000,738400000.0,738400000.0,0.0,-0.272,13.4,-0.185,-0.133,0.0,129600000.0,1.0,4983066,3388000,,217.946,641500000,0,76400000.0,0,189.345,17500000
20,MZIAQ,ART,2003-12-31,2004-03-15,2003-12-31,2019-04-29,-106700000,711500000,774975000.0,371300000,340200000,0.954,-9.72,-4000000.0,92800000,92800000,608600000.0,-191700000.0,1.049,-21.988,323400000,159900000,163500000,323400000,15200000,21700000.0,0,0.057,2.0,-96000000.0,-74300000.0,-0.1,-74300000.0,-96000000.0,-119000000.0,-57.0,-57.0,-57.0,-33900000,28225000.0,-33900000,351975221,-4.0,-4.737,6000000.0,1.72,1.0,131100000.0,0.177,83800000,23000000.0,504200000,539975000.0,132300000,0,0,0,745400000,354100000,391300000,121375221,-29500000.0,-26800000.0,0.0,-4800000.0,-800000.0,-5600000.0,-30800000.0,0.0,10000000.0,8800000.0,-191700000.0,-191700000.0,-191700000.0,7200000.0,0.0,-0.259,219900000.0,-88800000.0,67900000,-0.035,-3.58,-0.633,-0.611,140800000,0.0,34.8,0.164,0.164,93800000,-252000000,739700000.0,739700000.0,0.0,-0.247,-6.792,-0.178,-0.13,0.0,129000000.0,1.0,3487794,3487794,,212.082,627700000,0,72700000.0,0,179.97,17200000
21,MZIAQ,ART,2003-09-30,2003-11-13,2003-09-30,2019-04-29,-122500000,717000000,826025000.0,368400000,348600000,0.888,-7.63,-4100000.0,62800000,62800000,611000000.0,-360500000.0,1.067,-28.899,312500000,158700000,153800000,312500000,12100000,21900000.0,0,0.122,3.0,-273800000.0,-251900000.0,-0.343,-251900000.0,-273800000.0,-295800000.0,-107.6,-107.6,-107.6,-25700000,70200000.0,-25700000,335008998,-1.0,-1.33,-11000000.0,-3.266,1.0,122500000.0,0.167,95100000,22000000.0,526300000,581275000.0,136400000,0,0,0,742700000,345300000,397400000,85308998,-51400000.0,-34100000.0,0.0,-5500000.0,-1200000.0,-6700000.0,-38200000.0,0.0,-6900000.0,10400000.0,-360500000.0,-360500000.0,-360500000.0,12200000.0,0.0,-0.491,197000000.0,-74500000.0,66300000,-0.028,-3.319,-0.237,-0.228,143000000,0.0,24.5,0.116,0.113,102700000,-227500000,733500000.0,733500000.0,0.0,-0.436,-5.135,-0.471,-0.373,0.0,125400000.0,1.0,3482000,3368400,,217.759,621900000,0,64700000.0,0,184.628,23100000
22,MZIAQ,ART,2003-06-30,2003-08-14,2003-06-30,2019-04-29,-120800000,792400000,925975000.0,384100000,408300000,0.795,12.884,-2200000.0,67200000,67200000,613700000.0,-278300000.0,1.089,17.3,315300000,160300000,155000000,315300000,14900000,23000000.0,0,0.164,4.0,-197500000.0,-174500000.0,-0.237,-174500000.0,-197500000.0,-220100000.0,-83.2,-83.2,-83.2,43300000,182800000.0,43300000,330760327,-2.0,-1.895,-8400000.0,-2.499,1.0,122900000.0,0.167,147600000,22600000.0,540300000,610775000.0,145200000,0,0,0,749100000,352600000,396500000,82660327,-8100000.0,270600000.0,0.0,-270000000.0,-1600000.0,-271600000.0,268400000.0,0.0,-6200000.0,10900000.0,-278300000.0,-278300000.0,-278300000.0,-8800000.0,0.0,-0.378,141900000.0,-19000000.0,58800000,-0.048,1.909,-0.297,-0.293,147100000,0.0,24.4,0.112,0.111,94300000,-159900000,736600000.0,736600000.0,0.0,-0.301,-1.522,-0.323,-0.268,0.0,125700000.0,1.0,3387718,3360800,,219.174,644800000,0,58200000.0,0,191.859,31500000
23,MZIAQ,ART,2003-03-31,2003-05-13,2003-03-31,2019-04-29,-126200000,879000000,1097100000.0,405200000,473800000,0.677,38.49,-2300000.0,82300000,82300000,615400000.0,-218100000.0,1.104,5.803,304300000,159400000,144900000,304300000,14900000,24000000.0,0,0.079,4.0,-212900000.0,-188900000.0,-0.254,-188900000.0,-212900000.0,-236300000.0,-65.3,-65.3,-65.3,129200000,275350000.0,129200000,392823234,-2.0,-2.08,13600000.0,4.052,1.0,127400000.0,0.172,144900000,23400000.0,589100000,770450000.0,152700000,0,0,0,749800000,367000000,382800000,170823234,-17300000.0,270600000.0,0.0,-293000000.0,-1600000.0,-294600000.0,268300000.0,0.0,15900000.0,9700000.0,-218100000.0,-218100000.0,-218100000.0,10100000.0,0.0,-0.294,142700000.0,-15300000.0,70400000,-0.061,1.322,-0.783,-0.773,147200000,0.0,50.5,0.23,0.228,91000000,-68200000,742800000.0,742800000.0,0.0,-0.199,-0.792,-0.276,-0.287,0.0,124900000.0,1.0,3382638,3356700,,221.289,734100000,0,-18200000.0,0,218.697,38200000
24,MZIAQ,ART,2002-12-31,2003-03-21,2002-12-31,2019-04-29,-129800000,915700000,1245300000.0,444800000,470900000,0.557,39.678,1300000.0,122300000,122300000,573500000.0,-222900000.0,1.576,5.834,301500000,46100000,255400000,301500000,17500000,23000000.0,0,0.091,4.0,-217800000.0,-194800000.0,-0.281,-194800000.0,-217800000.0,-241100000.0,-66.7,-66.7,-66.7,134000000,348100000.0,134000000,327796532,-2.0,-1.683,37200000.0,11.015,1.0,119700000.0,0.173,143300000,23300000.0,669400000,922450000.0,147600000,0,0,0,781700000,282200000,499500000,148596532,32200000.0,299600000.0,400000.0,-301400000.0,-1600000.0,-302600000.0,300900000.0,0.0,35900000.0,5600000.0,-222900000.0,-222900000.0,-222900000.0,16800000.0,0.0,-0.322,133000000.0,-13300000.0,68800000,-0.06,1.109,-0.667,-0.66,149800000,0.0,44.0,0.214,0.214,89300000,-59500000,693200000.0,693200000.0,0.0,-0.179,-0.64,-0.236,-0.314,0.0,121000000.0,1.0,3377194,3377194,,205.259,772400000,0,-18200000.0,0,228.711,162600000
25,MZIAQ,ART,2002-09-30,2002-11-13,2002-09-30,2019-04-29,-32500000,1116800000,1394450000.0,487500000,629300000,0.676,126.746,-6200000.0,114200000,114200000,783000000.0,-51600000.0,1.688,1.63,296200000,46900000,249300000,296200000,20400000,38300000.0,0,0.08,4.0,-57400000.0,-19100000.0,-0.02,-19100000.0,-57400000.0,-89900000.0,-15.5,-15.5,-15.5,424700000,423325000.0,424700000,350061743,-6.0,-18.328,55700000.0,16.623,1.0,159000000.0,0.169,365700000,32500000.0,644300000,1065325000.0,151900000,0,0,0,692100000,288800000,403300000,168061743,59700000.0,306900000.0,400000.0,-287800000.0,-1600000.0,-289000000.0,300700000.0,0.0,61900000.0,400000.0,-51600000.0,-51600000.0,-51600000.0,2900000.0,0.0,-0.055,209300000.0,-50300000.0,60300000,-0.258,0.396,-3.257,-3.213,148700000,0.0,49.8,0.178,0.177,95500000,134100000,942000000.0,942000000.0,0.0,-0.037,-0.122,-0.054,-0.061,0.0,181400000.0,1.0,3374734,3350800,,281.127,751100000,0,-38300000.0,0,224.155,198700000
26,MZIAQ,ART,2002-06-30,2002-08-13,2002-06-30,2019-04-29,-29500000,1476900000,1490850000.0,778100000,698800000,0.713,123.492,-13700000.0,75300000,75300000,889600000.0,-84500000.0,1.977,2.572,566400000,50200000,516200000,566400000,14800000,46800000.0,0,0.059,4.2,-100400000.0,-53600000.0,-0.05,-53600000.0,-100400000.0,-136400000.0,-25.3,-25.3,-25.3,413500000,431250000.0,413500000,730350838,-7.0,-13.626,65900000.0,19.681,1.0,174000000.0,0.164,395400000,36000000.0,1179000000,1218375000.0,176300000,0,0,0,1063400000,393600000,669800000,239250838,47300000.0,-1900000.0,400000.0,-5100000.0,-5300000.0,-10000000.0,-15600000.0,0.0,79600000.0,1700000.0,-84500000.0,-84500000.0,-84500000.0,21900000.0,0.0,-0.079,244800000.0,-70800000.0,64100000,-0.166,0.579,-2.831,-2.802,181500000,0.0,70.9,0.225,0.223,89000000,120100000,1063600000.0,1063600000.0,0.0,-0.057,-0.196,-0.082,-0.094,0.0,211000000.0,1.0,3374483,3348400,,317.644,1081500000,0,-51900000.0,0,322.99,384500000
27,MZIAQ,ART,2002-03-31,2002-05-14,2002-03-31,2019-04-29,-54100000,1471800000,1492525000.0,631600000,840200000,0.803,125.808,-19400000.0,108300000,108300000,988200000.0,-52300000.0,1.847,2.503,586200000,84900000,501300000,586200000,18500000,55500000.0,0,0.035,4.4,-67900000.0,-12400000.0,-0.01,-12400000.0,-67900000.0,-106900000.0,-15.7,-15.7,-15.7,420200000,446250000.0,420200000,906366022,-13.0,-73.094,67800000.0,20.299,1.0,210800000.0,0.176,410600000,39000000.0,1197100000,1223400000.0,295800000,0,0,0,1051600000,342000000,709600000,428466022,77600000.0,-30500000.0,400000.0,49700000.0,-9000000.0,41100000.0,-49900000.0,0.0,87200000.0,-800000.0,-52300000.0,-52300000.0,-52300000.0,0.0,0.0,-0.044,268600000.0,-57800000.0,90400000,-0.28,1.02,-8.192,-8.096,280200000,0.0,127.1,0.357,0.354,152800000,151600000,1199000000.0,1199000000.0,0.0,-0.035,-0.117,-0.056,-0.057,0.0,240500000.0,1.0,3371094,3340000,,358.982,1061200000,0,-54600000.0,0,317.725,289600000
28,MZIAQ,ART,2001-12-31,2002-03-20,2001-12-31,2019-04-29,-51000000,1512300000,1494375000.0,660000000,852300000,0.845,129.318,-25700000.0,110400000,110400000,1018400000.0,-35700000.0,1.865,2.477,603600000,90300000,513300000,603600000,17400000,59200000.0,0,0.031,4.6,-42500000.0,16700000.0,0.013,16700000.0,-42500000.0,-81800000.0,-10.8,-10.8,-10.8,434900000,460575000.0,434900000,998325859,-23.0,59.78,-12900000.0,-3.836,1.0,244300000.0,0.193,410800000,39300000.0,1240900000,1210600000.0,318500000,0,0,0,1077400000,353800000,723600000,505125859,69200000.0,-28600000.0,-3700000.0,127500000.0,-12600000.0,111200000.0,-54300000.0,0.0,12800000.0,-500000.0,-35700000.0,-35700000.0,-35700000.0,0.0,0.0,-0.028,274500000.0,-30200000.0,92700000,-0.426,1.161,-14.149,-13.907,295500000,0.0,150.2,0.4,0.4,155100000,165000000,1262700000.0,1262700000.0,0.0,-0.024,-0.078,-0.035,-0.034,0.0,247700000.0,1.0,3363022,3363022,,375.466,1101500000,0,-46100000.0,0,327.533,306200000
29,MZIAQ,ART,2001-09-30,2001-11-14,2001-09-30,2019-04-29,-50800000,1502400000,1482525000.0,672300000,830100000,0.908,137.041,-31800000.0,63200000,63200000,1050700000.0,8200000.0,1.835,2.292,594200000,112800000,481400000,594200000,11900000,58400000.0,0,0.036,4.8,25600000.0,84000000.0,0.062,84000000.0,25600000.0,-13500000.0,2.2,2.3,2.2,456400000,472950000.0,456400000,976091230,38.0,11.62,-14400000.0,-4.324,1.0,295300000.0,0.219,410500000,39100000.0,1256500000,1170500000.0,373300000,0,0,0,1046000000,366400000,679600000,445091230,36000000.0,-31500000.0,-20800000.0,118700000.0,-16300000.0,81600000.0,-63300000.0,0.0,17400000.0,300000.0,8200000.0,8200000.0,8200000.0,0.0,0.0,0.006,261300000.0,34000000.0,101200000,2.182,0.975,54.279,60.455,306600000,0.0,133.0,0.331,0.329,170400000,187400000,1346000000.0,1346000000.0,0.0,0.006,0.017,0.022,0.019,0.0,250200000.0,1.0,3346551,3330400,,404.156,1091900000,0,-21700000.0,0,327.859,305900000
30,MZIAQ,ART,2001-06-30,2001-08-13,2001-06-30,2019-04-29,-54900000,1483600000,1469750000.0,666200000,817400000,0.983,142.077,-32700000.0,36700000,36700000,1094400000.0,45100000.0,1.657,2.133,566500000,155600000,410900000,566500000,14100000,58200000.0,0,0.027,4.8,89800000.0,148000000.0,0.102,148000000.0,89800000.0,50200000.0,13.0,13.1,13.0,473500000,478900000.0,473500000,1126963046,13.0,7.615,-5100000.0,-1.53,1.0,350700000.0,0.243,412300000,39600000.0,1199100000,1123425000.0,392100000,0,0,0,1010100000,402000000,608100000,597163046,3300000.0,-17800000.0,-28200000.0,72300000.0,-16400000.0,27700000.0,-50500000.0,0.0,27600000.0,-1500000.0,45100000.0,45100000.0,45100000.0,0.0,0.0,0.031,256600000.0,94100000.0,101700000,0.369,1.261,13.241,13.769,307800000,0.0,179.0,0.413,0.413,181500000,209800000,1445100000.0,1445100000.0,0.0,0.031,0.094,0.08,0.062,0.0,255400000.0,1.0,3336106,3332700,,433.612,1071300000,0,5100000.0,0,321.451,264200000
31,MZIAQ,ART,2001-03-31,2001-05-01,2001-03-31,2019-04-29,-53500000,1479200000,1473250000.0,675200000,804000000,1.036,142.866,-36100000.0,30700000,30700000,1139700000.0,60700000.0,1.563,2.098,539500000,163400000,376100000,539500000,17200000,57900000.0,0,0.025,4.8,120300000.0,178200000.0,0.117,178200000.0,120300000.0,80500000.0,17.4,17.5,17.4,477500000,480175000.0,477500000,1137015889,9.0,6.381,-900000.0,-0.269,1.0,386700000.0,0.253,410100000,39800000.0,1145900000,1099325000.0,392900000,0,0,0,1001700000,432000000,569700000,628215889,-15900000.0,4200000.0,-39800000.0,38900000.0,-16600000.0,-17500000.0,-31900000.0,0.0,35200000.0,-1700000.0,60700000.0,60700000.0,60700000.0,0.0,0.0,0.04,261200000.0,125500000.0,110900000,0.276,1.316,10.35,10.845,298900000,0.0,188.7,0.412,0.413,199700000,212700000,1526400000.0,1526400000.0,0.0,0.041,0.126,0.109,0.079,0.0,259700000.0,1.0,3329178,3342300,,456.691,1069100000,0,19800000.0,0,319.87,243200000
32,MZIAQ,ART,2000-12-31,2001-03-21,2000-12-31,2019-04-29,-49700000,1464900000,1479725000.0,656000000,808900000,1.071,145.228,-37000000.0,41200000,41200000,1174100000.0,72300000.0,1.615,2.024,476600000,94000000,382600000,476600000,25900000,58400000.0,0,0.025,4.8,137200000.0,195600000.0,0.123,195600000.0,137200000.0,97700000.0,20.6,20.6,20.6,484400000,481725000.0,484400000,1068135946,8.0,5.461,58800000.0,17.629,1.0,410100000.0,0.259,413700000,39500000.0,1080500000,1062225000.0,367100000,0,0,0,980500000,406100000,574400000,632735946,-40100000.0,4200000.0,-48400000.0,-35900000.0,-17000000.0,-101300000.0,-32800000.0,0.0,95800000.0,-1800000.0,72300000.0,72300000.0,72300000.0,0.0,0.0,0.046,265600000.0,144500000.0,127300000,0.233,1.306,8.752,9.209,305500000,0.0,189.7,0.399,0.399,199500000,213300000,1584200000.0,1584200000.0,0.0,0.049,0.15,0.129,0.087,0.0,262900000.0,1.0,3335456,3335456,,474.958,1051200000,0,25400000.0,0,315.159,249900000
33,MZIAQ,ART,2000-09-30,2000-11-13,2000-09-30,2019-04-29,-51000000,1451300000,1497675000.0,654800000,796500000,1.091,138.474,-32000000.0,27200000,27200000,1209100000.0,72600000.0,1.603,2.022,467000000,92500000,374500000,467000000,28200000,59200000.0,0,0.03,4.8,142000000.0,201200000.0,0.123,201200000.0,142000000.0,102300000.0,20.3,20.2,20.3,480200000,483350000.0,480200000,978156736,7.0,4.862,54700000.0,15.774,1.0,425000000.0,0.26,414400000,39700000.0,1068200000,1042525000.0,373000000,0,0,0,971100000,408500000,562600000,538356736,-14000000.0,46500000.0,-34500000.0,-59600000.0,-17400000.0,-111500000.0,14500000.0,0.0,86700000.0,-3700000.0,72600000.0,72600000.0,72600000.0,0.0,0.0,0.044,272800000.0,152200000.0,116600000,0.236,1.121,7.415,7.882,297300000,0.0,160.0,0.329,0.34,202900000,195400000,1634100000.0,1634100000.0,0.0,0.048,0.15,0.136,0.087,0.0,269100000.0,1.0,3364730,3467800,,471.221,1036900000,0,29700000.0,0,299.008,246300000
34,MZIAQ,ART,2000-06-30,2000-08-14,2000-06-30,2019-04-29,-45600000,1497600000,1520550000.0,689200000,808400000,1.074,134.639,-29200000.0,33400000,33400000,1207600000.0,71500000.0,1.515,2.129,508300000,135100000,373200000,508300000,25800000,59700000.0,0,0.031,4.8,138200000.0,197900000.0,0.121,197900000.0,138200000.0,99500000.0,19.7,19.6,19.7,478600000,484000000.0,478600000,1008491564,7.0,5.096,65300000.0,18.37,1.0,425500000.0,0.261,414900000,38700000.0,1102700000,1043825000.0,377900000,0,0,0,1019000000,454900000,564100000,533591564,-2400000.0,-3000000.0,-27000000.0,-17100000.0,-17700000.0,-61800000.0,-32200000.0,0.0,94500000.0,-2900000.0,71500000.0,71500000.0,71500000.0,0.0,0.0,0.044,272200000.0,153300000.0,120300000,0.244,1.115,7.463,7.773,309900000,0.0,153.125,0.327,0.333,226100000,181100000,1633100000.0,1633100000.0,0.0,0.047,0.148,0.132,0.085,0.0,267600000.0,1.0,3484680,3554700,,459.42,1082700000,0,28000000.0,0,304.583,234300000
35,MZIAQ,ART,2000-03-31,2000-05-12,2000-03-31,2019-04-29,-42300000,1505100000,1521275000.0,697200000,807900000,1.071,133.486,-33800000.0,46600000,46600000,1207200000.0,70100000.0,1.255,2.112,509400000,233300000,276100000,509400000,31300000,58800000.0,0,0.029,4.8,135300000.0,194100000.0,0.119,194100000.0,135300000.0,97000000.0,19.2,19.0,19.2,483700000,480525000.0,483700000,1062083812,8.0,5.472,52900000.0,14.599,1.0,422400000.0,0.259,415000000,38300000.0,997500000,1039325000.0,373800000,0,0,0,1021400000,555400000,466000000,599283812,9000000.0,9500000.0,-16500000.0,-16500000.0,-17900000.0,-50900000.0,-24300000.0,0.0,86700000.0,-2500000.0,70100000.0,70100000.0,70100000.0,0.0,0.0,0.043,273000000.0,149400000.0,126100000,0.25,1.239,8.549,8.724,314700000,0.0,167.5,0.368,0.372,228700000,168600000,1629600000.0,1629600000.0,0.0,0.046,0.146,0.13,0.083,0.0,268700000.0,1.0,3577814,3623600,,449.719,1090100000,0,26900000.0,0,300.833,141800000
36,MZIAQ,ART,1999-12-31,2000-03-07,1999-12-31,2019-04-29,-35400000,1536700000,1526525000.0,717600000,819100000,1.064,135.629,-41400000.0,81300000,81300000,1201600000.0,70100000.0,1.289,2.13,522800000,224700000,298100000,522800000,28800000,58300000.0,0,0.035,4.8,134700000.0,193000000.0,0.119,193000000.0,134700000.0,96500000.0,19.0,18.9,19.0,490900000,474875000.0,490900000,939171281,7.0,4.866,48000000.0,13.262,1.0,423100000.0,0.26,419600000,38200000.0,1001700000,1063475000.0,373400000,0,0,0,1045800000,556900000,488900000,497671281,32400000.0,2200000.0,-21900000.0,24000000.0,-18100000.0,-16000000.0,-39200000.0,0.0,89400000.0,-1800000.0,70100000.0,70100000.0,70100000.0,0.0,0.0,0.043,276000000.0,147100000.0,130700000,0.253,1.014,7.099,7.237,323200000,0.0,137.5,0.306,0.306,217300000,158000000,1624700000.0,1624700000.0,0.0,0.046,0.148,0.127,0.083,0.0,272900000.0,1.0,3619428,3619428,,448.883,1117100000,0,26400000.0,0,308.64,160700000
37,MZIAQ,ART,1999-09-30,1999-11-15,1999-09-30,2019-04-29,-28800000,1542800000,1531625000.0,708600000,834200000,1.059,130.508,-61800000.0,41200000,41200000,1190700000.0,71400000.0,1.278,2.196,549000000,228900000,320100000,549000000,30500000,57300000.0,0,0.032,4.8,136800000.0,194100000.0,0.12,194100000.0,136800000.0,99700000.0,32.2,10.4,32.2,482800000,471300000.0,482800000,1056054589,8.0,5.441,52500000.0,14.191,1.0,430900000.0,0.266,422600000,37100000.0,1073400000,1083200000.0,401100000,0,0,0,1060000000,554600000,505400000,548254589,-600000.0,121700000.0,-38100000.0,-118500000.0,-18200000.0,-174800000.0,59900000.0,0.0,114300000.0,0.0,71400000.0,71400000.0,71400000.0,0.0,0.0,0.044,280500000.0,150400000.0,126800000,0.149,1.136,7.679,4.6,342900000,0.0,148.125,0.338,0.338,218300000,140200000,1621600000.0,1621600000.0,0.0,0.047,0.151,0.126,0.084,0.0,280500000.0,1.0,3701297,3699400,,438.341,1120200000,0,28300000.0,0,302.806,154000000
38,MZIAQ,ART,1999-06-30,1999-08-12,1999-06-30,2019-04-29,-34000000,1500500000,1568525000.0,697100000,803400000,1.008,125.669,-79400000.0,35800000,35800000,1152400000.0,33400000.0,1.325,2.229,533400000,209000000,324400000,533400000,27200000,57000000.0,0,0.019,3.6,96500000.0,153500000.0,0.097,153500000.0,96500000.0,61500000.0,17.5,10.4,17.5,464700000,470525000.0,464700000,1203143881,12.0,7.838,-16800000.0,-4.543,1.0,428300000.0,0.271,387400000,35000000.0,1084700000,1125575000.0,395100000,0,0,0,1035800000,526000000,509800000,705543881,5500000.0,-35200000.0,-45900000.0,121900000.0,-18500000.0,57500000.0,-114600000.0,0.0,62600000.0,0.0,33400000.0,33400000.0,33400000.0,39100000.0,0.0,0.021,280700000.0,147600000.0,128800000,0.206,1.518,21.124,10.893,342200000,0.0,190.625,0.446,0.446,219500000,127300000,1580700000.0,1580700000.0,0.0,0.021,0.071,0.086,0.061,0.0,280700000.0,1.0,3701214,3697800,,427.47,1113100000,0,28100000.0,0,301.017,171100000
39,MZIAQ,ART,1999-03-31,1999-05-14,1999-03-31,2019-04-29,-26800000,1526100000,1559550000.0,717600000,808500000,1.071,122.96,-82900000.0,37600000,37600000,1217300000.0,39000000.0,1.315,2.31,541200000,211300000,329900000,541200000,32500000,57700000.0,0,0.011,2.4,101900000.0,159600000.0,0.096,159600000.0,101900000.0,69100000.0,18.6,11.5,18.6,461100000,476150000.0,461100000,1343515072,13.0,8.418,-24000000.0,-6.4,1.0,453000000.0,0.271,389700000,32800000.0,1094100000,1135550000.0,404800000,0,0,0,1065000000,545900000,519100000,839915072,-5400000.0,-49100000.0,-47600000.0,134100000.0,-18800000.0,67700000.0,-132000000.0,0.0,58900000.0,0.0,39000000.0,39000000.0,39000000.0,39100000.0,0.0,0.023,296200000.0,156800000.0,136700000,0.129,1.822,21.536,12.198,346000000,0.0,226.875,0.503,0.509,222500000,116500000,1670300000.0,1670300000.0,0.0,0.025,0.082,0.09,0.061,0.0,296200000.0,1.0,3702105,3750000,,445.413,1136400000,0,30100000.0,0,303.04,171700000
40,MZIAQ,ART,1998-12-31,1999-03-29,1998-12-28,2019-04-29,-14400000,1557100000,1533350000.0,730500000,826600000,0.988,127.802,-79000000.0,48900000,48900000,1092300000.0,41500000.0,1.326,2.267,520900000,185200000,335700000,520900000,31700000,57400000.0,0,0.015,2.4,100300000.0,157700000.0,0.104,157700000.0,100300000.0,69600000.0,10.6,10.5,10.6,476600000,480300000.0,476600000,1064011024,11.0,6.747,5900000.0,1.582,1.0,422400000.0,0.279,397600000,30700000.0,1080600000,1131975000.0,401000000,0,0,0,1080500000,550900000,529600000,592011024,23200000.0,-54300000.0,-34600000.0,125200000.0,-19000000.0,71600000.0,-133300000.0,0.0,84900000.0,0.0,41500000.0,41500000.0,41500000.0,33900000.0,0.0,0.027,271600000.0,150800000.0,155200000,0.226,1.242,14.265,14.976,350900000,0.0,158.75,0.391,0.391,226100000,106000000,1514700000.0,1514700000.0,0.0,0.027,0.086,0.089,0.066,0.0,271600000.0,1.0,3729203,3729203,,406.173,1159500000,0,28100000.0,0,310.924,179600000
41,MZIAQ,ART,1998-09-30,1998-11-16,1998-09-30,2019-04-29,-15500000,1690400000,1492200000.0,898000000,792400000,,123.155,,41800000,41800000,,,1.322,2.524,668100000,333300000,334800000,668100000,31400000,,0,0.0,0.0,,,,,,,,,,479700000,479125000.0,479700000,1393005176,,,,,1.0,,,394400000,,1242900000,1132325000.0,376200000,0,0,0,1210700000,679400000,531300000,766705176,,,,,,,,,,,,,,,,,,,124100000,,1.598,,,328100000,,199.375,,,235100000,87000000,,,,,,,,,,1.0,3845543,3895100,,,1296000000,0,,0,332.726,218600000
42,MZIAQ,ART,1998-06-30,1998-08-12,1998-06-30,2019-04-29,-41100000,1464600000,,795400000,669200000,,124.289,,30300000,30300000,,,1.674,2.006,408300000,98100000,310200000,408300000,38300000,,0,0.0,0.0,,,,,,,,,,487200000,,487200000,1260572693,,,,,1.0,,,242800000,,1124600000,,434400000,0,0,0,977400000,475200000,502200000,882572693,,,,,,,,,,,,,,,,,,,148600000,,1.812,,,349200000,,225.0,,,268100000,112400000,,,,,,,,,,1.0,3922545,3919900,,,1221800000,0,,0,311.692,320200000
43,MZIAQ,ART,1998-03-31,1998-05-13,1998-03-31,2019-04-29,-37300000,1421300000,,770500000,650800000,,121.996,,43000000,43000000,,,1.694,1.975,392500000,88900000,303600000,392500000,34100000,,0,0.0,0.0,,,,,,,,,,477700000,,477700000,1522859547,,,,,1.0,,,236200000,,1079800000,,408500000,0,0,0,943600000,454800000,488800000,1173359547,,,,,,,,,,,,,,,,,,,152800000,,2.456,,,341500000,,296.875,,,253600000,96300000,,,,,,,,,,1.0,3952369,3915700,,,1185100000,0,,0,302.653,315700000
44,MZIAQ,ART,1997-12-31,1998-03-19,1997-12-31,2019-04-29,-35000000,1392500000,,751100000,641400000,,119.296,-73800000.0,25700000,25700000,1424800000.0,80600000.0,1.766,1.951,371700000,67500000,304200000,371700000,35700000,53700000.0,0,0.0,0.0,127100000.0,180800000.0,0.095,180800000.0,127100000.0,100600000.0,20.3,20.1,20.3,471900000,,471900000,1552492587,12.0,8.587,40100000.0,10.137,1.0,471900000.0,0.249,231100000,26500000.0,1082000000,,390400000,0,0,0,920600000,425400000,495200000,1206492587,-2100000.0,-25900000.0,-12500000.0,13200000.0,-17000000.0,-16300000.0,-99700000.0,0.0,113900000.0,0.0,80600000.0,80600000.0,80600000.0,0.0,0.0,0.042,329300000.0,142600000.0,153700000,0.0,2.557,14.969,15.025,343100000,0.0,305.0,0.636,0.636,275000000,83500000,1896700000.0,1896700000.0,0.0,,,,0.067,0.0,329300000.0,1.0,3955713,3955713,,479.484,1161400000,0,20000000.0,0,293.601,325700000
