None,ticker,dimension,calendardate,datekey,reportperiod,lastupdated,accoci,assets,assetsavg,assetsc,assetsnc,assetturnover,bvps,capex,cashneq,cashnequsd,cor,consolinc,currentratio,de,debt,debtc,debtnc,debtusd,deferredrev,depamor,deposits,divyield,dps,ebit,ebitda,ebitdamargin,ebitdausd,ebitusd,ebt,eps,epsdil,epsusd,equity,equityavg,equityusd,ev,evebit,evebitda,fcf,fcfps,fxusd,gp,grossmargin,intangibles,intexp,invcap,invcapavg,inventory,investments,investmentsc,investmentsnc,liabilities,liabilitiesc,liabilitiesnc,marketcap,ncf,ncfbus,ncfcommon,ncfdebt,ncfdiv,ncff,ncfi,ncfinv,ncfo,ncfx,netinc,netinccmn,netinccmnusd,netincdis,netincnci,netmargin,opex,opinc,payables,payoutratio,pb,pe,pe1,ppnenet,prefdivis,price,ps,ps1,receivables,retearn,revenue,revenueusd,rnd,roa,roe,roic,ros,sbcomp,sgna,sharefactor,sharesbas,shareswa,shareswadil,sps,tangibles,taxassets,taxexp,taxliabilities,tbvps,workingcapital
0,MZIAQ,MRY,2007-12-31,2007-12-31,2007-12-31,2019-04-29,-52500000.0,602900000.0,644650000.0,370000000.0,232900000.0,1.253,-8.904,-9300000.0,40800000.0,40800000.0,645100000.0,-87100000.0,1.629,-13.204,260900000.0,29000000.0,231900000.0,260900000.0,29400000.0,16100000.0,0.0,0.0,0.0,-3300000.0,12800000.0,0.016,12800000.0,-3300000.0,-34700000.0,-19.25,-19.25,-19.25,-49400000.0,-30150000.0,-49400000.0,243654992.0,-74.0,19.036,300000.0,0.054,1.0,162800000.0,0.202,90500000.0,31400000.0,505400000.0,562075000.0,179700000.0,0.0,0.0,0.0,652300000.0,227100000.0,425200000.0,17254992.0,2300000.0,0.0,0.0,-600000.0,-200000.0,-800000.0,-9300000.0,0.0,9600000.0,2800000.0,-96400000.0,-96400000.0,-96400000.0,-1200000.0,9300000.0,-0.119,158000000.0,4800000.0,92100000.0,0.0,-0.349,-0.179,-0.162,106400000.0,0.0,3.11,0.021,0.021,114600000.0,-478300000.0,807900000.0,807900000.0,0.0,-0.15,3.197,-0.006,-0.004,0.0,144600000.0,1.0,5548229.0,5548229.0,,145.614,512400000.0,0.0,61700000.0,0.0,92.354,142900000.0
1,MZIAQ,MRY,2006-12-31,2006-12-31,2006-12-31,2019-04-29,-113600000.0,650500000.0,670300000.0,365600000.0,284900000.0,1.223,-4.106,-10900000.0,38500000.0,38500000.0,668700000.0,-39700000.0,1.72,-31.54,260500000.0,27700000.0,232800000.0,260500000.0,24400000.0,16800000.0,0.0,0.0,0.0,-16500000.0,300000.0,0.0,300000.0,-16500000.0,-46500000.0,-10.15,-10.15,-10.15,-21300000.0,-18550000.0,-21300000.0,260397468.0,-16.0,867.992,-30100000.0,-5.803,1.0,151400000.0,0.185,87300000.0,30000000.0,572700000.0,588625000.0,170700000.0,0.0,0.0,0.0,671800000.0,212500000.0,459300000.0,41497468.0,-7200000.0,0.0,0.0,19600000.0,-200000.0,19400000.0,-10900000.0,0.0,-19200000.0,3500000.0,-49100000.0,-49100000.0,-49100000.0,-100000.0,9400000.0,-0.06,156800000.0,-5400000.0,77800000.0,0.0,-1.948,-0.845,-0.788,114300000.0,0.0,8.0,0.051,0.051,114500000.0,-381900000.0,820100000.0,820100000.0,0.0,-0.073,2.647,-0.028,-0.02,0.0,140200000.0,1.0,5187184.0,5187184.0,,158.101,563200000.0,0.0,2600000.0,0.0,108.575,153100000.0
2,MZIAQ,MRY,2005-12-31,2005-12-31,2005-12-31,2019-04-29,-140200000.0,671600000.0,686050000.0,368800000.0,302800000.0,1.179,-1.021,-10100000.0,45700000.0,45700000.0,663100000.0,-14000000.0,2.026,-132.686,240000000.0,6700000.0,233300000.0,240000000.0,22600000.0,18400000.0,0.0,0.0,0.0,6400000.0,24800000.0,0.031,24800000.0,6400000.0,-23900000.0,-4.2,-4.2,-4.2,-5100000.0,16175000.0,-5100000.0,253116024.0,40.0,10.206,-900000.0,-0.18,1.0,145800000.0,0.18,83700000.0,30300000.0,600200000.0,609275000.0,161100000.0,0.0,0.0,0.0,676700000.0,182000000.0,494700000.0,62916024.0,-23500000.0,300000.0,0.0,-12900000.0,-6200000.0,-20200000.0,-9800000.0,0.0,9200000.0,-2700000.0,-20100000.0,-20100000.0,-20100000.0,-2500000.0,6100000.0,-0.025,135800000.0,10000000.0,76400000.0,0.0,-12.336,-3.13,-3.0,114200000.0,0.0,12.6,0.078,0.078,117700000.0,-332800000.0,808900000.0,808900000.0,0.0,-0.029,-1.243,0.011,0.008,0.0,133800000.0,1.0,4993335.0,4993335.0,,161.996,587900000.0,0.0,-3800000.0,0.0,117.737,186800000.0
3,MZIAQ,MRY,2004-12-31,2004-12-31,2004-12-31,2019-04-29,-104000000.0,737900000.0,703650000.0,406800000.0,331100000.0,1.1,14.048,-8200000.0,69200000.0,69200000.0,628000000.0,-51800000.0,1.906,13.641,253100000.0,17200000.0,235900000.0,253100000.0,18600000.0,20300000.0,0.0,0.0,0.0,-36200000.0,-15900000.0,-0.021,-15900000.0,-36200000.0,-73500000.0,-17.3,-17.3,-17.3,50400000.0,11200000.0,50400000.0,332723786.0,-9.0,-20.926,-49900000.0,-13.909,1.0,146200000.0,0.189,86600000.0,37300000.0,621800000.0,592650000.0,153900000.0,0.0,0.0,0.0,687500000.0,213400000.0,474100000.0,121623786.0,-23600000.0,8000000.0,25200000.0,-1000000.0,-3300000.0,20900000.0,-200000.0,0.0,-41700000.0,1600000.0,-70900000.0,-70900000.0,-70900000.0,500000.0,19100000.0,-0.092,141400000.0,4800000.0,80300000.0,0.0,2.413,-1.715,-1.96,128400000.0,0.0,33.9,0.157,0.157,134600000.0,-312700000.0,774200000.0,774200000.0,0.0,-0.101,-6.33,-0.061,-0.047,0.0,126900000.0,1.0,3587722.0,3587722.0,,215.792,651300000.0,0.0,-2600000.0,0.0,181.536,193400000.0
4,MZIAQ,MRY,2003-12-31,2003-12-31,2003-12-31,2019-04-29,-106700000.0,733400000.0,780450000.0,388500000.0,344900000.0,0.948,-6.778,-4000000.0,92800000.0,92800000.0,607100000.0,-190900000.0,1.076,-32.076,323400000.0,159900000.0,163500000.0,323400000.0,15200000.0,21700000.0,0.0,0.048,2.0,-94800000.0,-73100000.0,-0.099,-73100000.0,-94800000.0,-117800000.0,-52.1,-52.1,-52.1,-23600000.0,30800000.0,-23600000.0,394899396.0,-4.0,-5.402,6000000.0,1.723,1.0,132600000.0,0.179,83800000.0,23000000.0,519300000.0,543750000.0,149500000.0,0.0,0.0,0.0,757000000.0,360900000.0,396100000.0,145199396.0,-29500000.0,-26800000.0,0.0,-4800000.0,-800000.0,-5600000.0,-30800000.0,0.0,10000000.0,8800000.0,-191100000.0,-191100000.0,-191100000.0,7200000.0,200000.0,-0.258,218200000.0,-85600000.0,67900000.0,-0.038,-6.153,-0.76,-0.8,140800000.0,0.0,41.7,0.196,0.196,93800000.0,-241700000.0,739700000.0,739700000.0,0.0,-0.245,-6.205,-0.174,-0.128,0.0,129000000.0,1.0,3482000.0,3482000.0,,212.435,649600000.0,0.0,73300000.0,0.0,186.559,27600000.0
5,MZIAQ,MRY,2002-12-31,2002-12-31,2002-12-31,2019-04-29,-129800000.0,915700000.0,1245300000.0,444800000.0,470900000.0,0.557,39.707,1300000.0,122300000.0,122300000.0,574000000.0,-223200000.0,1.576,5.834,301500000.0,46100000.0,255400000.0,301500000.0,17500000.0,23000000.0,0.0,0.067,4.0,-218300000.0,-195300000.0,-0.282,-195300000.0,-218300000.0,-241600000.0,-61.3,-61.3,-61.3,134000000.0,348100000.0,134000000.0,382796661.0,-2.0,-1.96,37200000.0,11.023,1.0,119200000.0,0.172,143300000.0,23300000.0,669400000.0,922450000.0,147600000.0,0.0,0.0,0.0,781700000.0,282200000.0,499500000.0,200796661.0,32200000.0,299600000.0,400000.0,-301400000.0,-1600000.0,-302600000.0,300900000.0,0.0,35900000.0,5600000.0,-223200000.0,-223200000.0,-223200000.0,16800000.0,0.0,-0.322,133000000.0,-13800000.0,68800000.0,-0.065,1.498,-0.9,-0.971,149800000.0,0.0,59.5,0.29,0.29,89300000.0,-59500000.0,693200000.0,693200000.0,0.0,-0.179,-0.641,-0.237,-0.315,0.0,121000000.0,1.0,3374734.0,3374734.0,,205.409,772400000.0,0.0,-18400000.0,0.0,228.877,162600000.0
6,MZIAQ,MRY,2001-12-31,2001-12-31,2001-12-31,2019-04-29,-51000000.0,1512300000.0,1494375000.0,867500000.0,644800000.0,0.505,129.955,-8400000.0,90100000.0,90100000.0,626800000.0,-35700000.0,2.107,2.477,576700000.0,75600000.0,501100000.0,576700000.0,17000000.0,34900000.0,0.0,0.029,4.6,-35500000.0,-600000.0,-0.001,-600000.0,-35500000.0,-58000000.0,-10.8,-10.8,-10.8,434900000.0,460575000.0,434900000.0,1060089683.0,-30.0,-1766.816,-13700000.0,-4.094,1.0,128400000.0,0.17,353200000.0,22500000.0,1234000000.0,1208875000.0,177900000.0,0.0,0.0,0.0,1077400000.0,411700000.0,665700000.0,529089683.0,56300000.0,-28600000.0,-3600000.0,118600000.0,-12600000.0,102400000.0,-37000000.0,0.0,-5300000.0,-700000.0,-35700000.0,-35700000.0,-35700000.0,7000000.0,0.0,-0.047,156900000.0,-28500000.0,59100000.0,-0.426,1.217,-14.82,-14.639,165800000.0,0.0,158.1,0.701,0.701,88500000.0,165000000.0,755200000.0,755200000.0,0.0,-0.024,-0.078,-0.029,-0.047,0.0,129600000.0,1.0,3346551.0,3346551.0,,225.665,1159100000.0,0.0,-22300000.0,0.0,346.357,455800000.0
7,MZIAQ,MRY,2000-12-31,2000-12-31,2000-12-31,2019-04-29,-49700000.0,1464900000.0,1479725000.0,656000000.0,808900000.0,0.659,143.964,-17000000.0,41200000.0,41200000.0,742400000.0,72300000.0,1.615,2.024,476600000.0,94000000.0,382600000.0,476600000.0,25900000.0,35400000.0,0.0,0.03,4.8,112600000.0,148000000.0,0.152,148000000.0,112600000.0,91700000.0,20.6,20.6,20.6,484400000.0,481725000.0,484400000.0,980259692.0,9.0,6.623,24000000.0,7.133,1.0,232100000.0,0.238,413700000.0,20900000.0,1080500000.0,1062225000.0,367100000.0,0.0,0.0,0.0,980500000.0,406100000.0,574400000.0,540459692.0,-43900000.0,-10100000.0,-48400000.0,-38800000.0,-17000000.0,-104200000.0,-27100000.0,0.0,41000000.0,-1500000.0,72300000.0,72300000.0,72300000.0,-23500000.0,0.0,0.074,143000000.0,89100000.0,127300000.0,0.233,1.116,7.475,7.797,305500000.0,0.0,160.625,0.555,0.555,199500000.0,213300000.0,974500000.0,974500000.0,0.0,0.049,0.15,0.106,0.116,0.0,134600000.0,1.0,3364730.0,3364730.0,,289.622,1051200000.0,0.0,19400000.0,0.0,312.417,249900000.0
8,MZIAQ,MRY,1999-12-31,1999-12-31,1999-12-31,2019-04-29,-35400000.0,1536700000.0,1526525000.0,717600000.0,819100000.0,1.064,132.629,-41400000.0,81300000.0,81300000.0,1201600000.0,70100000.0,1.289,2.13,522800000.0,224700000.0,298100000.0,522800000.0,28800000.0,58300000.0,0.0,0.031,4.8,134700000.0,193000000.0,0.119,193000000.0,134700000.0,96500000.0,19.0,18.9,19.0,490900000.0,474875000.0,490900000.0,1076874383.0,8.0,5.58,48000000.0,12.968,1.0,423100000.0,0.26,419600000.0,38200000.0,1001700000.0,1063475000.0,373400000.0,0.0,0.0,0.0,1045800000.0,556900000.0,488900000.0,569074383.0,32400000.0,2200000.0,-21900000.0,24000000.0,-18100000.0,-16000000.0,-39200000.0,0.0,89400000.0,-1800000.0,70100000.0,70100000.0,70100000.0,0.0,0.0,0.043,289100000.0,134000000.0,130700000.0,0.253,1.159,8.118,8.092,323200000.0,0.0,153.75,0.35,0.35,217300000.0,158000000.0,1624700000.0,1624700000.0,0.0,0.046,0.148,0.127,0.083,0.0,272900000.0,1.0,3701297.0,3701297.0,,438.954,1117100000.0,0.0,26400000.0,0.0,301.813,160700000.0
9,MZIAQ,MRY,1998-12-31,1998-12-28,1998-12-28,2019-04-29,-14400000.0,1557100000.0,1533350000.0,730500000.0,826600000.0,0.988,123.936,-79000000.0,48900000.0,48900000.0,1092300000.0,41500000.0,1.326,2.267,520900000.0,185200000.0,335700000.0,520900000.0,31700000.0,57400000.0,0.0,0.006,1.2,100300000.0,157700000.0,0.104,157700000.0,100300000.0,69600000.0,10.6,10.5,10.6,476600000.0,480300000.0,476600000.0,1347339350.0,13.0,8.544,4500000.0,1.17,1.0,422400000.0,0.279,397600000.0,30700000.0,1080600000.0,1131975000.0,401000000.0,0.0,0.0,0.0,1080500000.0,550900000.0,529600000.0,721039350.0,23200000.0,-54300000.0,-34600000.0,125200000.0,-19000000.0,71600000.0,-133300000.0,0.0,83500000.0,1400000.0,41500000.0,41500000.0,41500000.0,-33900000.0,0.0,0.027,271600000.0,150800000.0,155200000.0,0.113,1.513,17.374,17.689,350900000.0,0.0,187.5,0.476,0.476,226100000.0,106000000.0,1514700000.0,1514700000.0,0.0,0.027,0.086,0.089,0.066,0.0,271600000.0,1.0,3845543.0,3845543.0,,393.885,1159500000.0,0.0,28100000.0,0.0,301.518,179600000.0
10,MZIAQ,MRY,1997-12-31,1997-12-31,1997-12-31,2019-04-29,-35000000.0,1392500000.0,1364400000.0,751100000.0,641400000.0,1.054,119.296,-73800000.0,25700000.0,25700000.0,1051500000.0,80600000.0,1.766,1.951,371700000.0,67500000.0,304200000.0,371700000.0,35700000.0,53700000.0,0.0,0.0,0.0,125100000.0,178800000.0,0.124,178800000.0,125100000.0,97600000.0,20.3,20.1,20.3,471900000.0,459050000.0,471900000.0,,,,42500000.0,10.744,1.0,387200000.0,0.269,231100000.0,27500000.0,1082000000.0,1061900000.0,390400000.0,0.0,0.0,0.0,920600000.0,425400000.0,495200000.0,1026013163.0,-2100000.0,-25900000.0,-12500000.0,13200000.0,-17000000.0,-16300000.0,-99700000.0,0.0,116300000.0,-2400000.0,80600000.0,80600000.0,80600000.0,-11500000.0,0.0,0.056,259900000.0,127300000.0,153700000.0,0.0,2.174,12.73,12.777,343100000.0,0.0,259.375,0.713,0.713,275000000.0,83500000.0,1438700000.0,1438700000.0,0.0,0.059,0.176,0.118,0.087,0.0,259900000.0,1.0,3955713.0,3955713.0,,363.702,1161400000.0,0.0,17000000.0,0.0,293.601,325700000.0
11,MZIAQ,MRY,1996-12-31,1996-12-31,1996-12-31,2019-04-29,-9600000.0,1336300000.0,,727900000.0,608400000.0,,,-60900000.0,27800000.0,27800000.0,994500000.0,66300000.0,1.777,1.995,372800000.0,70900000.0,301900000.0,372800000.0,34500000.0,50900000.0,0.0,0.0,0.0,119800000.0,170700000.0,0.126,170700000.0,119800000.0,88900000.0,17.5,17.4,17.5,446200000.0,,446200000.0,,,,-1000000.0,,1.0,363400000.0,0.268,229900000.0,30900000.0,1041800000.0,,389700000.0,0.0,0.0,0.0,890100000.0,409600000.0,480500000.0,,-105300000.0,-246800000.0,129600000.0,26500000.0,-13600000.0,142500000.0,-307700000.0,0.0,59900000.0,0.0,66300000.0,66300000.0,66300000.0,-12500000.0,0.0,0.049,250300000.0,113100000.0,134900000.0,0.0,,,12.5,319100000.0,0.0,218.75,,,267000000.0,19900000.0,1357900000.0,1357900000.0,0.0,,,,0.088,0.0,250300000.0,1.0,,,,,1106400000.0,0.0,22600000.0,0.0,,318300000.0
12,MZIAQ,MRY,1995-12-31,1995-12-31,1995-12-31,2019-04-29,,,,,,,,-42000000.0,,,1236800000.0,105600000.0,,,,,,,,43600000.0,,0.0,0.0,159100000.0,202700000.0,0.123,202700000.0,159100000.0,134300000.0,31.1,30.7,31.1,,,,,,,-1100000.0,,1.0,412500000.0,0.25,,24800000.0,,,,,,,,,,,111600000.0,6900000.0,11100000.0,107200000.0,-12500000.0,105800000.0,-35100000.0,0.0,40900000.0,0.0,105600000.0,105600000.0,105600000.0,0.0,0.0,0.064,311200000.0,101300000.0,,0.0,,,8.441,,0.0,262.5,,,,,1649300000.0,1649300000.0,0.0,,,,0.096,0.0,301400000.0,,,,,,,,28700000.0,,,
0,MZIAQ,MRQ,2008-09-30,2008-09-30,2008-09-30,2019-04-29,-48800000.0,586100000.0,,356400000.0,229700000.0,,-11.859,-2000000.0,32500000.0,32500000.0,156300000.0,-2600000.0,1.52,-10.393,285700000.0,40200000.0,245500000.0,285700000.0,27600000.0,3400000.0,0.0,0.0,0.0,4200000.0,7600000.0,0.039,7600000.0,4200000.0,-4200000.0,-0.93,-0.93,-0.93,-62400000.0,,-62400000.0,254159274.0,34.0,11.5,-5200000.0,-0.988,1.0,38700000.0,0.198,90300000.0,8400000.0,514600000.0,,185100000.0,0.0,0.0,0.0,648500000.0,234400000.0,414100000.0,5759274.0,-7000000.0,0.0,0.0,0.0,0.0,0.0,-2000000.0,0.0,-3200000.0,-1800000.0,-4900000.0,-4900000.0,-4900000.0,0.0,2300000.0,-0.025,32200000.0,6500000.0,81100000.0,0.0,-0.092,-0.062,-0.057,101900000.0,0.0,1.05,0.007,0.007,106400000.0,-497900000.0,195000000.0,195000000.0,0.0,,,,,0.0,31800000.0,1.0,5485023.0,5262000.0,5262000.0,37.058,495800000.0,0.0,700000.0,0.0,94.223,122000000.0
1,MZIAQ,MRQ,2008-06-30,2008-06-30,2008-06-30,2019-04-29,-38800000.0,636300000.0,,396500000.0,239800000.0,,-9.186,-1600000.0,39500000.0,39500000.0,167500000.0,-3100000.0,1.614,-14.174,287900000.0,41600000.0,246300000.0,287900000.0,26400000.0,3600000.0,0.0,0.0,0.0,4100000.0,7700000.0,0.036,7700000.0,4100000.0,-4100000.0,-1.04,-1.04,-1.04,-48300000.0,,-48300000.0,244619178.0,63.0,12.807,-8000000.0,-1.521,1.0,48200000.0,0.223,93000000.0,8200000.0,546100000.0,,198800000.0,0.0,0.0,0.0,684600000.0,245600000.0,439000000.0,4019178.0,2700000.0,0.0,0.0,10900000.0,0.0,10900000.0,-1600000.0,0.0,-6400000.0,-200000.0,-5500000.0,-5500000.0,-5500000.0,0.0,2400000.0,-0.025,41700000.0,6500000.0,94000000.0,0.0,-0.083,-0.042,-0.039,107200000.0,0.0,0.73,0.005,0.005,126000000.0,-493000000.0,215700000.0,215700000.0,0.0,,,,,0.0,37900000.0,1.0,5505723.0,5258000.0,5258000.0,41.023,543300000.0,0.0,1400000.0,0.0,103.328,150900000.0
2,MZIAQ,MRQ,2008-03-31,2008-03-31,2008-03-31,2019-04-29,-37800000.0,640500000.0,,397600000.0,242900000.0,,-8.188,-2600000.0,36800000.0,36800000.0,164200000.0,-6900000.0,1.657,-15.965,277400000.0,30600000.0,246800000.0,277400000.0,31100000.0,3600000.0,0.0,0.0,0.0,-800000.0,2800000.0,0.014,2800000.0,-800000.0,-8800000.0,-1.76,-1.76,-1.76,-42800000.0,,-42800000.0,234052786.0,780.0,14.628,-21700000.0,-4.152,1.0,38600000.0,0.19,93500000.0,8000000.0,547700000.0,,193400000.0,0.0,0.0,0.0,683300000.0,239900000.0,443400000.0,13952786.0,-4000000.0,0.0,0.0,15700000.0,-100000.0,15600000.0,-2600000.0,0.0,-19100000.0,2100000.0,-9200000.0,-9200000.0,-9200000.0,0.0,2300000.0,-0.045,37100000.0,1500000.0,90400000.0,0.0,-0.326,-0.151,-0.138,109900000.0,0.0,2.54,0.017,0.016,133400000.0,-487500000.0,202800000.0,202800000.0,0.0,,,,,0.0,36000000.0,1.0,5493223.0,5227000.0,5227000.0,38.799,547000000.0,0.0,400000.0,0.0,104.649,157700000.0
3,MZIAQ,MRQ,2007-12-31,2007-12-31,2007-12-31,2019-04-29,-52500000.0,602900000.0,,370000000.0,232900000.0,,-8.904,-3500000.0,40800000.0,40800000.0,168200000.0,-71700000.0,1.629,-13.204,260900000.0,29000000.0,231900000.0,260900000.0,29400000.0,4100000.0,0.0,0.0,0.0,-100000.0,4000000.0,0.018,4000000.0,-100000.0,-7900000.0,-14.72,-14.72,-14.72,-49400000.0,,-49400000.0,243654992.0,-74.0,19.036,6100000.0,1.099,1.0,48400000.0,0.223,90500000.0,7800000.0,505400000.0,,179700000.0,0.0,0.0,0.0,652300000.0,227100000.0,425200000.0,17254992.0,3300000.0,0.0,0.0,-3300000.0,0.0,-3300000.0,-3500000.0,0.0,9600000.0,500000.0,-74000000.0,-74000000.0,-74000000.0,-1000000.0,2300000.0,-0.342,47200000.0,1200000.0,92100000.0,0.0,-0.349,-0.179,-0.162,106400000.0,0.0,3.11,0.021,0.021,114600000.0,-478300000.0,216600000.0,216600000.0,0.0,,,,,0.0,39300000.0,1.0,5548229.0,5548229.0,,39.039,512400000.0,0.0,66100000.0,0.0,92.354,142900000.0
4,MZIAQ,MRQ,2007-09-30,2007-09-30,2007-09-30,2019-04-29,-93000000.0,679900000.0,,391800000.0,288100000.0,,-3.519,-2300000.0,37500000.0,37500000.0,163500000.0,-4500000.0,1.675,-39.631,263900000.0,31400000.0,232500000.0,263900000.0,28100000.0,3900000.0,0.0,0.0,0.0,700000.0,4600000.0,0.023,4600000.0,700000.0,-7300000.0,-1.36,-1.36,-1.36,-17600000.0,,-17600000.0,274817878.0,-42.0,28.332,8300000.0,1.659,1.0,40200000.0,0.197,90700000.0,8000000.0,581700000.0,,184500000.0,0.0,0.0,0.0,697500000.0,233900000.0,463600000.0,39217878.0,6200000.0,0.0,0.0,-3500000.0,-100000.0,-3600000.0,-2300000.0,0.0,10600000.0,1500000.0,-6800000.0,-6800000.0,-6800000.0,0.0,2300000.0,-0.033,37200000.0,3000000.0,89000000.0,0.0,-2.228,-1.174,-1.049,112100000.0,0.0,7.12,0.05,0.045,122500000.0,-404300000.0,203700000.0,203700000.0,0.0,,,,,0.0,35100000.0,1.0,5508129.0,5002000.0,5002000.0,40.724,589200000.0,0.0,-500000.0,0.0,117.793,157900000.0
5,MZIAQ,MRQ,2007-06-30,2007-06-30,2007-06-30,2019-04-29,-105000000.0,655000000.0,,367600000.0,287400000.0,,-5.036,-2000000.0,31300000.0,31300000.0,158600000.0,-100000.0,1.703,-27.411,266900000.0,34400000.0,232500000.0,266900000.0,27000000.0,4100000.0,0.0,0.0,0.0,500000.0,4600000.0,0.023,4600000.0,500000.0,-7400000.0,-0.5,-0.5,-0.5,-24800000.0,,-24800000.0,235064919.0,-26.0,31.342,-5900000.0,-1.198,1.0,38700000.0,0.196,88400000.0,7900000.0,586400000.0,,173100000.0,0.0,0.0,0.0,679800000.0,215800000.0,464000000.0,4864919.0,-3200000.0,0.0,0.0,2100000.0,0.0,2100000.0,-2000000.0,0.0,-3900000.0,600000.0,-2500000.0,-2500000.0,-2500000.0,-300000.0,2400000.0,-0.013,36100000.0,2600000.0,78400000.0,0.0,-0.196,-0.135,-1.18,110800000.0,0.0,8.73,0.006,0.054,115500000.0,-397500000.0,197300000.0,197300000.0,0.0,,,,,0.0,34900000.0,1.0,557265.0,4925000.0,4925000.0,40.061,566600000.0,0.0,-4900000.0,0.0,115.046,151800000.0
6,MZIAQ,MRQ,2007-03-31,2007-03-31,2007-03-31,2019-04-29,-109900000.0,640800000.0,,358400000.0,282400000.0,,-5.881,-1500000.0,34500000.0,34500000.0,154800000.0,-10800000.0,1.719,-23.25,264700000.0,32100000.0,232600000.0,264700000.0,24800000.0,4000000.0,0.0,0.0,0.0,-4400000.0,-400000.0,-0.002,-400000.0,-4400000.0,-12100000.0,-2.68,-2.68,-2.68,-28800000.0,,-28800000.0,256691544.0,-15.0,-366.702,-8200000.0,-1.674,1.0,35500000.0,0.187,87700000.0,7700000.0,574800000.0,,171600000.0,0.0,0.0,0.0,669600000.0,208500000.0,461100000.0,34691544.0,-4000000.0,0.0,0.0,4100000.0,-100000.0,4000000.0,-1500000.0,0.0,-6700000.0,200000.0,-13100000.0,-13100000.0,-13100000.0,100000.0,2300000.0,-0.069,37500000.0,-2000000.0,69600000.0,0.0,-1.205,-0.691,-0.638,112500000.0,0.0,6.6,0.043,0.04,109300000.0,-395000000.0,190300000.0,190300000.0,0.0,,,,,0.0,35300000.0,1.0,5256295.0,4897000.0,4897000.0,38.861,553100000.0,0.0,1000000.0,0.0,112.947,149900000.0
7,MZIAQ,MRQ,2006-12-31,2006-12-31,2006-12-31,2019-04-29,-113600000.0,650500000.0,,365600000.0,284900000.0,,-4.106,-2700000.0,38500000.0,38500000.0,159200000.0,-8600000.0,1.72,-31.54,260500000.0,27700000.0,232800000.0,260500000.0,24400000.0,4300000.0,0.0,0.0,0.0,-3400000.0,900000.0,0.005,900000.0,-3400000.0,-11100000.0,-2.25,-2.25,-2.25,-21300000.0,,-21300000.0,260397468.0,-16.0,867.992,-3500000.0,-0.675,1.0,38300000.0,0.194,87300000.0,7700000.0,572700000.0,,170700000.0,0.0,0.0,0.0,671800000.0,212500000.0,459300000.0,41497468.0,2800000.0,0.0,0.0,5500000.0,-100000.0,5400000.0,-2700000.0,0.0,-800000.0,900000.0,-11000000.0,-11000000.0,-11000000.0,-100000.0,2400000.0,-0.056,37600000.0,700000.0,77800000.0,0.0,-1.948,-0.845,-0.788,114300000.0,0.0,8.0,0.051,0.051,114500000.0,-381900000.0,197500000.0,197500000.0,0.0,,,,,0.0,32400000.0,1.0,5187184.0,5187184.0,,38.075,563200000.0,0.0,-100000.0,0.0,108.575,153100000.0
8,MZIAQ,MRQ,2006-09-30,2006-09-30,2006-09-30,2019-04-29,-123900000.0,662100000.0,,374400000.0,287700000.0,,-4.523,-600000.0,35700000.0,35700000.0,169900000.0,-7200000.0,1.777,-31.233,254600000.0,22400000.0,232200000.0,254600000.0,22900000.0,4200000.0,0.0,0.0,0.0,-1800000.0,2400000.0,0.011,2400000.0,-1800000.0,-8600000.0,-1.97,-1.97,-1.97,-21900000.0,,-21900000.0,249457048.0,-35.0,24.219,-15300000.0,-3.16,1.0,39200000.0,0.187,86100000.0,6800000.0,584200000.0,,178500000.0,0.0,0.0,0.0,684000000.0,210700000.0,473300000.0,45757048.0,-6200000.0,0.0,0.0,9000000.0,0.0,9000000.0,-600000.0,0.0,-14700000.0,100000.0,-9500000.0,-9500000.0,-9500000.0,0.0,2300000.0,-0.045,38700000.0,500000.0,77000000.0,0.0,-2.089,-1.35,-0.303,114000000.0,0.0,8.9,0.054,0.051,118200000.0,-370900000.0,209100000.0,209100000.0,0.0,,,,,0.0,35300000.0,1.0,5141241.0,4842000.0,4842000.0,43.185,576000000.0,0.0,900000.0,0.0,118.959,163700000.0
9,MZIAQ,MRQ,2006-06-30,2006-06-30,2006-06-30,2019-04-29,-129900000.0,684600000.0,,381900000.0,302700000.0,,-4.065,-3900000.0,41900000.0,41900000.0,170800000.0,-14300000.0,1.909,-35.929,245600000.0,13000000.0,232600000.0,245600000.0,19100000.0,4200000.0,0.0,0.0,0.0,-7800000.0,-3600000.0,-0.017,-3600000.0,-7800000.0,-15700000.0,-3.45,-3.45,-3.45,-19600000.0,,-19600000.0,244504870.0,-45.0,20.041,-11900000.0,-2.468,1.0,40300000.0,0.191,86100000.0,7900000.0,602200000.0,,176700000.0,0.0,0.0,0.0,704200000.0,200000000.0,504200000.0,51404870.0,-2700000.0,0.0,0.0,7500000.0,-100000.0,7400000.0,-3900000.0,0.0,-8000000.0,1800000.0,-16600000.0,-16600000.0,-16600000.0,0.0,2300000.0,-0.079,45800000.0,-5500000.0,83800000.0,0.0,-2.623,-1.567,-0.342,117100000.0,0.0,10.0,0.063,0.059,119900000.0,-361400000.0,211100000.0,211100000.0,0.0,,,,,0.0,38300000.0,1.0,5140487.0,4822000.0,4822000.0,43.779,598500000.0,0.0,900000.0,0.0,124.119,181900000.0
10,MZIAQ,MRQ,2006-03-31,2006-03-31,2006-03-31,2019-04-29,-137000000.0,684000000.0,,378100000.0,305900000.0,,-23.74,-3700000.0,44600000.0,44600000.0,168800000.0,-9600000.0,1.915,-61.0,237700000.0,4800000.0,232900000.0,237700000.0,25300000.0,4100000.0,0.0,0.0,0.0,-3500000.0,600000.0,0.003,600000.0,-3500000.0,-11100000.0,-24.9,-24.9,-24.9,-11400000.0,,-11400000.0,276869063.0,54.0,11.986,600000.0,1.249,1.0,33600000.0,0.166,84300000.0,7600000.0,595400000.0,,169000000.0,0.0,0.0,0.0,695400000.0,197400000.0,498000000.0,82569063.0,-1100000.0,0.0,0.0,-2400000.0,0.0,-2400000.0,-3700000.0,0.0,4300000.0,700000.0,-12000000.0,-12000000.0,-12000000.0,0.0,2400000.0,-0.059,34700000.0,-1100000.0,85500000.0,0.0,-7.243,-3.84,-0.599,115200000.0,0.0,16.1,0.101,0.009,119800000.0,-344800000.0,202400000.0,202400000.0,0.0,,,,,0.0,34200000.0,1.0,5128513.0,480200.0,480200.0,421.491,599700000.0,0.0,900000.0,0.0,1248.855,180700000.0
11,MZIAQ,MRQ,2005-12-31,2005-12-31,2005-12-31,2019-04-29,-140200000.0,671600000.0,,368800000.0,302800000.0,,-1.021,-5200000.0,45700000.0,45700000.0,174700000.0,5800000.0,2.026,-132.686,240000000.0,6700000.0,233300000.0,240000000.0,22600000.0,4900000.0,0.0,0.0,0.0,6000000.0,10900000.0,0.05,10900000.0,6000000.0,-1400000.0,0.9,0.9,0.9,-5100000.0,,-5100000.0,253116024.0,40.0,10.206,-1900000.0,-0.381,1.0,42400000.0,0.195,83700000.0,7400000.0,600200000.0,,161100000.0,0.0,0.0,0.0,676700000.0,182000000.0,494700000.0,62916024.0,-2600000.0,0.0,0.0,1700000.0,-1500000.0,200000.0,-5200000.0,0.0,3300000.0,-900000.0,4200000.0,4200000.0,4200000.0,-1200000.0,1600000.0,0.019,36000000.0,6400000.0,76400000.0,0.0,-12.336,-3.13,-3.0,114200000.0,0.0,12.6,0.078,0.078,117700000.0,-332800000.0,217100000.0,217100000.0,0.0,,,,,0.0,35300000.0,1.0,4993335.0,4993335.0,,43.478,587900000.0,0.0,-5600000.0,0.0,117.737,186800000.0
12,MZIAQ,MRQ,2005-09-30,2005-09-30,2005-09-30,2019-04-29,-116400000.0,684800000.0,,375100000.0,309700000.0,,2.998,-3700000.0,48300000.0,48300000.0,157300000.0,-6900000.0,1.956,46.888,238500000.0,4500000.0,234000000.0,238500000.0,18900000.0,4400000.0,0.0,0.0,0.0,-100000.0,4300000.0,0.023,4300000.0,-100000.0,-7800000.0,-1.8,-1.8,-1.8,14300000.0,,14300000.0,289240240.0,362.0,14.987,11100000.0,2.327,1.0,33400000.0,0.175,84500000.0,7700000.0,598700000.0,,162100000.0,0.0,0.0,0.0,670500000.0,191800000.0,478700000.0,88840240.0,10900000.0,300000.0,0.0,700000.0,-1600000.0,-900000.0,-3400000.0,0.0,14800000.0,400000.0,-8400000.0,-8400000.0,-8400000.0,-700000.0,1500000.0,-0.044,32700000.0,700000.0,75700000.0,0.0,6.213,-3.443,-3.423,116000000.0,0.0,17.8,0.11,0.106,117300000.0,-337000000.0,190700000.0,190700000.0,0.0,,,,,0.0,31300000.0,1.0,4991025.0,4770600.0,4770600.0,39.974,600300000.0,0.0,600000.0,0.0,125.833,183300000.0
13,MZIAQ,MRQ,2005-06-30,2005-06-30,2005-06-30,2019-04-29,-118200000.0,682400000.0,,371000000.0,311400000.0,,4.328,100000.0,37400000.0,37400000.0,171000000.0,-3800000.0,2.017,32.126,237800000.0,3400000.0,234400000.0,237800000.0,19700000.0,4600000.0,0.0,0.0,0.0,2700000.0,7300000.0,0.035,7300000.0,2700000.0,-4300000.0,-1.1,-1.1,-1.1,20600000.0,,20600000.0,289412765.0,223.0,14.257,-2600000.0,-0.546,1.0,37800000.0,0.181,83800000.0,7000000.0,615100000.0,,159600000.0,0.0,0.0,0.0,661800000.0,183900000.0,477900000.0,94112765.0,-6300000.0,0.0,0.0,-700000.0,-1500000.0,-2200000.0,100000.0,0.0,-2700000.0,-1500000.0,-5300000.0,-5300000.0,-5300000.0,-600000.0,1500000.0,-0.025,34200000.0,3600000.0,74100000.0,0.0,4.569,-3.857,-3.635,116000000.0,0.0,18.9,0.118,0.113,127300000.0,-328600000.0,208800000.0,208800000.0,0.0,,,,,0.0,33700000.0,1.0,4979511.0,4760000.0,4760000.0,43.866,598600000.0,0.0,1000000.0,0.0,125.756,187100000.0
14,MZIAQ,MRQ,2005-03-31,2005-03-31,2005-03-31,2019-04-29,-108900000.0,705400000.0,,379600000.0,325800000.0,,7.344,-1300000.0,43700000.0,43700000.0,160100000.0,-9100000.0,1.979,19.212,239000000.0,3700000.0,235300000.0,239000000.0,15700000.0,4500000.0,0.0,0.0,0.0,-2300000.0,2200000.0,0.011,2200000.0,-2300000.0,-10500000.0,-2.2,-2.2,-2.2,34900000.0,,34900000.0,335490911.0,-11.0,-29.429,-7500000.0,-1.578,1.0,32200000.0,0.167,85800000.0,8200000.0,623100000.0,,161300000.0,0.0,0.0,0.0,670500000.0,191800000.0,478700000.0,151590911.0,-25500000.0,0.0,0.0,-14600000.0,-1600000.0,-17300000.0,-1300000.0,0.0,-6200000.0,-700000.0,-10700000.0,-10700000.0,-10700000.0,0.0,1600000.0,-0.056,32900000.0,-700000.0,73200000.0,0.0,4.344,-2.332,-2.179,124000000.0,0.0,30.5,0.195,0.186,128100000.0,-323400000.0,192300000.0,192300000.0,0.0,,,,,0.0,33500000.0,1.0,4970194.0,4752400.0,4752400.0,40.464,619600000.0,0.0,200000.0,0.0,130.376,187800000.0
15,MZIAQ,MRQ,2004-12-31,2004-12-31,2004-12-31,2019-04-29,-104000000.0,737900000.0,,406800000.0,331100000.0,,14.048,-4300000.0,69200000.0,69200000.0,169300000.0,-1900000.0,1.906,13.641,253100000.0,17200000.0,235900000.0,253100000.0,18600000.0,5000000.0,0.0,0.0,0.0,500000.0,5500000.0,0.026,5500000.0,500000.0,-7000000.0,-0.1,-0.1,-0.1,50400000.0,,50400000.0,332723786.0,-9.0,-20.926,5000000.0,1.394,1.0,43700000.0,0.205,86600000.0,7500000.0,621800000.0,,153900000.0,0.0,0.0,0.0,687500000.0,213400000.0,474100000.0,121623786.0,28700000.0,0.0,25200000.0,-2300000.0,-1700000.0,21200000.0,-4300000.0,0.0,9300000.0,2500000.0,-1400000.0,-1400000.0,-1400000.0,0.0,-500000.0,-0.007,43700000.0,0.0,80300000.0,0.0,2.413,-1.715,-1.96,128400000.0,0.0,33.9,0.157,0.157,134600000.0,-312700000.0,213000000.0,213000000.0,0.0,,,,,0.0,34300000.0,1.0,3587722.0,3587722.0,,59.369,651300000.0,0.0,-5600000.0,0.0,181.536,193400000.0
16,MZIAQ,MRQ,2004-09-30,2004-09-30,2004-09-30,2019-04-29,-106400000.0,673600000.0,,348300000.0,325300000.0,,4.469,-1200000.0,40500000.0,40500000.0,146300000.0,-5500000.0,1.742,38.858,251600000.0,15800000.0,235800000.0,251600000.0,18200000.0,4900000.0,0.0,0.0,0.0,400000.0,5300000.0,0.029,5300000.0,400000.0,-6200000.0,-1.8,-1.8,-1.8,16900000.0,,16900000.0,312502609.0,-6.0,-9.827,-6100000.0,-1.613,1.0,34200000.0,0.189,83800000.0,6600000.0,600900000.0,,128800000.0,0.0,0.0,0.0,656700000.0,200000000.0,456700000.0,111602609.0,-1500000.0,0.0,0.0,5700000.0,-1400000.0,4300000.0,-1200000.0,0.0,-4900000.0,300000.0,-7000000.0,-7000000.0,-7000000.0,0.0,1500000.0,-0.039,31900000.0,2300000.0,69800000.0,0.0,6.604,-1.196,-1.686,129000000.0,0.0,31.2,0.147,0.155,126500000.0,-321600000.0,180500000.0,180500000.0,0.0,,,,,0.0,30800000.0,1.0,3577007.0,3781700.0,3781700.0,47.73,589800000.0,0.0,800000.0,0.0,155.962,148300000.0
17,MZIAQ,MRQ,2004-06-30,2004-06-30,2004-06-30,2019-04-29,-108800000.0,678300000.0,,347700000.0,330600000.0,,4.497,-1500000.0,42000000.0,42000000.0,156200000.0,-27800000.0,1.773,31.455,242900000.0,6700000.0,236200000.0,242900000.0,16400000.0,5100000.0,0.0,0.0,0.0,-29500000.0,-24400000.0,-0.127,-24400000.0,-29500000.0,-44800000.0,-9.9,-9.9,-9.9,20900000.0,,20900000.0,485422624.0,-4.0,-5.271,-5400000.0,-1.162,1.0,35500000.0,0.185,83100000.0,15300000.0,600000000.0,,130000000.0,0.0,0.0,0.0,657400000.0,196100000.0,461300000.0,199322624.0,-20000000.0,8000000.0,0.0,-21100000.0,-200000.0,-21300000.0,6500000.0,0.0,-3900000.0,-600000.0,-45900000.0,-45900000.0,-45900000.0,-100000.0,18100000.0,-0.239,32400000.0,3100000.0,70600000.0,0.0,9.537,-1.294,-1.087,131400000.0,0.0,40.0,0.266,0.248,124700000.0,-314700000.0,191700000.0,191700000.0,0.0,,,,,0.0,30800000.0,1.0,4983066.0,4647600.0,4647600.0,41.247,595200000.0,0.0,1100000.0,0.0,128.066,151600000.0
18,MZIAQ,MRQ,2004-03-31,2004-03-31,2004-03-31,2019-04-29,-106600000.0,724800000.0,,397200000.0,327600000.0,,-11.762,-1200000.0,62000000.0,62000000.0,156100000.0,-16600000.0,1.046,-17.7,348100000.0,188400000.0,159700000.0,348100000.0,16600000.0,5300000.0,0.0,0.029,0.0,-7600000.0,-2300000.0,-0.012,-2300000.0,-7600000.0,-15500000.0,-4.5,-4.5,-4.5,-43400000.0,,-43400000.0,351626441.0,-4.0,-4.663,-43400000.0,-11.762,1.0,32800000.0,0.174,83300000.0,7900000.0,547900000.0,,131100000.0,0.0,0.0,0.0,768200000.0,379700000.0,388500000.0,121026441.0,-30800000.0,0.0,0.0,16700000.0,0.0,16700000.0,-1200000.0,0.0,-42200000.0,-600000.0,-16600000.0,-16600000.0,-16600000.0,600000.0,0.0,-0.088,33400000.0,-600000.0,65400000.0,0.0,-2.789,-0.607,-0.641,135300000.0,0.0,34.7,0.164,0.173,123000000.0,-268600000.0,188900000.0,188900000.0,0.0,,,,,0.0,30900000.0,1.0,3487794.0,3689800.0,3689800.0,51.195,641500000.0,0.0,1100000.0,0.0,173.858,17500000.0
19,MZIAQ,MRQ,2003-12-31,2003-12-31,2003-12-31,2019-04-29,-106700000.0,733400000.0,,388500000.0,344900000.0,,-6.778,-2300000.0,92800000.0,92800000.0,156200000.0,-23600000.0,1.076,-32.076,323400000.0,159900000.0,163500000.0,323400000.0,15200000.0,5400000.0,0.0,0.048,0.0,-15800000.0,-10400000.0,-0.053,-10400000.0,-15800000.0,-21900000.0,-2.3,-2.3,-2.3,-23600000.0,,-23600000.0,394899396.0,-4.0,-5.402,28200000.0,8.099,1.0,41500000.0,0.21,83800000.0,6100000.0,519300000.0,,149500000.0,0.0,0.0,0.0,757000000.0,360900000.0,396100000.0,145199396.0,30000000.0,0.0,0.0,-300000.0,0.0,-300000.0,-2300000.0,0.0,30500000.0,2600000.0,-23800000.0,-23800000.0,-23800000.0,1500000.0,200000.0,-0.12,54800000.0,-13300000.0,67900000.0,0.0,-6.153,-0.76,-0.8,140800000.0,0.0,41.7,0.196,0.196,93800000.0,-241700000.0,197700000.0,197700000.0,0.0,,,,,0.0,33700000.0,1.0,3482000.0,3482000.0,,56.778,649600000.0,0.0,1900000.0,0.0,186.559,27600000.0
20,MZIAQ,MRQ,2003-09-30,2003-09-30,2003-09-30,2019-04-29,-122500000.0,717000000.0,,368400000.0,348600000.0,,-7.63,-1000000.0,62800000.0,62800000.0,139000000.0,-67700000.0,1.067,-28.899,312500000.0,158700000.0,153800000.0,312500000.0,12100000.0,5000000.0,0.0,0.13,0.0,-60000000.0,-55000000.0,-0.323,-55000000.0,-60000000.0,-65900000.0,-20.1,-20.1,-20.1,-25700000.0,,-25700000.0,326017521.0,-4.0,-5.039,800000.0,0.238,1.0,31200000.0,0.183,95100000.0,5900000.0,526300000.0,,136400000.0,0.0,0.0,0.0,742700000.0,345300000.0,397400000.0,77917521.0,-4400000.0,4100000.0,0.0,-2200000.0,0.0,-2200000.0,3100000.0,0.0,1800000.0,-800000.0,-67700000.0,-67700000.0,-67700000.0,2000000.0,0.0,-0.398,88200000.0,-57000000.0,66300000.0,0.0,-3.032,-0.45,-0.499,143000000.0,0.0,23.0,0.106,0.106,102700000.0,-227500000.0,170200000.0,170200000.0,0.0,,,,,0.0,30700000.0,1.0,3387718.0,3368400.0,3368400.0,50.528,621900000.0,0.0,1800000.0,0.0,184.628,23100000.0
21,MZIAQ,MRQ,2003-06-30,2003-06-30,2003-06-30,2019-04-29,-120800000.0,792400000.0,,384100000.0,408300000.0,,12.884,300000.0,67200000.0,67200000.0,153500000.0,-91300000.0,1.089,17.3,315300000.0,160300000.0,155000000.0,315300000.0,14900000.0,5600000.0,0.0,0.082,1.0,-13300000.0,-7700000.0,-0.042,-7700000.0,-13300000.0,-19100000.0,-27.2,-27.2,-27.2,43300000.0,,43300000.0,387411013.0,-38.0,30.505,-17000000.0,-5.058,1.0,28100000.0,0.155,147600000.0,5800000.0,540300000.0,,145200000.0,0.0,0.0,0.0,749100000.0,352600000.0,396500000.0,165411013.0,-15100000.0,0.0,0.0,200000.0,-400000.0,-200000.0,300000.0,0.0,-17300000.0,3500000.0,-91300000.0,-91300000.0,-91300000.0,3000000.0,0.0,-0.503,38400000.0,-10300000.0,58800000.0,-0.037,3.82,-1.82,-2.253,147100000.0,0.0,48.9,0.225,0.223,94300000.0,-159900000.0,181600000.0,181600000.0,0.0,,,,,0.0,34300000.0,1.0,3382638.0,3360800.0,3360800.0,54.035,644800000.0,0.0,72200000.0,0.0,191.859,31500000.0
22,MZIAQ,MRQ,2003-03-31,2003-03-31,2003-03-31,2019-04-29,-126200000.0,879000000.0,,405200000.0,473800000.0,,38.49,-1000000.0,82300000.0,82300000.0,158400000.0,-8300000.0,1.104,5.803,304300000.0,159400000.0,144900000.0,304300000.0,14900000.0,5700000.0,0.0,0.096,1.0,-5800000.0,-100000.0,-0.001,-100000.0,-5800000.0,-11000000.0,-2.5,-2.5,-2.5,129200000.0,,129200000.0,319353547.0,-13.0,-138.849,-6000000.0,-1.787,1.0,31800000.0,0.167,144900000.0,5200000.0,589100000.0,,152700000.0,0.0,0.0,0.0,749800000.0,367000000.0,382800000.0,140153547.0,-40000000.0,-30900000.0,0.0,-2500000.0,-400000.0,-2900000.0,-31900000.0,0.0,-5000000.0,3500000.0,-8300000.0,-8300000.0,-8300000.0,700000.0,0.0,-0.044,36900000.0,-5100000.0,70400000.0,-0.4,1.085,-4.565,-10.921,147200000.0,0.0,41.5,0.193,0.192,91000000.0,-68200000.0,190200000.0,190200000.0,0.0,,,,,0.0,30200000.0,1.0,3377194.0,3356700.0,3356700.0,56.663,734100000.0,0.0,-2700000.0,0.0,218.697,38200000.0
23,MZIAQ,MRQ,2002-12-31,2002-12-31,2002-12-31,2019-04-29,-129800000.0,915700000.0,,444800000.0,470900000.0,,39.707,-2400000.0,122300000.0,122300000.0,160600000.0,-5800000.0,1.576,5.834,301500000.0,46100000.0,255400000.0,301500000.0,17500000.0,5600000.0,0.0,0.067,1.0,-7500000.0,-1900000.0,-0.01,-1900000.0,-7500000.0,-12600000.0,3.7,3.7,3.7,134000000.0,,134000000.0,382796661.0,-2.0,-1.96,11200000.0,3.319,1.0,30900000.0,0.161,143300000.0,5100000.0,669400000.0,,147600000.0,0.0,0.0,0.0,781700000.0,282200000.0,499500000.0,200796661.0,8100000.0,-7300000.0,0.0,-1000000.0,-400000.0,-1400000.0,-9700000.0,0.0,13600000.0,4200000.0,-5800000.0,-5800000.0,-5800000.0,6500000.0,0.0,-0.03,31900000.0,-1000000.0,68800000.0,0.27,1.498,-0.9,-0.971,149800000.0,0.0,59.5,0.29,0.29,89300000.0,-59500000.0,191500000.0,191500000.0,0.0,,,,,0.0,30300000.0,1.0,3374734.0,3374734.0,,56.745,772400000.0,0.0,-6800000.0,0.0,228.877,162600000.0
24,MZIAQ,MRQ,2002-09-30,2002-09-30,2002-09-30,2019-04-29,-32500000.0,1116800000.0,,487500000.0,629300000.0,,126.746,900000.0,114200000.0,114200000.0,141700000.0,14500000.0,1.688,1.63,296200000.0,46900000.0,249300000.0,296200000.0,20400000.0,6100000.0,0.0,0.089,1.0,16300000.0,22400000.0,0.129,22400000.0,16300000.0,9800000.0,4.3,4.3,4.3,424700000.0,,424700000.0,643289179.0,-3.0,-3.088,3400000.0,1.015,1.0,31600000.0,0.182,365700000.0,6500000.0,644300000.0,,151900000.0,0.0,0.0,0.0,692100000.0,288800000.0,403300000.0,152189179.0,38900000.0,308800000.0,0.0,-266700000.0,-400000.0,-267100000.0,309700000.0,0.0,2500000.0,-300000.0,14500000.0,14500000.0,14500000.0,-19000000.0,0.0,0.084,34300000.0,-2700000.0,60300000.0,0.233,0.358,-0.636,-0.629,148700000.0,0.0,45.1,0.221,0.219,95500000.0,134100000.0,173300000.0,173300000.0,0.0,,,,,0.0,30900000.0,1.0,3374483.0,3350800.0,3350800.0,51.719,751100000.0,0.0,-4700000.0,0.0,224.155,198700000.0
25,MZIAQ,MRQ,2002-06-30,2002-06-30,2002-06-30,2019-04-29,-29500000.0,1476900000.0,,778100000.0,698800000.0,,123.492,400000.0,75300000.0,75300000.0,138500000.0,-31100000.0,1.977,2.572,566400000.0,50200000.0,516200000.0,566400000.0,14800000.0,5600000.0,0.0,0.041,1.0,-28300000.0,-22700000.0,-0.134,-22700000.0,-28300000.0,-34400000.0,-9.3,-9.3,-9.3,413500000.0,,413500000.0,820066021.0,-3.0,-3.358,2300000.0,0.687,1.0,31400000.0,0.185,395400000.0,6100000.0,1179000000.0,,176300000.0,0.0,0.0,0.0,1063400000.0,393600000.0,669800000.0,342166021.0,-24000000.0,0.0,0.0,-22700000.0,-400000.0,-23100000.0,400000.0,0.0,1900000.0,2300000.0,-31100000.0,-31100000.0,-31100000.0,23200000.0,0.0,-0.183,36500000.0,-5100000.0,64100000.0,-0.108,0.827,-1.257,-1.245,181500000.0,0.0,101.5,0.495,0.492,89000000.0,120100000.0,169900000.0,169900000.0,0.0,,,,,0.0,31000000.0,1.0,3371094.0,3348400.0,3348400.0,50.741,1081500000.0,0.0,-3300000.0,0.0,322.99,384500000.0
26,MZIAQ,MRQ,2002-03-31,2002-03-31,2002-03-31,2019-04-29,-54100000.0,1471800000.0,,631600000.0,840200000.0,,125.808,2400000.0,108300000.0,108300000.0,133200000.0,-200800000.0,1.847,2.503,586200000.0,84900000.0,501300000.0,586200000.0,18500000.0,5700000.0,0.0,0.03,1.0,-198800000.0,-193100000.0,-1.218,-193100000.0,-198800000.0,-204400000.0,-60.1,-60.1,-60.1,420200000.0,,420200000.0,983864832.0,-4.0,-4.665,20300000.0,6.078,1.0,25300000.0,0.16,410600000.0,5600000.0,1197100000.0,,295800000.0,0.0,0.0,0.0,1051600000.0,342000000.0,709600000.0,490664832.0,9200000.0,-1900000.0,400000.0,-11000000.0,-400000.0,-11000000.0,500000.0,0.0,17900000.0,-600000.0,-200800000.0,-200800000.0,-200800000.0,6100000.0,0.0,-1.267,30300000.0,-5000000.0,90400000.0,-0.017,1.168,-2.044,-2.029,280200000.0,0.0,145.9,0.669,0.665,152800000.0,151600000.0,158500000.0,158500000.0,0.0,,,,,0.0,28800000.0,1.0,3363022.0,3340000.0,3340000.0,47.455,1061200000.0,0.0,-3600000.0,0.0,317.725,289600000.0
27,MZIAQ,MRQ,2001-12-31,2001-12-31,2001-12-31,2019-04-29,-51000000.0,1512300000.0,,867500000.0,644800000.0,,129.955,-1400000.0,90100000.0,90100000.0,160500000.0,-21900000.0,2.107,2.477,576700000.0,75600000.0,501100000.0,576700000.0,17000000.0,8400000.0,0.0,0.029,1.0,-23300000.0,-14900000.0,-0.08,-14900000.0,-23300000.0,-29500000.0,-6.6,-6.6,-6.6,434900000.0,,434900000.0,1060089683.0,-30.0,-1766.816,26000000.0,7.769,1.0,26300000.0,0.141,353200000.0,6200000.0,1234000000.0,,177900000.0,0.0,0.0,0.0,1077400000.0,411700000.0,665700000.0,529089683.0,37200000.0,0.0,0.0,11300000.0,-400000.0,10900000.0,-1400000.0,0.0,27400000.0,-800000.0,-21900000.0,-21900000.0,-21900000.0,1200000.0,0.0,-0.117,48800000.0,-22500000.0,59100000.0,-0.152,1.217,-14.82,-14.639,165800000.0,0.0,158.1,0.701,0.701,88500000.0,165000000.0,186800000.0,186800000.0,0.0,,,,,0.0,31900000.0,1.0,3346551.0,3346551.0,,55.819,1159100000.0,0.0,-7600000.0,0.0,346.357,455800000.0
28,MZIAQ,MRQ,2001-09-30,2001-09-30,2001-09-30,2019-04-29,-50800000.0,1502400000.0,,672300000.0,830100000.0,,137.47,-2500000.0,63200000.0,63200000.0,151600000.0,-18400000.0,1.835,2.292,594200000.0,112800000.0,481400000.0,594200000.0,11900000.0,8800000.0,0.0,0.04,1.2,-22300000.0,-13500000.0,-0.077,-13500000.0,-22300000.0,-28200000.0,-5.5,-5.5,-5.5,456400000.0,,456400000.0,928798325.0,546.0,35.049,7400000.0,2.229,1.0,23900000.0,0.136,410500000.0,5900000.0,1256500000.0,,373300000.0,0.0,0.0,0.0,1046000000.0,366400000.0,679600000.0,398998325.0,25700000.0,0.0,0.0,16700000.0,-4100000.0,12600000.0,-2500000.0,0.0,9900000.0,900000.0,-18400000.0,-18400000.0,-18400000.0,7900000.0,0.0,-0.105,38100000.0,-14200000.0,101200000.0,-0.218,0.874,48.658,54.364,306600000.0,0.0,119.6,0.789,0.785,170400000.0,187400000.0,175500000.0,175500000.0,0.0,,,,,0.0,32200000.0,1.0,3336106.0,3320000.0,3320000.0,52.861,1091900000.0,0.0,-9800000.0,0.0,328.886,305900000.0
29,MZIAQ,MRQ,2001-06-30,2001-06-30,2001-06-30,2019-04-29,-54900000.0,1483600000.0,,666200000.0,817400000.0,,142.685,-1500000.0,36700000.0,36700000.0,175800000.0,1100000.0,1.657,2.133,566500000.0,155600000.0,410900000.0,566500000.0,14100000.0,10500000.0,0.0,0.031,1.2,100000.0,10600000.0,0.05,10600000.0,100000.0,-6000000.0,0.3,0.3,0.3,473500000.0,,473500000.0,1030482193.0,17.0,11.213,5300000.0,1.597,1.0,36300000.0,0.171,412300000.0,6100000.0,1199100000.0,,392100000.0,0.0,0.0,0.0,1010100000.0,402000000.0,608100000.0,521682193.0,1400000.0,-28600000.0,0.0,29600000.0,-4000000.0,25600000.0,-30100000.0,0.0,6800000.0,-200000.0,1100000.0,1100000.0,1100000.0,-1900000.0,0.0,0.005,38000000.0,-1700000.0,101700000.0,4.0,1.102,11.567,12.054,307800000.0,0.0,156.7,0.72,0.718,181500000.0,209800000.0,212100000.0,212100000.0,0.0,,,,,0.0,35700000.0,1.0,3329178.0,3318500.0,3318500.0,63.914,1071300000.0,0.0,-7100000.0,0.0,322.827,264200000.0
30,MZIAQ,MRQ,2001-03-31,2001-03-31,2001-03-31,2019-04-29,-53500000.0,1479200000.0,,675200000.0,804000000.0,,142.866,-6300000.0,30700000.0,30700000.0,259600000.0,3500000.0,1.563,2.098,539500000.0,163400000.0,376100000.0,539500000.0,17200000.0,14700000.0,0.0,0.027,1.2,14300000.0,29000000.0,0.086,29000000.0,14300000.0,4700000.0,1.0,1.0,1.0,477500000.0,,477500000.0,1039451061.0,11.0,7.959,-67900000.0,-20.315,1.0,79500000.0,0.234,410100000.0,9600000.0,1145900000.0,,392900000.0,0.0,0.0,0.0,1001700000.0,432000000.0,569700000.0,604051061.0,-10500000.0,0.0,-3700000.0,65700000.0,-4000000.0,58000000.0,-6300000.0,0.0,-61600000.0,-600000.0,3500000.0,3500000.0,3500000.0,0.0,0.0,0.01,65000000.0,14500000.0,110900000.0,1.2,1.265,9.951,10.408,298900000.0,0.0,181.1,0.659,0.66,199700000.0,212700000.0,339100000.0,339100000.0,0.0,,,,,0.0,63000000.0,1.0,3335456.0,3342300.0,3342300.0,101.457,1069100000.0,0.0,1200000.0,0.0,319.87,243200000.0
31,MZIAQ,MRQ,2000-12-31,2000-12-31,2000-12-31,2019-04-29,-49700000.0,1464900000.0,,656000000.0,808900000.0,,143.964,6600000.0,41200000.0,41200000.0,-142700000.0,22000000.0,1.615,2.024,476600000.0,94000000.0,382600000.0,476600000.0,25900000.0,-9200000.0,0.0,0.03,1.2,9600000.0,400000.0,-0.002,400000.0,9600000.0,18300000.0,6.4,6.5,6.4,484400000.0,,484400000.0,980259692.0,9.0,6.623,-1800000.0,-0.535,1.0,-78200000.0,0.354,413700000.0,-8700000.0,1080500000.0,,367100000.0,0.0,0.0,0.0,980500000.0,406100000.0,574400000.0,540459692.0,10200000.0,-17200000.0,-17100000.0,2100000.0,-4100000.0,-19100000.0,-10600000.0,0.0,-8400000.0,400000.0,22000000.0,22000000.0,22000000.0,-23500000.0,0.0,-0.1,-56900000.0,-21300000.0,127300000.0,0.188,1.116,7.475,7.797,305500000.0,0.0,160.625,0.555,0.555,199500000.0,213300000.0,-220900000.0,-220900000.0,0.0,,,,,0.0,-64700000.0,1.0,3364730.0,3364730.0,,-65.652,1051200000.0,0.0,-3700000.0,0.0,312.417,249900000.0
32,MZIAQ,MRQ,2000-09-30,2000-09-30,2000-09-30,2019-04-29,-51000000.0,1451300000.0,,654800000.0,796500000.0,,138.474,-7500000.0,27200000.0,27200000.0,292000000.0,18500000.0,1.603,2.022,467000000.0,92500000.0,374500000.0,467000000.0,28200000.0,14400000.0,0.0,0.036,1.2,37500000.0,51900000.0,0.132,51900000.0,37500000.0,27000000.0,5.3,5.3,5.3,480200000.0,,480200000.0,938797972.0,7.0,4.666,22900000.0,6.604,1.0,102000000.0,0.259,414400000.0,10500000.0,1068200000.0,,373000000.0,0.0,0.0,0.0,971100000.0,408500000.0,562600000.0,463897972.0,-6200000.0,13700000.0,-7400000.0,-30400000.0,-4200000.0,-42000000.0,6200000.0,0.0,30400000.0,-800000.0,18500000.0,18500000.0,18500000.0,0.0,0.0,0.047,64900000.0,37100000.0,116600000.0,0.226,0.966,6.39,6.558,297300000.0,0.0,133.125,0.284,0.283,202900000.0,195400000.0,394000000.0,394000000.0,0.0,,,,,0.0,65800000.0,1.0,3484680.0,3467800.0,3467800.0,113.617,1036900000.0,0.0,8500000.0,0.0,299.008,246300000.0
33,MZIAQ,MRQ,2000-06-30,2000-06-30,2000-06-30,2019-04-29,-45600000.0,1497600000.0,,689200000.0,808400000.0,,134.639,-8900000.0,33400000.0,33400000.0,299100000.0,16700000.0,1.515,2.129,508300000.0,135100000.0,373200000.0,508300000.0,25800000.0,15000000.0,0.0,0.033,1.2,34300000.0,49300000.0,0.122,49300000.0,34300000.0,24500000.0,4.7,4.7,4.7,478600000.0,,478600000.0,981583001.0,7.0,4.96,11100000.0,3.123,1.0,105400000.0,0.261,414900000.0,9800000.0,1102700000.0,,377900000.0,0.0,0.0,0.0,1019000000.0,454900000.0,564100000.0,518783001.0,-13200000.0,-6600000.0,-11600000.0,-1400000.0,-4300000.0,-17300000.0,-15500000.0,0.0,20000000.0,-400000.0,16700000.0,16700000.0,16700000.0,0.0,0.0,0.041,67600000.0,37800000.0,120300000.0,0.255,1.084,7.256,7.36,309900000.0,0.0,145.0,0.318,0.316,226100000.0,181100000.0,404500000.0,404500000.0,0.0,,,,,0.0,67300000.0,1.0,3577814.0,3554700.0,3554700.0,113.793,1082700000.0,0.0,7800000.0,0.0,304.583,234300000.0
34,MZIAQ,MRQ,2000-03-31,2000-03-31,2000-03-31,2019-04-29,-42300000.0,1505100000.0,,697200000.0,807900000.0,,133.486,-7200000.0,46600000.0,46600000.0,294000000.0,15100000.0,1.255,2.112,509400000.0,233300000.0,276100000.0,509400000.0,31300000.0,15200000.0,0.0,0.033,1.2,31200000.0,46400000.0,0.117,46400000.0,31200000.0,21900000.0,4.2,4.1,4.2,483700000.0,,483700000.0,964054845.0,7.0,4.967,-8200000.0,-2.263,1.0,102900000.0,0.259,415000000.0,9300000.0,997500000.0,,373800000.0,0.0,0.0,0.0,1021400000.0,555400000.0,466000000.0,522554845.0,-34700000.0,0.0,-12300000.0,-9100000.0,-4400000.0,-25800000.0,-7200000.0,0.0,-1000000.0,-700000.0,15100000.0,15100000.0,15100000.0,0.0,0.0,0.038,67400000.0,35500000.0,126100000.0,0.286,1.08,7.454,7.52,314700000.0,0.0,144.375,0.321,0.321,228700000.0,168600000.0,396900000.0,396900000.0,0.0,,,,,0.0,66200000.0,1.0,3619428.0,3623600.0,3623600.0,109.532,1090100000.0,0.0,6800000.0,0.0,300.833,141800000.0
35,MZIAQ,MRQ,1999-12-31,1999-12-31,1999-12-31,2019-04-29,-35400000.0,1536700000.0,,717600000.0,819100000.0,,132.629,-8400000.0,81300000.0,81300000.0,324000000.0,22300000.0,1.289,2.13,522800000.0,224700000.0,298100000.0,522800000.0,28800000.0,14600000.0,0.0,0.031,1.2,39000000.0,53600000.0,0.122,53600000.0,39000000.0,28900000.0,6.1,6.1,6.1,490900000.0,,490900000.0,1076874383.0,8.0,5.58,27500000.0,7.43,1.0,114700000.0,0.261,419600000.0,10100000.0,1001700000.0,,373400000.0,0.0,0.0,0.0,1045800000.0,556900000.0,488900000.0,569074383.0,40100000.0,39400000.0,-3200000.0,-18700000.0,-4500000.0,-26400000.0,31000000.0,0.0,35900000.0,-400000.0,22300000.0,22300000.0,22300000.0,0.0,0.0,0.051,86000000.0,28700000.0,130700000.0,0.197,1.159,8.118,8.092,323200000.0,0.0,153.75,0.35,0.35,217300000.0,158000000.0,438700000.0,438700000.0,0.0,,,,,0.0,69800000.0,1.0,3701297.0,3701297.0,,118.526,1117100000.0,0.0,6600000.0,0.0,301.813,160700000.0
36,MZIAQ,MRQ,1999-09-30,1999-09-30,1999-09-30,2019-04-29,-28800000.0,1542800000.0,,708600000.0,834200000.0,,130.508,-4700000.0,41200000.0,41200000.0,290500000.0,17400000.0,1.278,2.196,549000000.0,228900000.0,320100000.0,549000000.0,30500000.0,14900000.0,0.0,0.027,1.2,33700000.0,48600000.0,0.124,48600000.0,33700000.0,24200000.0,4.7,4.7,4.7,482800000.0,,482800000.0,1154565450.0,8.0,5.97,32900000.0,8.893,1.0,102500000.0,0.261,422600000.0,9500000.0,1073400000.0,,401100000.0,0.0,0.0,0.0,1060000000.0,554600000.0,505400000.0,656965450.0,5400000.0,-35800000.0,100000.0,12100000.0,-4500000.0,7700000.0,-40500000.0,0.0,37600000.0,600000.0,17400000.0,17400000.0,17400000.0,0.0,0.0,0.044,64300000.0,38200000.0,126800000.0,0.255,1.361,9.201,9.342,342900000.0,0.0,177.5,0.405,0.405,218300000.0,140200000.0,393000000.0,393000000.0,0.0,,,,,0.0,64300000.0,1.0,3701214.0,3699400.0,3699400.0,106.233,1120200000.0,0.0,6800000.0,0.0,302.806,154000000.0
37,MZIAQ,MRQ,1999-06-30,1999-06-30,1999-06-30,2019-04-29,-34000000.0,1500500000.0,,697100000.0,803400000.0,,125.669,-13500000.0,35800000.0,35800000.0,298700000.0,15300000.0,1.325,2.229,533400000.0,209000000.0,324400000.0,533400000.0,27200000.0,14100000.0,0.0,0.019,1.2,31400000.0,45500000.0,0.113,45500000.0,31400000.0,22000000.0,4.2,4.1,4.2,464700000.0,,464700000.0,1188489425.0,12.0,7.768,-600000.0,-0.162,1.0,102300000.0,0.255,387400000.0,9400000.0,1084700000.0,,395100000.0,0.0,0.0,0.0,1035800000.0,526000000.0,509800000.0,684889425.0,-1800000.0,5900000.0,-1100000.0,-800000.0,-4500000.0,-6400000.0,-7600000.0,0.0,12900000.0,-700000.0,15300000.0,15300000.0,15300000.0,0.0,0.0,0.038,68400000.0,33900000.0,128800000.0,0.286,1.474,20.506,20.556,342200000.0,0.0,185.0,0.433,0.433,219500000.0,127300000.0,401000000.0,401000000.0,0.0,,,,,0.0,68400000.0,1.0,3702105.0,3697800.0,3697800.0,108.443,1113100000.0,0.0,6700000.0,0.0,301.017,171100000.0
38,MZIAQ,MRQ,1999-03-31,1999-03-31,1999-03-31,2019-04-29,-26800000.0,1526100000.0,,717600000.0,808500000.0,,122.96,-14800000.0,37600000.0,37600000.0,288400000.0,15100000.0,1.315,2.31,541200000.0,211300000.0,329900000.0,541200000.0,32500000.0,14700000.0,0.0,0.015,1.2,30600000.0,45300000.0,0.116,45300000.0,30600000.0,21400000.0,4.0,4.0,4.0,461100000.0,,461100000.0,1059349520.0,11.0,6.713,-11800000.0,-3.147,1.0,103600000.0,0.264,389700000.0,9200000.0,1094100000.0,,404800000.0,0.0,0.0,0.0,1065000000.0,545900000.0,519100000.0,587349520.0,-11300000.0,-7300000.0,-17700000.0,31400000.0,-4600000.0,9100000.0,-22100000.0,0.0,3000000.0,-1300000.0,15100000.0,15100000.0,15100000.0,0.0,0.0,0.039,70400000.0,33200000.0,136700000.0,0.3,1.274,15.06,15.594,346000000.0,0.0,157.5,0.379,0.381,222500000.0,116500000.0,392000000.0,392000000.0,0.0,,,,,0.0,70400000.0,1.0,3729203.0,3750000.0,3750000.0,104.533,1136400000.0,0.0,6300000.0,0.0,303.04,171700000.0
39,MZIAQ,MRQ,1998-12-31,1998-12-28,1998-12-28,2019-04-29,-14400000.0,1557100000.0,,730500000.0,826600000.0,,123.936,-28800000.0,48900000.0,48900000.0,313400000.0,23600000.0,1.326,2.267,520900000.0,185200000.0,335700000.0,520900000.0,31700000.0,13600000.0,0.0,0.006,1.2,40400000.0,54000000.0,0.124,54000000.0,40400000.0,32200000.0,6.1,6.0,6.1,476600000.0,,476600000.0,1347339350.0,13.0,8.544,32000000.0,8.321,1.0,122200000.0,0.281,397600000.0,8200000.0,1080600000.0,,401000000.0,0.0,0.0,0.0,1080500000.0,550900000.0,529600000.0,721039350.0,7100000.0,158900000.0,-19400000.0,-161200000.0,-4600000.0,-185200000.0,130100000.0,0.0,60800000.0,1400000.0,23600000.0,23600000.0,23600000.0,-37800000.0,0.0,0.054,77200000.0,45000000.0,155200000.0,0.197,1.513,17.374,17.689,350900000.0,0.0,187.5,0.476,0.476,226100000.0,106000000.0,435600000.0,435600000.0,0.0,,,,,0.0,77200000.0,1.0,3845543.0,3845543.0,,113.274,1159500000.0,0.0,8600000.0,0.0,301.518,179600000.0
40,MZIAQ,MRQ,1998-09-30,1998-09-30,1998-09-30,2019-04-29,-15500000.0,1690400000.0,,898000000.0,792400000.0,,122.532,-22300000.0,41800000.0,41800000.0,252200000.0,-20600000.0,1.322,2.524,668100000.0,333300000.0,334800000.0,668100000.0,31400000.0,14600000.0,0.0,0.0,0.0,-6400000.0,8200000.0,0.023,8200000.0,-6400000.0,-14000000.0,-5.3,-5.3,-5.3,479700000.0,,479700000.0,983542931.0,10.0,6.301,-35800000.0,-9.145,1.0,99900000.0,0.284,394400000.0,7600000.0,1242900000.0,,376200000.0,0.0,0.0,0.0,1210700000.0,679400000.0,531300000.0,605542931.0,11500000.0,-192700000.0,-7700000.0,252500000.0,-4800000.0,240000000.0,-215000000.0,0.0,-13500000.0,0.0,-20600000.0,-20600000.0,-20600000.0,39100000.0,0.0,-0.059,64500000.0,35400000.0,124100000.0,0.0,1.262,13.547,6.626,328100000.0,0.0,154.375,0.417,0.416,235100000.0,87000000.0,352100000.0,352100000.0,0.0,,,,,0.0,64500000.0,1.0,3922545.0,3914900.0,3914900.0,89.938,1296000000.0,0.0,6600000.0,0.0,331.043,218600000.0
41,MZIAQ,MRQ,1998-06-30,1998-06-30,1998-06-30,2019-04-29,-41100000.0,1464600000.0,,795400000.0,669200000.0,,122.6,-17000000.0,30300000.0,30300000.0,266800000.0,20900000.0,1.674,2.006,408300000.0,98100000.0,310200000.0,408300000.0,38300000.0,14800000.0,0.0,0.0,0.0,35500000.0,50300000.0,0.136,50300000.0,35500000.0,28000000.0,5.3,5.2,5.3,487200000.0,,487200000.0,1310419713.0,9.0,6.595,-8500000.0,-2.139,1.0,103700000.0,0.28,242800000.0,7500000.0,1124600000.0,,434400000.0,0.0,0.0,0.0,977400000.0,475200000.0,502200000.0,960919713.0,-12700000.0,-8000000.0,-2800000.0,11400000.0,-4800000.0,3800000.0,-25000000.0,0.0,8500000.0,0.0,20900000.0,20900000.0,20900000.0,-2600000.0,0.0,0.056,65800000.0,37900000.0,148600000.0,0.0,1.972,10.932,8.326,349200000.0,0.0,243.125,0.628,0.631,268100000.0,112400000.0,370500000.0,370500000.0,0.0,,,,,0.0,65800000.0,1.0,3952369.0,3973900.0,3973900.0,93.233,1221800000.0,0.0,7100000.0,0.0,307.456,320200000.0
42,MZIAQ,MRQ,1998-03-31,1998-03-31,1998-03-31,2019-04-29,-37300000.0,1421300000.0,,770500000.0,650800000.0,,120.303,-10900000.0,43000000.0,43000000.0,259900000.0,17600000.0,1.694,1.975,392500000.0,88900000.0,303600000.0,392500000.0,34100000.0,14400000.0,0.0,0.0,0.0,30800000.0,45200000.0,0.127,45200000.0,30800000.0,23400000.0,4.5,4.4,4.5,477700000.0,,477700000.0,1606883646.0,12.0,8.435,16800000.0,4.231,1.0,96600000.0,0.271,236200000.0,7400000.0,1079800000.0,,408500000.0,0.0,0.0,0.0,943600000.0,454800000.0,488800000.0,1260883646.0,17300000.0,-12500000.0,-4700000.0,22500000.0,-4800000.0,13000000.0,-23400000.0,0.0,27700000.0,0.0,17600000.0,17600000.0,17600000.0,-2600000.0,0.0,0.049,64100000.0,32500000.0,152800000.0,0.0,2.639,14.799,11.184,341500000.0,0.0,318.75,0.782,0.785,253600000.0,96300000.0,356500000.0,356500000.0,0.0,,,,,0.0,64100000.0,1.0,3955713.0,3970800.0,3970800.0,89.78,1185100000.0,0.0,5800000.0,0.0,298.454,315700000.0
43,MZIAQ,MRQ,1997-12-31,1997-12-31,1997-12-31,2019-04-29,-35000000.0,1392500000.0,,751100000.0,641400000.0,,119.296,-36100000.0,25700000.0,25700000.0,271000000.0,26800000.0,1.766,1.951,371700000.0,67500000.0,304200000.0,371700000.0,35700000.0,13700000.0,0.0,0.0,0.0,38700000.0,52400000.0,0.141,52400000.0,38700000.0,31600000.0,18.8,8.2,18.8,471900000.0,,471900000.0,,,,19800000.0,5.005,1.0,101900000.0,0.273,231100000.0,7100000.0,1082000000.0,,390400000.0,0.0,0.0,0.0,920600000.0,425400000.0,495200000.0,1026013163.0,-9400000.0,-2200000.0,-5900000.0,-13800000.0,-4900000.0,-24600000.0,-38300000.0,0.0,55900000.0,-2400000.0,26800000.0,26800000.0,26800000.0,-5300000.0,0.0,0.072,64600000.0,37300000.0,153700000.0,0.0,2.174,12.73,12.777,343100000.0,0.0,259.375,0.713,0.713,275000000.0,83500000.0,372900000.0,372900000.0,0.0,,,,,0.0,64600000.0,1.0,3955713.0,3955713.0,,94.269,1161400000.0,0.0,4800000.0,0.0,293.601,325700000.0
44,MZIAQ,MRQ,1997-09-30,1997-10-04,1997-10-04,2019-04-29,,,,,,,,-22000000.0,,,316300000.0,22600000.0,,,,,,,,16100000.0,,0.0,0.0,34700000.0,50800000.0,0.118,50800000.0,34700000.0,26500000.0,0.6,5.1,0.6,,,,,,,-5600000.0,-1.415,1.0,114900000.0,0.266,,8200000.0,,,,,,,,,,,1500000.0,-23700000.0,-300000.0,35900000.0,-4800000.0,30800000.0,-45700000.0,0.0,16400000.0,0.0,22600000.0,22600000.0,22600000.0,-2300000.0,0.0,0.052,79800000.0,35100000.0,,0.0,,,,,0.0,268.125,,,,,431200000.0,431200000.0,0.0,,,,,0.0,79800000.0,1.0,,3956300.0,4003700.0,108.991,,,3900000.0,,,
45,MZIAQ,MRQ,1997-06-30,1997-06-14,1997-06-14,2019-04-29,,,,,,,,-9300000.0,,,341800000.0,18200000.0,,,,,,,,13000000.0,,0.0,0.0,29100000.0,42100000.0,0.093,42100000.0,29100000.0,22800000.0,4.6,4.6,4.6,,,,,,,24200000.0,6.119,1.0,110300000.0,0.244,,6300000.0,,,,,,,,,,,3600000.0,0.0,300000.0,-17300000.0,-3600000.0,-20600000.0,-9300000.0,0.0,33500000.0,0.0,18200000.0,18200000.0,18200000.0,0.0,0.0,0.04,78600000.0,31700000.0,,0.0,,,,,0.0,252.5,,,,,452100000.0,452100000.0,0.0,,,,,0.0,78600000.0,1.0,,3955100.0,3977800.0,114.308,,,4600000.0,,,
46,MZIAQ,MRQ,1997-03-31,1997-03-22,1997-03-22,2019-04-29,,,,,,,,-6400000.0,,,282200000.0,13000000.0,,,,,,,,10800000.0,,0.0,0.0,22200000.0,33000000.0,0.087,33000000.0,22200000.0,16300000.0,3.3,3.2,3.3,,,,,,,4100000.0,1.032,1.0,95300000.0,0.252,,5900000.0,,,,,,,,,,,2200000.0,0.0,-6600000.0,8400000.0,-3700000.0,-1900000.0,-6400000.0,0.0,10500000.0,0.0,13000000.0,13000000.0,13000000.0,0.0,0.0,0.034,68900000.0,26400000.0,,0.0,,,,,0.0,192.5,,,,,377500000.0,377500000.0,0.0,,,,,0.0,68900000.0,1.0,,3972300.0,3995100.0,95.033,,,3300000.0,,,
47,MZIAQ,MRQ,1996-12-31,1996-12-31,1996-12-31,2019-04-29,-9600000.0,1336300000.0,,727900000.0,608400000.0,,,,27800000.0,27800000.0,,,1.777,1.995,372800000.0,70900000.0,301900000.0,372800000.0,34500000.0,,0.0,0.0,0.0,,,,,,,,,,446200000.0,,446200000.0,,,,,,1.0,,,229900000.0,,1041800000.0,,389700000.0,0.0,0.0,0.0,890100000.0,409600000.0,480500000.0,,,,,,,,,,,,,,,,,,,,134900000.0,,,,12.5,319100000.0,,218.75,,,267000000.0,19900000.0,,,,,,,,,,1.0,,,,,1106400000.0,0.0,,0.0,,318300000.0
0,MZIAQ,MRT,2008-09-30,2008-09-30,2008-09-30,2019-04-29,-48800000.0,586100000.0,616450000.0,356400000.0,229700000.0,1.347,-11.859,-9700000.0,32500000.0,32500000.0,656200000.0,-84300000.0,1.52,-10.393,285700000.0,40200000.0,245500000.0,285700000.0,27600000.0,14700000.0,0.0,0.0,0.0,7400000.0,22100000.0,0.027,22100000.0,7400000.0,-25000000.0,-18.45,-18.45,-18.45,-62400000.0,-50725000.0,-62400000.0,254159274.0,34.0,11.5,-28800000.0,-5.473,1.0,173900000.0,0.209,90300000.0,32400000.0,514600000.0,528450000.0,185100000.0,0.0,0.0,0.0,648500000.0,234400000.0,414100000.0,5759274.0,-5000000.0,0.0,0.0,23300000.0,-100000.0,23200000.0,-9700000.0,0.0,-19100000.0,600000.0,-93600000.0,-93600000.0,-93600000.0,-1000000.0,9300000.0,-0.113,158200000.0,15700000.0,81100000.0,0.0,-0.092,-0.062,-0.057,101900000.0,0.0,1.05,0.007,0.007,106400000.0,-497900000.0,830100000.0,830100000.0,0.0,-0.152,1.845,0.014,0.009,0.0,145000000.0,1.0,5485023.0,5262000.0,,157.754,495800000.0,0.0,68600000.0,0.0,94.223,122000000.0
1,MZIAQ,MRT,2008-06-30,2008-06-30,2008-06-30,2019-04-29,-38800000.0,636300000.0,639900000.0,396500000.0,239800000.0,1.311,-9.186,-10000000.0,39500000.0,39500000.0,663400000.0,-86200000.0,1.614,-14.174,287900000.0,41600000.0,246300000.0,287900000.0,26400000.0,15200000.0,0.0,0.0,0.0,3900000.0,19100000.0,0.023,19100000.0,3900000.0,-28100000.0,-18.88,-18.88,-18.88,-48300000.0,-39525000.0,-48300000.0,244619178.0,63.0,12.807,-15300000.0,-2.91,1.0,175400000.0,0.209,93000000.0,32000000.0,546100000.0,545225000.0,198800000.0,0.0,0.0,0.0,684600000.0,245600000.0,439000000.0,4019178.0,8200000.0,0.0,0.0,19800000.0,-200000.0,19600000.0,-10000000.0,0.0,-5300000.0,3900000.0,-95500000.0,-95500000.0,-95500000.0,-1000000.0,9300000.0,-0.114,163200000.0,12200000.0,94000000.0,0.0,-0.083,-0.042,-0.039,107200000.0,0.0,0.73,0.005,0.005,126000000.0,-493000000.0,838800000.0,838800000.0,0.0,-0.149,2.416,0.007,0.005,0.0,148300000.0,1.0,5505723.0,5258000.0,,159.528,543300000.0,0.0,67400000.0,0.0,103.328,150900000.0
2,MZIAQ,MRT,2008-03-31,2008-03-31,2008-03-31,2019-04-29,-37800000.0,640500000.0,644575000.0,397600000.0,242900000.0,1.273,-8.188,-10400000.0,36800000.0,36800000.0,654500000.0,-83200000.0,1.657,-15.965,277400000.0,30600000.0,246800000.0,277400000.0,31100000.0,15700000.0,0.0,0.0,0.0,300000.0,16000000.0,0.02,16000000.0,300000.0,-31400000.0,-18.34,-18.34,-18.34,-42800000.0,-33650000.0,-42800000.0,234052786.0,780.0,14.628,-13200000.0,-2.525,1.0,165900000.0,0.202,93500000.0,31700000.0,547700000.0,555300000.0,193400000.0,0.0,0.0,0.0,683300000.0,239900000.0,443400000.0,13952786.0,2300000.0,0.0,0.0,11000000.0,-200000.0,10800000.0,-10400000.0,0.0,-2800000.0,4700000.0,-92500000.0,-92500000.0,-92500000.0,-1300000.0,9300000.0,-0.113,157600000.0,8300000.0,90400000.0,0.0,-0.326,-0.151,-0.138,109900000.0,0.0,2.54,0.017,0.016,133400000.0,-487500000.0,820400000.0,820400000.0,0.0,-0.144,2.749,0.001,0.0,0.0,145300000.0,1.0,5493223.0,5227000.0,,156.954,547000000.0,0.0,61100000.0,0.0,104.649,157700000.0
3,MZIAQ,MRT,2007-12-31,2007-12-31,2007-12-31,2019-04-29,-52500000.0,602900000.0,644650000.0,370000000.0,232900000.0,1.253,-8.904,-9300000.0,40800000.0,40800000.0,645100000.0,-87100000.0,1.629,-13.204,260900000.0,29000000.0,231900000.0,260900000.0,29400000.0,16100000.0,0.0,0.0,0.0,-3300000.0,12800000.0,0.016,12800000.0,-3300000.0,-34700000.0,-19.25,-19.25,-19.25,-49400000.0,-30150000.0,-49400000.0,243654992.0,-74.0,19.036,300000.0,0.054,1.0,162800000.0,0.202,90500000.0,31400000.0,505400000.0,562075000.0,179700000.0,0.0,0.0,0.0,652300000.0,227100000.0,425200000.0,17254992.0,2300000.0,0.0,0.0,-600000.0,-200000.0,-800000.0,-9300000.0,0.0,9600000.0,2800000.0,-96400000.0,-96400000.0,-96400000.0,-1200000.0,9300000.0,-0.119,158000000.0,4800000.0,92100000.0,0.0,-0.349,-0.179,-0.162,106400000.0,0.0,3.11,0.021,0.021,114600000.0,-478300000.0,807900000.0,807900000.0,0.0,-0.15,3.197,-0.006,-0.004,0.0,144600000.0,1.0,5548229.0,5548229.0,,145.614,512400000.0,0.0,61700000.0,0.0,92.354,142900000.0
4,MZIAQ,MRT,2007-09-30,2007-09-30,2007-09-30,2019-04-29,-93000000.0,679900000.0,656550000.0,391800000.0,288100000.0,1.201,-3.519,-8500000.0,37500000.0,37500000.0,636100000.0,-24000000.0,1.675,-39.631,263900000.0,31400000.0,232500000.0,263900000.0,28100000.0,16300000.0,0.0,0.0,0.0,-6600000.0,9700000.0,0.012,9700000.0,-6600000.0,-37900000.0,-6.79,-6.79,-6.79,-17600000.0,-23125000.0,-17600000.0,274817878.0,-42.0,28.332,-9300000.0,-1.859,1.0,152700000.0,0.194,90700000.0,31300000.0,581700000.0,578900000.0,184500000.0,0.0,0.0,0.0,697500000.0,233900000.0,463600000.0,39217878.0,1800000.0,0.0,0.0,8200000.0,-300000.0,7900000.0,-8500000.0,0.0,-800000.0,3200000.0,-33400000.0,-33400000.0,-33400000.0,-300000.0,9400000.0,-0.042,148400000.0,4300000.0,89000000.0,0.0,-2.228,-1.174,-1.049,112100000.0,0.0,7.12,0.05,0.045,122500000.0,-404300000.0,788800000.0,788800000.0,0.0,-0.051,1.444,-0.011,-0.008,0.0,137700000.0,1.0,5508129.0,5002000.0,,157.697,589200000.0,0.0,-4500000.0,0.0,117.793,157900000.0
5,MZIAQ,MRT,2007-06-30,2007-06-30,2007-06-30,2019-04-29,-105000000.0,655000000.0,652100000.0,367600000.0,287400000.0,1.218,-5.036,-6800000.0,31300000.0,31300000.0,642500000.0,-26700000.0,1.703,-27.411,266900000.0,34400000.0,232500000.0,266900000.0,27000000.0,16600000.0,0.0,0.0,0.0,-9100000.0,7500000.0,0.009,7500000.0,-9100000.0,-39200000.0,-7.4,-7.4,-7.4,-24800000.0,-24200000.0,-24800000.0,235064919.0,-26.0,31.342,-32900000.0,-6.68,1.0,151700000.0,0.191,88400000.0,30100000.0,586400000.0,579525000.0,173100000.0,0.0,0.0,0.0,679800000.0,215800000.0,464000000.0,4864919.0,-10600000.0,0.0,0.0,20700000.0,-200000.0,20500000.0,-6800000.0,0.0,-26100000.0,1800000.0,-36100000.0,-36100000.0,-36100000.0,-300000.0,9400000.0,-0.045,149900000.0,1800000.0,78400000.0,0.0,-0.196,-0.135,-1.18,110800000.0,0.0,8.73,0.006,0.054,115500000.0,-397500000.0,794200000.0,794200000.0,0.0,-0.055,1.492,-0.016,-0.011,0.0,137900000.0,1.0,557265.0,4925000.0,,161.259,566600000.0,0.0,-3100000.0,0.0,115.046,151800000.0
6,MZIAQ,MRT,2007-03-31,2007-03-31,2007-03-31,2019-04-29,-109900000.0,640800000.0,659500000.0,358400000.0,282400000.0,1.225,-5.881,-8700000.0,34500000.0,34500000.0,654700000.0,-40900000.0,1.719,-23.25,264700000.0,32100000.0,232600000.0,264700000.0,24800000.0,16700000.0,0.0,0.0,0.0,-17400000.0,-700000.0,-0.001,-700000.0,-17400000.0,-47500000.0,-10.35,-10.35,-10.35,-28800000.0,-22900000.0,-28800000.0,256691544.0,-15.0,-366.702,-38900000.0,-7.944,1.0,153300000.0,0.19,87700000.0,30100000.0,574800000.0,583475000.0,171600000.0,0.0,0.0,0.0,669600000.0,208500000.0,461100000.0,34691544.0,-10100000.0,0.0,0.0,26100000.0,-300000.0,25800000.0,-8700000.0,0.0,-30200000.0,3000000.0,-50200000.0,-50200000.0,-50200000.0,0.0,9300000.0,-0.062,159600000.0,-6300000.0,69600000.0,0.0,-1.205,-0.691,-0.638,112500000.0,0.0,6.6,0.043,0.04,109300000.0,-395000000.0,808000000.0,808000000.0,0.0,-0.076,2.192,-0.03,-0.022,0.0,141300000.0,1.0,5256295.0,4897000.0,,164.999,553100000.0,0.0,2700000.0,0.0,112.947,149900000.0
7,MZIAQ,MRT,2006-12-31,2006-12-31,2006-12-31,2019-04-29,-113600000.0,650500000.0,670300000.0,365600000.0,284900000.0,1.223,-4.106,-10900000.0,38500000.0,38500000.0,668700000.0,-39700000.0,1.72,-31.54,260500000.0,27700000.0,232800000.0,260500000.0,24400000.0,16800000.0,0.0,0.0,0.0,-16500000.0,300000.0,0.0,300000.0,-16500000.0,-46500000.0,-10.15,-10.15,-10.15,-21300000.0,-18550000.0,-21300000.0,260397468.0,-16.0,867.992,-30100000.0,-5.803,1.0,151400000.0,0.185,87300000.0,30000000.0,572700000.0,588625000.0,170700000.0,0.0,0.0,0.0,671800000.0,212500000.0,459300000.0,41497468.0,-7200000.0,0.0,0.0,19600000.0,-200000.0,19400000.0,-10900000.0,0.0,-19200000.0,3500000.0,-49100000.0,-49100000.0,-49100000.0,-100000.0,9400000.0,-0.06,156800000.0,-5400000.0,77800000.0,0.0,-1.948,-0.845,-0.788,114300000.0,0.0,8.0,0.051,0.051,114500000.0,-381900000.0,820100000.0,820100000.0,0.0,-0.073,2.647,-0.028,-0.02,0.0,140200000.0,1.0,5187184.0,5187184.0,,158.101,563200000.0,0.0,2600000.0,0.0,108.575,153100000.0
8,MZIAQ,MRT,2006-09-30,2006-09-30,2006-09-30,2019-04-29,-123900000.0,662100000.0,675575000.0,374400000.0,287700000.0,1.243,-4.523,-13400000.0,35700000.0,35700000.0,684200000.0,-25300000.0,1.777,-31.233,254600000.0,22400000.0,232200000.0,254600000.0,22900000.0,17400000.0,0.0,0.0,0.0,-7100000.0,10300000.0,0.012,10300000.0,-7100000.0,-36800000.0,-29.42,-29.42,-29.42,-21900000.0,-14500000.0,-21900000.0,249457048.0,-35.0,24.219,-28500000.0,-5.886,1.0,155500000.0,0.185,86100000.0,29700000.0,584200000.0,595500000.0,178500000.0,0.0,0.0,0.0,684000000.0,210700000.0,473300000.0,45757048.0,-12600000.0,0.0,0.0,15800000.0,-1600000.0,14200000.0,-13400000.0,0.0,-15100000.0,1700000.0,-33900000.0,-33900000.0,-33900000.0,-1200000.0,8600000.0,-0.04,155200000.0,300000.0,77000000.0,0.0,-2.089,-1.35,-0.303,114000000.0,0.0,8.9,0.054,0.051,118200000.0,-370900000.0,839700000.0,839700000.0,0.0,-0.05,2.338,-0.012,-0.008,0.0,143100000.0,1.0,5141241.0,4842000.0,,173.42,576000000.0,0.0,-2900000.0,0.0,118.959,163700000.0
9,MZIAQ,MRT,2006-06-30,2006-06-30,2006-06-30,2019-04-29,-129900000.0,684600000.0,681250000.0,381900000.0,302700000.0,1.206,-4.065,-16500000.0,41900000.0,41900000.0,671600000.0,-25000000.0,1.909,-35.929,245600000.0,13000000.0,232600000.0,245600000.0,19100000.0,17600000.0,0.0,0.0,0.0,-5400000.0,12200000.0,0.015,12200000.0,-5400000.0,-36000000.0,-29.25,-29.25,-29.25,-19600000.0,-5450000.0,-19600000.0,244504870.0,-45.0,20.041,-2100000.0,-0.436,1.0,149700000.0,0.182,86100000.0,30600000.0,602200000.0,599125000.0,176700000.0,0.0,0.0,0.0,704200000.0,200000000.0,504200000.0,51404870.0,4500000.0,300000.0,0.0,7500000.0,-3200000.0,4300000.0,-16200000.0,0.0,14400000.0,2000000.0,-32800000.0,-32800000.0,-32800000.0,-1900000.0,7800000.0,-0.04,149200000.0,500000.0,83800000.0,0.0,-2.623,-1.567,-0.342,117100000.0,0.0,10.0,0.063,0.059,119900000.0,-361400000.0,821300000.0,821300000.0,0.0,-0.048,6.018,-0.009,-0.007,0.0,139100000.0,1.0,5140487.0,4822000.0,,170.324,598500000.0,0.0,-3200000.0,0.0,124.119,181900000.0
10,MZIAQ,MRT,2006-03-31,2006-03-31,2006-03-31,2019-04-29,-137000000.0,684000000.0,680700000.0,378100000.0,305900000.0,1.203,-23.74,-12500000.0,44600000.0,44600000.0,671800000.0,-14500000.0,1.915,-61.0,237700000.0,4800000.0,232900000.0,237700000.0,25300000.0,18000000.0,0.0,0.0,0.0,5100000.0,23100000.0,0.028,23100000.0,5100000.0,-24600000.0,-26.9,-26.9,-26.9,-11400000.0,4600000.0,-11400000.0,276869063.0,54.0,11.986,7200000.0,14.994,1.0,147200000.0,0.18,84300000.0,29700000.0,595400000.0,602350000.0,169000000.0,0.0,0.0,0.0,695400000.0,197400000.0,498000000.0,82569063.0,900000.0,300000.0,0.0,-700000.0,-4600000.0,-5300000.0,-12200000.0,0.0,19700000.0,-1300000.0,-21500000.0,-21500000.0,-21500000.0,-2500000.0,7000000.0,-0.026,137600000.0,9600000.0,85500000.0,0.0,-7.243,-3.84,-0.599,115200000.0,0.0,16.1,0.101,0.009,119800000.0,-344800000.0,819000000.0,819000000.0,0.0,-0.032,-4.674,0.008,0.006,0.0,134500000.0,1.0,5128513.0,480200.0,,1705.539,599700000.0,0.0,-3100000.0,0.0,1248.855,180700000.0
11,MZIAQ,MRT,2005-12-31,2005-12-31,2005-12-31,2019-04-29,-140200000.0,671600000.0,686050000.0,368800000.0,302800000.0,1.179,-1.021,-10100000.0,45700000.0,45700000.0,663100000.0,-14000000.0,2.026,-132.686,240000000.0,6700000.0,233300000.0,240000000.0,22600000.0,18400000.0,0.0,0.0,0.0,6400000.0,24800000.0,0.031,24800000.0,6400000.0,-23900000.0,-4.2,-4.2,-4.2,-5100000.0,16175000.0,-5100000.0,253116024.0,40.0,10.206,-900000.0,-0.18,1.0,145800000.0,0.18,83700000.0,30300000.0,600200000.0,609275000.0,161100000.0,0.0,0.0,0.0,676700000.0,182000000.0,494700000.0,62916024.0,-23500000.0,300000.0,0.0,-12900000.0,-6200000.0,-20200000.0,-9800000.0,0.0,9200000.0,-2700000.0,-20100000.0,-20100000.0,-20100000.0,-2500000.0,6100000.0,-0.025,135800000.0,10000000.0,76400000.0,0.0,-12.336,-3.13,-3.0,114200000.0,0.0,12.6,0.078,0.078,117700000.0,-332800000.0,808900000.0,808900000.0,0.0,-0.029,-1.243,0.011,0.008,0.0,133800000.0,1.0,4993335.0,4993335.0,,161.996,587900000.0,0.0,-3800000.0,0.0,117.737,186800000.0
12,MZIAQ,MRT,2005-09-30,2005-09-30,2005-09-30,2019-04-29,-116400000.0,684800000.0,702625000.0,375100000.0,309700000.0,1.145,2.998,-9200000.0,48300000.0,48300000.0,657700000.0,-21700000.0,1.956,46.888,238500000.0,4500000.0,234000000.0,238500000.0,18900000.0,18500000.0,0.0,0.0,0.0,800000.0,19300000.0,0.024,19300000.0,800000.0,-29600000.0,-5.2,-5.2,-5.2,14300000.0,30050000.0,14300000.0,289240240.0,362.0,14.987,6000000.0,1.258,1.0,147100000.0,0.183,84500000.0,30400000.0,598700000.0,614675000.0,162100000.0,0.0,0.0,0.0,670500000.0,191800000.0,478700000.0,88840240.0,7800000.0,300000.0,25200000.0,-16900000.0,-6400000.0,800000.0,-8900000.0,0.0,15200000.0,700000.0,-25800000.0,-25800000.0,-25800000.0,-1300000.0,4100000.0,-0.032,143500000.0,3600000.0,75700000.0,0.0,6.213,-3.443,-3.423,116000000.0,0.0,17.8,0.11,0.106,117300000.0,-337000000.0,804800000.0,804800000.0,0.0,-0.037,-0.859,0.001,0.001,0.0,132800000.0,1.0,4991025.0,4770600.0,,168.7,600300000.0,0.0,-3800000.0,0.0,125.833,183300000.0
13,MZIAQ,MRT,2005-06-30,2005-06-30,2005-06-30,2019-04-29,-118200000.0,682400000.0,699825000.0,371000000.0,311400000.0,1.135,4.328,-6700000.0,37400000.0,37400000.0,646700000.0,-20300000.0,2.017,32.126,237800000.0,3400000.0,234400000.0,237800000.0,19700000.0,19000000.0,0.0,0.0,0.0,1300000.0,20300000.0,0.026,20300000.0,1300000.0,-28000000.0,-5.2,-5.2,-5.2,20600000.0,30700000.0,20600000.0,289412765.0,223.0,14.257,-11200000.0,-2.353,1.0,147900000.0,0.186,83800000.0,29300000.0,615100000.0,615225000.0,159600000.0,0.0,0.0,0.0,661800000.0,183900000.0,477900000.0,94112765.0,-4600000.0,0.0,25200000.0,-11900000.0,-6200000.0,6000000.0,-6700000.0,0.0,-4500000.0,600000.0,-24400000.0,-24400000.0,-24400000.0,-600000.0,4100000.0,-0.031,142700000.0,5200000.0,74100000.0,0.0,4.569,-3.857,-3.635,116000000.0,0.0,18.9,0.118,0.113,127300000.0,-328600000.0,794600000.0,794600000.0,0.0,-0.035,-0.795,0.002,0.002,0.0,132300000.0,1.0,4979511.0,4760000.0,,166.933,598600000.0,0.0,-3600000.0,0.0,125.756,187100000.0
14,MZIAQ,MRT,2005-03-31,2005-03-31,2005-03-31,2019-04-29,-108900000.0,705400000.0,698800000.0,379600000.0,325800000.0,1.113,7.344,-8300000.0,43700000.0,43700000.0,631900000.0,-44300000.0,1.979,19.212,239000000.0,3700000.0,235300000.0,239000000.0,15700000.0,19500000.0,0.0,0.0,0.0,-30900000.0,-11400000.0,-0.015,-11400000.0,-30900000.0,-68500000.0,-14.0,-14.0,-14.0,34900000.0,30775000.0,34900000.0,335490911.0,-11.0,-29.429,-14000000.0,-2.946,1.0,145600000.0,0.187,85800000.0,37600000.0,623100000.0,611450000.0,161300000.0,0.0,0.0,0.0,670500000.0,191800000.0,478700000.0,151590911.0,-18300000.0,8000000.0,25200000.0,-32300000.0,-4900000.0,-13100000.0,-300000.0,0.0,-5700000.0,1500000.0,-65000000.0,-65000000.0,-65000000.0,-100000.0,20700000.0,-0.084,140900000.0,4700000.0,73200000.0,0.0,4.344,-2.332,-2.179,124000000.0,0.0,30.5,0.195,0.186,128100000.0,-323400000.0,777500000.0,777500000.0,0.0,-0.093,-2.112,-0.051,-0.04,0.0,129400000.0,1.0,4970194.0,4752400.0,,163.602,619600000.0,0.0,-3500000.0,0.0,130.376,187800000.0
15,MZIAQ,MRT,2004-12-31,2004-12-31,2004-12-31,2019-04-29,-104000000.0,737900000.0,703650000.0,406800000.0,331100000.0,1.1,14.048,-8200000.0,69200000.0,69200000.0,628000000.0,-51800000.0,1.906,13.641,253100000.0,17200000.0,235900000.0,253100000.0,18600000.0,20300000.0,0.0,0.0,0.0,-36200000.0,-15900000.0,-0.021,-15900000.0,-36200000.0,-73500000.0,-17.3,-17.3,-17.3,50400000.0,11200000.0,50400000.0,332723786.0,-9.0,-20.926,-49900000.0,-13.909,1.0,146200000.0,0.189,86600000.0,37300000.0,621800000.0,592650000.0,153900000.0,0.0,0.0,0.0,687500000.0,213400000.0,474100000.0,121623786.0,-23600000.0,8000000.0,25200000.0,-1000000.0,-3300000.0,20900000.0,-200000.0,0.0,-41700000.0,1600000.0,-70900000.0,-70900000.0,-70900000.0,500000.0,19100000.0,-0.092,141400000.0,4800000.0,80300000.0,0.0,2.413,-1.715,-1.96,128400000.0,0.0,33.9,0.157,0.157,134600000.0,-312700000.0,774200000.0,774200000.0,0.0,-0.101,-6.33,-0.061,-0.047,0.0,126900000.0,1.0,3587722.0,3587722.0,,215.792,651300000.0,0.0,-2600000.0,0.0,181.536,193400000.0
16,MZIAQ,MRT,2004-09-30,2004-09-30,2004-09-30,2019-04-29,-106400000.0,673600000.0,702525000.0,348300000.0,325300000.0,1.08,4.469,-6200000.0,40500000.0,40500000.0,614800000.0,-73500000.0,1.742,38.858,251600000.0,15800000.0,235800000.0,251600000.0,18200000.0,20700000.0,0.0,0.0,0.0,-52500000.0,-31800000.0,-0.042,-31800000.0,-52500000.0,-88400000.0,-18.5,-18.5,-18.5,16900000.0,-7300000.0,16900000.0,312502609.0,-6.0,-9.827,-26700000.0,-7.06,1.0,144000000.0,0.19,83800000.0,35900000.0,600900000.0,567025000.0,128800000.0,0.0,0.0,0.0,656700000.0,200000000.0,456700000.0,111602609.0,-22300000.0,8000000.0,0.0,1000000.0,-1600000.0,-600000.0,1800000.0,0.0,-20500000.0,1700000.0,-93300000.0,-93300000.0,-93300000.0,2000000.0,19800000.0,-0.123,152500000.0,-8500000.0,69800000.0,0.0,6.604,-1.196,-1.686,129000000.0,0.0,31.2,0.147,0.155,126500000.0,-321600000.0,758800000.0,758800000.0,0.0,-0.133,12.781,-0.093,-0.069,0.0,126200000.0,1.0,3577007.0,3781700.0,,200.651,589800000.0,0.0,4900000.0,0.0,155.962,148300000.0
17,MZIAQ,MRT,2004-06-30,2004-06-30,2004-06-30,2019-04-29,-108800000.0,678300000.0,713375000.0,347700000.0,330600000.0,1.049,4.497,-6000000.0,42000000.0,42000000.0,607500000.0,-135700000.0,1.773,31.455,242900000.0,6700000.0,236200000.0,242900000.0,16400000.0,20800000.0,0.0,0.0,0.0,-112900000.0,-92100000.0,-0.123,-92100000.0,-112900000.0,-148100000.0,-36.8,-36.8,-36.8,20900000.0,-17950000.0,20900000.0,485422624.0,-4.0,-5.271,-19800000.0,-4.26,1.0,141000000.0,0.188,83100000.0,35200000.0,600000000.0,548375000.0,130000000.0,0.0,0.0,0.0,657400000.0,196100000.0,461300000.0,199322624.0,-25200000.0,12100000.0,0.0,-6900000.0,-200000.0,-7100000.0,6100000.0,0.0,-13800000.0,600000.0,-154000000.0,-154000000.0,-154000000.0,4000000.0,18300000.0,-0.206,208800000.0,-67800000.0,70600000.0,0.0,9.537,-1.294,-1.087,131400000.0,0.0,40.0,0.266,0.248,124700000.0,-314700000.0,748500000.0,748500000.0,0.0,-0.216,8.579,-0.206,-0.151,0.0,126100000.0,1.0,4983066.0,4647600.0,,161.051,595200000.0,0.0,5900000.0,0.0,128.066,151600000.0
18,MZIAQ,MRT,2004-03-31,2004-03-31,2004-03-31,2019-04-29,-106600000.0,724800000.0,741900000.0,397200000.0,327600000.0,0.995,-11.762,-4200000.0,62000000.0,62000000.0,604800000.0,-199200000.0,1.046,-17.7,348100000.0,188400000.0,159700000.0,348100000.0,16600000.0,21300000.0,0.0,0.029,1.0,-96700000.0,-75400000.0,-0.102,-75400000.0,-96700000.0,-122400000.0,-54.1,-54.1,-54.1,-43400000.0,-12350000.0,-43400000.0,351626441.0,-4.0,-4.663,-31400000.0,-8.51,1.0,133600000.0,0.181,83300000.0,25700000.0,547900000.0,533450000.0,131100000.0,0.0,0.0,0.0,768200000.0,379700000.0,388500000.0,121026441.0,-20300000.0,4100000.0,0.0,14400000.0,-400000.0,14000000.0,-100000.0,0.0,-27200000.0,4700000.0,-199400000.0,-199400000.0,-199400000.0,7100000.0,200000.0,-0.27,214800000.0,-81200000.0,65400000.0,-0.018,-2.789,-0.607,-0.641,135300000.0,0.0,34.7,0.164,0.173,123000000.0,-268600000.0,738400000.0,738400000.0,0.0,-0.269,16.146,-0.181,-0.131,0.0,129600000.0,1.0,3487794.0,3689800.0,,200.119,641500000.0,0.0,77000000.0,0.0,173.858,17500000.0
19,MZIAQ,MRT,2003-12-31,2003-12-31,2003-12-31,2019-04-29,-106700000.0,733400000.0,780450000.0,388500000.0,344900000.0,0.948,-6.778,-4000000.0,92800000.0,92800000.0,607100000.0,-190900000.0,1.076,-32.076,323400000.0,159900000.0,163500000.0,323400000.0,15200000.0,21700000.0,0.0,0.048,2.0,-94800000.0,-73100000.0,-0.099,-73100000.0,-94800000.0,-117800000.0,-52.1,-52.1,-52.1,-23600000.0,30800000.0,-23600000.0,394899396.0,-4.0,-5.402,6000000.0,1.723,1.0,132600000.0,0.179,83800000.0,23000000.0,519300000.0,543750000.0,149500000.0,0.0,0.0,0.0,757000000.0,360900000.0,396100000.0,145199396.0,-29500000.0,-26800000.0,0.0,-4800000.0,-800000.0,-5600000.0,-30800000.0,0.0,10000000.0,8800000.0,-191100000.0,-191100000.0,-191100000.0,7200000.0,200000.0,-0.258,218200000.0,-85600000.0,67900000.0,-0.038,-6.153,-0.76,-0.8,140800000.0,0.0,41.7,0.196,0.196,93800000.0,-241700000.0,739700000.0,739700000.0,0.0,-0.245,-6.205,-0.174,-0.128,0.0,129000000.0,1.0,3482000.0,3482000.0,,212.435,649600000.0,0.0,73300000.0,0.0,186.559,27600000.0
20,MZIAQ,MRT,2003-09-30,2003-09-30,2003-09-30,2019-04-29,-122500000.0,717000000.0,826025000.0,368400000.0,348600000.0,0.888,-7.63,-4100000.0,62800000.0,62800000.0,611500000.0,-173100000.0,1.067,-28.899,312500000.0,158700000.0,153800000.0,312500000.0,12100000.0,21900000.0,0.0,0.13,3.0,-86600000.0,-64700000.0,-0.088,-64700000.0,-86600000.0,-108600000.0,-46.1,-46.1,-46.1,-25700000.0,70200000.0,-25700000.0,326017521.0,-4.0,-5.039,-11000000.0,-3.266,1.0,122000000.0,0.166,95100000.0,22000000.0,526300000.0,581275000.0,136400000.0,0.0,0.0,0.0,742700000.0,345300000.0,397400000.0,77917521.0,-51400000.0,-34100000.0,0.0,-5500000.0,-1200000.0,-6700000.0,-38200000.0,0.0,-6900000.0,10400000.0,-173100000.0,-173100000.0,-173100000.0,12200000.0,0.0,-0.236,195400000.0,-73400000.0,66300000.0,-0.065,-3.032,-0.45,-0.499,143000000.0,0.0,23.0,0.106,0.106,102700000.0,-227500000.0,733500000.0,733500000.0,0.0,-0.21,-2.466,-0.149,-0.118,0.0,125500000.0,1.0,3387718.0,3368400.0,,217.759,621900000.0,0.0,64500000.0,0.0,184.628,23100000.0
21,MZIAQ,MRT,2003-06-30,2003-06-30,2003-06-30,2019-04-29,-120800000.0,792400000.0,925975000.0,384100000.0,408300000.0,0.795,12.884,-2200000.0,67200000.0,67200000.0,614200000.0,-90900000.0,1.089,17.3,315300000.0,160300000.0,155000000.0,315300000.0,14900000.0,23000000.0,0.0,0.082,4.0,-10300000.0,12700000.0,0.017,12700000.0,-10300000.0,-32900000.0,-21.7,-21.7,-21.7,43300000.0,182800000.0,43300000.0,387411013.0,-38.0,30.505,-8400000.0,-2.499,1.0,122400000.0,0.166,147600000.0,22600000.0,540300000.0,610775000.0,145200000.0,0.0,0.0,0.0,749100000.0,352600000.0,396500000.0,165411013.0,-8100000.0,270600000.0,0.0,-270000000.0,-1600000.0,-271600000.0,268400000.0,0.0,-6200000.0,10900000.0,-90900000.0,-90900000.0,-90900000.0,-8800000.0,0.0,-0.123,141500000.0,-19100000.0,58800000.0,-0.184,3.82,-1.82,-2.253,147100000.0,0.0,48.9,0.225,0.223,94300000.0,-159900000.0,736600000.0,736600000.0,0.0,-0.098,-0.497,-0.017,-0.014,0.0,125700000.0,1.0,3382638.0,3360800.0,,219.174,644800000.0,0.0,58000000.0,0.0,191.859,31500000.0
22,MZIAQ,MRT,2003-03-31,2003-03-31,2003-03-31,2019-04-29,-126200000.0,879000000.0,1097100000.0,405200000.0,473800000.0,0.661,38.49,-2100000.0,82300000.0,82300000.0,599200000.0,-30700000.0,1.104,5.803,304300000.0,159400000.0,144900000.0,304300000.0,14900000.0,23000000.0,0.0,0.096,4.0,-25300000.0,-2300000.0,-0.003,-2300000.0,-25300000.0,-48200000.0,-3.8,-3.8,-3.8,129200000.0,275350000.0,129200000.0,319353547.0,-13.0,-138.849,10900000.0,3.247,1.0,125700000.0,0.173,144900000.0,22900000.0,589100000.0,770450000.0,152700000.0,0.0,0.0,0.0,749800000.0,367000000.0,382800000.0,140153547.0,-17000000.0,270600000.0,0.0,-292900000.0,-1600000.0,-294500000.0,268500000.0,0.0,13000000.0,9700000.0,-30700000.0,-30700000.0,-30700000.0,11400000.0,0.0,-0.042,139600000.0,-13900000.0,70400000.0,-1.053,1.085,-4.565,-10.921,147200000.0,0.0,41.5,0.193,0.192,91000000.0,-68200000.0,724900000.0,724900000.0,0.0,-0.028,-0.111,-0.033,-0.035,0.0,122400000.0,1.0,3377194.0,3356700.0,,215.956,734100000.0,0.0,-17500000.0,0.0,218.697,38200000.0
23,MZIAQ,MRT,2002-12-31,2002-12-31,2002-12-31,2019-04-29,-129800000.0,915700000.0,1245300000.0,444800000.0,470900000.0,0.557,39.707,1300000.0,122300000.0,122300000.0,574000000.0,-223200000.0,1.576,5.834,301500000.0,46100000.0,255400000.0,301500000.0,17500000.0,23000000.0,0.0,0.067,4.0,-218300000.0,-195300000.0,-0.282,-195300000.0,-218300000.0,-241600000.0,-61.3,-61.3,-61.3,134000000.0,348100000.0,134000000.0,382796661.0,-2.0,-1.96,37200000.0,11.023,1.0,119200000.0,0.172,143300000.0,23300000.0,669400000.0,922450000.0,147600000.0,0.0,0.0,0.0,781700000.0,282200000.0,499500000.0,200796661.0,32200000.0,299600000.0,400000.0,-301400000.0,-1600000.0,-302600000.0,300900000.0,0.0,35900000.0,5600000.0,-223200000.0,-223200000.0,-223200000.0,16800000.0,0.0,-0.322,133000000.0,-13800000.0,68800000.0,-0.065,1.498,-0.9,-0.971,149800000.0,0.0,59.5,0.29,0.29,89300000.0,-59500000.0,693200000.0,693200000.0,0.0,-0.179,-0.641,-0.237,-0.315,0.0,121000000.0,1.0,3374734.0,3374734.0,,205.409,772400000.0,0.0,-18400000.0,0.0,228.877,162600000.0
24,MZIAQ,MRT,2002-09-30,2002-09-30,2002-09-30,2019-04-29,-32500000.0,1116800000.0,1394450000.0,487500000.0,629300000.0,0.494,126.746,2300000.0,114200000.0,114200000.0,573900000.0,-239300000.0,1.688,1.63,296200000.0,46900000.0,249300000.0,296200000.0,20400000.0,25800000.0,0.0,0.089,4.0,-234100000.0,-208300000.0,-0.303,-208300000.0,-234100000.0,-258500000.0,-71.7,-71.7,-71.7,424700000.0,423325000.0,424700000.0,643289179.0,-3.0,-3.088,52000000.0,15.519,1.0,114600000.0,0.166,365700000.0,24400000.0,644300000.0,1063600000.0,151900000.0,0.0,0.0,0.0,692100000.0,288800000.0,403300000.0,152189179.0,61300000.0,306900000.0,400000.0,-289100000.0,-1600000.0,-290300000.0,309200000.0,0.0,49700000.0,600000.0,-239300000.0,-239300000.0,-239300000.0,11500000.0,0.0,-0.348,149900000.0,-35300000.0,60300000.0,-0.056,0.358,-0.636,-0.629,148700000.0,0.0,45.1,0.221,0.219,95500000.0,134100000.0,688500000.0,688500000.0,0.0,-0.172,-0.565,-0.22,-0.34,0.0,122600000.0,1.0,3374483.0,3350800.0,,205.473,751100000.0,0.0,-19200000.0,0.0,224.155,198700000.0
25,MZIAQ,MRT,2002-06-30,2002-06-30,2002-06-30,2019-04-29,-29500000.0,1476900000.0,1490850000.0,778100000.0,698800000.0,0.463,123.492,-1100000.0,75300000.0,75300000.0,583800000.0,-272200000.0,1.977,2.572,566400000.0,50200000.0,516200000.0,566400000.0,14800000.0,28500000.0,0.0,0.041,4.2,-272700000.0,-244200000.0,-0.354,-244200000.0,-272700000.0,-296500000.0,-81.5,-81.5,-81.5,413500000.0,431250000.0,413500000.0,820066021.0,-3.0,-3.358,56000000.0,16.724,1.0,106900000.0,0.155,395400000.0,23800000.0,1179000000.0,1216650000.0,176300000.0,0.0,0.0,0.0,1063400000.0,393600000.0,669800000.0,342166021.0,48100000.0,-1900000.0,400000.0,-5700000.0,-5300000.0,-10600000.0,-3000000.0,0.0,57100000.0,1800000.0,-272200000.0,-272200000.0,-272200000.0,38400000.0,0.0,-0.394,153700000.0,-46800000.0,64100000.0,-0.052,0.827,-1.257,-1.245,181500000.0,0.0,101.5,0.495,0.492,89000000.0,120100000.0,690700000.0,690700000.0,0.0,-0.183,-0.631,-0.224,-0.395,0.0,123900000.0,1.0,3371094.0,3348400.0,,206.278,1081500000.0,0.0,-24300000.0,0.0,322.99,384500000.0
26,MZIAQ,MRT,2002-03-31,2002-03-31,2002-03-31,2019-04-29,-54100000.0,1471800000.0,1492525000.0,631600000.0,840200000.0,0.491,125.808,-3000000.0,108300000.0,108300000.0,621100000.0,-240000000.0,1.847,2.503,586200000.0,84900000.0,501300000.0,586200000.0,18500000.0,33400000.0,0.0,0.03,4.4,-244300000.0,-210900000.0,-0.288,-210900000.0,-244300000.0,-268100000.0,-71.9,-71.9,-71.9,420200000.0,446250000.0,420200000.0,983864832.0,-4.0,-4.665,59000000.0,17.665,1.0,111800000.0,0.153,410600000.0,23800000.0,1197100000.0,1221675000.0,295800000.0,0.0,0.0,0.0,1051600000.0,342000000.0,709600000.0,490664832.0,73500000.0,-30500000.0,400000.0,46600000.0,-8900000.0,38100000.0,-33500000.0,0.0,62000000.0,-700000.0,-240000000.0,-240000000.0,-240000000.0,13300000.0,0.0,-0.327,155200000.0,-43400000.0,90400000.0,-0.061,1.168,-2.044,-2.029,280200000.0,0.0,145.9,0.669,0.665,152800000.0,151600000.0,732900000.0,732900000.0,0.0,-0.161,-0.538,-0.2,-0.333,0.0,128600000.0,1.0,3363022.0,3340000.0,,219.431,1061200000.0,0.0,-28100000.0,0.0,317.725,289600000.0
27,MZIAQ,MRT,2001-12-31,2001-12-31,2001-12-31,2019-04-29,-51000000.0,1512300000.0,1494375000.0,867500000.0,644800000.0,0.505,129.955,-8400000.0,90100000.0,90100000.0,626800000.0,-35700000.0,2.107,2.477,576700000.0,75600000.0,501100000.0,576700000.0,17000000.0,34900000.0,0.0,0.029,4.6,-35500000.0,-600000.0,-0.001,-600000.0,-35500000.0,-58000000.0,-10.8,-10.8,-10.8,434900000.0,460575000.0,434900000.0,1060089683.0,-30.0,-1766.816,-13700000.0,-4.094,1.0,128400000.0,0.17,353200000.0,22500000.0,1234000000.0,1208875000.0,177900000.0,0.0,0.0,0.0,1077400000.0,411700000.0,665700000.0,529089683.0,56300000.0,-28600000.0,-3600000.0,118600000.0,-12600000.0,102400000.0,-37000000.0,0.0,-5300000.0,-700000.0,-35700000.0,-35700000.0,-35700000.0,7000000.0,0.0,-0.047,156900000.0,-28500000.0,59100000.0,-0.426,1.217,-14.82,-14.639,165800000.0,0.0,158.1,0.701,0.701,88500000.0,165000000.0,755200000.0,755200000.0,0.0,-0.024,-0.078,-0.029,-0.047,0.0,129600000.0,1.0,3346551.0,3346551.0,,225.665,1159100000.0,0.0,-22300000.0,0.0,346.357,455800000.0
28,MZIAQ,MRT,2001-09-30,2001-09-30,2001-09-30,2019-04-29,-50800000.0,1502400000.0,1482525000.0,672300000.0,830100000.0,0.341,137.47,-3700000.0,63200000.0,63200000.0,444300000.0,8200000.0,1.835,2.292,594200000.0,112800000.0,481400000.0,594200000.0,11900000.0,24800000.0,0.0,0.04,4.8,1700000.0,26500000.0,0.052,26500000.0,1700000.0,-11200000.0,2.2,2.3,2.2,456400000.0,472950000.0,456400000.0,928798325.0,546.0,35.049,-57000000.0,-17.169,1.0,61500000.0,0.122,410500000.0,12900000.0,1256500000.0,1170500000.0,373300000.0,0.0,0.0,0.0,1046000000.0,366400000.0,679600000.0,398998325.0,26800000.0,-45800000.0,-20800000.0,114100000.0,-16200000.0,77100000.0,-49500000.0,0.0,-53300000.0,500000.0,8200000.0,8200000.0,8200000.0,-17500000.0,0.0,0.016,84200000.0,-22700000.0,101200000.0,2.182,0.874,48.658,54.364,306600000.0,0.0,119.6,0.789,0.785,170400000.0,187400000.0,505800000.0,505800000.0,0.0,0.006,0.017,0.001,0.003,0.0,66200000.0,1.0,3336106.0,3320000.0,,152.349,1091900000.0,0.0,-19400000.0,0.0,328.886,305900000.0
29,MZIAQ,MRT,2001-06-30,2001-06-30,2001-06-30,2019-04-29,-54900000.0,1483600000.0,1469750000.0,666200000.0,817400000.0,0.493,142.685,-8700000.0,36700000.0,36700000.0,584700000.0,45100000.0,1.657,2.133,566500000.0,155600000.0,410900000.0,566500000.0,14100000.0,30400000.0,0.0,0.031,4.8,61500000.0,91900000.0,0.127,91900000.0,61500000.0,44000000.0,13.0,13.1,13.0,473500000.0,478900000.0,473500000.0,1030482193.0,17.0,11.213,-41500000.0,-12.506,1.0,139600000.0,0.193,412300000.0,17500000.0,1199100000.0,1123425000.0,392100000.0,0.0,0.0,0.0,1010100000.0,402000000.0,608100000.0,521682193.0,-5100000.0,-32100000.0,-28200000.0,67000000.0,-16300000.0,22500000.0,-40800000.0,0.0,-32800000.0,-1200000.0,45100000.0,45100000.0,45100000.0,-25400000.0,0.0,0.062,111000000.0,28600000.0,101700000.0,0.369,1.102,11.567,12.054,307800000.0,0.0,156.7,0.72,0.718,181500000.0,209800000.0,724300000.0,724300000.0,0.0,0.031,0.094,0.055,0.085,0.0,99800000.0,1.0,3329178.0,3318500.0,,218.261,1071300000.0,0.0,-1100000.0,0.0,322.827,264200000.0
30,MZIAQ,MRT,2001-03-31,2001-03-31,2001-03-31,2019-04-29,-53500000.0,1479200000.0,1473250000.0,675200000.0,804000000.0,0.622,142.866,-16100000.0,30700000.0,30700000.0,708000000.0,60700000.0,1.563,2.098,539500000.0,163400000.0,376100000.0,539500000.0,17200000.0,34900000.0,0.0,0.027,4.8,95700000.0,130600000.0,0.142,130600000.0,95700000.0,74500000.0,17.4,17.5,17.4,477500000.0,480175000.0,477500000.0,1039451061.0,11.0,7.959,-35700000.0,-10.681,1.0,208700000.0,0.228,410100000.0,21200000.0,1145900000.0,1099325000.0,392900000.0,0.0,0.0,0.0,1001700000.0,432000000.0,569700000.0,604051061.0,-19700000.0,-10100000.0,-39800000.0,36000000.0,-16600000.0,-20400000.0,-26200000.0,0.0,-19600000.0,-1400000.0,60700000.0,60700000.0,60700000.0,-23500000.0,0.0,0.066,140600000.0,68100000.0,110900000.0,0.276,1.265,9.951,10.408,298900000.0,0.0,181.1,0.659,0.66,199700000.0,212700000.0,916700000.0,916700000.0,0.0,0.041,0.126,0.087,0.104,0.0,131400000.0,1.0,3335456.0,3342300.0,,274.272,1069100000.0,0.0,13800000.0,0.0,319.87,243200000.0
31,MZIAQ,MRT,2000-12-31,2000-12-31,2000-12-31,2019-04-29,-49700000.0,1464900000.0,1479725000.0,656000000.0,808900000.0,0.659,143.964,-17000000.0,41200000.0,41200000.0,742400000.0,72300000.0,1.615,2.024,476600000.0,94000000.0,382600000.0,476600000.0,25900000.0,35400000.0,0.0,0.03,4.8,112600000.0,148000000.0,0.152,148000000.0,112600000.0,91700000.0,20.6,20.6,20.6,484400000.0,481725000.0,484400000.0,980259692.0,9.0,6.623,24000000.0,7.133,1.0,232100000.0,0.238,413700000.0,20900000.0,1080500000.0,1062225000.0,367100000.0,0.0,0.0,0.0,980500000.0,406100000.0,574400000.0,540459692.0,-43900000.0,-10100000.0,-48400000.0,-38800000.0,-17000000.0,-104200000.0,-27100000.0,0.0,41000000.0,-1500000.0,72300000.0,72300000.0,72300000.0,-23500000.0,0.0,0.074,143000000.0,89100000.0,127300000.0,0.233,1.116,7.475,7.797,305500000.0,0.0,160.625,0.555,0.555,199500000.0,213300000.0,974500000.0,974500000.0,0.0,0.049,0.15,0.106,0.116,0.0,134600000.0,1.0,3364730.0,3364730.0,,289.622,1051200000.0,0.0,19400000.0,0.0,312.417,249900000.0
32,MZIAQ,MRT,2000-09-30,2000-09-30,2000-09-30,2019-04-29,-51000000.0,1451300000.0,1497675000.0,654800000.0,796500000.0,1.091,138.474,-32000000.0,27200000.0,27200000.0,1209100000.0,72600000.0,1.603,2.022,467000000.0,92500000.0,374500000.0,467000000.0,28200000.0,59200000.0,0.0,0.036,4.8,142000000.0,201200000.0,0.123,201200000.0,142000000.0,102300000.0,20.3,20.2,20.3,480200000.0,483350000.0,480200000.0,938797972.0,7.0,4.666,53300000.0,15.37,1.0,425000000.0,0.26,414400000.0,39700000.0,1068200000.0,1042525000.0,373000000.0,0.0,0.0,0.0,971100000.0,408500000.0,562600000.0,463897972.0,-14000000.0,46500000.0,-34500000.0,-59600000.0,-17400000.0,-111500000.0,14500000.0,0.0,85300000.0,-2300000.0,72600000.0,72600000.0,72600000.0,0.0,0.0,0.044,285900000.0,139100000.0,116600000.0,0.236,0.966,6.39,6.558,297300000.0,0.0,133.125,0.284,0.283,202900000.0,195400000.0,1634100000.0,1634100000.0,0.0,0.048,0.15,0.136,0.087,0.0,269100000.0,1.0,3484680.0,3467800.0,,471.221,1036900000.0,0.0,29700000.0,0.0,299.008,246300000.0
33,MZIAQ,MRT,2000-06-30,2000-06-30,2000-06-30,2019-04-29,-45600000.0,1497600000.0,1520550000.0,689200000.0,808400000.0,1.074,134.639,-29200000.0,33400000.0,33400000.0,1207600000.0,71500000.0,1.515,2.129,508300000.0,135100000.0,373200000.0,508300000.0,25800000.0,59700000.0,0.0,0.033,4.8,138200000.0,197900000.0,0.121,197900000.0,138200000.0,99500000.0,19.7,19.6,19.7,478600000.0,484000000.0,478600000.0,981583001.0,7.0,4.96,63300000.0,17.807,1.0,425500000.0,0.261,414900000.0,38700000.0,1102700000.0,1043825000.0,377900000.0,0.0,0.0,0.0,1019000000.0,454900000.0,564100000.0,518783001.0,-2400000.0,-3000000.0,-27000000.0,-17100000.0,-17700000.0,-61800000.0,-32200000.0,0.0,92500000.0,-900000.0,71500000.0,71500000.0,71500000.0,0.0,0.0,0.044,285300000.0,140200000.0,120300000.0,0.244,1.084,7.256,7.36,309900000.0,0.0,145.0,0.318,0.316,226100000.0,181100000.0,1633100000.0,1633100000.0,0.0,0.047,0.148,0.132,0.085,0.0,267600000.0,1.0,3577814.0,3554700.0,,459.42,1082700000.0,0.0,28000000.0,0.0,304.583,234300000.0
34,MZIAQ,MRT,2000-03-31,2000-03-31,2000-03-31,2019-04-29,-42300000.0,1505100000.0,1521275000.0,697200000.0,807900000.0,1.071,133.486,-33800000.0,46600000.0,46600000.0,1207200000.0,70100000.0,1.255,2.112,509400000.0,233300000.0,276100000.0,509400000.0,31300000.0,58800000.0,0.0,0.033,4.8,135300000.0,194100000.0,0.119,194100000.0,135300000.0,97000000.0,19.2,19.0,19.2,483700000.0,480525000.0,483700000.0,964054845.0,7.0,4.967,51600000.0,14.24,1.0,422400000.0,0.259,415000000.0,38300000.0,997500000.0,1039325000.0,373800000.0,0.0,0.0,0.0,1021400000.0,555400000.0,466000000.0,522554845.0,9000000.0,9500000.0,-16500000.0,-16500000.0,-17900000.0,-50900000.0,-24300000.0,0.0,85400000.0,-1200000.0,70100000.0,70100000.0,70100000.0,0.0,0.0,0.043,286100000.0,136300000.0,126100000.0,0.25,1.08,7.454,7.52,314700000.0,0.0,144.375,0.321,0.321,228700000.0,168600000.0,1629600000.0,1629600000.0,0.0,0.046,0.146,0.13,0.083,0.0,268700000.0,1.0,3619428.0,3623600.0,,449.719,1090100000.0,0.0,26900000.0,0.0,300.833,141800000.0
35,MZIAQ,MRT,1999-12-31,1999-12-31,1999-12-31,2019-04-29,-35400000.0,1536700000.0,1526525000.0,717600000.0,819100000.0,1.064,132.629,-41400000.0,81300000.0,81300000.0,1201600000.0,70100000.0,1.289,2.13,522800000.0,224700000.0,298100000.0,522800000.0,28800000.0,58300000.0,0.0,0.031,4.8,134700000.0,193000000.0,0.119,193000000.0,134700000.0,96500000.0,19.0,18.9,19.0,490900000.0,474875000.0,490900000.0,1076874383.0,8.0,5.58,48000000.0,12.968,1.0,423100000.0,0.26,419600000.0,38200000.0,1001700000.0,1063475000.0,373400000.0,0.0,0.0,0.0,1045800000.0,556900000.0,488900000.0,569074383.0,32400000.0,2200000.0,-21900000.0,24000000.0,-18100000.0,-16000000.0,-39200000.0,0.0,89400000.0,-1800000.0,70100000.0,70100000.0,70100000.0,0.0,0.0,0.043,289100000.0,134000000.0,130700000.0,0.253,1.159,8.118,8.092,323200000.0,0.0,153.75,0.35,0.35,217300000.0,158000000.0,1624700000.0,1624700000.0,0.0,0.046,0.148,0.127,0.083,0.0,272900000.0,1.0,3701297.0,3701297.0,,438.954,1117100000.0,0.0,26400000.0,0.0,301.813,160700000.0
36,MZIAQ,MRT,1999-09-30,1999-09-30,1999-09-30,2019-04-29,-28800000.0,1542800000.0,1531625000.0,708600000.0,834200000.0,1.059,130.508,-61800000.0,41200000.0,41200000.0,1191000000.0,71400000.0,1.278,2.196,549000000.0,228900000.0,320100000.0,549000000.0,30500000.0,57300000.0,0.0,0.027,4.8,136100000.0,193400000.0,0.119,193400000.0,136100000.0,99800000.0,19.0,18.8,19.0,482800000.0,471300000.0,482800000.0,1154565450.0,8.0,5.97,52500000.0,14.191,1.0,430600000.0,0.266,422600000.0,36300000.0,1073400000.0,1083200000.0,401100000.0,0.0,0.0,0.0,1060000000.0,554600000.0,505400000.0,656965450.0,-600000.0,121700000.0,-38100000.0,-118500000.0,-18200000.0,-174800000.0,59900000.0,0.0,114300000.0,0.0,71400000.0,71400000.0,71400000.0,-37800000.0,0.0,0.044,280300000.0,150300000.0,126800000.0,0.253,1.361,9.201,9.342,342900000.0,0.0,177.5,0.405,0.405,218300000.0,140200000.0,1621600000.0,1621600000.0,0.0,0.047,0.151,0.126,0.084,0.0,280300000.0,1.0,3701214.0,3699400.0,,438.341,1120200000.0,0.0,28400000.0,0.0,302.806,154000000.0
37,MZIAQ,MRT,1999-06-30,1999-06-30,1999-06-30,2019-04-29,-34000000.0,1500500000.0,1568525000.0,697100000.0,803400000.0,1.008,125.669,-79400000.0,35800000.0,35800000.0,1152700000.0,33400000.0,1.325,2.229,533400000.0,209000000.0,324400000.0,533400000.0,27200000.0,57000000.0,0.0,0.019,3.6,96000000.0,153000000.0,0.097,153000000.0,96000000.0,61600000.0,9.0,8.8,9.0,464700000.0,470525000.0,464700000.0,1188489425.0,12.0,7.768,-16200000.0,-4.381,1.0,428000000.0,0.271,387400000.0,34400000.0,1084700000.0,1125575000.0,395100000.0,0.0,0.0,0.0,1035800000.0,526000000.0,509800000.0,684889425.0,5500000.0,-35200000.0,-45900000.0,121900000.0,-18500000.0,57500000.0,-114600000.0,0.0,63200000.0,-600000.0,33400000.0,33400000.0,33400000.0,1300000.0,0.0,0.021,280500000.0,147500000.0,128800000.0,0.4,1.474,20.506,20.556,342200000.0,0.0,185.0,0.433,0.433,219500000.0,127300000.0,1580700000.0,1580700000.0,0.0,0.021,0.071,0.085,0.061,0.0,280500000.0,1.0,3702105.0,3697800.0,,427.47,1113100000.0,0.0,28200000.0,0.0,301.017,171100000.0
38,MZIAQ,MRT,1999-03-31,1999-03-31,1999-03-31,2019-04-29,-26800000.0,1526100000.0,1559550000.0,717600000.0,808500000.0,0.994,122.96,-82900000.0,37600000.0,37600000.0,1120800000.0,39000000.0,1.315,2.31,541200000.0,211300000.0,329900000.0,541200000.0,32500000.0,57700000.0,0.0,0.015,2.4,100100000.0,157800000.0,0.102,157800000.0,100100000.0,67600000.0,10.1,9.9,10.1,461100000.0,476150000.0,461100000.0,1059349520.0,11.0,6.713,-24100000.0,-6.427,1.0,429400000.0,0.277,389700000.0,32500000.0,1094100000.0,1135550000.0,404800000.0,0.0,0.0,0.0,1065000000.0,545900000.0,519100000.0,587349520.0,-5400000.0,-49100000.0,-47600000.0,134100000.0,-18800000.0,67700000.0,-132000000.0,0.0,58800000.0,100000.0,39000000.0,39000000.0,39000000.0,-1300000.0,0.0,0.025,277900000.0,151500000.0,136700000.0,0.238,1.274,15.06,15.594,346000000.0,0.0,157.5,0.379,0.381,222500000.0,116500000.0,1550200000.0,1550200000.0,0.0,0.025,0.082,0.088,0.065,0.0,277900000.0,1.0,3729203.0,3750000.0,,413.387,1136400000.0,0.0,28600000.0,0.0,303.04,171700000.0
39,MZIAQ,MRT,1998-12-31,1998-12-28,1998-12-28,2019-04-29,-14400000.0,1557100000.0,1533350000.0,730500000.0,826600000.0,0.988,123.936,-79000000.0,48900000.0,48900000.0,1092300000.0,41500000.0,1.326,2.267,520900000.0,185200000.0,335700000.0,520900000.0,31700000.0,57400000.0,0.0,0.006,1.2,100300000.0,157700000.0,0.104,157700000.0,100300000.0,69600000.0,10.6,10.5,10.6,476600000.0,480300000.0,476600000.0,1347339350.0,13.0,8.544,4500000.0,1.17,1.0,422400000.0,0.279,397600000.0,30700000.0,1080600000.0,1131975000.0,401000000.0,0.0,0.0,0.0,1080500000.0,550900000.0,529600000.0,721039350.0,23200000.0,-54300000.0,-34600000.0,125200000.0,-19000000.0,71600000.0,-133300000.0,0.0,83500000.0,1400000.0,41500000.0,41500000.0,41500000.0,-33900000.0,0.0,0.027,271600000.0,150800000.0,155200000.0,0.113,1.513,17.374,17.689,350900000.0,0.0,187.5,0.476,0.476,226100000.0,106000000.0,1514700000.0,1514700000.0,0.0,0.027,0.086,0.089,0.066,0.0,271600000.0,1.0,3845543.0,3845543.0,,393.885,1159500000.0,0.0,28100000.0,0.0,301.518,179600000.0
40,MZIAQ,MRT,1998-09-30,1998-09-30,1998-09-30,2019-04-29,-15500000.0,1690400000.0,1492200000.0,898000000.0,792400000.0,0.973,122.532,-86300000.0,41800000.0,41800000.0,1049900000.0,44700000.0,1.322,2.524,668100000.0,333300000.0,334800000.0,668100000.0,31400000.0,57500000.0,0.0,0.0,0.0,98600000.0,156100000.0,0.108,156100000.0,98600000.0,69000000.0,23.3,12.5,23.3,479700000.0,479125000.0,479700000.0,983542931.0,10.0,6.301,-7700000.0,-1.967,1.0,402100000.0,0.277,394400000.0,29600000.0,1242900000.0,1132325000.0,376200000.0,0.0,0.0,0.0,1210700000.0,679400000.0,531300000.0,605542931.0,6700000.0,-215400000.0,-21100000.0,272600000.0,-19300000.0,232200000.0,-301700000.0,0.0,78600000.0,-2400000.0,44700000.0,44700000.0,44700000.0,28600000.0,0.0,0.031,259000000.0,143100000.0,124100000.0,0.0,1.262,13.547,6.626,328100000.0,0.0,154.375,0.417,0.416,235100000.0,87000000.0,1452000000.0,1452000000.0,0.0,0.03,0.093,0.087,0.068,0.0,259000000.0,1.0,3922545.0,3914900.0,,370.891,1296000000.0,0.0,24300000.0,0.0,331.043,218600000.0
41,MZIAQ,MRT,1998-06-30,1998-06-30,1998-06-30,2019-04-29,-41100000.0,1464600000.0,,795400000.0,669200000.0,,122.6,-86000000.0,30300000.0,30300000.0,1114000000.0,87900000.0,1.674,2.006,408300000.0,98100000.0,310200000.0,408300000.0,38300000.0,59000000.0,0.0,0.0,0.0,139700000.0,198700000.0,0.13,198700000.0,139700000.0,109500000.0,29.2,22.9,29.2,487200000.0,,487200000.0,1310419713.0,9.0,6.595,22500000.0,5.662,1.0,417100000.0,0.272,242800000.0,30200000.0,1124600000.0,,434400000.0,0.0,0.0,0.0,977400000.0,475200000.0,502200000.0,960919713.0,-3300000.0,-46400000.0,-13700000.0,56000000.0,-19300000.0,23000000.0,-132400000.0,0.0,108500000.0,-2400000.0,87900000.0,87900000.0,87900000.0,-12800000.0,0.0,0.057,274300000.0,142800000.0,148600000.0,0.0,1.972,10.932,8.326,349200000.0,0.0,243.125,0.628,0.631,268100000.0,112400000.0,1531100000.0,1531100000.0,0.0,,,,0.091,0.0,274300000.0,1.0,3952369.0,3973900.0,,385.289,1221800000.0,0.0,21600000.0,0.0,307.456,320200000.0
42,MZIAQ,MRT,1998-03-31,1998-03-31,1998-03-31,2019-04-29,-37300000.0,1421300000.0,,770500000.0,650800000.0,,120.303,-78300000.0,43000000.0,43000000.0,1189000000.0,85200000.0,1.694,1.975,392500000.0,88900000.0,303600000.0,392500000.0,34100000.0,57200000.0,0.0,0.0,0.0,133300000.0,190500000.0,0.118,190500000.0,133300000.0,104300000.0,28.5,22.3,28.5,477700000.0,,477700000.0,1606883646.0,12.0,8.435,55200000.0,13.901,1.0,423700000.0,0.263,236200000.0,29000000.0,1079800000.0,,408500000.0,0.0,0.0,0.0,943600000.0,454800000.0,488800000.0,1260883646.0,13000000.0,-38400000.0,-10600000.0,27300000.0,-18100000.0,-1400000.0,-116700000.0,0.0,133500000.0,-2400000.0,85200000.0,85200000.0,85200000.0,-10200000.0,0.0,0.053,287100000.0,136600000.0,152800000.0,0.0,2.639,14.799,11.184,341500000.0,0.0,318.75,0.782,0.785,253600000.0,96300000.0,1612700000.0,1612700000.0,0.0,,,,0.083,0.0,287100000.0,1.0,3955713.0,3970800.0,,406.14,1185100000.0,0.0,19100000.0,0.0,298.454,315700000.0
43,MZIAQ,MRT,1997-12-31,1997-12-31,1997-12-31,2019-04-29,-35000000.0,1392500000.0,1364400000.0,751100000.0,641400000.0,1.054,119.296,-73800000.0,25700000.0,25700000.0,1051500000.0,80600000.0,1.766,1.951,371700000.0,67500000.0,304200000.0,371700000.0,35700000.0,53700000.0,0.0,0.0,0.0,125100000.0,178800000.0,0.124,178800000.0,125100000.0,97600000.0,20.3,20.1,20.3,471900000.0,459050000.0,471900000.0,,,,42500000.0,10.744,1.0,387200000.0,0.269,231100000.0,27500000.0,1082000000.0,1061900000.0,390400000.0,0.0,0.0,0.0,920600000.0,425400000.0,495200000.0,1026013163.0,-2100000.0,-25900000.0,-12500000.0,13200000.0,-17000000.0,-16300000.0,-99700000.0,0.0,116300000.0,-2400000.0,80600000.0,80600000.0,80600000.0,-11500000.0,0.0,0.056,259900000.0,127300000.0,153700000.0,0.0,2.174,12.73,12.777,343100000.0,0.0,259.375,0.713,0.713,275000000.0,83500000.0,1438700000.0,1438700000.0,0.0,0.059,0.176,0.118,0.087,0.0,259900000.0,1.0,3955713.0,3955713.0,,363.702,1161400000.0,0.0,17000000.0,0.0,293.601,325700000.0
44,MZIAQ,MRT,1997-09-30,1997-10-04,1997-10-04,2019-04-29,,,,,,,,,,,,,,,,,,,,,,0.0,0.0,,,,,,,,,,,,,,,,,,1.0,,,,,,,,,,,,,,,,,,,,,,,,,,,,,,,,,,,,,,,,268.125,,,,,,,,,,,,,,1.0,,3956300.0,,,,,,,,
45,MZIAQ,MRT,1997-06-30,1997-06-14,1997-06-14,2019-04-29,,,,,,,,,,,,,,,,,,,,,,0.0,0.0,,,,,,,,,,,,,,,,,,1.0,,,,,,,,,,,,,,,,,,,,,,,,,,,,,,,,,,,,,,,,252.5,,,,,,,,,,,,,,1.0,,3955100.0,,,,,,,,
46,MZIAQ,MRT,1997-03-31,1997-03-22,1997-03-22,2019-04-29,,,,,,,,,,,,,,,,,,,,,,0.0,0.0,,,,,,,,,,,,,,,,,,1.0,,,,,,,,,,,,,,,,,,,,,,,,,,,,,,,,,,,,,,,,192.5,,,,,,,,,,,,,,1.0,,3972300.0,,,,,,,,
47,MZIAQ,MRT,1996-12-31,1996-12-31,1996-12-31,2019-04-29,-9600000.0,1336300000.0,,727900000.0,608400000.0,,,-60900000.0,27800000.0,27800000.0,994500000.0,66300000.0,1.777,1.995,372800000.0,70900000.0,301900000.0,372800000.0,34500000.0,50900000.0,0.0,0.0,0.0,119800000.0,170700000.0,0.126,170700000.0,119800000.0,88900000.0,17.5,17.4,17.5,446200000.0,,446200000.0,,,,-1000000.0,,1.0,363400000.0,0.268,229900000.0,30900000.0,1041800000.0,,389700000.0,0.0,0.0,0.0,890100000.0,409600000.0,480500000.0,,-105300000.0,-246800000.0,129600000.0,26500000.0,-13600000.0,142500000.0,-307700000.0,0.0,59900000.0,0.0,66300000.0,66300000.0,66300000.0,-12500000.0,0.0,0.049,250300000.0,113100000.0,134900000.0,0.0,,,12.5,319100000.0,0.0,218.75,,,267000000.0,19900000.0,1357900000.0,1357900000.0,0.0,,,,0.088,0.0,250300000.0,1.0,,,,,1106400000.0,0.0,22600000.0,0.0,,318300000.0
48,MZIAQ,MRT,1995-12-31,1995-12-31,1995-12-31,2019-04-29,,,,,,,,-42000000.0,,,1236800000.0,105600000.0,,,,,,,,43600000.0,,0.0,0.0,159100000.0,202700000.0,0.123,202700000.0,159100000.0,134300000.0,31.1,30.7,31.1,,,,,,,-1100000.0,,1.0,412500000.0,0.25,,24800000.0,,,,,,,,,,,111600000.0,6900000.0,11100000.0,107200000.0,-12500000.0,105800000.0,-35100000.0,0.0,40900000.0,0.0,105600000.0,105600000.0,105600000.0,0.0,0.0,0.064,311200000.0,101300000.0,,0.0,,,8.441,,0.0,262.5,,,,,1649300000.0,1649300000.0,0.0,,,,0.096,0.0,301400000.0,,,,,,,,28700000.0,,,
