None,ticker,dimension,calendardate,datekey,reportperiod,lastupdated,accoci,assets,assetsavg,assetsc,assetsnc,assetturnover,bvps,capex,cashneq,cashnequsd,cor,consolinc,currentratio,de,debt,debtc,debtnc,debtusd,deferredrev,depamor,deposits,divyield,dps,ebit,ebitda,ebitdamargin,ebitdausd,ebitusd,ebt,eps,epsdil,epsusd,equity,equityavg,equityusd,ev,evebit,evebitda,fcf,fcfps,fxusd,gp,grossmargin,intangibles,intexp,invcap,invcapavg,inventory,investments,investmentsc,investmentsnc,liabilities,liabilitiesc,liabilitiesnc,marketcap,ncf,ncfbus,ncfcommon,ncfdebt,ncfdiv,ncff,ncfi,ncfinv,ncfo,ncfx,netinc,netinccmn,netinccmnusd,netincdis,netincnci,netmargin,opex,opinc,payables,payoutratio,pb,pe,pe1,ppnenet,prefdivis,price,ps,ps1,receivables,retearn,revenue,revenueusd,rnd,roa,roe,roic,ros,sbcomp,sgna,sharefactor,sharesbas,shareswa,shareswadil,sps,tangibles,taxassets,taxexp,taxliabilities,tbvps,workingcapital
0,IP,MRY,2020-12-31,2020-12-31,2020-12-31,2021-09-07,-4342000000.0,31718000000.0,32323000000.0,11236000000.0,20482000000.0,0.637,19.98,-743000000.0,595000000.0,595000000.0,14373000000.0,482000000.0,1.356,3.037,14720000000.0,4249000000.0,10471000000.0,14720000000.0,0.0,1287000000.0,0.0,0.041,2.05,1171000000.0,2458000000.0,0.119,2458000000.0,1171000000.0,727000000.0,1.23,1.22,1.23,7854000000.0,7215250000.0,7854000000.0,34171706570.0,29.0,13.902,2320000000.0,5.902,1.0,6207000000.0,0.302,3315000000.0,444000000.0,34244000000.0,35298000000.0,2050000000.0,8285000000.0,4850000000.0,3435000000.0,23850000000.0,8284000000.0,15566000000.0,19544706570.0,84000000.0,-25000000.0,-42000000.0,-1848000000.0,-806000000.0,-2700000000.0,-269000000.0,500000000.0,3063000000.0,-8000000.0,482000000.0,482000000.0,482000000.0,0.0,0.0,0.023,4724000000.0,1483000000.0,2320000000.0,1.667,2.489,40.549,40.423,12987000000.0,0.0,49.72,0.95,0.95,3064000000.0,8070000000.0,20580000000.0,20580000000.0,0.0,0.015,0.067,0.033,0.057,0.0,3071000000.0,1.0,393095466.0,393095466.0,,52.354,28403000000.0,0.0,245000000.0,2743000000.0,72.255,2952000000.0
1,IP,MRY,2019-12-31,2019-12-31,2019-12-31,2021-09-07,-4739000000.0,33471000000.0,33961000000.0,6639000000.0,26832000000.0,0.659,19.67,-1258000000.0,511000000.0,511000000.0,15268000000.0,1220000000.0,0.768,3.339,16374000000.0,4388000000.0,11986000000.0,16374000000.0,0.0,1306000000.0,0.0,0.044,2.013,2350000000.0,3656000000.0,0.163,3656000000.0,2350000000.0,1859000000.0,3.1,3.07,3.1,7713000000.0,7520500000.0,7713000000.0,34313963582.0,15.0,9.386,2352000000.0,5.998,1.0,7108000000.0,0.318,3347000000.0,491000000.0,37341000000.0,41057500000.0,2208000000.0,8809000000.0,0.0,8809000000.0,25753000000.0,8646000000.0,17107000000.0,18056963582.0,-78000000.0,-22000000.0,-535000000.0,-1057000000.0,-796000000.0,-2389000000.0,-1300000000.0,0.0,3610000000.0,1000000.0,1225000000.0,1225000000.0,1225000000.0,0.0,-5000000.0,0.055,4772000000.0,2336000000.0,2423000000.0,0.649,2.341,14.74,14.855,13829000000.0,0.0,46.05,0.807,0.807,3280000000.0,8408000000.0,22376000000.0,22376000000.0,0.0,0.036,0.163,0.057,0.105,0.0,3207000000.0,1.0,392116473.0,392116473.0,,57.065,30124000000.0,0.0,634000000.0,2633000000.0,76.824,-2007000000.0
2,IP,MRY,2018-12-31,2018-12-31,2018-12-31,2021-09-07,-4500000000.0,33576000000.0,33801250000.0,6996000000.0,26580000000.0,0.69,18.177,-1549000000.0,589000000.0,589000000.0,15555000000.0,2017000000.0,1.49,3.558,16952000000.0,639000000.0,16313000000.0,16952000000.0,0.0,1328000000.0,0.0,0.048,1.925,2993000000.0,4321000000.0,0.185,4321000000.0,2993000000.0,2457000000.0,4.91,4.85,4.91,7362000000.0,7122750000.0,7362000000.0,32871949049.0,11.0,7.607,1677000000.0,4.14,1.0,7751000000.0,0.333,3374000000.0,536000000.0,41871000000.0,42346250000.0,2241000000.0,8718000000.0,0.0,8718000000.0,26193000000.0,4694000000.0,21499000000.0,16346949049.0,-429000000.0,-48000000.0,-732000000.0,-525000000.0,-789000000.0,-2046000000.0,-1569000000.0,0.0,3226000000.0,-40000000.0,2012000000.0,2012000000.0,2012000000.0,-345000000.0,5000000.0,0.086,4818000000.0,2933000000.0,2413000000.0,0.392,2.22,8.125,8.22,13469000000.0,0.0,40.36,0.701,0.701,3521000000.0,7465000000.0,23306000000.0,23306000000.0,0.0,0.06,0.282,0.071,0.128,0.0,3290000000.0,1.0,405028470.0,405028470.0,,57.542,30202000000.0,0.0,445000000.0,2600000000.0,74.568,2302000000.0
3,IP,MRY,2017-12-31,2017-12-31,2017-12-31,2021-09-07,-4633000000.0,33903000000.0,33723500000.0,8277000000.0,25626000000.0,0.645,15.795,-1365000000.0,1018000000.0,1018000000.0,14802000000.0,2144000000.0,1.622,4.195,17448000000.0,311000000.0,17137000000.0,17448000000.0,0.0,1423000000.0,0.0,0.032,1.864,1631000000.0,3054000000.0,0.14,3054000000.0,1631000000.0,1059000000.0,5.19,5.13,5.19,6522000000.0,5139000000.0,6522000000.0,41547060487.0,25.0,13.604,392000000.0,0.949,1.0,6941000000.0,0.319,3411000000.0,572000000.0,41820000000.0,42272750000.0,2313000000.0,7441000000.0,0.0,7441000000.0,27362000000.0,5102000000.0,22260000000.0,23925060487.0,-15000000.0,-41000000.0,-47000000.0,425000000.0,-769000000.0,-399000000.0,-1391000000.0,0.0,1757000000.0,18000000.0,2144000000.0,2144000000.0,2144000000.0,-34000000.0,0.0,0.099,4988000000.0,1953000000.0,2458000000.0,0.359,3.668,11.159,11.164,13713000000.0,0.0,57.94,1.1,1.1,3287000000.0,6180000000.0,21743000000.0,21743000000.0,0.0,0.064,0.417,0.039,0.075,0.0,3055000000.0,1.0,412928210.0,412928210.0,,52.656,30492000000.0,0.0,-1085000000.0,2291000000.0,73.843,3175000000.0
4,IP,MRY,2016-12-31,2016-12-31,2016-12-31,2021-09-07,-5362000000.0,33093000000.0,32032250000.0,6670000000.0,26423000000.0,0.609,10.557,-1329000000.0,1033000000.0,1033000000.0,13419000000.0,902000000.0,1.639,6.619,17598000000.0,239000000.0,17359000000.0,17598000000.0,0.0,1227000000.0,0.0,0.034,1.782,1617000000.0,2844000000.0,0.146,2844000000.0,1617000000.0,1097000000.0,2.2,2.18,2.2,4341000000.0,4202000000.0,4341000000.0,36439983641.0,23.0,12.813,1149000000.0,2.794,1.0,6076000000.0,0.312,3364000000.0,520000000.0,42225000000.0,39762500000.0,2233000000.0,7393000000.0,0.0,7393000000.0,28734000000.0,4069000000.0,24665000000.0,21818983641.0,-17000000.0,-2120000000.0,-132000000.0,1861000000.0,-733000000.0,982000000.0,-3498000000.0,0.0,2478000000.0,21000000.0,904000000.0,904000000.0,904000000.0,-102000000.0,-2000000.0,0.046,4027000000.0,2049000000.0,2199000000.0,0.81,5.026,24.136,24.118,13459000000.0,0.0,53.06,1.119,1.119,2852000000.0,4818000000.0,19495000000.0,19495000000.0,0.0,0.028,0.215,0.041,0.083,0.0,2695000000.0,1.0,411213412.0,411213412.0,,47.408,29729000000.0,0.0,193000000.0,3127000000.0,72.296,2601000000.0
5,IP,MRY,2015-12-31,2015-12-31,2015-12-31,2021-09-07,-5708000000.0,30531000000.0,29664250000.0,6477000000.0,24054000000.0,0.697,9.369,-1450000000.0,1050000000.0,1050000000.0,14313000000.0,917000000.0,1.651,6.854,15547000000.0,426000000.0,15121000000.0,15547000000.0,0.0,1294000000.0,0.0,0.044,1.64,1910000000.0,3204000000.0,0.155,3204000000.0,1910000000.0,1355000000.0,2.25,2.23,2.25,3884000000.0,4495750000.0,3884000000.0,30441172959.0,16.0,9.501,1130000000.0,2.726,1.0,6362000000.0,0.308,3335000000.0,555000000.0,37769000000.0,32609000000.0,2228000000.0,7242000000.0,0.0,7242000000.0,26622000000.0,3924000000.0,22698000000.0,15629172959.0,-831000000.0,-175000000.0,-603000000.0,-88000000.0,-685000000.0,-1601000000.0,-1739000000.0,0.0,2580000000.0,-71000000.0,938000000.0,938000000.0,938000000.0,-85000000.0,-21000000.0,0.045,4501000000.0,1861000000.0,2078000000.0,0.729,4.024,16.662,16.756,12346000000.0,0.0,37.7,0.756,0.756,2675000000.0,4649000000.0,20675000000.0,20675000000.0,0.0,0.032,0.209,0.059,0.092,0.0,2787000000.0,1.0,414566922.0,414566922.0,,49.871,27196000000.0,312000000.0,417000000.0,3231000000.0,65.601,2553000000.0
6,IP,MRY,2014-12-31,2014-12-31,2014-12-31,2021-09-07,-4646000000.0,28684000000.0,29896000000.0,7959000000.0,20725000000.0,0.79,12.075,-1305000000.0,1881000000.0,1881000000.0,16254000000.0,536000000.0,1.621,4.579,11423000000.0,742000000.0,10681000000.0,11423000000.0,0.0,1414000000.0,0.0,0.04,2.168,1285000000.0,2699000000.0,0.114,2699000000.0,1285000000.0,678000000.0,1.3,1.29,1.3,5115000000.0,6756500000.0,5115000000.0,32740229601.0,25.0,12.131,1772000000.0,4.183,1.0,7363000000.0,0.312,3773000000.0,607000000.0,29544000000.0,31024250000.0,2424000000.0,2393000000.0,0.0,2393000000.0,23421000000.0,4909000000.0,18512000000.0,22697229601.0,79000000.0,411000000.0,-996000000.0,-83000000.0,-620000000.0,-2086000000.0,-860000000.0,0.0,3077000000.0,-52000000.0,555000000.0,555000000.0,555000000.0,13000000.0,-19000000.0,0.024,5846000000.0,1517000000.0,2664000000.0,1.668,4.437,40.896,41.215,13235000000.0,0.0,53.58,0.961,0.961,3083000000.0,4409000000.0,23617000000.0,23617000000.0,0.0,0.019,0.082,0.041,0.054,0.0,3314000000.0,1.0,423613841.0,423613841.0,,55.751,24911000000.0,331000000.0,123000000.0,3063000000.0,58.806,3050000000.0
7,IP,MRY,2013-12-31,2013-12-31,2013-12-31,2021-09-07,-2759000000.0,31528000000.0,32340000000.0,9025000000.0,22503000000.0,0.726,18.27,-1133000000.0,1802000000.0,1802000000.0,16282000000.0,1378000000.0,1.76,2.868,11531000000.0,661000000.0,10870000000.0,11531000000.0,0.0,1547000000.0,0.0,0.025,1.25,1509000000.0,3056000000.0,0.13,3056000000.0,1509000000.0,897000000.0,3.15,3.11,3.15,8105000000.0,7205000000.0,8105000000.0,31529855220.0,21.0,10.317,1895000000.0,4.272,1.0,7201000000.0,0.307,3987000000.0,612000000.0,32143000000.0,33064000000.0,2825000000.0,2860000000.0,0.0,2860000000.0,23244000000.0,5127000000.0,18117000000.0,21750855220.0,500000000.0,221000000.0,-214000000.0,-727000000.0,-554000000.0,-1688000000.0,-827000000.0,0.0,3028000000.0,-13000000.0,1395000000.0,1395000000.0,1395000000.0,309000000.0,-17000000.0,0.059,5371000000.0,1830000000.0,2900000000.0,0.397,2.684,15.592,15.565,14229000000.0,0.0,49.03,0.926,0.926,3756000000.0,4446000000.0,23483000000.0,23483000000.0,0.0,0.043,0.194,0.046,0.064,0.0,3379000000.0,1.0,443623335.0,443623335.0,,52.935,27541000000.0,302000000.0,-498000000.0,3765000000.0,62.082,3898000000.0
8,IP,MRY,2012-12-31,2012-12-31,2012-12-31,2021-09-07,-3840000000.0,32153000000.0,32912750000.0,8905000000.0,23248000000.0,0.664,14.355,-1383000000.0,1302000000.0,1302000000.0,15287000000.0,799000000.0,1.782,4.048,12176000000.0,444000000.0,11732000000.0,12176000000.0,0.0,1486000000.0,0.0,0.027,1.087,1771000000.0,3257000000.0,0.149,3257000000.0,1771000000.0,1100000000.0,1.82,1.8,1.82,6304000000.0,6761500000.0,6304000000.0,28716542498.0,16.0,8.817,1584000000.0,3.607,1.0,6565000000.0,0.3,4315000000.0,671000000.0,33714000000.0,35261250000.0,2730000000.0,2995000000.0,0.0,2995000000.0,25517000000.0,4998000000.0,20519000000.0,17495542498.0,-2692000000.0,-3305000000.0,73000000.0,-345000000.0,-476000000.0,-795000000.0,-4858000000.0,0.0,2967000000.0,-6000000.0,794000000.0,794000000.0,794000000.0,-77000000.0,5000000.0,0.036,4841000000.0,1724000000.0,2775000000.0,0.597,2.775,22.035,21.89,14571000000.0,0.0,39.84,0.801,0.801,3562000000.0,3662000000.0,21852000000.0,21852000000.0,0.0,0.024,0.117,0.05,0.081,0.0,3144000000.0,1.0,439145132.0,439145132.0,,49.76,27838000000.0,323000000.0,306000000.0,3026000000.0,63.391,3907000000.0
9,IP,MRY,2011-12-31,2011-12-31,2011-12-31,2021-09-07,-3005000000.0,27018000000.0,26122750000.0,10456000000.0,16562000000.0,0.997,15.203,-1159000000.0,3994000000.0,3994000000.0,18960000000.0,1336000000.0,2.207,3.015,9908000000.0,719000000.0,9189000000.0,9908000000.0,0.0,1332000000.0,0.0,0.033,0.975,2174000000.0,3506000000.0,0.135,3506000000.0,2174000000.0,1633000000.0,3.06,3.03,3.06,6645000000.0,7268250000.0,6645000000.0,18660293808.0,9.0,5.322,1516000000.0,3.469,1.0,7074000000.0,0.272,2346000000.0,541000000.0,25848000000.0,25160000000.0,2320000000.0,657000000.0,0.0,657000000.0,20033000000.0,4738000000.0,15295000000.0,12937293808.0,1921000000.0,-354000000.0,-30000000.0,1220000000.0,-427000000.0,742000000.0,-1487000000.0,0.0,2675000000.0,-9000000.0,1322000000.0,1322000000.0,1322000000.0,-49000000.0,14000000.0,0.051,4857000000.0,2217000000.0,2500000000.0,0.319,1.947,9.786,9.673,12477000000.0,0.0,29.6,0.497,0.497,3486000000.0,3355000000.0,26034000000.0,26034000000.0,0.0,0.051,0.182,0.086,0.084,0.0,3277000000.0,1.0,437070722.0,437070722.0,,59.565,24672000000.0,296000000.0,311000000.0,2497000000.0,56.449,5718000000.0
10,IP,MRY,2010-12-31,2010-12-31,2010-12-31,2021-09-07,-1822000000.0,25368000000.0,25161500000.0,8028000000.0,17340000000.0,1.001,15.622,-775000000.0,2073000000.0,2073000000.0,18482000000.0,712000000.0,1.783,2.675,8671000000.0,313000000.0,8358000000.0,8671000000.0,0.0,1456000000.0,0.0,0.015,0.4,1520000000.0,2976000000.0,0.118,2976000000.0,1520000000.0,912000000.0,1.61,1.59,1.61,6834000000.0,6183500000.0,6834000000.0,19227310577.0,13.0,6.461,856000000.0,1.957,1.0,6697000000.0,0.266,2308000000.0,608000000.0,25155000000.0,25610500000.0,2347000000.0,1092000000.0,0.0,1092000000.0,18284000000.0,4503000000.0,13781000000.0,11916310577.0,181000000.0,-152000000.0,-26000000.0,-345000000.0,-175000000.0,-588000000.0,-834000000.0,0.0,1631000000.0,-28000000.0,691000000.0,691000000.0,691000000.0,0.0,21000000.0,0.027,5290000000.0,1407000000.0,2556000000.0,0.248,1.744,17.245,16.919,12749000000.0,0.0,27.24,0.473,0.473,3039000000.0,2416000000.0,25179000000.0,25179000000.0,0.0,0.027,0.112,0.059,0.06,0.0,3248000000.0,1.0,437456223.0,437456223.0,,57.558,23060000000.0,339000000.0,221000000.0,2793000000.0,52.714,3525000000.0
11,IP,MRY,2009-12-31,2009-12-31,2009-12-31,2021-09-07,-2077000000.0,25548000000.0,26272000000.0,7551000000.0,17997000000.0,0.889,13.907,-534000000.0,1892000000.0,1892000000.0,15220000000.0,681000000.0,1.882,3.203,9033000000.0,304000000.0,8729000000.0,9033000000.0,0.0,1472000000.0,0.0,0.012,0.325,1801000000.0,3273000000.0,0.14,3273000000.0,1801000000.0,1132000000.0,1.56,1.55,1.56,6023000000.0,5163750000.0,6023000000.0,19568279593.0,11.0,5.979,4121000000.0,9.515,1.0,8146000000.0,0.349,2290000000.0,669000000.0,26387000000.0,28610500000.0,2179000000.0,1077000000.0,0.0,1077000000.0,19293000000.0,4012000000.0,15281000000.0,11598279593.0,748000000.0,-17000000.0,-10000000.0,-3069000000.0,-140000000.0,-3376000000.0,-593000000.0,0.0,4655000000.0,62000000.0,663000000.0,663000000.0,663000000.0,0.0,18000000.0,0.028,6219000000.0,1927000000.0,2058000000.0,0.208,1.926,17.494,17.167,13445000000.0,0.0,26.78,0.496,0.496,2695000000.0,1949000000.0,23366000000.0,23366000000.0,0.0,0.025,0.128,0.063,0.077,0.0,3206000000.0,1.0,433094767.0,433094767.0,,53.951,23258000000.0,368000000.0,469000000.0,2425000000.0,53.702,3539000000.0
12,IP,MRY,2008-12-31,2008-12-31,2008-12-31,2021-09-07,-3322000000.0,26913000000.0,27352500000.0,7360000000.0,19553000000.0,0.908,9.751,-1002000000.0,1144000000.0,1144000000.0,18742000000.0,-1279000000.0,1.548,5.4,12074000000.0,828000000.0,11246000000.0,12074000000.0,0.0,1347000000.0,0.0,0.085,1.0,-628000000.0,719000000.0,0.029,719000000.0,-628000000.0,-1120000000.0,-3.05,-3.05,-3.05,4169000000.0,7859000000.0,4169000000.0,16305854366.0,-26.0,22.679,1667000000.0,3.899,1.0,6087000000.0,0.245,2027000000.0,492000000.0,31061000000.0,27925250000.0,2495000000.0,1274000000.0,0.0,1274000000.0,22512000000.0,4755000000.0,17757000000.0,5044854366.0,239000000.0,-6093000000.0,-46000000.0,5292000000.0,-428000000.0,4859000000.0,-7197000000.0,0.0,2669000000.0,-92000000.0,-1282000000.0,-1282000000.0,-1282000000.0,13000000.0,3000000.0,-0.052,6642000000.0,-555000000.0,2119000000.0,-0.328,1.21,-3.935,-3.869,14796000000.0,0.0,11.8,0.203,0.203,3288000000.0,1430000000.0,24829000000.0,24829000000.0,0.0,-0.047,-0.163,-0.022,-0.025,0.0,3233000000.0,1.0,427530031.0,427530031.0,,58.075,24886000000.0,261000000.0,162000000.0,1957000000.0,58.209,2605000000.0
13,IP,MRY,2007-12-31,2007-12-31,2007-12-31,2021-09-07,-471000000.0,24159000000.0,23723000000.0,6735000000.0,17424000000.0,0.923,20.255,-1288000000.0,905000000.0,905000000.0,16060000000.0,1192000000.0,1.753,1.786,6620000000.0,267000000.0,6353000000.0,6620000000.0,0.0,1086000000.0,0.0,0.031,1.0,1880000000.0,2966000000.0,0.135,2966000000.0,1880000000.0,1583000000.0,2.72,2.7,2.72,8672000000.0,8039250000.0,8672000000.0,18938098230.0,10.0,6.385,599000000.0,1.399,1.0,5830000000.0,0.266,3650000000.0,297000000.0,22382000000.0,21377250000.0,2071000000.0,1276000000.0,0.0,1276000000.0,15487000000.0,3842000000.0,11645000000.0,13863098230.0,-719000000.0,858000000.0,-1096000000.0,-720000000.0,-436000000.0,-2252000000.0,-446000000.0,0.0,1887000000.0,92000000.0,1168000000.0,1168000000.0,1168000000.0,47000000.0,24000000.0,0.053,4206000000.0,1624000000.0,2145000000.0,0.368,1.599,11.869,11.904,10911000000.0,0.0,32.38,0.633,0.633,3152000000.0,4375000000.0,21890000000.0,21890000000.0,0.0,0.049,0.145,0.088,0.086,0.0,2865000000.0,1.0,428137645.0,428137645.0,,51.128,20509000000.0,213000000.0,415000000.0,2919000000.0,47.903,2893000000.0
14,IP,MRY,2006-12-31,2006-12-31,2006-12-31,2021-09-07,-1564000000.0,24034000000.0,25378250000.0,8637000000.0,15397000000.0,0.867,17.502,626000000.0,1624000000.0,1624000000.0,16248000000.0,1050000000.0,1.861,2.018,7223000000.0,692000000.0,6531000000.0,7223000000.0,0.0,1158000000.0,0.0,0.029,1.0,3460000000.0,4618000000.0,0.21,4618000000.0,3460000000.0,2939000000.0,2.21,2.18,2.21,7963000000.0,6996500000.0,7963000000.0,25228458370.0,7.0,5.463,1849000000.0,4.064,1.0,5747000000.0,0.261,2929000000.0,521000000.0,22063000000.0,25941500000.0,1909000000.0,641000000.0,0.0,641000000.0,16071000000.0,4641000000.0,11430000000.0,15514458370.0,-17000000.0,1730000000.0,-1401000000.0,-308000000.0,-485000000.0,-2304000000.0,1034000000.0,0.0,1223000000.0,30000000.0,1050000000.0,1050000000.0,1050000000.0,232000000.0,0.0,0.048,542000000.0,5205000000.0,1907000000.0,0.452,1.948,14.776,15.43,9252000000.0,0.0,34.1,0.705,0.705,2704000000.0,3737000000.0,21995000000.0,21995000000.0,0.0,0.041,0.15,0.133,0.157,0.0,2923000000.0,1.0,454969467.0,454969467.0,,48.344,21105000000.0,490000000.0,1889000000.0,2233000000.0,46.388,3996000000.0
15,IP,MRY,2005-12-31,2005-12-31,2005-12-31,2021-09-07,-1935000000.0,28771000000.0,30767750000.0,11759000000.0,17012000000.0,0.705,17.026,-992000000.0,1641000000.0,1641000000.0,16334000000.0,1100000000.0,2.373,2.445,12197000000.0,1178000000.0,11019000000.0,12197000000.0,0.0,1274000000.0,0.0,0.03,1.0,1288000000.0,2562000000.0,0.118,2562000000.0,1288000000.0,693000000.0,2.26,2.21,2.26,8351000000.0,8391000000.0,8351000000.0,26961659464.0,21.0,10.524,518000000.0,1.056,1.0,5366000000.0,0.247,3621000000.0,595000000.0,30751000000.0,32863000000.0,1932000000.0,616000000.0,0.0,616000000.0,20420000000.0,4955000000.0,15465000000.0,16485659464.0,-955000000.0,1221000000.0,23000000.0,-1697000000.0,-490000000.0,-2377000000.0,7000000.0,0.0,1510000000.0,-95000000.0,1100000000.0,1100000000.0,1100000000.0,-416000000.0,0.0,0.051,4374000000.0,992000000.0,1771000000.0,0.442,1.974,14.987,14.872,11200000000.0,0.0,33.61,0.76,0.76,2416000000.0,3172000000.0,21700000000.0,21700000000.0,0.0,0.036,0.131,0.039,0.059,0.0,2809000000.0,1.0,490498543.0,490498543.0,,44.241,25150000000.0,278000000.0,-407000000.0,684000000.0,51.274,6804000000.0
16,IP,MRY,2004-12-31,2004-12-31,2004-12-31,2021-09-07,-1357000000.0,34217000000.0,34561750000.0,12586000000.0,21631000000.0,0.6,16.963,-925000000.0,2180000000.0,2180000000.0,15204000000.0,-35000000.0,1.716,3.146,13854000000.0,222000000.0,13632000000.0,13854000000.0,0.0,1262000000.0,0.0,0.024,1.0,791000000.0,2053000000.0,0.099,2053000000.0,791000000.0,79000000.0,-0.07,-0.07,-0.07,8254000000.0,8155250000.0,8254000000.0,33657675980.0,43.0,16.394,1463000000.0,3.007,1.0,5517000000.0,0.266,4994000000.0,712000000.0,33563000000.0,35822000000.0,2371000000.0,655000000.0,0.0,655000000.0,25963000000.0,7334000000.0,18629000000.0,20436675980.0,233000000.0,487000000.0,164000000.0,-1826000000.0,-485000000.0,-2435000000.0,55000000.0,0.0,2388000000.0,225000000.0,-35000000.0,-35000000.0,-35000000.0,273000000.0,0.0,-0.002,4290000000.0,1227000000.0,2026000000.0,-14.286,2.476,-583.905,-600.0,14373000000.0,0.0,42.0,0.986,0.986,2743000000.0,2562000000.0,20721000000.0,20721000000.0,0.0,-0.001,-0.004,0.022,0.038,0.0,2802000000.0,1.0,486587477.0,486587477.0,,42.584,29223000000.0,410000000.0,114000000.0,1118000000.0,60.057,5252000000.0
17,IP,MRY,2003-12-31,2003-12-31,2003-12-31,2021-09-07,-1690000000.0,35525000000.0,35145250000.0,11096000000.0,24429000000.0,0.63,17.144,-993000000.0,2363000000.0,2363000000.0,16443000000.0,302000000.0,1.526,3.313,15537000000.0,2087000000.0,13450000000.0,15537000000.0,0.0,1347000000.0,0.0,0.023,1.0,951000000.0,2298000000.0,0.104,2298000000.0,951000000.0,246000000.0,0.63,0.66,0.63,8237000000.0,7842750000.0,8237000000.0,34293939175.0,36.0,14.923,829000000.0,1.725,1.0,5695000000.0,0.257,4793000000.0,705000000.0,36636000000.0,38035750000.0,2767000000.0,678000000.0,0.0,678000000.0,27288000000.0,7270000000.0,20018000000.0,20712939175.0,1289000000.0,33000000.0,80000000.0,1579000000.0,-480000000.0,591000000.0,-1267000000.0,0.0,1822000000.0,143000000.0,302000000.0,302000000.0,302000000.0,-57000000.0,0.0,0.014,4671000000.0,1024000000.0,2188000000.0,1.587,2.515,68.586,68.429,17239000000.0,0.0,43.11,0.936,0.936,2765000000.0,3082000000.0,22138000000.0,22138000000.0,0.0,0.009,0.039,0.025,0.043,0.0,2842000000.0,1.0,480467169.0,480467169.0,,46.076,30732000000.0,581000000.0,-56000000.0,1387000000.0,63.963,3826000000.0
18,IP,MRY,2002-12-31,2002-12-31,2002-12-31,2021-09-07,-2645000000.0,33792000000.0,35932500000.0,7738000000.0,26054000000.0,0.665,15.373,-936000000.0,1074000000.0,1074000000.0,17468000000.0,-880000000.0,1.69,3.583,13042000000.0,0.0,13042000000.0,13042000000.0,0.0,1497000000.0,0.0,0.029,1.0,-167000000.0,1330000000.0,0.056,1330000000.0,-167000000.0,-952000000.0,-1.83,0.61,-1.83,7374000000.0,9585250000.0,7374000000.0,30243370738.0,-181.0,22.739,1158000000.0,2.414,1.0,6431000000.0,0.269,5307000000.0,785000000.0,35874000000.0,38149500000.0,2879000000.0,227000000.0,0.0,227000000.0,26418000000.0,4579000000.0,21839000000.0,16774370738.0,-150000000.0,434000000.0,-116000000.0,-1039000000.0,-482000000.0,-1732000000.0,-480000000.0,0.0,2094000000.0,-32000000.0,-880000000.0,-880000000.0,-880000000.0,-35000000.0,0.0,-0.037,5381000000.0,1050000000.0,2014000000.0,-0.546,2.275,-19.062,-19.109,18013000000.0,0.0,34.97,0.702,0.702,2780000000.0,3260000000.0,23899000000.0,23899000000.0,0.0,-0.024,-0.092,-0.004,-0.007,0.0,3015000000.0,1.0,479678875.0,479678875.0,,49.823,28485000000.0,0.0,-72000000.0,1765000000.0,59.383,3159000000.0
19,IP,MRY,2001-12-31,2001-12-31,2001-12-31,2021-09-07,-1175000000.0,37177000000.0,39090000000.0,8155000000.0,29022000000.0,0.674,21.352,-1027000000.0,1224000000.0,1224000000.0,19409000000.0,-1204000000.0,1.527,2.613,13414000000.0,957000000.0,12457000000.0,13414000000.0,0.0,1870000000.0,0.0,0.025,1.0,-545000000.0,1325000000.0,0.05,1325000000.0,-545000000.0,-1474000000.0,-2.5,-2.5,-2.5,10291000000.0,11043250000.0,10291000000.0,33800092086.0,-62.0,25.51,687000000.0,1.425,1.0,6954000000.0,0.264,6543000000.0,929000000.0,37483000000.0,40748250000.0,2877000000.0,239000000.0,0.0,239000000.0,26886000000.0,5341000000.0,21545000000.0,19447092086.0,26000000.0,1380000000.0,-39000000.0,-1550000000.0,-482000000.0,-2098000000.0,459000000.0,0.0,1714000000.0,-49000000.0,-1204000000.0,-1204000000.0,-1204000000.0,0.0,0.0,-0.046,6661000000.0,293000000.0,1793000000.0,-0.4,1.89,-16.152,-16.14,18813000000.0,0.0,40.35,0.738,0.738,2778000000.0,4622000000.0,26363000000.0,26363000000.0,0.0,-0.031,-0.109,-0.013,-0.021,0.0,3384000000.0,1.0,481960115.0,481960115.0,,54.7,30634000000.0,0.0,-270000000.0,3339000000.0,63.561,2814000000.0
20,IP,MRY,2000-12-31,2000-12-31,2000-12-31,2021-09-07,-1142000000.0,42109000000.0,40269750000.0,10266000000.0,31843000000.0,0.7,24.999,-1194000000.0,1198000000.0,1198000000.0,20082000000.0,142000000.0,1.39,2.499,14763000000.0,2115000000.0,12648000000.0,14763000000.0,0.0,1916000000.0,0.0,0.024,0.994,1075000000.0,2991000000.0,0.106,2991000000.0,1075000000.0,259000000.0,0.32,0.32,0.32,12034000000.0,12044000000.0,12034000000.0,35881914089.0,33.0,11.997,1236000000.0,2.568,1.0,8098000000.0,0.287,6310000000.0,816000000.0,41978000000.0,41471250000.0,3294000000.0,269000000.0,0.0,269000000.0,30075000000.0,7386000000.0,22689000000.0,19645914089.0,745000000.0,-3719000000.0,-41000000.0,3676000000.0,-447000000.0,3394000000.0,-4914000000.0,0.0,2430000000.0,-165000000.0,142000000.0,142000000.0,142000000.0,0.0,0.0,0.005,6593000000.0,1505000000.0,2145000000.0,3.106,1.633,138.352,127.539,22098000000.0,0.0,40.812,0.697,0.697,3456000000.0,6308000000.0,28180000000.0,28180000000.0,0.0,0.004,0.012,0.026,0.038,0.0,3387000000.0,1.0,481370059.0,481370059.0,,58.541,35799000000.0,0.0,117000000.0,4699000000.0,74.369,2880000000.0
21,IP,MRY,1999-12-31,1999-12-31,1999-12-31,2021-09-07,-739000000.0,30268000000.0,29426750000.0,7241000000.0,23027000000.0,0.835,24.884,-950000000.0,453000000.0,453000000.0,17960000000.0,183000000.0,1.652,1.938,8440000000.0,920000000.0,7520000000.0,8440000000.0,0.0,1665000000.0,0.0,0.018,0.988,810000000.0,2475000000.0,0.101,2475000000.0,810000000.0,269000000.0,0.44,0.44,0.44,10304000000.0,9948250000.0,10304000000.0,33531561759.0,41.0,13.548,778000000.0,1.879,1.0,6613000000.0,0.269,2596000000.0,541000000.0,31277000000.0,31865250000.0,3203000000.0,1044000000.0,0.0,1044000000.0,19964000000.0,4382000000.0,15582000000.0,23369561759.0,-80000000.0,-124000000.0,246000000.0,-438000000.0,-418000000.0,-706000000.0,-1085000000.0,0.0,1728000000.0,-17000000.0,183000000.0,183000000.0,183000000.0,0.0,0.0,0.007,5665000000.0,948000000.0,1870000000.0,2.245,2.268,127.703,128.267,17302000000.0,0.0,56.437,0.951,0.951,3227000000.0,6613000000.0,24573000000.0,24573000000.0,0.0,0.006,0.018,0.025,0.033,0.0,3181000000.0,1.0,414078621.0,414078621.0,,59.344,27672000000.0,0.0,86000000.0,3344000000.0,66.828,2859000000.0
22,IP,MRY,1998-12-31,1998-12-31,1998-12-31,2021-09-07,-395000000.0,31466000000.0,27996750000.0,7161000000.0,24305000000.0,0.856,34.942,-1322000000.0,533000000.0,533000000.0,17758000000.0,247000000.0,1.596,1.93,9115000000.0,1418000000.0,7697000000.0,9115000000.0,0.0,1660000000.0,0.0,0.022,0.988,956000000.0,2616000000.0,0.109,2616000000.0,956000000.0,342000000.0,0.6,0.6,0.6,10738000000.0,9340500000.0,10738000000.0,22957165995.0,24.0,8.776,776000000.0,2.525,1.0,6221000000.0,0.259,2699000000.0,614000000.0,32863000000.0,29952000000.0,3211000000.0,1147000000.0,0.0,1147000000.0,20728000000.0,4486000000.0,16242000000.0,13771165995.0,100000000.0,25000000.0,115000000.0,-1797000000.0,-431000000.0,-651000000.0,-1348000000.0,0.0,2098000000.0,1000000.0,247000000.0,247000000.0,247000000.0,0.0,0.0,0.01,5266000000.0,955000000.0,1808000000.0,1.647,1.282,55.754,74.688,18413000000.0,0.0,44.813,0.574,0.574,3018000000.0,6848000000.0,23979000000.0,23979000000.0,0.0,0.009,0.026,0.032,0.04,0.0,3119000000.0,1.0,307306313.0,307306313.0,,78.03,28767000000.0,0.0,95000000.0,3673000000.0,93.61,2675000000.0
23,IP,MRY,1997-12-31,1997-12-31,1997-12-31,2021-09-07,-396000000.0,26754000000.0,27513750000.0,5945000000.0,20809000000.0,0.892,28.813,-1448000000.0,398000000.0,398000000.0,18087000000.0,-80000000.0,1.218,2.072,9366000000.0,2212000000.0,7154000000.0,9366000000.0,0.0,1570000000.0,0.0,0.023,0.988,610000000.0,2180000000.0,0.089,2180000000.0,610000000.0,3000000.0,-0.2,-0.2,-0.2,8710000000.0,8891250000.0,8710000000.0,22752273934.0,37.0,10.437,175000000.0,0.579,1.0,6469000000.0,0.263,2557000000.0,607000000.0,28285000000.0,28609000000.0,2760000000.0,1166000000.0,0.0,1166000000.0,18044000000.0,4880000000.0,13164000000.0,13036273934.0,36000000.0,228000000.0,164000000.0,-112000000.0,-427000000.0,-406000000.0,-1183000000.0,0.0,1623000000.0,2000000.0,-80000000.0,-80000000.0,-80000000.0,0.0,0.0,-0.003,5890000000.0,579000000.0,1338000000.0,-4.94,1.497,-162.953,-215.625,15338000000.0,0.0,43.125,0.531,0.531,2404000000.0,5186000000.0,24556000000.0,24556000000.0,0.0,-0.003,-0.009,0.021,0.025,0.0,3255000000.0,1.0,302290361.0,302290361.0,,81.233,24197000000.0,0.0,83000000.0,2681000000.0,80.046,1065000000.0
24,IP,MRY,1996-12-31,1996-12-31,1996-12-31,2021-09-07,0.0,28252000000.0,26114500000.0,5998000000.0,22254000000.0,0.771,,-1394000000.0,352000000.0,352000000.0,14883000000.0,303000000.0,1.018,2.024,10437000000.0,3296000000.0,7141000000.0,10437000000.0,0.0,1194000000.0,0.0,0.024,0.988,1163000000.0,2357000000.0,0.117,2357000000.0,1163000000.0,633000000.0,1.04,1.04,1.04,9344000000.0,8570500000.0,9344000000.0,,,,345000000.0,,1.0,5260000000.0,0.261,2748000000.0,530000000.0,29695000000.0,27910500000.0,2840000000.0,1178000000.0,0.0,1178000000.0,18908000000.0,5894000000.0,13014000000.0,,40000000.0,-1527000000.0,100000000.0,1511000000.0,-291000000.0,1280000000.0,-2980000000.0,0.0,1739000000.0,1000000.0,303000000.0,303000000.0,303000000.0,0.0,0.0,0.015,4492000000.0,768000000.0,1426000000.0,0.95,,,38.942,16559000000.0,0.0,40.5,,,2553000000.0,5639000000.0,20143000000.0,20143000000.0,0.0,0.012,0.035,0.042,0.058,0.0,2434000000.0,1.0,,,,,25504000000.0,0.0,330000000.0,2768000000.0,,104000000.0
25,IP,MRY,1995-12-31,1995-12-31,1995-12-31,2021-09-07,0.0,23977000000.0,,5873000000.0,18104000000.0,,,-1518000000.0,312000000.0,312000000.0,13886000000.0,1153000000.0,1.208,2.075,8679000000.0,2283000000.0,6396000000.0,8679000000.0,0.0,1031000000.0,0.0,0.024,0.907,2365000000.0,3396000000.0,0.172,3396000000.0,2365000000.0,1872000000.0,4.5,4.41,4.5,7797000000.0,,7797000000.0,,,,730000000.0,,1.0,5911000000.0,0.299,1355000000.0,493000000.0,26126000000.0,,2784000000.0,1420000000.0,0.0,1420000000.0,16180000000.0,4863000000.0,11317000000.0,,42000000.0,-927000000.0,66000000.0,162000000.0,-237000000.0,341000000.0,-2556000000.0,0.0,2248000000.0,9000000.0,1153000000.0,1153000000.0,1153000000.0,0.0,0.0,0.058,3380000000.0,2531000000.0,1464000000.0,0.202,,,8.417,13800000000.0,0.0,37.875,,,2571000000.0,5627000000.0,19797000000.0,19797000000.0,0.0,,,,0.119,0.0,2175000000.0,1.0,,,,,22622000000.0,0.0,719000000.0,1974000000.0,,1010000000.0
26,IP,MRY,1994-12-31,1994-12-31,1994-12-31,2021-09-07,,,,,,,,-1114000000.0,,,11092000000.0,357000000.0,,,,,,,,885000000.0,,0.022,0.828,942000000.0,1827000000.0,0.122,1827000000.0,942000000.0,593000000.0,1.43,,1.43,,,,,,,129000000.0,,1.0,3874000000.0,0.259,,349000000.0,,,,,,,,,,,28000000.0,-357000000.0,67000000.0,669000000.0,-210000000.0,291000000.0,-1510000000.0,0.0,1243000000.0,4000000.0,357000000.0,357000000.0,357000000.0,0.0,0.0,0.024,2810000000.0,1064000000.0,,0.579,,,26.355,,0.0,37.688,,,,,14966000000.0,14966000000.0,0.0,,,,0.063,0.0,1774000000.0,1.0,,,,,,,236000000.0,,,
0,IP,MRQ,2021-06-30,2021-06-30,2021-06-30,2021-09-07,-4094000000.0,31448000000.0,,12226000000.0,19222000000.0,,21.048,-133000000.0,706000000.0,706000000.0,3913000000.0,434000000.0,1.416,2.765,13768000000.0,4336000000.0,9432000000.0,13768000000.0,0.0,306000000.0,0.0,0.033,0.512,591000000.0,897000000.0,0.16,897000000.0,591000000.0,534000000.0,1.1,1.09,1.1,8352000000.0,,8352000000.0,37805535502.0,21.0,12.395,633000000.0,1.595,1.0,1703000000.0,0.303,3317000000.0,57000000.0,32558000000.0,,1828000000.0,7738000000.0,4850000000.0,2888000000.0,23094000000.0,8635000000.0,14459000000.0,24017535502.0,-81000000.0,60000000.0,-58000000.0,-949000000.0,-201000000.0,-1211000000.0,328000000.0,403000000.0,766000000.0,27000000.0,432000000.0,432000000.0,432000000.0,0.0,2000000.0,0.077,1405000000.0,298000000.0,2565000000.0,0.465,2.876,21.105,21.141,12279000000.0,0.0,61.31,1.125,1.14,3608000000.0,8442000000.0,5616000000.0,5616000000.0,0.0,,,,,0.0,880000000.0,1.0,391739284.0,396800000.0,396800000.0,14.153,28131000000.0,0.0,102000000.0,2764000000.0,70.895,3591000000.0
1,IP,MRQ,2021-03-31,2021-03-31,2021-03-31,2021-09-07,-4453000000.0,31477000000.0,,12167000000.0,19310000000.0,,19.65,-89000000.0,787000000.0,787000000.0,3847000000.0,349000000.0,1.45,3.056,14575000000.0,4251000000.0,10324000000.0,14575000000.0,0.0,309000000.0,0.0,0.038,0.512,540000000.0,849000000.0,0.158,849000000.0,540000000.0,448000000.0,0.89,0.88,0.89,7758000000.0,,7758000000.0,35380842516.0,22.0,12.142,423000000.0,1.071,1.0,1516000000.0,0.283,3242000000.0,92000000.0,33633000000.0,,1828000000.0,7822000000.0,4850000000.0,2972000000.0,23706000000.0,8390000000.0,15316000000.0,21255842516.0,192000000.0,-50000000.0,-155000000.0,-147000000.0,-202000000.0,-504000000.0,258000000.0,397000000.0,512000000.0,-20000000.0,349000000.0,349000000.0,349000000.0,0.0,0.0,0.065,1150000000.0,366000000.0,2354000000.0,0.575,2.74,21.868,21.891,12367000000.0,0.0,54.07,1.032,1.037,3342000000.0,8214000000.0,5363000000.0,5363000000.0,0.0,,,,,0.0,767000000.0,1.0,393117117.0,394800000.0,394800000.0,13.584,28235000000.0,0.0,99000000.0,2756000000.0,71.517,3777000000.0
2,IP,MRQ,2020-12-31,2020-12-31,2020-12-31,2021-09-07,-4342000000.0,31718000000.0,,11236000000.0,20482000000.0,,19.98,-89000000.0,595000000.0,595000000.0,3659000000.0,153000000.0,1.356,3.037,14720000000.0,4249000000.0,10471000000.0,14720000000.0,0.0,332000000.0,0.0,0.041,0.512,286000000.0,618000000.0,0.118,618000000.0,286000000.0,187000000.0,0.39,0.39,0.39,7854000000.0,,7854000000.0,34171706570.0,29.0,13.902,700000000.0,1.781,1.0,1580000000.0,0.302,3315000000.0,99000000.0,34244000000.0,,2050000000.0,8285000000.0,4850000000.0,3435000000.0,23850000000.0,8284000000.0,15566000000.0,19544706570.0,-83000000.0,39000000.0,0.0,-761000000.0,-201000000.0,-841000000.0,-69000000.0,0.0,789000000.0,29000000.0,153000000.0,153000000.0,153000000.0,0.0,0.0,0.029,1250000000.0,330000000.0,2320000000.0,1.313,2.489,40.549,40.423,12987000000.0,0.0,49.72,0.95,0.95,3064000000.0,8070000000.0,5239000000.0,5239000000.0,0.0,,,,,0.0,812000000.0,1.0,393095466.0,393095466.0,,13.328,28403000000.0,0.0,34000000.0,2743000000.0,72.255,2952000000.0
3,IP,MRQ,2020-09-30,2020-09-30,2020-09-30,2021-09-07,-5132000000.0,31840000000.0,,11288000000.0,20552000000.0,,17.975,-119000000.0,678000000.0,678000000.0,3541000000.0,204000000.0,1.332,3.489,15305000000.0,4399000000.0,10906000000.0,15305000000.0,0.0,320000000.0,0.0,0.051,0.512,366000000.0,686000000.0,0.134,686000000.0,366000000.0,254000000.0,0.52,0.52,0.52,7093000000.0,,7093000000.0,31156984423.0,22.0,11.438,616000000.0,1.561,1.0,1582000000.0,0.309,3304000000.0,112000000.0,34687000000.0,,2007000000.0,8202000000.0,4850000000.0,3352000000.0,24744000000.0,8476000000.0,16268000000.0,15935984423.0,-169000000.0,0.0,-1000000.0,-739000000.0,-202000000.0,-1042000000.0,134000000.0,250000000.0,735000000.0,2000000.0,204000000.0,204000000.0,204000000.0,0.0,0.0,0.04,1206000000.0,376000000.0,2226000000.0,0.985,2.247,32.259,32.175,13120000000.0,0.0,40.54,0.765,0.768,3034000000.0,8122000000.0,5123000000.0,5123000000.0,0.0,,,,,0.0,737000000.0,1.0,393092857.0,394600000.0,394600000.0,12.983,28536000000.0,0.0,50000000.0,2639000000.0,72.316,2812000000.0
4,IP,MRQ,2020-06-30,2020-06-30,2020-06-30,2021-09-07,-5149000000.0,32519000000.0,,6599000000.0,25920000000.0,,17.952,-250000000.0,847000000.0,847000000.0,3427000000.0,266000000.0,0.792,3.608,16068000000.0,4253000000.0,11815000000.0,16068000000.0,0.0,312000000.0,0.0,0.058,0.512,449000000.0,761000000.0,0.156,761000000.0,449000000.0,333000000.0,0.67,0.67,0.67,7057000000.0,,7057000000.0,29424983927.0,18.0,9.911,640000000.0,1.628,1.0,1439000000.0,0.296,3304000000.0,116000000.0,36106000000.0,,2010000000.0,8505000000.0,0.0,8505000000.0,25459000000.0,8330000000.0,17129000000.0,13838983927.0,-392000000.0,-64000000.0,0.0,-781000000.0,-201000000.0,-982000000.0,-299000000.0,0.0,890000000.0,3000000.0,266000000.0,266000000.0,266000000.0,0.0,0.0,0.055,1068000000.0,371000000.0,2206000000.0,0.764,1.961,21.828,21.735,13304000000.0,0.0,35.21,0.65,0.65,3060000000.0,8123000000.0,4866000000.0,4866000000.0,0.0,,,,,0.0,697000000.0,1.0,393041293.0,393100000.0,393100000.0,12.379,29215000000.0,0.0,67000000.0,2654000000.0,74.32,-1731000000.0
5,IP,MRQ,2020-03-31,2020-03-31,2020-03-31,2021-09-07,-5255000000.0,33215000000.0,,7215000000.0,26000000000.0,,17.466,-285000000.0,1239000000.0,1239000000.0,3746000000.0,-141000000.0,0.772,3.843,16825000000.0,4884000000.0,11941000000.0,16825000000.0,0.0,323000000.0,0.0,0.065,0.512,70000000.0,393000000.0,0.073,393000000.0,70000000.0,-47000000.0,-0.36,-0.36,-0.36,6857000000.0,,6857000000.0,28069841413.0,16.0,9.14,364000000.0,0.927,1.0,1606000000.0,0.3,3304000000.0,117000000.0,36155000000.0,,2002000000.0,8463000000.0,0.0,8463000000.0,26354000000.0,9342000000.0,17012000000.0,12206841413.0,728000000.0,0.0,-41000000.0,408000000.0,-202000000.0,165000000.0,-35000000.0,250000000.0,649000000.0,-42000000.0,-141000000.0,-141000000.0,-141000000.0,0.0,0.0,-0.026,1200000000.0,406000000.0,2379000000.0,-1.422,1.78,18.495,18.42,13421000000.0,0.0,31.13,0.553,0.553,3226000000.0,8062000000.0,5352000000.0,5352000000.0,0.0,,,,,0.0,825000000.0,1.0,392124684.0,392600000.0,392600000.0,13.632,29911000000.0,0.0,94000000.0,2662000000.0,76.187,-2127000000.0
6,IP,MRQ,2019-12-31,2019-12-31,2019-12-31,2021-09-07,-4739000000.0,33471000000.0,,6639000000.0,26832000000.0,,19.67,-360000000.0,511000000.0,511000000.0,3666000000.0,166000000.0,0.768,3.339,16374000000.0,4388000000.0,11986000000.0,16374000000.0,0.0,343000000.0,0.0,0.044,0.512,541000000.0,884000000.0,0.161,884000000.0,541000000.0,428000000.0,0.43,0.42,0.43,7713000000.0,,7713000000.0,34313963582.0,15.0,9.386,568000000.0,1.449,1.0,1832000000.0,0.333,3347000000.0,113000000.0,37341000000.0,,2208000000.0,8809000000.0,0.0,8809000000.0,25753000000.0,8646000000.0,17107000000.0,18056963582.0,-186000000.0,60000000.0,0.0,-637000000.0,-201000000.0,-842000000.0,-306000000.0,0.0,928000000.0,15000000.0,165000000.0,165000000.0,165000000.0,0.0,1000000.0,0.03,1258000000.0,574000000.0,2423000000.0,1.191,2.341,14.74,14.855,13829000000.0,0.0,46.05,0.807,0.807,3280000000.0,8408000000.0,5498000000.0,5498000000.0,0.0,,,,,0.0,837000000.0,1.0,392116473.0,392116473.0,,14.021,30124000000.0,0.0,263000000.0,2633000000.0,76.824,-2007000000.0
7,IP,MRQ,2019-09-30,2019-09-30,2019-09-30,2021-09-07,-5014000000.0,33848000000.0,,7051000000.0,26797000000.0,,18.819,-274000000.0,697000000.0,697000000.0,3772000000.0,342000000.0,1.491,3.547,16954000000.0,402000000.0,16552000000.0,16954000000.0,0.0,327000000.0,0.0,0.048,0.5,604000000.0,931000000.0,0.167,931000000.0,604000000.0,481000000.0,0.88,0.87,0.88,7441000000.0,,7441000000.0,32950416533.0,14.0,8.896,608000000.0,1.538,1.0,1796000000.0,0.323,3412000000.0,123000000.0,41964000000.0,,2194000000.0,8735000000.0,0.0,8735000000.0,26392000000.0,4729000000.0,21663000000.0,16428416533.0,-90000000.0,0.0,-75000000.0,-398000000.0,-197000000.0,-671000000.0,-279000000.0,0.0,882000000.0,-24000000.0,344000000.0,344000000.0,344000000.0,0.0,-2000000.0,0.062,1204000000.0,592000000.0,2349000000.0,0.568,2.208,11.939,12.052,13648000000.0,0.0,41.82,0.72,0.724,3305000000.0,8447000000.0,5568000000.0,5568000000.0,0.0,,,,,0.0,782000000.0,1.0,392836359.0,395400000.0,395400000.0,14.082,30436000000.0,0.0,137000000.0,2643000000.0,76.975,2322000000.0
8,IP,MRQ,2019-06-30,2019-06-30,2019-06-30,2021-09-07,-4870000000.0,34347000000.0,,7388000000.0,26959000000.0,,18.79,-334000000.0,787000000.0,787000000.0,3901000000.0,286000000.0,1.463,3.588,17309000000.0,676000000.0,16633000000.0,17309000000.0,0.0,321000000.0,0.0,0.046,0.5,542000000.0,863000000.0,0.152,863000000.0,542000000.0,420000000.0,0.74,0.73,0.74,7482000000.0,,7482000000.0,33926507840.0,13.0,8.73,733000000.0,1.841,1.0,1766000000.0,0.312,3441000000.0,122000000.0,42379000000.0,,2224000000.0,8725000000.0,0.0,8725000000.0,26848000000.0,5049000000.0,21799000000.0,17212507840.0,146000000.0,-82000000.0,-231000000.0,-63000000.0,-197000000.0,-487000000.0,-421000000.0,0.0,1067000000.0,8000000.0,292000000.0,292000000.0,292000000.0,0.0,-6000000.0,0.052,1150000000.0,616000000.0,2498000000.0,0.676,2.301,10.798,10.912,13775000000.0,0.0,43.32,0.743,0.745,3477000000.0,8302000000.0,5667000000.0,5667000000.0,0.0,,,,,0.0,786000000.0,1.0,397333976.0,398200000.0,398200000.0,14.232,30906000000.0,0.0,128000000.0,2624000000.0,77.614,2339000000.0
9,IP,MRQ,2019-03-31,2019-03-31,2019-03-31,2021-09-07,-4975000000.0,34178000000.0,,7062000000.0,27116000000.0,,18.467,-290000000.0,641000000.0,641000000.0,3929000000.0,426000000.0,1.426,3.587,17355000000.0,809000000.0,16546000000.0,17355000000.0,0.0,315000000.0,0.0,0.042,0.5,663000000.0,978000000.0,0.173,978000000.0,663000000.0,530000000.0,1.06,1.05,1.06,7446000000.0,,7446000000.0,34881925226.0,13.0,8.675,443000000.0,1.099,1.0,1714000000.0,0.304,3393000000.0,133000000.0,42546000000.0,,2301000000.0,8844000000.0,0.0,8844000000.0,26709000000.0,4953000000.0,21756000000.0,18518925226.0,52000000.0,0.0,-229000000.0,41000000.0,-201000000.0,-389000000.0,-294000000.0,0.0,733000000.0,2000000.0,424000000.0,424000000.0,424000000.0,0.0,2000000.0,0.075,1160000000.0,554000000.0,2518000000.0,0.472,2.487,10.849,10.99,13887000000.0,0.0,46.27,0.794,0.8,3493000000.0,8211000000.0,5643000000.0,5643000000.0,0.0,,,,,0.0,802000000.0,1.0,400236119.0,403200000.0,403200000.0,13.996,30785000000.0,0.0,106000000.0,2634000000.0,76.352,2109000000.0
10,IP,MRQ,2018-12-31,2018-12-31,2018-12-31,2021-09-07,-4500000000.0,33576000000.0,,6996000000.0,26580000000.0,,18.177,-275000000.0,589000000.0,589000000.0,3798000000.0,318000000.0,1.49,3.558,16952000000.0,639000000.0,16313000000.0,16952000000.0,0.0,338000000.0,0.0,0.048,0.5,594000000.0,932000000.0,0.157,932000000.0,594000000.0,459000000.0,0.79,0.77,0.79,7362000000.0,,7362000000.0,32871949049.0,11.0,7.607,546000000.0,1.348,1.0,2153000000.0,0.362,3374000000.0,135000000.0,41871000000.0,,2241000000.0,8718000000.0,0.0,8718000000.0,26193000000.0,4694000000.0,21499000000.0,16346949049.0,-437000000.0,-8000000.0,-200000000.0,-599000000.0,-201000000.0,-1000000000.0,-259000000.0,0.0,821000000.0,1000000.0,316000000.0,316000000.0,316000000.0,0.0,2000000.0,0.053,1207000000.0,946000000.0,2413000000.0,0.633,2.22,8.125,8.22,13469000000.0,0.0,40.36,0.701,0.701,3521000000.0,7465000000.0,5951000000.0,5951000000.0,0.0,,,,,0.0,847000000.0,1.0,405028470.0,405028470.0,,14.693,30202000000.0,0.0,143000000.0,2600000000.0,74.568,2302000000.0
11,IP,MRQ,2018-09-30,2018-09-30,2018-09-30,2021-09-07,-4887000000.0,33803000000.0,,7318000000.0,26485000000.0,,17.112,-347000000.0,1026000000.0,1026000000.0,3887000000.0,562000000.0,1.59,3.799,17551000000.0,555000000.0,16996000000.0,17551000000.0,0.0,335000000.0,0.0,0.039,0.475,778000000.0,1113000000.0,0.189,1113000000.0,778000000.0,645000000.0,1.38,1.37,1.38,7040000000.0,,7040000000.0,36807356895.0,13.0,8.91,594000000.0,1.444,1.0,2014000000.0,0.341,3371000000.0,133000000.0,42354000000.0,,2130000000.0,8680000000.0,0.0,8680000000.0,26745000000.0,4603000000.0,22142000000.0,20096356895.0,-47000000.0,0.0,-201000000.0,-240000000.0,-195000000.0,-636000000.0,-346000000.0,0.0,941000000.0,-6000000.0,562000000.0,562000000.0,562000000.0,0.0,0.0,0.095,1181000000.0,833000000.0,2510000000.0,0.344,2.855,6.368,6.416,13476000000.0,0.0,49.15,0.871,0.877,3580000000.0,7353000000.0,5901000000.0,5901000000.0,0.0,,,,,0.0,802000000.0,1.0,408878065.0,411400000.0,411400000.0,14.344,30432000000.0,0.0,83000000.0,2512000000.0,73.972,2715000000.0
12,IP,MRQ,2018-06-30,2018-06-30,2018-06-30,2021-09-07,-4881000000.0,33796000000.0,,7272000000.0,26524000000.0,,16.385,-439000000.0,1073000000.0,1073000000.0,3922000000.0,407000000.0,1.575,3.935,17784000000.0,684000000.0,17100000000.0,17784000000.0,0.0,330000000.0,0.0,0.036,0.475,668000000.0,998000000.0,0.171,998000000.0,668000000.0,535000000.0,0.98,0.97,0.98,6844000000.0,,6844000000.0,38063884226.0,14.0,9.343,362000000.0,0.867,1.0,1911000000.0,0.328,3378000000.0,133000000.0,42511000000.0,,2050000000.0,8599000000.0,0.0,8599000000.0,26932000000.0,4618000000.0,22314000000.0,21565884226.0,-68000000.0,-41000000.0,-300000000.0,142000000.0,-196000000.0,-354000000.0,-475000000.0,0.0,801000000.0,-40000000.0,405000000.0,405000000.0,405000000.0,23000000.0,2000000.0,0.069,1252000000.0,659000000.0,2478000000.0,0.485,3.151,7.215,7.193,13589000000.0,0.0,52.08,0.951,0.959,3526000000.0,6988000000.0,5833000000.0,5833000000.0,0.0,,,,,0.0,854000000.0,1.0,414091479.0,417700000.0,417700000.0,13.965,30418000000.0,0.0,130000000.0,2502000000.0,72.823,2654000000.0
13,IP,MRQ,2018-03-31,2018-03-31,2018-03-31,2021-09-07,-4530000000.0,34030000000.0,,7260000000.0,26770000000.0,,17.324,-488000000.0,1141000000.0,1141000000.0,3948000000.0,730000000.0,1.626,3.694,17639000000.0,587000000.0,17052000000.0,17639000000.0,0.0,325000000.0,0.0,0.035,0.475,953000000.0,1278000000.0,0.227,1278000000.0,953000000.0,818000000.0,1.76,1.74,1.76,7245000000.0,,7245000000.0,38493412625.0,18.0,10.804,175000000.0,0.418,1.0,1673000000.0,0.298,3414000000.0,135000000.0,42649000000.0,,2057000000.0,8546000000.0,0.0,8546000000.0,26765000000.0,4465000000.0,22300000000.0,22063412625.0,123000000.0,1000000.0,-31000000.0,172000000.0,-197000000.0,-56000000.0,-489000000.0,0.0,663000000.0,5000000.0,729000000.0,729000000.0,729000000.0,-368000000.0,1000000.0,0.13,1178000000.0,495000000.0,2534000000.0,0.27,3.045,8.282,8.284,13788000000.0,0.0,53.43,0.992,1.005,3416000000.0,6783000000.0,5621000000.0,5621000000.0,0.0,,,,,0.0,787000000.0,1.0,412940532.0,418200000.0,418200000.0,13.441,30616000000.0,0.0,89000000.0,2480000000.0,73.209,2795000000.0
14,IP,MRQ,2017-12-31,2017-12-31,2017-12-31,2021-09-07,-4633000000.0,33903000000.0,,8277000000.0,25626000000.0,,15.795,-452000000.0,1018000000.0,1018000000.0,3702000000.0,1460000000.0,1.622,4.195,17448000000.0,311000000.0,17137000000.0,17448000000.0,0.0,348000000.0,0.0,0.032,0.475,394000000.0,742000000.0,0.13,742000000.0,394000000.0,253000000.0,3.54,3.49,3.54,6522000000.0,,6522000000.0,41547060487.0,25.0,13.604,736000000.0,1.782,1.0,2009000000.0,0.352,3411000000.0,141000000.0,41820000000.0,,2313000000.0,7441000000.0,0.0,7441000000.0,27362000000.0,5102000000.0,22260000000.0,23925060487.0,20000000.0,0.0,-1000000.0,-577000000.0,-196000000.0,-779000000.0,-383000000.0,0.0,1188000000.0,-6000000.0,1460000000.0,1460000000.0,1460000000.0,8000000.0,0.0,0.256,1274000000.0,735000000.0,2458000000.0,0.134,3.668,11.159,11.164,13713000000.0,0.0,57.94,1.1,1.1,3287000000.0,6180000000.0,5711000000.0,5711000000.0,0.0,,,,,0.0,807000000.0,1.0,412928210.0,412928210.0,,13.83,30492000000.0,0.0,-1207000000.0,2291000000.0,73.843,3175000000.0
15,IP,MRQ,2017-09-30,2017-09-30,2017-09-30,2021-09-07,-4949000000.0,33813000000.0,,7211000000.0,26602000000.0,,11.773,-266000000.0,998000000.0,998000000.0,3713000000.0,395000000.0,1.481,5.877,18620000000.0,958000000.0,17662000000.0,18620000000.0,0.0,373000000.0,0.0,0.033,0.463,683000000.0,1056000000.0,0.191,1056000000.0,683000000.0,531000000.0,0.96,0.95,0.96,4914000000.0,,4914000000.0,39923835584.0,24.0,13.098,-975000000.0,-2.336,1.0,1804000000.0,0.327,3420000000.0,152000000.0,43146000000.0,,2465000000.0,7383000000.0,0.0,7383000000.0,28880000000.0,4869000000.0,24011000000.0,23461835584.0,-43000000.0,3000000.0,0.0,1124000000.0,-191000000.0,930000000.0,-278000000.0,0.0,-709000000.0,10000000.0,395000000.0,395000000.0,395000000.0,-29000000.0,0.0,0.072,1146000000.0,658000000.0,2408000000.0,0.482,4.774,26.011,25.945,14533000000.0,0.0,56.82,1.183,1.196,3343000000.0,4918000000.0,5517000000.0,5517000000.0,0.0,,,,,0.0,755000000.0,1.0,412915093.0,417400000.0,417400000.0,13.218,30393000000.0,0.0,136000000.0,3505000000.0,72.815,2342000000.0
16,IP,MRQ,2017-06-30,2017-06-30,2017-06-30,2021-09-07,-5108000000.0,33877000000.0,,7237000000.0,26640000000.0,,10.915,-274000000.0,1041000000.0,1041000000.0,3749000000.0,80000000.0,1.447,6.449,17503000000.0,824000000.0,16679000000.0,17503000000.0,0.0,357000000.0,0.0,0.032,0.463,130000000.0,487000000.0,0.09,487000000.0,130000000.0,-7000000.0,0.19,0.19,0.19,4545000000.0,,4545000000.0,39939213013.0,26.0,13.979,371000000.0,0.891,1.0,1634000000.0,0.304,3409000000.0,137000000.0,41928000000.0,,2361000000.0,7367000000.0,0.0,7367000000.0,29312000000.0,5002000000.0,24310000000.0,23374213013.0,43000000.0,-44000000.0,0.0,-75000000.0,-191000000.0,-266000000.0,-330000000.0,0.0,645000000.0,-2000000.0,80000000.0,80000000.0,80000000.0,4000000.0,0.0,0.015,1465000000.0,169000000.0,2362000000.0,2.437,5.143,28.54,28.447,14491000000.0,0.0,56.61,1.194,1.204,3283000000.0,4717000000.0,5383000000.0,5383000000.0,0.0,,,,,0.0,752000000.0,1.0,412899011.0,416400000.0,416400000.0,12.927,30468000000.0,0.0,-87000000.0,3499000000.0,73.17,2235000000.0
17,IP,MRQ,2017-03-31,2017-03-31,2017-03-31,2021-09-07,-5152000000.0,33301000000.0,,6721000000.0,26580000000.0,,10.998,-373000000.0,998000000.0,998000000.0,3638000000.0,209000000.0,1.575,6.275,17563000000.0,454000000.0,17109000000.0,17563000000.0,0.0,345000000.0,0.0,0.036,0.463,424000000.0,769000000.0,0.15,769000000.0,424000000.0,282000000.0,0.51,0.5,0.51,4575000000.0,,4575000000.0,37448538904.0,24.0,13.228,260000000.0,0.625,1.0,1494000000.0,0.291,3402000000.0,142000000.0,42197000000.0,,2394000000.0,7348000000.0,0.0,7348000000.0,28707000000.0,4267000000.0,24440000000.0,20883538904.0,-35000000.0,0.0,-46000000.0,-47000000.0,-191000000.0,-284000000.0,-400000000.0,0.0,633000000.0,16000000.0,209000000.0,209000000.0,209000000.0,-17000000.0,0.0,0.041,1103000000.0,391000000.0,2380000000.0,0.908,4.565,26.808,26.726,14520000000.0,0.0,50.78,1.07,1.082,3078000000.0,4832000000.0,5132000000.0,5132000000.0,0.0,,,,,0.0,741000000.0,1.0,411255197.0,416000000.0,416000000.0,12.337,29899000000.0,0.0,73000000.0,3185000000.0,71.873,2454000000.0
18,IP,MRQ,2016-12-31,2016-12-31,2016-12-31,2021-09-07,-5362000000.0,33093000000.0,,6670000000.0,26423000000.0,,10.557,-439000000.0,1033000000.0,1033000000.0,2074000000.0,219000000.0,1.639,6.619,17598000000.0,239000000.0,17359000000.0,17598000000.0,0.0,328000000.0,0.0,0.034,0.463,408000000.0,736000000.0,0.194,736000000.0,408000000.0,272000000.0,0.53,0.53,0.53,4341000000.0,,4341000000.0,36439983641.0,23.0,12.813,473000000.0,1.15,1.0,1723000000.0,0.454,3364000000.0,136000000.0,42225000000.0,,2233000000.0,7393000000.0,0.0,7393000000.0,28734000000.0,4069000000.0,24665000000.0,21818983641.0,-1529000000.0,-2169000000.0,0.0,274000000.0,-190000000.0,104000000.0,-2527000000.0,0.0,912000000.0,-18000000.0,218000000.0,218000000.0,218000000.0,-107000000.0,1000000.0,0.057,804000000.0,919000000.0,2199000000.0,0.874,5.026,24.136,24.118,13459000000.0,0.0,53.06,1.119,1.119,2852000000.0,4818000000.0,3797000000.0,3797000000.0,0.0,,,,,0.0,541000000.0,1.0,411213412.0,411213412.0,,9.234,29729000000.0,0.0,54000000.0,3127000000.0,72.296,2601000000.0
19,IP,MRQ,2016-09-30,2016-09-30,2016-09-30,2021-09-07,-5458000000.0,32601000000.0,,8103000000.0,24498000000.0,,10.135,-264000000.0,2562000000.0,2562000000.0,3622000000.0,309000000.0,2.288,6.741,17183000000.0,78000000.0,17105000000.0,17183000000.0,0.0,314000000.0,0.0,0.037,0.44,551000000.0,865000000.0,0.164,865000000.0,551000000.0,419000000.0,0.76,0.75,0.76,4209000000.0,,4209000000.0,34202471240.0,21.0,12.198,77000000.0,0.185,1.0,1644000000.0,0.312,3362000000.0,132000000.0,40319000000.0,,2222000000.0,7353000000.0,0.0,7353000000.0,28372000000.0,3541000000.0,24831000000.0,19729471240.0,1308000000.0,9000000.0,0.0,1447000000.0,-181000000.0,1232000000.0,-279000000.0,0.0,341000000.0,14000000.0,312000000.0,312000000.0,312000000.0,0.0,-3000000.0,0.059,1134000000.0,510000000.0,2031000000.0,0.579,4.687,22.835,22.739,12652000000.0,0.0,47.98,1.014,1.024,2807000000.0,4793000000.0,5266000000.0,5266000000.0,0.0,,,,,0.0,733000000.0,1.0,411201985.0,415300000.0,415300000.0,12.68,29239000000.0,287000000.0,107000000.0,3273000000.0,70.405,4562000000.0
20,IP,MRQ,2016-06-30,2016-06-30,2016-06-30,2021-09-07,-5481000000.0,31392000000.0,,6871000000.0,24521000000.0,,9.703,-325000000.0,1254000000.0,1254000000.0,4112000000.0,40000000.0,1.683,6.796,15727000000.0,626000000.0,15101000000.0,15727000000.0,0.0,301000000.0,0.0,0.041,0.44,160000000.0,461000000.0,0.087,461000000.0,160000000.0,31000000.0,0.1,0.1,0.1,4024000000.0,,4024000000.0,31924568572.0,21.0,11.673,280000000.0,0.675,1.0,1210000000.0,0.227,3367000000.0,129000000.0,38416000000.0,,2165000000.0,7302000000.0,0.0,7302000000.0,27346000000.0,4082000000.0,23264000000.0,17425568572.0,99000000.0,40000000.0,-1000000.0,-8000000.0,-181000000.0,-190000000.0,-328000000.0,0.0,605000000.0,0.0,40000000.0,40000000.0,40000000.0,0.0,0.0,0.008,1067000000.0,143000000.0,2016000000.0,4.4,4.33,22.572,22.543,12683000000.0,0.0,42.38,0.877,0.884,2837000000.0,4657000000.0,5322000000.0,5322000000.0,0.0,,,,,0.0,725000000.0,1.0,411174341.0,414700000.0,414700000.0,12.833,28025000000.0,297000000.0,-9000000.0,3256000000.0,67.579,2789000000.0
21,IP,MRQ,2016-03-31,2016-03-31,2016-03-31,2021-09-07,-5389000000.0,31043000000.0,,6792000000.0,24251000000.0,,10.227,-301000000.0,1155000000.0,1155000000.0,3611000000.0,334000000.0,1.657,6.326,15654000000.0,551000000.0,15103000000.0,15654000000.0,0.0,284000000.0,0.0,0.041,0.44,498000000.0,782000000.0,0.153,782000000.0,498000000.0,375000000.0,0.81,0.81,0.81,4234000000.0,,4234000000.0,31426911844.0,17.0,10.194,319000000.0,0.771,1.0,1499000000.0,0.293,3354000000.0,123000000.0,38090000000.0,,2217000000.0,7306000000.0,0.0,7306000000.0,26783000000.0,4098000000.0,22685000000.0,16873911844.0,105000000.0,0.0,-131000000.0,148000000.0,-181000000.0,-164000000.0,-364000000.0,0.0,620000000.0,25000000.0,334000000.0,334000000.0,334000000.0,5000000.0,0.0,0.065,1022000000.0,477000000.0,2065000000.0,0.543,3.985,17.595,17.69,12436000000.0,0.0,41.04,0.833,0.838,2641000000.0,4800000000.0,5110000000.0,5110000000.0,0.0,,,,,0.0,696000000.0,1.0,411157696.0,414000000.0,414000000.0,12.343,27689000000.0,295000000.0,41000000.0,3277000000.0,66.882,2694000000.0
22,IP,MRQ,2015-12-31,2015-12-31,2015-12-31,2021-09-07,-5708000000.0,30531000000.0,,6477000000.0,24054000000.0,,9.369,-484000000.0,1050000000.0,1050000000.0,2610000000.0,178000000.0,1.651,6.854,15547000000.0,426000000.0,15121000000.0,15547000000.0,0.0,314000000.0,0.0,0.044,0.44,382000000.0,696000000.0,0.185,696000000.0,382000000.0,249000000.0,0.44,0.43,0.44,3884000000.0,,3884000000.0,30441172959.0,16.0,9.501,506000000.0,1.221,1.0,1143000000.0,0.305,3335000000.0,133000000.0,37769000000.0,,2228000000.0,7242000000.0,0.0,7242000000.0,26622000000.0,3924000000.0,22698000000.0,15629172959.0,-54000000.0,23000000.0,-100000000.0,-341000000.0,-182000000.0,-637000000.0,-540000000.0,0.0,990000000.0,-10000000.0,178000000.0,178000000.0,178000000.0,-85000000.0,0.0,0.047,891000000.0,252000000.0,2078000000.0,1.0,4.024,16.662,16.756,12346000000.0,0.0,37.7,0.756,0.756,2675000000.0,4649000000.0,3753000000.0,3753000000.0,0.0,,,,,0.0,503000000.0,1.0,414566922.0,414566922.0,,9.053,27196000000.0,312000000.0,71000000.0,3231000000.0,65.601,2553000000.0
23,IP,MRQ,2015-09-30,2015-09-30,2015-09-30,2021-09-07,-5358000000.0,31981000000.0,,12754000000.0,19227000000.0,,10.417,-312000000.0,1104000000.0,1104000000.0,3891000000.0,210000000.0,1.336,6.326,15916000000.0,4973000000.0,10943000000.0,15916000000.0,0.0,329000000.0,0.0,0.042,0.4,467000000.0,796000000.0,0.14,796000000.0,467000000.0,326000000.0,0.53,0.53,0.53,4349000000.0,,4349000000.0,26176438172.0,14.0,8.273,525000000.0,1.257,1.0,1800000000.0,0.316,3472000000.0,141000000.0,33774000000.0,,2340000000.0,7264000000.0,4845000000.0,2419000000.0,27511000000.0,9547000000.0,17964000000.0,15786438172.0,-486000000.0,-198000000.0,-152000000.0,-355000000.0,-166000000.0,-673000000.0,-461000000.0,0.0,837000000.0,-46000000.0,220000000.0,220000000.0,220000000.0,0.0,-10000000.0,0.039,1144000000.0,656000000.0,2096000000.0,0.755,3.63,17.658,17.742,12188000000.0,0.0,37.79,0.69,0.69,2832000000.0,4656000000.0,5691000000.0,5691000000.0,0.0,,,,,0.0,751000000.0,1.0,417741153.0,417500000.0,417500000.0,13.631,28509000000.0,326000000.0,106000000.0,3191000000.0,68.285,3207000000.0
24,IP,MRQ,2015-06-30,2015-06-30,2015-06-30,2021-09-07,-4886000000.0,28178000000.0,,7727000000.0,20451000000.0,,11.595,-344000000.0,1590000000.0,1590000000.0,3968000000.0,218000000.0,1.514,4.732,11980000000.0,909000000.0,11071000000.0,11980000000.0,0.0,328000000.0,0.0,0.048,0.4,481000000.0,809000000.0,0.142,809000000.0,481000000.0,337000000.0,0.54,0.54,0.54,4892000000.0,,4892000000.0,29632226065.0,15.0,8.754,-229000000.0,-0.543,1.0,1746000000.0,0.306,3686000000.0,144000000.0,29778000000.0,,2424000000.0,2490000000.0,0.0,2490000000.0,23150000000.0,5104000000.0,18046000000.0,20031226065.0,14000000.0,0.0,-214000000.0,848000000.0,-168000000.0,255000000.0,-361000000.0,0.0,115000000.0,5000000.0,227000000.0,227000000.0,227000000.0,0.0,-9000000.0,0.04,1336000000.0,410000000.0,2744000000.0,0.741,4.095,19.467,19.504,13009000000.0,0.0,47.59,0.862,0.865,3140000000.0,4604000000.0,5714000000.0,5714000000.0,0.0,,,,,0.0,770000000.0,1.0,420912504.0,421900000.0,421900000.0,13.543,24492000000.0,330000000.0,110000000.0,3078000000.0,58.052,2623000000.0
25,IP,MRQ,2015-03-31,2015-03-31,2015-03-31,2021-09-07,-5042000000.0,27967000000.0,,7660000000.0,20307000000.0,,11.466,-310000000.0,1576000000.0,1576000000.0,3844000000.0,311000000.0,1.604,4.727,11177000000.0,664000000.0,10513000000.0,11177000000.0,0.0,323000000.0,0.0,0.04,0.4,580000000.0,903000000.0,0.164,903000000.0,580000000.0,443000000.0,0.74,0.74,0.74,4858000000.0,,4858000000.0,33005693188.0,17.0,10.057,328000000.0,0.774,1.0,1673000000.0,0.303,3677000000.0,137000000.0,29115000000.0,,2437000000.0,2422000000.0,0.0,2422000000.0,22964000000.0,4776000000.0,18188000000.0,23463693188.0,-305000000.0,0.0,-137000000.0,-240000000.0,-169000000.0,-546000000.0,-377000000.0,0.0,638000000.0,-20000000.0,313000000.0,313000000.0,313000000.0,0.0,-2000000.0,0.057,1130000000.0,543000000.0,2678000000.0,0.541,4.83,24.365,24.445,12923000000.0,0.0,55.49,1.002,1.004,3074000000.0,4548000000.0,5517000000.0,5517000000.0,0.0,,,,,0.0,763000000.0,1.0,422845435.0,423700000.0,423700000.0,13.021,24290000000.0,333000000.0,130000000.0,3000000000.0,57.328,2884000000.0
26,IP,MRQ,2014-12-31,2014-12-31,2014-12-31,2021-09-07,-4646000000.0,28684000000.0,,7959000000.0,20725000000.0,,12.075,-393000000.0,1881000000.0,1881000000.0,4105000000.0,128000000.0,1.621,4.579,11423000000.0,742000000.0,10681000000.0,11423000000.0,0.0,346000000.0,0.0,0.04,0.4,310000000.0,656000000.0,0.11,656000000.0,310000000.0,168000000.0,0.32,0.32,0.32,5115000000.0,,5115000000.0,32740229601.0,25.0,12.131,751000000.0,1.773,1.0,1838000000.0,0.309,3773000000.0,142000000.0,29544000000.0,,2424000000.0,2393000000.0,0.0,2393000000.0,23421000000.0,4909000000.0,18512000000.0,22697229601.0,163000000.0,26000000.0,-164000000.0,-311000000.0,-169000000.0,-644000000.0,-302000000.0,0.0,1144000000.0,-35000000.0,134000000.0,134000000.0,134000000.0,9000000.0,-6000000.0,0.023,1351000000.0,487000000.0,2664000000.0,1.25,4.437,40.896,41.215,13235000000.0,0.0,53.58,0.961,0.961,3083000000.0,4409000000.0,5943000000.0,5943000000.0,0.0,,,,,0.0,846000000.0,1.0,423613841.0,423613841.0,,14.029,24911000000.0,331000000.0,34000000.0,3063000000.0,58.806,3050000000.0
27,IP,MRQ,2014-09-30,2014-09-30,2014-09-30,2021-09-07,-3065000000.0,29403000000.0,,8139000000.0,21264000000.0,,15.903,-306000000.0,1718000000.0,1718000000.0,4055000000.0,349000000.0,1.671,3.29,11761000000.0,724000000.0,11037000000.0,11761000000.0,0.0,357000000.0,0.0,0.044,1.068,660000000.0,1017000000.0,0.168,1017000000.0,660000000.0,502000000.0,0.84,0.83,0.84,6816000000.0,,6816000000.0,31089045079.0,32.0,12.82,627000000.0,1.463,1.0,1996000000.0,0.33,3931000000.0,158000000.0,30645000000.0,,2493000000.0,2671000000.0,0.0,2671000000.0,22426000000.0,4870000000.0,17556000000.0,20386045079.0,425000000.0,385000000.0,-187000000.0,-280000000.0,-149000000.0,-629000000.0,144000000.0,0.0,933000000.0,-23000000.0,355000000.0,355000000.0,355000000.0,-16000000.0,-6000000.0,0.059,1286000000.0,710000000.0,2619000000.0,1.271,2.991,23.788,23.99,13444000000.0,0.0,47.74,0.867,0.87,3293000000.0,4446000000.0,6051000000.0,6051000000.0,0.0,,,,,0.0,861000000.0,1.0,427022310.0,428600000.0,428600000.0,14.118,25472000000.0,334000000.0,147000000.0,3600000000.0,59.431,3269000000.0
28,IP,MRQ,2014-06-30,2014-06-30,2014-06-30,2021-09-07,-2628000000.0,30802000000.0,,8751000000.0,22051000000.0,,17.408,-329000000.0,1293000000.0,1293000000.0,4060000000.0,158000000.0,1.623,3.072,11996000000.0,952000000.0,11044000000.0,11996000000.0,0.0,359000000.0,0.0,0.027,0.35,347000000.0,706000000.0,0.12,706000000.0,347000000.0,183000000.0,0.37,0.37,0.37,7522000000.0,,7522000000.0,31994969335.0,36.0,13.472,200000000.0,0.463,1.0,1839000000.0,0.312,4007000000.0,164000000.0,32105000000.0,,2798000000.0,2863000000.0,0.0,2863000000.0,23111000000.0,5393000000.0,17718000000.0,21862969335.0,-48000000.0,0.0,-275000000.0,548000000.0,-149000000.0,-250000000.0,-332000000.0,0.0,529000000.0,5000000.0,161000000.0,161000000.0,161000000.0,13000000.0,-3000000.0,0.027,1523000000.0,316000000.0,2918000000.0,0.946,2.907,24.732,25.109,13802000000.0,0.0,50.47,0.932,0.93,3969000000.0,4235000000.0,5899000000.0,5899000000.0,0.0,,,,,0.0,813000000.0,1.0,433187382.0,432100000.0,432100000.0,13.652,26795000000.0,307000000.0,22000000.0,3587000000.0,62.011,3358000000.0
29,IP,MRQ,2014-03-31,2014-03-31,2014-03-31,2021-09-07,-2778000000.0,30695000000.0,,8733000000.0,21962000000.0,,17.385,-277000000.0,1341000000.0,1341000000.0,4034000000.0,-99000000.0,1.737,3.03,11473000000.0,561000000.0,10912000000.0,11473000000.0,0.0,352000000.0,0.0,0.028,0.35,-32000000.0,320000000.0,0.056,320000000.0,-32000000.0,-175000000.0,-0.21,-0.21,-0.21,7573000000.0,,7573000000.0,29861188659.0,28.0,11.547,194000000.0,0.445,1.0,1690000000.0,0.295,3996000000.0,143000000.0,31803000000.0,,2809000000.0,2791000000.0,0.0,2791000000.0,22949000000.0,5028000000.0,17921000000.0,20132188659.0,-461000000.0,0.0,-370000000.0,-40000000.0,-153000000.0,-563000000.0,-370000000.0,0.0,471000000.0,1000000.0,-95000000.0,-95000000.0,-95000000.0,7000000.0,-4000000.0,-0.017,1686000000.0,4000000.0,2954000000.0,-1.667,2.658,20.501,20.667,13772000000.0,0.0,45.88,0.809,0.803,3933000000.0,4193000000.0,5724000000.0,5724000000.0,0.0,,,,,0.0,794000000.0,1.0,438800916.0,435600000.0,435600000.0,13.14,26699000000.0,303000000.0,-80000000.0,3540000000.0,61.292,3705000000.0
30,IP,MRQ,2013-12-31,2013-12-31,2013-12-31,2021-09-07,-2759000000.0,31528000000.0,,9025000000.0,22503000000.0,,18.27,-450000000.0,1802000000.0,1802000000.0,4040000000.0,430000000.0,1.76,2.868,11531000000.0,661000000.0,10870000000.0,11531000000.0,0.0,371000000.0,0.0,0.025,0.35,11000000.0,382000000.0,0.065,382000000.0,11000000.0,-123000000.0,0.99,0.97,0.99,8105000000.0,,8105000000.0,31529855220.0,21.0,10.317,587000000.0,1.323,1.0,1808000000.0,0.309,3987000000.0,134000000.0,32143000000.0,,2825000000.0,2860000000.0,0.0,2860000000.0,23244000000.0,5127000000.0,18117000000.0,21750855220.0,-144000000.0,-5000000.0,-432000000.0,-237000000.0,-154000000.0,-838000000.0,-338000000.0,0.0,1037000000.0,-5000000.0,436000000.0,436000000.0,436000000.0,359000000.0,-6000000.0,0.075,1433000000.0,375000000.0,2900000000.0,0.354,2.684,15.592,15.565,14229000000.0,0.0,49.03,0.926,0.926,3756000000.0,4446000000.0,5848000000.0,5848000000.0,0.0,,,,,0.0,830000000.0,1.0,443623335.0,443623335.0,,13.182,27541000000.0,302000000.0,-559000000.0,3765000000.0,62.082,3898000000.0
31,IP,MRQ,2013-09-30,2013-09-30,2013-09-30,2021-09-07,-3812000000.0,32589000000.0,,9475000000.0,23114000000.0,,16.077,-195000000.0,1946000000.0,1946000000.0,4048000000.0,376000000.0,1.756,3.464,11725000000.0,783000000.0,10942000000.0,11725000000.0,0.0,401000000.0,0.0,0.027,0.3,566000000.0,967000000.0,0.162,967000000.0,566000000.0,420000000.0,0.86,0.85,0.86,7230000000.0,,7230000000.0,30938960952.0,16.0,8.832,517000000.0,1.15,1.0,1927000000.0,0.323,4491000000.0,146000000.0,32482000000.0,,2841000000.0,2877000000.0,0.0,2877000000.0,25047000000.0,5395000000.0,19652000000.0,19978960952.0,741000000.0,727000000.0,26000000.0,-419000000.0,-134000000.0,-543000000.0,564000000.0,0.0,712000000.0,8000000.0,382000000.0,382000000.0,382000000.0,5000000.0,-6000000.0,0.064,1377000000.0,550000000.0,2904000000.0,0.349,2.763,16.733,16.593,14277000000.0,0.0,44.8,0.93,0.937,4024000000.0,4212000000.0,5975000000.0,5975000000.0,0.0,,,,,0.0,875000000.0,1.0,445958910.0,449700000.0,449700000.0,13.287,28098000000.0,421000000.0,38000000.0,3330000000.0,62.482,4080000000.0
32,IP,MRQ,2013-06-30,2013-06-30,2013-06-30,2021-09-07,-4036000000.0,32545000000.0,,9268000000.0,23277000000.0,,14.954,-272000000.0,1205000000.0,1205000000.0,5414000000.0,257000000.0,1.633,3.805,12165000000.0,1068000000.0,11097000000.0,12165000000.0,0.0,396000000.0,0.0,0.026,0.3,521000000.0,917000000.0,0.125,917000000.0,521000000.0,353000000.0,0.58,0.57,0.58,6707000000.0,,6707000000.0,31037211307.0,16.0,8.999,476000000.0,1.061,1.0,1921000000.0,0.262,4437000000.0,168000000.0,33391000000.0,,2745000000.0,2848000000.0,0.0,2848000000.0,25520000000.0,5677000000.0,19843000000.0,19711211307.0,271000000.0,4000000.0,52000000.0,-115000000.0,-134000000.0,-201000000.0,-263000000.0,0.0,748000000.0,-13000000.0,259000000.0,259000000.0,259000000.0,-24000000.0,-2000000.0,0.035,1403000000.0,518000000.0,2926000000.0,0.517,2.939,18.79,18.618,14416000000.0,0.0,44.31,0.874,0.881,3946000000.0,3967000000.0,7335000000.0,7335000000.0,0.0,,,,,0.0,964000000.0,1.0,444847829.0,448500000.0,448500000.0,16.355,28108000000.0,322000000.0,94000000.0,3137000000.0,62.671,3591000000.0
33,IP,MRQ,2013-03-31,2013-03-31,2013-03-31,2021-09-07,-3762000000.0,32698000000.0,,8981000000.0,23717000000.0,,15.194,-216000000.0,934000000.0,934000000.0,5220000000.0,315000000.0,1.708,3.772,12260000000.0,727000000.0,11533000000.0,12260000000.0,0.0,379000000.0,0.0,0.024,0.3,413000000.0,792000000.0,0.112,792000000.0,413000000.0,249000000.0,0.72,0.71,0.72,6778000000.0,,6778000000.0,31425463481.0,18.0,9.637,315000000.0,0.706,1.0,1870000000.0,0.264,4527000000.0,164000000.0,34240000000.0,,2793000000.0,2923000000.0,0.0,2923000000.0,25564000000.0,5257000000.0,20307000000.0,20551463481.0,-368000000.0,-505000000.0,140000000.0,44000000.0,-132000000.0,-106000000.0,-790000000.0,0.0,531000000.0,-3000000.0,318000000.0,318000000.0,318000000.0,-26000000.0,-3000000.0,0.045,1476000000.0,394000000.0,2902000000.0,0.417,3.032,22.242,22.076,14772000000.0,0.0,46.58,0.922,0.932,3869000000.0,3844000000.0,7090000000.0,7090000000.0,0.0,,,,,0.0,989000000.0,1.0,441207804.0,446100000.0,446100000.0,15.893,28171000000.0,340000000.0,-69000000.0,3105000000.0,63.15,3724000000.0
34,IP,MRQ,2012-12-31,2012-12-31,2012-12-31,2021-09-07,-3840000000.0,32153000000.0,,8905000000.0,23248000000.0,,14.355,-382000000.0,1302000000.0,1302000000.0,-107000000.0,232000000.0,1.782,4.048,12176000000.0,444000000.0,11732000000.0,12176000000.0,0.0,375000000.0,0.0,0.027,0.3,452000000.0,827000000.0,0.756,827000000.0,452000000.0,284000000.0,0.54,0.53,0.54,6304000000.0,,6304000000.0,28716542498.0,16.0,8.817,331000000.0,0.754,1.0,1201000000.0,1.098,4315000000.0,168000000.0,33714000000.0,,2730000000.0,2995000000.0,0.0,2995000000.0,25517000000.0,4998000000.0,20519000000.0,17495542498.0,27000000.0,0.0,48000000.0,-222000000.0,-132000000.0,-315000000.0,-376000000.0,0.0,713000000.0,5000000.0,235000000.0,235000000.0,235000000.0,-42000000.0,-3000000.0,0.215,806000000.0,395000000.0,2775000000.0,0.556,2.775,22.035,21.89,14571000000.0,0.0,39.84,0.801,0.801,3562000000.0,3662000000.0,1094000000.0,1094000000.0,0.0,,,,,0.0,432000000.0,1.0,439145132.0,439145132.0,,2.491,27838000000.0,323000000.0,49000000.0,3026000000.0,63.391,3907000000.0
35,IP,MRQ,2012-09-30,2012-09-30,2012-09-30,2021-09-07,-2959000000.0,32561000000.0,,8993000000.0,23568000000.0,,15.93,-296000000.0,1275000000.0,1275000000.0,5140000000.0,238000000.0,1.8,3.599,12496000000.0,413000000.0,12083000000.0,12496000000.0,0.0,383000000.0,0.0,0.029,0.263,530000000.0,913000000.0,0.13,913000000.0,530000000.0,367000000.0,0.54,0.54,0.54,7006000000.0,,7006000000.0,28111973858.0,15.0,8.457,583000000.0,1.326,1.0,1886000000.0,0.268,4406000000.0,163000000.0,34379000000.0,,2667000000.0,2973000000.0,0.0,2973000000.0,25216000000.0,4997000000.0,20219000000.0,15883973858.0,47000000.0,424000000.0,39000000.0,-861000000.0,-115000000.0,-938000000.0,98000000.0,0.0,879000000.0,8000000.0,237000000.0,237000000.0,237000000.0,-14000000.0,1000000.0,0.034,1385000000.0,501000000.0,2690000000.0,0.487,2.267,18.909,18.819,14541000000.0,0.0,36.32,0.586,0.589,3699000000.0,3561000000.0,7026000000.0,7026000000.0,0.0,,,,,0.0,930000000.0,1.0,437334082.0,439800000.0,439800000.0,15.975,28155000000.0,512000000.0,130000000.0,3782000000.0,64.018,3996000000.0
36,IP,MRQ,2012-06-30,2012-06-30,2012-06-30,2021-09-07,-3124000000.0,33088000000.0,,9281000000.0,23807000000.0,,15.233,-420000000.0,1228000000.0,1228000000.0,5270000000.0,137000000.0,1.776,3.894,13456000000.0,838000000.0,12618000000.0,13456000000.0,0.0,366000000.0,0.0,0.036,0.263,363000000.0,729000000.0,0.103,729000000.0,363000000.0,191000000.0,0.31,0.31,0.31,6675000000.0,,6675000000.0,25137879844.0,13.0,7.711,374000000.0,0.853,1.0,1807000000.0,0.255,4230000000.0,172000000.0,35859000000.0,,2650000000.0,3234000000.0,0.0,3234000000.0,25994000000.0,5227000000.0,20767000000.0,12642879844.0,-60000000.0,0.0,0.0,-265000000.0,-114000000.0,-390000000.0,-426000000.0,0.0,794000000.0,-38000000.0,134000000.0,134000000.0,134000000.0,-16000000.0,3000000.0,0.019,1353000000.0,454000000.0,2696000000.0,0.848,1.894,11.805,11.704,14573000000.0,0.0,28.91,0.473,0.474,3601000000.0,3440000000.0,7077000000.0,7077000000.0,0.0,,,,,0.0,922000000.0,1.0,437318509.0,438200000.0,438200000.0,16.15,28858000000.0,498000000.0,57000000.0,3905000000.0,65.856,4054000000.0
37,IP,MRQ,2012-03-31,2012-03-31,2012-03-31,2021-09-07,-2702000000.0,33849000000.0,,9212000000.0,24637000000.0,,16.099,-285000000.0,1288000000.0,1288000000.0,4984000000.0,192000000.0,1.83,3.733,13783000000.0,738000000.0,13045000000.0,13783000000.0,0.0,362000000.0,0.0,0.03,0.263,426000000.0,788000000.0,0.118,788000000.0,426000000.0,258000000.0,0.43,0.43,0.43,7061000000.0,,7061000000.0,21255692684.0,11.0,6.362,296000000.0,0.675,1.0,1671000000.0,0.251,4218000000.0,168000000.0,37093000000.0,,2748000000.0,3344000000.0,0.0,3344000000.0,26356000000.0,5033000000.0,21323000000.0,15341692684.0,-2706000000.0,-3729000000.0,-14000000.0,1003000000.0,-115000000.0,848000000.0,-4154000000.0,0.0,581000000.0,19000000.0,188000000.0,188000000.0,188000000.0,-5000000.0,4000000.0,0.028,1297000000.0,374000000.0,2777000000.0,0.612,2.173,13.271,13.146,15840000000.0,0.0,35.1,0.583,0.585,3802000000.0,3423000000.0,6655000000.0,6655000000.0,0.0,,,,,0.0,860000000.0,1.0,437085299.0,438600000.0,438600000.0,15.173,29631000000.0,468000000.0,70000000.0,4025000000.0,67.558,4179000000.0
38,IP,MRQ,2011-12-31,2011-12-31,2011-12-31,2021-09-07,-3005000000.0,27018000000.0,,10456000000.0,16562000000.0,,15.203,-434000000.0,3994000000.0,3994000000.0,4662000000.0,285000000.0,2.207,3.015,9908000000.0,719000000.0,9189000000.0,9908000000.0,0.0,321000000.0,0.0,0.033,0.263,573000000.0,894000000.0,0.14,894000000.0,573000000.0,435000000.0,0.65,0.65,0.65,6645000000.0,,6645000000.0,18660293808.0,9.0,5.322,203000000.0,0.464,1.0,1705000000.0,0.268,2346000000.0,138000000.0,25848000000.0,,2320000000.0,657000000.0,0.0,657000000.0,20033000000.0,4738000000.0,15295000000.0,12937293808.0,1272000000.0,-262000000.0,0.0,1359000000.0,-115000000.0,1232000000.0,-594000000.0,0.0,637000000.0,-3000000.0,281000000.0,281000000.0,281000000.0,0.0,4000000.0,0.044,1152000000.0,553000000.0,2500000000.0,0.405,1.947,9.786,9.673,12477000000.0,0.0,29.6,0.497,0.497,3486000000.0,3355000000.0,6367000000.0,6367000000.0,0.0,,,,,0.0,778000000.0,1.0,437070722.0,437070722.0,,14.567,24672000000.0,296000000.0,154000000.0,2497000000.0,56.449,5718000000.0
39,IP,MRQ,2011-09-30,2011-09-30,2011-09-30,2021-09-07,-2077000000.0,25834000000.0,,9935000000.0,15899000000.0,,17.008,-315000000.0,2722000000.0,2722000000.0,4793000000.0,465000000.0,2.093,2.455,8445000000.0,644000000.0,7801000000.0,8445000000.0,0.0,335000000.0,0.0,0.036,0.263,514000000.0,849000000.0,0.128,849000000.0,514000000.0,384000000.0,1.08,1.08,1.08,7402000000.0,,7402000000.0,16248585988.0,8.0,4.596,561000000.0,1.289,1.0,1839000000.0,0.277,2243000000.0,130000000.0,24567000000.0,,2326000000.0,706000000.0,0.0,706000000.0,18172000000.0,4747000000.0,13425000000.0,10162585988.0,323000000.0,-37000000.0,0.0,-40000000.0,-115000000.0,-129000000.0,-341000000.0,0.0,876000000.0,-83000000.0,468000000.0,468000000.0,468000000.0,0.0,-3000000.0,0.071,1246000000.0,593000000.0,2494000000.0,0.244,1.373,7.238,7.132,12075000000.0,0.0,23.25,0.388,0.386,3830000000.0,3188000000.0,6632000000.0,6632000000.0,0.0,,,,,0.0,829000000.0,1.0,437100529.0,435200000.0,435200000.0,15.239,23591000000.0,550000000.0,-84000000.0,2715000000.0,54.207,5188000000.0
40,IP,MRQ,2011-06-30,2011-06-30,2011-06-30,2021-09-07,-1362000000.0,26044000000.0,,9416000000.0,16628000000.0,,17.9,-229000000.0,2399000000.0,2399000000.0,4880000000.0,227000000.0,1.953,2.346,8485000000.0,610000000.0,7875000000.0,8485000000.0,0.0,336000000.0,0.0,0.023,0.263,474000000.0,810000000.0,0.122,810000000.0,474000000.0,337000000.0,0.51,0.51,0.51,7706000000.0,,7706000000.0,19519881763.0,8.0,5.182,419000000.0,0.973,1.0,1768000000.0,0.266,2344000000.0,137000000.0,24965000000.0,,2405000000.0,684000000.0,0.0,684000000.0,18075000000.0,4821000000.0,13254000000.0,13037881763.0,350000000.0,0.0,-1000000.0,37000000.0,-115000000.0,-81000000.0,-245000000.0,0.0,648000000.0,28000000.0,219000000.0,219000000.0,219000000.0,0.0,8000000.0,0.033,1209000000.0,559000000.0,2575000000.0,0.516,1.692,9.781,9.619,12617000000.0,0.0,29.82,0.496,0.488,3961000000.0,2785000000.0,6648000000.0,6648000000.0,0.0,,,,,0.0,845000000.0,1.0,437219419.0,430500000.0,430500000.0,15.443,23700000000.0,334000000.0,118000000.0,2824000000.0,55.052,4595000000.0
41,IP,MRQ,2011-03-31,2011-03-31,2011-03-31,2021-09-07,-1611000000.0,25595000000.0,,8488000000.0,17107000000.0,,16.874,-181000000.0,2049000000.0,2049000000.0,4625000000.0,359000000.0,1.887,2.462,8531000000.0,375000000.0,8156000000.0,8531000000.0,0.0,340000000.0,0.0,0.019,0.188,613000000.0,953000000.0,0.149,953000000.0,613000000.0,477000000.0,0.82,0.81,0.82,7320000000.0,,7320000000.0,19869360167.0,9.0,5.527,333000000.0,0.768,1.0,1762000000.0,0.276,2320000000.0,136000000.0,25260000000.0,,2390000000.0,1095000000.0,0.0,1095000000.0,18020000000.0,4497000000.0,13523000000.0,13271360167.0,-24000000.0,-55000000.0,-29000000.0,-136000000.0,-82000000.0,-280000000.0,-307000000.0,0.0,514000000.0,49000000.0,354000000.0,354000000.0,354000000.0,-49000000.0,5000000.0,0.055,1250000000.0,512000000.0,2541000000.0,0.229,1.813,10.995,10.74,12715000000.0,0.0,30.18,0.515,0.508,3428000000.0,2675000000.0,6387000000.0,6387000000.0,0.0,,,,,0.0,825000000.0,1.0,439740260.0,433800000.0,433800000.0,14.723,23275000000.0,343000000.0,123000000.0,2805000000.0,53.654,3991000000.0
42,IP,MRQ,2010-12-31,2010-12-31,2010-12-31,2021-09-07,-1822000000.0,25368000000.0,,8028000000.0,17340000000.0,,15.622,-318000000.0,2073000000.0,2073000000.0,4770000000.0,366000000.0,1.783,2.675,8671000000.0,313000000.0,8358000000.0,8671000000.0,0.0,360000000.0,0.0,0.015,0.125,563000000.0,923000000.0,0.141,923000000.0,563000000.0,413000000.0,0.85,0.83,0.85,6834000000.0,,6834000000.0,19227310577.0,13.0,6.461,726000000.0,1.66,1.0,1761000000.0,0.27,2308000000.0,150000000.0,25155000000.0,,2347000000.0,1092000000.0,0.0,1092000000.0,18284000000.0,4503000000.0,13781000000.0,11916310577.0,644000000.0,0.0,0.0,-97000000.0,-55000000.0,-170000000.0,-223000000.0,0.0,1044000000.0,-7000000.0,363000000.0,363000000.0,363000000.0,0.0,3000000.0,0.056,1302000000.0,459000000.0,2556000000.0,0.147,1.744,17.245,16.919,12749000000.0,0.0,27.24,0.473,0.473,3039000000.0,2416000000.0,6531000000.0,6531000000.0,0.0,,,,,0.0,865000000.0,1.0,437456223.0,437456223.0,,14.929,23060000000.0,339000000.0,50000000.0,2793000000.0,52.714,3525000000.0
43,IP,MRQ,2010-09-30,2010-09-30,2010-09-30,2021-09-07,-1975000000.0,25089000000.0,,7808000000.0,17281000000.0,,14.726,-184000000.0,1429000000.0,1429000000.0,4758000000.0,399000000.0,1.728,2.888,8740000000.0,312000000.0,8428000000.0,8740000000.0,0.0,362000000.0,0.0,0.014,0.125,719000000.0,1081000000.0,0.161,1081000000.0,719000000.0,567000000.0,0.92,0.91,0.92,6388000000.0,,6388000000.0,16565285716.0,24.0,7.606,-397000000.0,-0.915,1.0,1962000000.0,0.292,2285000000.0,152000000.0,25597000000.0,,2336000000.0,1065000000.0,0.0,1065000000.0,18451000000.0,4518000000.0,13933000000.0,9505285716.0,-442000000.0,3000000.0,0.0,-70000000.0,-54000000.0,-126000000.0,-151000000.0,0.0,-213000000.0,48000000.0,397000000.0,397000000.0,397000000.0,0.0,2000000.0,0.059,1263000000.0,699000000.0,2556000000.0,0.136,1.488,41.874,41.827,12760000000.0,0.0,21.75,0.386,0.383,3310000000.0,2154000000.0,6720000000.0,6720000000.0,0.0,,,,,0.0,843000000.0,1.0,437024711.0,433800000.0,433800000.0,15.491,22804000000.0,330000000.0,170000000.0,2759000000.0,52.568,3290000000.0
44,IP,MRQ,2010-06-30,2010-06-30,2010-06-30,2021-09-07,-2301000000.0,25047000000.0,,7729000000.0,17318000000.0,,13.136,-153000000.0,1871000000.0,1871000000.0,4490000000.0,100000000.0,1.855,3.356,8931000000.0,357000000.0,8574000000.0,8931000000.0,0.0,363000000.0,0.0,0.009,0.125,275000000.0,638000000.0,0.104,638000000.0,275000000.0,118000000.0,0.22,0.21,0.22,5693000000.0,,5693000000.0,17086117183.0,23.0,7.672,488000000.0,1.126,1.0,1631000000.0,0.266,2249000000.0,157000000.0,25692000000.0,,2212000000.0,1101000000.0,0.0,1101000000.0,19106000000.0,4166000000.0,14940000000.0,9880117183.0,122000000.0,-155000000.0,0.0,-69000000.0,-55000000.0,-143000000.0,-309000000.0,0.0,641000000.0,-67000000.0,93000000.0,93000000.0,93000000.0,0.0,7000000.0,0.015,1356000000.0,275000000.0,2307000000.0,0.568,1.735,49.155,48.149,12737000000.0,0.0,22.63,0.415,0.412,3033000000.0,1812000000.0,6121000000.0,6121000000.0,0.0,,,,,0.0,802000000.0,1.0,436593816.0,433400000.0,433400000.0,14.123,22798000000.0,328000000.0,25000000.0,2355000000.0,52.603,3563000000.0
45,IP,MRQ,2010-03-31,2010-03-31,2010-03-31,2021-09-07,-2115000000.0,25142000000.0,,7549000000.0,17593000000.0,,13.57,-120000000.0,1749000000.0,1749000000.0,4464000000.0,-153000000.0,1.849,3.281,8955000000.0,358000000.0,8597000000.0,8955000000.0,0.0,371000000.0,0.0,0.004,0.025,-37000000.0,334000000.0,0.058,334000000.0,-37000000.0,-186000000.0,-0.38,-0.38,-0.38,5819000000.0,,5819000000.0,17874646649.0,16.0,6.841,39000000.0,0.091,1.0,1343000000.0,0.231,2267000000.0,149000000.0,25998000000.0,,2145000000.0,1077000000.0,0.0,1077000000.0,19090000000.0,4083000000.0,15007000000.0,10733646649.0,-143000000.0,0.0,-26000000.0,-109000000.0,-11000000.0,-149000000.0,-151000000.0,0.0,159000000.0,-2000000.0,-162000000.0,-162000000.0,-162000000.0,0.0,9000000.0,-0.028,1369000000.0,-26000000.0,2217000000.0,-0.066,1.845,43.99,43.175,12972000000.0,0.0,24.61,0.457,0.449,2867000000.0,1774000000.0,5807000000.0,5807000000.0,0.0,,,,,0.0,738000000.0,1.0,436149732.0,428800000.0,428800000.0,13.542,22875000000.0,334000000.0,-24000000.0,2392000000.0,53.347,3466000000.0
46,IP,MRQ,2009-12-31,2009-12-31,2009-12-31,2021-09-07,-2077000000.0,25548000000.0,,7551000000.0,17997000000.0,,13.907,-167000000.0,1892000000.0,1892000000.0,3950000000.0,-97000000.0,1.882,3.203,9033000000.0,304000000.0,8729000000.0,9033000000.0,0.0,384000000.0,0.0,0.012,0.025,-259000000.0,125000000.0,0.021,125000000.0,-259000000.0,-422000000.0,-0.24,-0.24,-0.24,6023000000.0,,6023000000.0,19568279593.0,11.0,5.979,918000000.0,2.12,1.0,2027000000.0,0.339,2290000000.0,163000000.0,26387000000.0,,2179000000.0,1077000000.0,0.0,1077000000.0,19293000000.0,4012000000.0,15281000000.0,11598279593.0,240000000.0,0.0,0.0,-643000000.0,-11000000.0,-698000000.0,-150000000.0,0.0,1085000000.0,3000000.0,-101000000.0,-101000000.0,-101000000.0,0.0,4000000.0,-0.017,2281000000.0,-254000000.0,2058000000.0,-0.104,1.926,17.494,17.167,13445000000.0,0.0,26.78,0.496,0.496,2695000000.0,1949000000.0,5977000000.0,5977000000.0,0.0,,,,,0.0,814000000.0,1.0,433094767.0,433094767.0,,13.801,23258000000.0,368000000.0,-321000000.0,2425000000.0,53.702,3539000000.0
47,IP,MRQ,2009-09-30,2009-09-30,2009-09-30,2021-09-07,-2558000000.0,26681000000.0,,7517000000.0,19164000000.0,,13.168,-108000000.0,1652000000.0,1652000000.0,3758000000.0,377000000.0,1.742,3.684,9622000000.0,369000000.0,9253000000.0,9622000000.0,0.0,378000000.0,0.0,0.025,0.025,752000000.0,1130000000.0,0.191,1130000000.0,752000000.0,583000000.0,0.87,0.87,0.87,5645000000.0,,5645000000.0,18883254496.0,55.0,10.415,1273000000.0,2.969,1.0,2161000000.0,0.365,2288000000.0,169000000.0,28047000000.0,,2278000000.0,1102000000.0,0.0,1102000000.0,20797000000.0,4316000000.0,16481000000.0,9620254496.0,-2000000.0,-9000000.0,0.0,-1213000000.0,-11000000.0,-1302000000.0,-117000000.0,0.0,1381000000.0,36000000.0,371000000.0,371000000.0,371000000.0,0.0,6000000.0,0.063,1403000000.0,758000000.0,2066000000.0,0.029,1.704,-9.367,-9.037,14448000000.0,0.0,22.23,0.402,0.398,3080000000.0,2062000000.0,5919000000.0,5919000000.0,0.0,,,,,0.0,826000000.0,1.0,432759889.0,428700000.0,428700000.0,13.807,24393000000.0,207000000.0,212000000.0,2514000000.0,56.9,3201000000.0
48,IP,MRQ,2009-06-30,2009-06-30,2009-06-30,2021-09-07,-2977000000.0,26640000000.0,,7549000000.0,19091000000.0,,11.385,-131000000.0,1654000000.0,1654000000.0,3781000000.0,140000000.0,1.911,4.452,10917000000.0,386000000.0,10531000000.0,10917000000.0,0.0,367000000.0,0.0,0.051,0.025,657000000.0,1024000000.0,0.176,1024000000.0,657000000.0,484000000.0,0.32,0.32,0.32,4843000000.0,,4843000000.0,17079288880.0,8540.0,11.634,1264000000.0,2.971,1.0,2021000000.0,0.348,2240000000.0,173000000.0,29713000000.0,,2209000000.0,1068000000.0,0.0,1068000000.0,21561000000.0,3950000000.0,17611000000.0,6539288880.0,699000000.0,0.0,0.0,-583000000.0,-10000000.0,-617000000.0,-133000000.0,0.0,1395000000.0,54000000.0,136000000.0,136000000.0,136000000.0,0.0,4000000.0,0.023,1280000000.0,741000000.0,1980000000.0,0.078,1.35,-5.236,-5.077,14457000000.0,0.0,15.13,0.263,0.259,3312000000.0,1701000000.0,5802000000.0,5802000000.0,0.0,,,,,0.0,787000000.0,1.0,432206914.0,425400000.0,425400000.0,13.639,24400000000.0,166000000.0,348000000.0,2351000000.0,57.358,3599000000.0
49,IP,MRQ,2009-03-31,2009-03-31,2009-03-31,2021-09-07,-3518000000.0,26219000000.0,,7137000000.0,19082000000.0,,9.794,-128000000.0,955000000.0,955000000.0,3731000000.0,261000000.0,1.64,5.271,11495000000.0,536000000.0,10959000000.0,11495000000.0,0.0,343000000.0,0.0,0.142,0.25,651000000.0,994000000.0,0.175,994000000.0,651000000.0,487000000.0,0.61,0.61,0.61,4144000000.0,,4144000000.0,13941475414.0,-56.0,12.081,666000000.0,1.574,1.0,1937000000.0,0.342,2113000000.0,164000000.0,30295000000.0,,2340000000.0,1167000000.0,0.0,1167000000.0,21843000000.0,4351000000.0,17492000000.0,3011475414.0,-189000000.0,-8000000.0,-10000000.0,-630000000.0,-108000000.0,-759000000.0,-193000000.0,0.0,794000000.0,-31000000.0,257000000.0,257000000.0,257000000.0,0.0,4000000.0,0.045,1255000000.0,682000000.0,1915000000.0,0.41,0.727,-2.601,-2.551,14400000000.0,0.0,7.04,0.121,0.12,3455000000.0,1575000000.0,5668000000.0,5668000000.0,0.0,,,,,0.0,779000000.0,1.0,427766394.0,423100000.0,423100000.0,13.396,24106000000.0,198000000.0,230000000.0,1948000000.0,56.975,2786000000.0
50,IP,MRQ,2008-12-31,2008-12-31,2008-12-31,2021-09-07,-3322000000.0,26913000000.0,,7360000000.0,19553000000.0,,9.751,-270000000.0,1144000000.0,1144000000.0,5022000000.0,-1803000000.0,1.548,5.4,12074000000.0,828000000.0,11246000000.0,12074000000.0,0.0,382000000.0,0.0,0.085,0.25,-1717000000.0,-1335000000.0,-0.204,-1335000000.0,-1717000000.0,-1903000000.0,-4.26,-4.25,-4.26,4169000000.0,,4169000000.0,16305854366.0,-26.0,22.679,443000000.0,1.036,1.0,1524000000.0,0.233,2027000000.0,186000000.0,31061000000.0,,2495000000.0,1274000000.0,0.0,1274000000.0,22512000000.0,4755000000.0,17757000000.0,5044854366.0,373000000.0,0.0,0.0,-47000000.0,-107000000.0,-44000000.0,-225000000.0,0.0,713000000.0,-71000000.0,-1791000000.0,-1791000000.0,-1791000000.0,-5000000.0,-12000000.0,-0.274,3256000000.0,-1732000000.0,2119000000.0,-0.059,1.21,-3.935,-3.869,14796000000.0,0.0,11.8,0.203,0.203,3288000000.0,1430000000.0,6546000000.0,6546000000.0,0.0,,,,,0.0,833000000.0,1.0,427530031.0,427530031.0,,15.311,24886000000.0,261000000.0,-112000000.0,1957000000.0,58.209,2605000000.0
51,IP,MRQ,2008-09-30,2008-09-30,2008-09-30,2021-09-07,-614000000.0,30169000000.0,,7890000000.0,22279000000.0,,20.701,-250000000.0,771000000.0,771000000.0,5154000000.0,152000000.0,1.592,2.442,12032000000.0,800000000.0,11232000000.0,12032000000.0,0.0,374000000.0,0.0,0.038,0.25,411000000.0,785000000.0,0.115,785000000.0,411000000.0,267000000.0,0.35,0.35,0.35,8765000000.0,,8765000000.0,16886358763.0,11.0,5.963,696000000.0,1.644,1.0,1654000000.0,0.243,3877000000.0,144000000.0,32598000000.0,,2766000000.0,1377000000.0,0.0,1377000000.0,21404000000.0,4955000000.0,16449000000.0,11193358763.0,-3208000000.0,-6086000000.0,0.0,2382000000.0,-103000000.0,2230000000.0,-6324000000.0,0.0,946000000.0,-60000000.0,149000000.0,149000000.0,149000000.0,0.0,3000000.0,0.022,1138000000.0,516000000.0,2532000000.0,0.714,1.277,13.389,13.222,15467000000.0,0.0,26.18,0.464,0.459,3864000000.0,4559000000.0,6808000000.0,6808000000.0,0.0,,,,,0.0,883000000.0,1.0,427553778.0,423400000.0,423400000.0,16.079,26292000000.0,217000000.0,118000000.0,3124000000.0,62.097,2935000000.0
52,IP,MRQ,2008-06-30,2008-06-30,2008-06-30,2021-09-07,185000000.0,27973000000.0,,10019000000.0,17954000000.0,,22.487,-267000000.0,3979000000.0,3979000000.0,4305000000.0,234000000.0,2.31,1.944,9672000000.0,757000000.0,8915000000.0,9672000000.0,0.0,305000000.0,0.0,0.043,0.25,405000000.0,710000000.0,0.122,710000000.0,405000000.0,324000000.0,0.54,0.54,0.54,9503000000.0,,9503000000.0,15847666771.0,10.0,5.854,309000000.0,0.731,1.0,1502000000.0,0.259,3722000000.0,81000000.0,25606000000.0,,2219000000.0,1357000000.0,0.0,1357000000.0,18470000000.0,4338000000.0,14132000000.0,9963666771.0,3099000000.0,-21000000.0,0.0,2939000000.0,-106000000.0,2813000000.0,-307000000.0,0.0,576000000.0,17000000.0,227000000.0,227000000.0,227000000.0,1000000.0,7000000.0,0.039,1119000000.0,383000000.0,2261000000.0,0.463,1.048,11.022,10.888,11266000000.0,0.0,23.3,0.436,0.431,3284000000.0,4517000000.0,5807000000.0,5807000000.0,0.0,,,,,0.0,760000000.0,1.0,427625220.0,422600000.0,422600000.0,13.741,24251000000.0,184000000.0,97000000.0,3166000000.0,57.385,5681000000.0
53,IP,MRQ,2008-03-31,2008-03-31,2008-03-31,2021-09-07,-179000000.0,24355000000.0,,6712000000.0,17643000000.0,,21.259,-215000000.0,880000000.0,880000000.0,4261000000.0,138000000.0,1.619,1.706,6764000000.0,727000000.0,6037000000.0,6764000000.0,0.0,286000000.0,0.0,0.037,0.25,273000000.0,559000000.0,0.099,559000000.0,273000000.0,192000000.0,0.32,0.31,0.32,8999000000.0,,8999000000.0,17350091480.0,11.0,6.61,219000000.0,0.517,1.0,1407000000.0,0.248,3658000000.0,81000000.0,22436000000.0,,2147000000.0,1317000000.0,0.0,1317000000.0,15356000000.0,4145000000.0,11211000000.0,11635091480.0,-25000000.0,14000000.0,-46000000.0,18000000.0,-112000000.0,-140000000.0,-341000000.0,0.0,434000000.0,22000000.0,133000000.0,133000000.0,133000000.0,17000000.0,5000000.0,0.023,1129000000.0,278000000.0,2184000000.0,0.781,1.293,13.42,13.333,11068000000.0,0.0,27.2,0.521,0.515,3206000000.0,4396000000.0,5668000000.0,5668000000.0,0.0,,,,,0.0,757000000.0,1.0,427760669.0,423300000.0,423300000.0,13.39,20697000000.0,206000000.0,59000000.0,3117000000.0,48.894,2567000000.0
54,IP,MRQ,2007-12-31,2007-12-31,2007-12-31,2021-09-07,-471000000.0,24159000000.0,,6735000000.0,17424000000.0,,20.255,-484000000.0,905000000.0,905000000.0,4242000000.0,351000000.0,1.753,1.786,6620000000.0,267000000.0,6353000000.0,6620000000.0,0.0,278000000.0,0.0,0.031,0.25,500000000.0,778000000.0,0.133,778000000.0,500000000.0,421000000.0,0.77,0.77,0.77,8672000000.0,,8672000000.0,18938098230.0,10.0,6.385,52000000.0,0.121,1.0,1599000000.0,0.274,3650000000.0,79000000.0,22382000000.0,,2071000000.0,1276000000.0,0.0,1276000000.0,15487000000.0,3842000000.0,11645000000.0,13863098230.0,-797000000.0,-590000000.0,-94000000.0,-204000000.0,-106000000.0,-404000000.0,-943000000.0,0.0,536000000.0,14000000.0,327000000.0,327000000.0,327000000.0,11000000.0,24000000.0,0.056,1094000000.0,505000000.0,2145000000.0,0.325,1.599,11.869,11.904,10911000000.0,0.0,32.38,0.633,0.633,3152000000.0,4375000000.0,5841000000.0,5841000000.0,0.0,,,,,0.0,769000000.0,1.0,428137645.0,428137645.0,,13.643,20509000000.0,213000000.0,94000000.0,2919000000.0,47.903,2893000000.0
55,IP,MRQ,2007-09-30,2007-09-30,2007-09-30,2021-09-07,-1030000000.0,23715000000.0,,7505000000.0,16210000000.0,,18.694,-327000000.0,1702000000.0,1702000000.0,4086000000.0,217000000.0,1.863,1.981,6777000000.0,586000000.0,6191000000.0,6777000000.0,0.0,277000000.0,0.0,0.028,0.25,383000000.0,660000000.0,0.119,660000000.0,383000000.0,306000000.0,0.51,0.51,0.51,7956000000.0,,7956000000.0,20473917060.0,4.0,3.308,389000000.0,0.914,1.0,1455000000.0,0.263,3652000000.0,77000000.0,21109000000.0,,2030000000.0,608000000.0,0.0,608000000.0,15759000000.0,4029000000.0,11730000000.0,15410917060.0,21000000.0,-222000000.0,0.0,-52000000.0,-107000000.0,-159000000.0,-581000000.0,0.0,716000000.0,45000000.0,217000000.0,217000000.0,217000000.0,3000000.0,0.0,0.039,1062000000.0,393000000.0,2070000000.0,0.49,1.937,5.465,5.929,10577000000.0,0.0,35.87,0.721,0.714,3080000000.0,4154000000.0,5541000000.0,5541000000.0,0.0,,,,,0.0,710000000.0,1.0,429632516.0,425600000.0,425600000.0,13.019,20063000000.0,516000000.0,89000000.0,2751000000.0,47.141,3476000000.0
56,IP,MRQ,2007-06-30,2007-06-30,2007-06-30,2021-09-07,-1241000000.0,23152000000.0,,7424000000.0,15728000000.0,,17.635,-299000000.0,1681000000.0,1681000000.0,3881000000.0,190000000.0,1.909,2.045,6744000000.0,525000000.0,6219000000.0,6744000000.0,0.0,269000000.0,0.0,0.026,0.25,359000000.0,628000000.0,0.119,628000000.0,359000000.0,279000000.0,0.44,0.44,0.44,7604000000.0,,7604000000.0,21518945687.0,4.0,3.368,84000000.0,0.195,1.0,1410000000.0,0.266,3526000000.0,80000000.0,20800000000.0,,2013000000.0,616000000.0,0.0,616000000.0,15548000000.0,3889000000.0,11659000000.0,17008945687.0,-709000000.0,37000000.0,-634000000.0,-122000000.0,-109000000.0,-862000000.0,-248000000.0,0.0,383000000.0,18000000.0,190000000.0,190000000.0,190000000.0,10000000.0,0.0,0.036,1037000000.0,373000000.0,1990000000.0,0.568,2.237,6.017,6.498,10403000000.0,0.0,39.05,0.8,0.792,3000000000.0,4044000000.0,5291000000.0,5291000000.0,0.0,,,,,0.0,695000000.0,1.0,435568358.0,431200000.0,431200000.0,12.27,19626000000.0,508000000.0,89000000.0,2805000000.0,45.515,3535000000.0
57,IP,MRQ,2007-03-31,2007-03-31,2007-03-31,2021-09-07,-1452000000.0,23866000000.0,,8077000000.0,15789000000.0,,17.674,-178000000.0,2390000000.0,2390000000.0,3851000000.0,434000000.0,2.067,2.011,6900000000.0,542000000.0,6358000000.0,6900000000.0,0.0,262000000.0,0.0,0.027,0.25,638000000.0,900000000.0,0.173,900000000.0,638000000.0,577000000.0,0.98,0.97,0.98,7925000000.0,,7925000000.0,22073193498.0,4.0,3.5,74000000.0,0.165,1.0,1366000000.0,0.262,3251000000.0,61000000.0,21218000000.0,,2009000000.0,631000000.0,0.0,631000000.0,15941000000.0,3907000000.0,12034000000.0,16474193498.0,766000000.0,1633000000.0,-368000000.0,-342000000.0,-114000000.0,-827000000.0,1326000000.0,0.0,252000000.0,15000000.0,434000000.0,434000000.0,434000000.0,23000000.0,0.0,0.083,1013000000.0,353000000.0,1911000000.0,0.255,2.079,6.057,6.341,10629000000.0,0.0,36.4,0.76,0.753,2924000000.0,3963000000.0,5217000000.0,5217000000.0,0.0,,,,,0.0,691000000.0,1.0,452587634.0,448400000.0,448400000.0,11.635,20615000000.0,491000000.0,143000000.0,3277000000.0,45.975,4170000000.0
58,IP,MRQ,2006-12-31,2006-12-31,2006-12-31,2021-09-07,-1564000000.0,24034000000.0,,8637000000.0,15397000000.0,,17.502,1390000000.0,1624000000.0,1624000000.0,3903000000.0,1979000000.0,1.861,2.018,7223000000.0,692000000.0,6531000000.0,7223000000.0,0.0,275000000.0,0.0,0.029,0.25,3727000000.0,4002000000.0,0.752,4002000000.0,3727000000.0,3647000000.0,4.12,4.09,4.12,7963000000.0,,7963000000.0,25228458370.0,7.0,5.463,975000000.0,2.143,1.0,1421000000.0,0.267,2929000000.0,80000000.0,22063000000.0,,1909000000.0,641000000.0,0.0,641000000.0,16071000000.0,4641000000.0,11430000000.0,15514458370.0,888000000.0,-433000000.0,-42000000.0,1640000000.0,-113000000.0,1355000000.0,-67000000.0,0.0,-415000000.0,15000000.0,1979000000.0,1979000000.0,1979000000.0,68000000.0,0.0,0.372,-2527000000.0,3948000000.0,1907000000.0,0.061,1.948,14.776,15.43,9252000000.0,0.0,34.1,0.705,0.705,2704000000.0,3737000000.0,5324000000.0,5324000000.0,0.0,,,,,0.0,701000000.0,1.0,454969467.0,454969467.0,,11.702,21105000000.0,490000000.0,1668000000.0,2233000000.0,46.388,3996000000.0
59,IP,MRQ,2006-09-30,2006-09-30,2006-09-30,2021-09-07,-1817000000.0,24689000000.0,,6784000000.0,17905000000.0,,12.114,-294000000.0,736000000.0,736000000.0,3906000000.0,224000000.0,1.347,3.203,10450000000.0,1399000000.0,9051000000.0,10450000000.0,0.0,287000000.0,0.0,0.029,0.25,572000000.0,859000000.0,0.158,859000000.0,572000000.0,428000000.0,0.47,0.46,0.47,5874000000.0,,5874000000.0,27614346585.0,-71.0,36.239,472000000.0,0.973,1.0,1523000000.0,0.281,3661000000.0,144000000.0,25707000000.0,,2306000000.0,648000000.0,0.0,648000000.0,18815000000.0,5035000000.0,13780000000.0,17076346585.0,462000000.0,2163000000.0,-1380000000.0,-469000000.0,-125000000.0,-1969000000.0,1668000000.0,0.0,766000000.0,-3000000.0,224000000.0,224000000.0,224000000.0,161000000.0,0.0,0.041,859000000.0,664000000.0,2000000000.0,0.532,2.907,-16.974,-16.811,10349000000.0,0.0,34.63,0.824,0.81,3048000000.0,1879000000.0,5429000000.0,5429000000.0,0.0,,,,,0.0,732000000.0,1.0,493108492.0,484900000.0,484900000.0,11.196,21028000000.0,288000000.0,204000000.0,754000000.0,43.366,1749000000.0
60,IP,MRQ,2006-06-30,2006-06-30,2006-06-30,2021-09-07,-1837000000.0,26154000000.0,,7721000000.0,18433000000.0,,14.575,-302000000.0,274000000.0,274000000.0,4271000000.0,83000000.0,1.382,2.683,10812000000.0,1774000000.0,9038000000.0,10812000000.0,0.0,282000000.0,0.0,0.031,0.25,264000000.0,546000000.0,0.096,546000000.0,264000000.0,116000000.0,0.17,0.17,0.17,7101000000.0,,7101000000.0,26669119616.0,-137.0,26.616,324000000.0,0.665,1.0,1445000000.0,0.253,3862000000.0,148000000.0,27245000000.0,,2334000000.0,618000000.0,0.0,618000000.0,19053000000.0,5585000000.0,13468000000.0,15922119616.0,-435000000.0,0.0,14000000.0,-698000000.0,-124000000.0,-799000000.0,-268000000.0,0.0,626000000.0,6000000.0,83000000.0,83000000.0,83000000.0,-21000000.0,0.0,0.015,1061000000.0,384000000.0,1998000000.0,1.471,2.242,-76.918,-75.116,10732000000.0,0.0,32.3,0.75,0.742,2987000000.0,1803000000.0,5716000000.0,5716000000.0,0.0,,,,,0.0,733000000.0,1.0,492944895.0,487200000.0,487200000.0,11.732,22292000000.0,307000000.0,33000000.0,377000000.0,45.755,2136000000.0
61,IP,MRQ,2006-03-31,2006-03-31,2006-03-31,2021-09-07,-1855000000.0,26636000000.0,,8096000000.0,18540000000.0,,14.493,-168000000.0,709000000.0,709000000.0,4168000000.0,-1236000000.0,1.689,2.779,11456000000.0,894000000.0,10562000000.0,11456000000.0,0.0,314000000.0,0.0,0.029,0.25,-1103000000.0,-789000000.0,-0.143,-789000000.0,-1103000000.0,-1252000000.0,-2.54,-2.54,-2.54,7048000000.0,,7048000000.0,27592040928.0,-452.0,22.785,78000000.0,0.16,1.0,1358000000.0,0.246,3840000000.0,149000000.0,28751000000.0,,2315000000.0,620000000.0,0.0,620000000.0,19588000000.0,4792000000.0,14796000000.0,17029040928.0,-932000000.0,0.0,7000000.0,-781000000.0,-123000000.0,-891000000.0,-299000000.0,0.0,246000000.0,12000000.0,-1236000000.0,-1236000000.0,-1236000000.0,24000000.0,0.0,-0.224,1149000000.0,209000000.0,1951000000.0,-0.098,2.416,-79.949,-78.568,12464000000.0,0.0,34.57,0.797,0.787,2923000000.0,1812000000.0,5526000000.0,5526000000.0,0.0,,,,,0.0,757000000.0,1.0,492595905.0,486300000.0,486300000.0,11.363,22796000000.0,282000000.0,-16000000.0,252000000.0,46.876,3304000000.0
62,IP,MRQ,2005-12-31,2005-12-31,2005-12-31,2021-09-07,-1935000000.0,28771000000.0,,11759000000.0,17012000000.0,,17.026,-236000000.0,1641000000.0,1641000000.0,3172000000.0,-77000000.0,2.373,2.445,12197000000.0,1178000000.0,11019000000.0,12197000000.0,0.0,269000000.0,0.0,0.03,0.25,-123000000.0,146000000.0,0.036,146000000.0,-123000000.0,-274000000.0,-0.16,-0.15,-0.16,8351000000.0,,8351000000.0,26961659464.0,21.0,10.524,318000000.0,0.648,1.0,878000000.0,0.217,3621000000.0,151000000.0,30751000000.0,,1932000000.0,616000000.0,0.0,616000000.0,20420000000.0,4955000000.0,15465000000.0,16485659464.0,549000000.0,-180000000.0,3000000.0,598000000.0,-122000000.0,482000000.0,-482000000.0,0.0,554000000.0,-5000000.0,-77000000.0,-77000000.0,-77000000.0,-158000000.0,0.0,-0.019,1112000000.0,-234000000.0,1771000000.0,-1.562,1.974,14.987,14.872,11200000000.0,0.0,33.61,0.76,0.76,2416000000.0,3172000000.0,4050000000.0,4050000000.0,0.0,,,,,0.0,625000000.0,1.0,490498543.0,490498543.0,,8.257,25150000000.0,278000000.0,-197000000.0,684000000.0,51.274,6804000000.0
63,IP,MRQ,2005-09-30,2005-09-30,2005-09-30,2021-09-07,-1595000000.0,28451000000.0,,7063000000.0,21388000000.0,,17.486,-269000000.0,1092000000.0,1092000000.0,4444000000.0,1023000000.0,1.619,2.209,11568000000.0,796000000.0,10772000000.0,11568000000.0,0.0,332000000.0,0.0,0.034,0.25,767000000.0,1099000000.0,0.185,1099000000.0,767000000.0,646000000.0,2.1,2.03,2.1,8867000000.0,,8867000000.0,26748857072.0,16.0,9.157,108000000.0,0.213,1.0,1481000000.0,0.25,5043000000.0,121000000.0,29521000000.0,,2427000000.0,597000000.0,0.0,597000000.0,19584000000.0,4363000000.0,15221000000.0,14616857072.0,-159000000.0,1121000000.0,1000000.0,-1250000000.0,-122000000.0,-1414000000.0,869000000.0,0.0,377000000.0,9000000.0,1023000000.0,1023000000.0,1023000000.0,-290000000.0,0.0,0.173,996000000.0,485000000.0,2038000000.0,0.119,1.648,10.859,10.758,14057000000.0,0.0,29.8,0.704,0.728,2918000000.0,3371000000.0,5925000000.0,5925000000.0,0.0,,,,,0.0,720000000.0,1.0,490498543.0,507100000.0,507100000.0,11.684,23408000000.0,389000000.0,-377000000.0,1287000000.0,46.161,2700000000.0
64,IP,MRQ,2005-06-30,2005-06-30,2005-06-30,2021-09-07,-1452000000.0,32546000000.0,,8031000000.0,24515000000.0,,16.611,-310000000.0,1251000000.0,1251000000.0,4359000000.0,77000000.0,1.745,3.02,13383000000.0,571000000.0,12812000000.0,13383000000.0,0.0,357000000.0,0.0,0.033,0.25,398000000.0,755000000.0,0.129,755000000.0,398000000.0,243000000.0,0.16,0.16,0.16,8096000000.0,,8096000000.0,27156690498.0,38.0,14.331,114000000.0,0.234,1.0,1501000000.0,0.256,5012000000.0,155000000.0,35065000000.0,,2830000000.0,644000000.0,0.0,644000000.0,24450000000.0,4601000000.0,19849000000.0,14817690498.0,-278000000.0,280000000.0,3000000.0,-464000000.0,-123000000.0,-503000000.0,-105000000.0,0.0,424000000.0,-94000000.0,77000000.0,77000000.0,77000000.0,14000000.0,0.0,0.013,1105000000.0,396000000.0,2197000000.0,1.562,1.83,-100.801,-100.7,17077000000.0,0.0,30.21,0.711,0.706,3195000000.0,2470000000.0,5860000000.0,5860000000.0,0.0,,,,,0.0,721000000.0,1.0,490489557.0,487400000.0,487400000.0,12.023,27534000000.0,422000000.0,166000000.0,1769000000.0,56.492,3430000000.0
65,IP,MRQ,2005-03-31,2005-03-31,2005-03-31,2021-09-07,-1333000000.0,33303000000.0,,8689000000.0,24614000000.0,,16.875,-177000000.0,1529000000.0,1529000000.0,4107000000.0,77000000.0,1.919,3.037,13868000000.0,342000000.0,13526000000.0,13868000000.0,0.0,316000000.0,0.0,0.027,0.25,247000000.0,563000000.0,0.101,563000000.0,247000000.0,79000000.0,0.16,0.16,0.16,8250000000.0,,8250000000.0,30081093932.0,43.0,15.774,-22000000.0,-0.045,1.0,1486000000.0,0.266,4998000000.0,168000000.0,36115000000.0,,2830000000.0,655000000.0,0.0,655000000.0,25053000000.0,4529000000.0,20524000000.0,18039093932.0,-1067000000.0,0.0,16000000.0,-581000000.0,-123000000.0,-942000000.0,-275000000.0,0.0,155000000.0,-5000000.0,77000000.0,77000000.0,77000000.0,21000000.0,0.0,0.014,1137000000.0,349000000.0,2174000000.0,1.562,2.187,-581.906,-613.167,17193000000.0,0.0,36.79,0.85,0.848,3180000000.0,2516000000.0,5593000000.0,5593000000.0,0.0,,,,,0.0,739000000.0,1.0,490325984.0,488900000.0,488900000.0,11.44,28305000000.0,471000000.0,2000000.0,1704000000.0,57.895,4160000000.0
66,IP,MRQ,2004-12-31,2004-12-31,2004-12-31,2021-09-07,-1357000000.0,34217000000.0,,12586000000.0,21631000000.0,,16.963,-182000000.0,2180000000.0,2180000000.0,2393000000.0,169000000.0,1.716,3.146,13854000000.0,222000000.0,13632000000.0,13854000000.0,0.0,259000000.0,0.0,0.024,0.25,245000000.0,504000000.0,0.149,504000000.0,245000000.0,74000000.0,0.35,0.35,0.35,8254000000.0,,8254000000.0,33657675980.0,43.0,16.394,1269000000.0,2.608,1.0,986000000.0,0.292,4994000000.0,171000000.0,33563000000.0,,2371000000.0,655000000.0,0.0,655000000.0,25963000000.0,7334000000.0,18629000000.0,20436675980.0,1039000000.0,629000000.0,32000000.0,-736000000.0,-121000000.0,-826000000.0,252000000.0,0.0,1451000000.0,162000000.0,169000000.0,169000000.0,169000000.0,-231000000.0,0.0,0.05,890000000.0,96000000.0,2026000000.0,0.714,2.476,-583.905,-600.0,14373000000.0,0.0,42.0,0.986,0.986,2743000000.0,2562000000.0,3379000000.0,3379000000.0,0.0,,,,,0.0,615000000.0,1.0,486587477.0,486587477.0,,6.944,29223000000.0,410000000.0,-95000000.0,1118000000.0,60.057,5252000000.0
67,IP,MRQ,2004-09-30,2004-09-30,2004-09-30,2021-09-07,-1648000000.0,34643000000.0,,9991000000.0,24652000000.0,,15.428,-185000000.0,1828000000.0,1828000000.0,4412000000.0,-470000000.0,1.678,3.411,15049000000.0,615000000.0,14434000000.0,15049000000.0,0.0,250000000.0,0.0,0.025,0.25,-177000000.0,73000000.0,0.012,73000000.0,-177000000.0,-357000000.0,-0.97,-0.91,-0.97,7853000000.0,,7853000000.0,32347203636.0,47.0,17.088,57000000.0,0.112,1.0,1604000000.0,0.267,5030000000.0,180000000.0,36881000000.0,,2687000000.0,671000000.0,0.0,671000000.0,26790000000.0,5953000000.0,20837000000.0,19650203636.0,-305000000.0,-742000000.0,22000000.0,90000000.0,-122000000.0,-240000000.0,-349000000.0,0.0,242000000.0,42000000.0,-470000000.0,-470000000.0,-470000000.0,685000000.0,0.0,-0.078,1053000000.0,551000000.0,2208000000.0,-0.258,2.502,-125.963,-126.281,17088000000.0,0.0,40.41,0.866,0.906,3239000000.0,2514000000.0,6016000000.0,6016000000.0,0.0,,,,,0.0,731000000.0,1.0,486270803.0,509000000.0,509000000.0,11.819,29613000000.0,0.0,113000000.0,1251000000.0,58.179,4038000000.0
68,IP,MRQ,2004-06-30,2004-06-30,2004-06-30,2021-09-07,-1812000000.0,34144000000.0,,8572000000.0,25572000000.0,,16.934,-328000000.0,1862000000.0,1862000000.0,4630000000.0,193000000.0,1.592,3.13,14559000000.0,848000000.0,13711000000.0,14559000000.0,0.0,375000000.0,0.0,0.022,0.25,392000000.0,767000000.0,0.123,767000000.0,392000000.0,208000000.0,0.4,0.4,0.4,8267000000.0,,8267000000.0,35040098491.0,31.0,14.432,143000000.0,0.293,1.0,1599000000.0,0.257,5335000000.0,184000000.0,36120000000.0,,2739000000.0,731000000.0,0.0,731000000.0,25877000000.0,5386000000.0,20491000000.0,21701098491.0,-362000000.0,622000000.0,17000000.0,-1024000000.0,-121000000.0,-1161000000.0,301000000.0,0.0,471000000.0,27000000.0,193000000.0,193000000.0,193000000.0,-131000000.0,0.0,0.031,1269000000.0,330000000.0,2304000000.0,0.625,2.625,49.773,49.667,17709000000.0,0.0,44.7,0.954,0.96,3056000000.0,3106000000.0,6229000000.0,6229000000.0,0.0,,,,,0.0,732000000.0,1.0,485483166.0,488200000.0,488200000.0,12.759,28809000000.0,0.0,15000000.0,1444000000.0,59.011,3186000000.0
69,IP,MRQ,2004-03-31,2004-03-31,2004-03-31,2021-09-07,-1722000000.0,35243000000.0,,9415000000.0,25828000000.0,,17.025,-230000000.0,2224000000.0,2224000000.0,4620000000.0,73000000.0,1.444,3.273,15563000000.0,1757000000.0,13806000000.0,15563000000.0,0.0,378000000.0,0.0,0.024,0.25,300000000.0,678000000.0,0.11,678000000.0,300000000.0,104000000.0,0.15,0.15,0.15,8247000000.0,,8247000000.0,33698987266.0,34.0,14.588,-6000000.0,-0.012,1.0,1518000000.0,0.247,5340000000.0,196000000.0,36724000000.0,,2813000000.0,733000000.0,0.0,733000000.0,26996000000.0,6518000000.0,20478000000.0,20524987266.0,-139000000.0,-22000000.0,93000000.0,-156000000.0,-121000000.0,-208000000.0,-149000000.0,0.0,224000000.0,-6000000.0,73000000.0,73000000.0,73000000.0,-22000000.0,0.0,0.012,1235000000.0,283000000.0,2284000000.0,1.667,2.489,62.009,61.246,17866000000.0,0.0,42.26,0.906,0.903,2996000000.0,3034000000.0,6138000000.0,6138000000.0,0.0,,,,,0.0,772000000.0,1.0,485683526.0,484400000.0,484400000.0,12.671,29903000000.0,0.0,31000000.0,1425000000.0,61.732,2897000000.0
70,IP,MRQ,2003-12-31,2003-12-31,2003-12-31,2021-09-07,-1690000000.0,35525000000.0,,11096000000.0,24429000000.0,,17.144,-290000000.0,2363000000.0,2363000000.0,3206000000.0,48000000.0,1.526,3.313,15537000000.0,2087000000.0,13450000000.0,15537000000.0,0.0,199000000.0,0.0,0.023,0.25,176000000.0,375000000.0,0.087,375000000.0,176000000.0,56000000.0,0.1,0.13,0.1,8237000000.0,,8237000000.0,34293939175.0,36.0,14.923,230000000.0,0.479,1.0,1111000000.0,0.257,4793000000.0,120000000.0,36636000000.0,,2767000000.0,678000000.0,0.0,678000000.0,27288000000.0,7270000000.0,20018000000.0,20712939175.0,799000000.0,-20000000.0,56000000.0,857000000.0,-122000000.0,705000000.0,-483000000.0,0.0,520000000.0,57000000.0,48000000.0,48000000.0,48000000.0,-52000000.0,0.0,0.011,968000000.0,143000000.0,2188000000.0,2.5,2.515,68.586,68.429,17239000000.0,0.0,43.11,0.936,0.936,2765000000.0,3082000000.0,4317000000.0,4317000000.0,0.0,,,,,0.0,654000000.0,1.0,480467169.0,480467169.0,,8.985,30732000000.0,581000000.0,8000000.0,1387000000.0,63.963,3826000000.0
71,IP,MRQ,2003-09-30,2003-09-30,2003-09-30,2021-09-07,-2165000000.0,34638000000.0,,8513000000.0,26125000000.0,,16.246,-276000000.0,1564000000.0,1564000000.0,4517000000.0,122000000.0,1.652,3.444,15145000000.0,637000000.0,14508000000.0,15145000000.0,0.0,348000000.0,0.0,0.026,0.25,260000000.0,608000000.0,0.1,608000000.0,260000000.0,56000000.0,0.25,0.25,0.25,7795000000.0,,7795000000.0,32530032584.0,51.0,15.542,333000000.0,0.694,1.0,1536000000.0,0.254,5332000000.0,204000000.0,37734000000.0,,2942000000.0,287000000.0,0.0,287000000.0,26843000000.0,5153000000.0,21690000000.0,18711032584.0,134000000.0,0.0,36000000.0,18000000.0,-119000000.0,-79000000.0,-369000000.0,0.0,609000000.0,-27000000.0,122000000.0,122000000.0,122000000.0,-9000000.0,0.0,0.02,1266000000.0,270000000.0,2185000000.0,1.0,2.4,150.895,150.077,17961000000.0,0.0,39.02,0.8,0.8,2948000000.0,3156000000.0,6053000000.0,6053000000.0,0.0,,,,,0.0,733000000.0,1.0,479524181.0,479800000.0,479800000.0,12.616,29306000000.0,0.0,-66000000.0,1663000000.0,61.08,3360000000.0
72,IP,MRQ,2003-06-30,2003-06-30,2003-06-30,2021-09-07,-2053000000.0,35076000000.0,,8569000000.0,26507000000.0,,16.403,-254000000.0,1430000000.0,1430000000.0,4585000000.0,88000000.0,1.678,3.464,15249000000.0,498000000.0,14751000000.0,15249000000.0,0.0,407000000.0,0.0,0.028,0.25,242000000.0,649000000.0,0.105,649000000.0,242000000.0,48000000.0,0.19,0.19,0.19,7857000000.0,,7857000000.0,31079368503.0,39.0,13.466,312000000.0,0.651,1.0,1573000000.0,0.255,5336000000.0,194000000.0,38451000000.0,,3012000000.0,241000000.0,0.0,241000000.0,27219000000.0,5108000000.0,22111000000.0,17112368503.0,-788000000.0,9000000.0,8000000.0,-508000000.0,-119000000.0,-1209000000.0,-241000000.0,0.0,566000000.0,96000000.0,88000000.0,88000000.0,88000000.0,-3000000.0,0.0,0.014,1289000000.0,284000000.0,2151000000.0,1.316,2.178,116.411,115.258,18215000000.0,0.0,35.73,0.722,0.722,2995000000.0,3153000000.0,6158000000.0,6158000000.0,0.0,,,,,0.0,745000000.0,1.0,478935506.0,479000000.0,479000000.0,12.856,29740000000.0,0.0,-40000000.0,1781000000.0,62.088,3461000000.0
73,IP,MRQ,2003-03-31,2003-03-31,2003-03-31,2021-09-07,-2442000000.0,35342000000.0,,9199000000.0,26143000000.0,,15.62,-173000000.0,2218000000.0,2218000000.0,4433000000.0,44000000.0,1.974,3.724,16185000000.0,270000000.0,15915000000.0,16185000000.0,0.0,393000000.0,0.0,0.03,0.25,265000000.0,658000000.0,0.11,658000000.0,265000000.0,81000000.0,0.09,0.09,0.09,7482000000.0,,7482000000.0,28151716805.0,29.0,11.407,-46000000.0,-0.096,1.0,1546000000.0,0.259,5328000000.0,184000000.0,39322000000.0,,2993000000.0,234000000.0,0.0,234000000.0,27860000000.0,4659000000.0,23201000000.0,16183716805.0,1144000000.0,44000000.0,-20000000.0,1212000000.0,-120000000.0,1174000000.0,-174000000.0,0.0,127000000.0,17000000.0,44000000.0,44000000.0,44000000.0,-3000000.0,0.0,0.007,1237000000.0,309000000.0,2061000000.0,2.778,2.163,59.065,59.298,18034000000.0,0.0,33.8,0.679,0.679,2959000000.0,3184000000.0,5979000000.0,5979000000.0,0.0,,,,,0.0,757000000.0,1.0,478808232.0,479000000.0,479000000.0,12.482,30014000000.0,0.0,37000000.0,1812000000.0,62.66,4540000000.0
74,IP,MRQ,2002-12-31,2002-12-31,2002-12-31,2021-09-07,-2645000000.0,33792000000.0,,7738000000.0,26054000000.0,,15.373,-323000000.0,1074000000.0,1074000000.0,3804000000.0,-130000000.0,1.69,3.583,13042000000.0,0.0,13042000000.0,13042000000.0,0.0,303000000.0,0.0,0.029,0.25,-125000000.0,178000000.0,0.034,178000000.0,-125000000.0,-320000000.0,-0.27,2.17,-0.27,7374000000.0,,7374000000.0,30243370738.0,-181.0,22.739,343000000.0,0.715,1.0,1409000000.0,0.27,5307000000.0,195000000.0,35874000000.0,,2879000000.0,227000000.0,0.0,227000000.0,26418000000.0,4579000000.0,21839000000.0,16774370738.0,80000000.0,-97000000.0,-35000000.0,-62000000.0,-120000000.0,-305000000.0,-318000000.0,0.0,666000000.0,37000000.0,-130000000.0,-130000000.0,-130000000.0,-35000000.0,0.0,-0.025,1561000000.0,-152000000.0,2014000000.0,-0.926,2.275,-19.062,-19.109,18013000000.0,0.0,34.97,0.702,0.702,2780000000.0,3260000000.0,5213000000.0,5213000000.0,0.0,,,,,0.0,678000000.0,1.0,479678875.0,479678875.0,,10.868,28485000000.0,0.0,-190000000.0,1765000000.0,59.383,3159000000.0
75,IP,MRQ,2002-09-30,2002-09-30,2002-09-30,2021-09-07,-1307000000.0,36275000000.0,,8015000000.0,28260000000.0,,21.116,-231000000.0,994000000.0,994000000.0,4611000000.0,145000000.0,1.561,2.571,14463000000.0,732000000.0,13731000000.0,14463000000.0,0.0,407000000.0,0.0,0.03,0.25,416000000.0,823000000.0,0.13,823000000.0,416000000.0,230000000.0,0.3,0.3,0.3,10159000000.0,,10159000000.0,29714610116.0,-60.0,25.66,489000000.0,1.016,1.0,1732000000.0,0.273,6584000000.0,186000000.0,38027000000.0,,2846000000.0,204000000.0,0.0,204000000.0,26116000000.0,5133000000.0,20983000000.0,16086610116.0,156000000.0,203000000.0,-82000000.0,-200000000.0,-121000000.0,-410000000.0,-103000000.0,0.0,720000000.0,-51000000.0,145000000.0,145000000.0,145000000.0,0.0,0.0,0.023,1281000000.0,451000000.0,2023000000.0,0.833,1.583,-12.168,-12.142,17812000000.0,0.0,33.39,0.645,0.644,2882000000.0,4685000000.0,6343000000.0,6343000000.0,0.0,,,,,0.0,790000000.0,1.0,481779322.0,481100000.0,481100000.0,13.184,29691000000.0,0.0,85000000.0,3937000000.0,61.715,2882000000.0
76,IP,MRQ,2002-06-30,2002-06-30,2002-06-30,2021-09-07,-1069000000.0,36787000000.0,,8129000000.0,28658000000.0,,21.649,-242000000.0,838000000.0,838000000.0,4588000000.0,215000000.0,1.835,2.52,14466000000.0,0.0,14466000000.0,14466000000.0,0.0,405000000.0,0.0,0.023,0.25,404000000.0,809000000.0,0.128,809000000.0,404000000.0,205000000.0,0.45,0.45,0.45,10450000000.0,,10450000000.0,35012949245.0,-35.0,48.36,244000000.0,0.505,1.0,1717000000.0,0.272,6593000000.0,199000000.0,39391000000.0,,2885000000.0,218000000.0,0.0,218000000.0,26337000000.0,4431000000.0,21906000000.0,21044949245.0,-129000000.0,313000000.0,-23000000.0,-558000000.0,-120000000.0,-702000000.0,108000000.0,0.0,486000000.0,-21000000.0,215000000.0,215000000.0,215000000.0,0.0,0.0,0.034,1310000000.0,407000000.0,2034000000.0,0.556,2.014,-12.081,-12.039,18127000000.0,0.0,43.58,0.838,0.837,2993000000.0,4661000000.0,6305000000.0,6305000000.0,0.0,,,,,0.0,761000000.0,1.0,482903749.0,482700000.0,482700000.0,13.062,30194000000.0,0.0,-10000000.0,3992000000.0,62.552,3698000000.0
77,IP,MRQ,2002-03-31,2002-03-31,2002-03-31,2021-09-07,-1091000000.0,36876000000.0,,8521000000.0,28355000000.0,,21.476,-140000000.0,967000000.0,967000000.0,4465000000.0,-1110000000.0,1.712,2.56,14935000000.0,709000000.0,14226000000.0,14935000000.0,0.0,382000000.0,0.0,0.023,0.25,-862000000.0,-480000000.0,-0.079,-480000000.0,-862000000.0,-1067000000.0,-2.31,-2.31,-2.31,10358000000.0,,10358000000.0,32951650141.0,-20.0,238.78,82000000.0,0.17,1.0,1573000000.0,0.261,6560000000.0,205000000.0,39306000000.0,,2740000000.0,240000000.0,0.0,240000000.0,26518000000.0,4978000000.0,21540000000.0,20761650141.0,-257000000.0,15000000.0,24000000.0,-219000000.0,-121000000.0,-315000000.0,-167000000.0,0.0,222000000.0,3000000.0,-1110000000.0,-1110000000.0,-1110000000.0,0.0,0.0,-0.184,1239000000.0,334000000.0,1808000000.0,-0.108,2.004,-9.146,-9.112,18144000000.0,0.0,43.01,0.814,0.813,2829000000.0,4566000000.0,6038000000.0,6038000000.0,0.0,,,,,0.0,786000000.0,1.0,482716847.0,482300000.0,482300000.0,12.519,30316000000.0,0.0,43000000.0,3990000000.0,62.857,3543000000.0
78,IP,MRQ,2001-12-31,2001-12-31,2001-12-31,2021-09-07,-1175000000.0,37177000000.0,,8155000000.0,29022000000.0,,21.352,-357000000.0,1224000000.0,1224000000.0,4568000000.0,-572000000.0,1.527,2.613,13414000000.0,957000000.0,12457000000.0,13414000000.0,0.0,463000000.0,0.0,0.025,0.25,-457000000.0,6000000.0,0.001,6000000.0,-457000000.0,-668000000.0,-1.19,-1.19,-1.19,10291000000.0,,10291000000.0,33800092086.0,-62.0,25.51,331000000.0,0.687,1.0,1686000000.0,0.27,6543000000.0,211000000.0,37483000000.0,,2877000000.0,239000000.0,0.0,239000000.0,26886000000.0,5341000000.0,21545000000.0,19447092086.0,-795000000.0,-4000000.0,-15000000.0,-1131000000.0,-121000000.0,-1340000000.0,-169000000.0,0.0,688000000.0,26000000.0,-572000000.0,-572000000.0,-572000000.0,0.0,0.0,-0.091,1517000000.0,169000000.0,1793000000.0,-0.21,1.89,-16.152,-16.14,18813000000.0,0.0,40.35,0.738,0.738,2778000000.0,4622000000.0,6254000000.0,6254000000.0,0.0,,,,,0.0,848000000.0,1.0,481960115.0,481960115.0,,12.976,30634000000.0,0.0,-96000000.0,3339000000.0,63.561,2814000000.0
79,IP,MRQ,2001-09-30,2001-09-30,2001-09-30,2021-09-07,-1330000000.0,39342000000.0,,9933000000.0,29409000000.0,,22.448,-242000000.0,2019000000.0,2019000000.0,4789000000.0,-275000000.0,1.707,2.629,16372000000.0,1203000000.0,15169000000.0,16372000000.0,0.0,474000000.0,0.0,0.029,0.25,-85000000.0,389000000.0,0.06,389000000.0,-85000000.0,-320000000.0,-0.57,-0.57,-0.57,10840000000.0,,10840000000.0,31952968481.0,-73.0,22.19,489000000.0,1.013,1.0,1740000000.0,0.267,6536000000.0,235000000.0,41340000000.0,,2740000000.0,256000000.0,0.0,256000000.0,28502000000.0,5819000000.0,22683000000.0,16832968481.0,1276000000.0,683000000.0,-39000000.0,344000000.0,-121000000.0,226000000.0,344000000.0,0.0,731000000.0,-25000000.0,-275000000.0,-275000000.0,-275000000.0,0.0,0.0,-0.042,1839000000.0,-99000000.0,1710000000.0,-0.439,1.553,-16.783,-16.13,19222000000.0,0.0,34.84,0.616,0.615,3083000000.0,5315000000.0,6529000000.0,6529000000.0,0.0,,,,,0.0,817000000.0,1.0,483150673.0,482900000.0,482900000.0,13.52,32806000000.0,0.0,-45000000.0,4186000000.0,67.935,4114000000.0
80,IP,MRQ,2001-06-30,2001-06-30,2001-06-30,2021-09-07,-1358000000.0,39325000000.0,,9466000000.0,29859000000.0,,23.244,-253000000.0,743000000.0,743000000.0,4914000000.0,-313000000.0,1.628,2.502,15863000000.0,1271000000.0,14592000000.0,15863000000.0,0.0,457000000.0,0.0,0.028,0.25,-234000000.0,223000000.0,0.033,223000000.0,-234000000.0,-469000000.0,-0.65,-0.65,-0.65,11229000000.0,,11229000000.0,32047689533.0,-227.0,17.389,-12000000.0,-0.025,1.0,1772000000.0,0.265,6607000000.0,235000000.0,42024000000.0,,2925000000.0,276000000.0,0.0,276000000.0,28096000000.0,5814000000.0,22282000000.0,17243689533.0,-376000000.0,-151000000.0,7000000.0,-168000000.0,-120000000.0,-258000000.0,-349000000.0,0.0,241000000.0,-10000000.0,-313000000.0,-313000000.0,-313000000.0,0.0,0.0,-0.047,1884000000.0,-112000000.0,1830000000.0,-0.385,1.536,-19.981,-19.091,19581000000.0,0.0,35.7,0.603,0.603,3185000000.0,5711000000.0,6686000000.0,6686000000.0,0.0,,,,,0.0,859000000.0,1.0,483016500.0,483100000.0,483100000.0,13.84,32718000000.0,0.0,-156000000.0,4221000000.0,67.725,3652000000.0
81,IP,MRQ,2001-03-31,2001-03-31,2001-03-31,2021-09-07,-1268000000.0,40516000000.0,,10147000000.0,30369000000.0,,24.473,-175000000.0,1119000000.0,1119000000.0,5138000000.0,-44000000.0,1.514,2.43,15923000000.0,2005000000.0,13918000000.0,15923000000.0,0.0,476000000.0,0.0,0.028,0.25,231000000.0,707000000.0,0.103,707000000.0,231000000.0,-17000000.0,-0.09,-0.09,-0.09,11813000000.0,,11813000000.0,30990685940.0,47.0,11.797,-121000000.0,-0.251,1.0,1756000000.0,0.255,6474000000.0,248000000.0,42146000000.0,,3006000000.0,296000000.0,0.0,296000000.0,28703000000.0,6700000000.0,22003000000.0,17425685940.0,-79000000.0,852000000.0,8000000.0,-595000000.0,-120000000.0,-726000000.0,633000000.0,0.0,54000000.0,-40000000.0,-44000000.0,-44000000.0,-44000000.0,0.0,0.0,-0.006,1421000000.0,335000000.0,1994000000.0,-2.778,1.475,-62.235,-62.207,20541000000.0,0.0,36.08,0.607,0.607,3315000000.0,6144000000.0,6894000000.0,6894000000.0,0.0,,,,,0.0,860000000.0,1.0,482973450.0,482700000.0,482700000.0,14.282,34042000000.0,0.0,27000000.0,4660000000.0,70.524,3447000000.0
82,IP,MRQ,2000-12-31,2000-12-31,2000-12-31,2021-09-07,-1142000000.0,42109000000.0,,10266000000.0,31843000000.0,,24.999,-286000000.0,1198000000.0,1198000000.0,5277000000.0,-371000000.0,1.39,2.499,14763000000.0,2115000000.0,12648000000.0,14763000000.0,0.0,473000000.0,0.0,0.024,0.25,-352000000.0,121000000.0,0.017,121000000.0,-352000000.0,-603000000.0,-0.85,-0.85,-0.85,12034000000.0,,12034000000.0,35881914089.0,33.0,11.997,264000000.0,0.548,1.0,1951000000.0,0.27,6310000000.0,251000000.0,41978000000.0,,3294000000.0,269000000.0,0.0,269000000.0,30075000000.0,7386000000.0,22689000000.0,19645914089.0,27000000.0,506000000.0,-84000000.0,-554000000.0,-120000000.0,-657000000.0,175000000.0,0.0,550000000.0,-41000000.0,-371000000.0,-371000000.0,-371000000.0,0.0,0.0,-0.051,2231000000.0,-280000000.0,2145000000.0,-0.294,1.633,138.352,127.539,22098000000.0,0.0,40.812,0.697,0.697,3456000000.0,6308000000.0,7228000000.0,7228000000.0,0.0,,,,,0.0,878000000.0,1.0,481370059.0,481370059.0,,15.015,35799000000.0,0.0,-232000000.0,4699000000.0,74.369,2880000000.0
83,IP,MRQ,2000-09-30,2000-09-30,2000-09-30,2021-09-07,-1064000000.0,42965000000.0,,10164000000.0,32801000000.0,,26.105,-420000000.0,1171000000.0,1171000000.0,5549000000.0,-135000000.0,1.34,2.418,17407000000.0,2912000000.0,14495000000.0,17407000000.0,0.0,578000000.0,0.0,0.035,0.25,214000000.0,792000000.0,0.102,792000000.0,214000000.0,-64000000.0,-0.28,-0.28,-0.28,12572000000.0,,12572000000.0,30608961166.0,18.0,8.414,492000000.0,1.022,1.0,2252000000.0,0.289,6438000000.0,278000000.0,45177000000.0,,3398000000.0,316000000.0,0.0,316000000.0,30393000000.0,7586000000.0,22807000000.0,13868961166.0,26000000.0,-229000000.0,4000000.0,-257000000.0,-120000000.0,-307000000.0,-499000000.0,0.0,912000000.0,-80000000.0,-135000000.0,-135000000.0,-135000000.0,0.0,0.0,-0.017,1669000000.0,583000000.0,1829000000.0,-0.893,1.103,23.388,19.649,23428000000.0,0.0,28.688,0.509,0.507,3729000000.0,6799000000.0,7801000000.0,7801000000.0,0.0,,,,,0.0,888000000.0,1.0,483449593.0,481600000.0,481600000.0,16.198,36527000000.0,0.0,71000000.0,4647000000.0,75.845,2578000000.0
84,IP,MRQ,2000-06-30,2000-06-30,2000-06-30,2021-09-07,-862000000.0,44456000000.0,,9534000000.0,34922000000.0,,30.976,-274000000.0,1145000000.0,1145000000.0,4735000000.0,270000000.0,1.22,2.409,17885000000.0,3147000000.0,14738000000.0,17885000000.0,0.0,439000000.0,0.0,0.033,0.247,568000000.0,1007000000.0,0.149,1007000000.0,568000000.0,412000000.0,0.64,0.64,0.64,13041000000.0,,13041000000.0,21544545231.0,12.0,6.054,159000000.0,0.378,1.0,2045000000.0,0.302,6701000000.0,156000000.0,46683000000.0,,3743000000.0,503000000.0,0.0,503000000.0,31415000000.0,7812000000.0,23603000000.0,12364545231.0,-429000000.0,-4765000000.0,4000000.0,4284000000.0,-103000000.0,4202000000.0,-5024000000.0,0.0,433000000.0,-40000000.0,270000000.0,270000000.0,270000000.0,0.0,0.0,0.04,1409000000.0,636000000.0,1978000000.0,0.386,0.948,14.212,14.333,24846000000.0,0.0,29.813,0.481,0.488,4070000000.0,7054000000.0,6780000000.0,6780000000.0,0.0,,,,,0.0,834000000.0,1.0,414743586.0,421000000.0,421000000.0,16.105,37755000000.0,0.0,142000000.0,5023000000.0,89.679,1722000000.0
85,IP,MRQ,2000-03-31,2000-03-31,2000-03-31,2021-09-07,-799000000.0,31549000000.0,,8673000000.0,22876000000.0,,25.463,-214000000.0,1574000000.0,1574000000.0,4521000000.0,378000000.0,1.584,1.996,10754000000.0,1699000000.0,9055000000.0,10754000000.0,0.0,426000000.0,0.0,0.023,0.247,645000000.0,1071000000.0,0.168,1071000000.0,645000000.0,514000000.0,0.91,0.91,0.91,10529000000.0,,10529000000.0,25678052365.0,21.0,8.675,321000000.0,0.776,1.0,1850000000.0,0.29,3207000000.0,131000000.0,32047000000.0,,3306000000.0,169000000.0,0.0,169000000.0,21020000000.0,5475000000.0,15545000000.0,17691052365.0,1121000000.0,769000000.0,35000000.0,203000000.0,-104000000.0,156000000.0,434000000.0,0.0,535000000.0,-4000000.0,378000000.0,378000000.0,378000000.0,0.0,0.0,0.059,1284000000.0,566000000.0,1874000000.0,0.271,1.68,33.442,33.661,17284000000.0,0.0,42.75,0.71,0.71,3409000000.0,6887000000.0,6371000000.0,6371000000.0,0.0,,,,,0.0,787000000.0,1.0,413825796.0,413500000.0,413500000.0,15.407,28342000000.0,0.0,136000000.0,3442000000.0,68.542,3198000000.0
86,IP,MRQ,1999-12-31,1999-12-31,1999-12-31,2021-09-07,-739000000.0,30268000000.0,,7241000000.0,23027000000.0,,24.884,-244000000.0,453000000.0,453000000.0,4371000000.0,80000000.0,1.652,1.938,8440000000.0,920000000.0,7520000000.0,8440000000.0,0.0,525000000.0,0.0,0.018,0.247,243000000.0,768000000.0,0.122,768000000.0,243000000.0,102000000.0,0.19,0.19,0.19,10304000000.0,,10304000000.0,33531561759.0,41.0,13.548,327000000.0,0.79,1.0,1923000000.0,0.306,2596000000.0,141000000.0,31277000000.0,,3203000000.0,1044000000.0,0.0,1044000000.0,19964000000.0,4382000000.0,15582000000.0,23369561759.0,100000000.0,-189000000.0,54000000.0,2000000.0,-104000000.0,-109000000.0,-360000000.0,0.0,571000000.0,-2000000.0,80000000.0,80000000.0,80000000.0,0.0,0.0,0.013,1636000000.0,287000000.0,1870000000.0,1.3,2.268,127.703,128.267,17302000000.0,0.0,56.437,0.951,0.951,3227000000.0,6613000000.0,6294000000.0,6294000000.0,0.0,,,,,0.0,812000000.0,1.0,414078621.0,414078621.0,,15.2,27672000000.0,0.0,22000000.0,3344000000.0,66.828,2859000000.0
87,IP,MRQ,1999-09-30,1999-09-30,1999-09-30,2021-09-07,-614000000.0,30487000000.0,,7202000000.0,23285000000.0,,25.185,-247000000.0,353000000.0,353000000.0,4593000000.0,142000000.0,1.639,1.928,10515000000.0,1126000000.0,9389000000.0,10515000000.0,0.0,383000000.0,0.0,0.021,0.247,330000000.0,713000000.0,0.114,713000000.0,330000000.0,196000000.0,0.34,0.34,0.34,10414000000.0,,10414000000.0,30200222611.0,39.0,12.307,207000000.0,0.501,1.0,1658000000.0,0.265,2637000000.0,134000000.0,33617000000.0,,3188000000.0,1106000000.0,0.0,1106000000.0,20073000000.0,4395000000.0,15678000000.0,19878222611.0,-271000000.0,-8000000.0,26000000.0,-365000000.0,-102000000.0,-440000000.0,-285000000.0,0.0,454000000.0,0.0,142000000.0,142000000.0,142000000.0,0.0,0.0,0.023,1282000000.0,376000000.0,1611000000.0,0.726,1.909,133.411,133.507,17624000000.0,0.0,48.063,0.815,0.815,3294000000.0,6657000000.0,6251000000.0,6251000000.0,0.0,,,,,0.0,763000000.0,1.0,413591056.0,413500000.0,413500000.0,15.117,27850000000.0,0.0,54000000.0,3325000000.0,67.352,2807000000.0
88,IP,MRQ,1999-06-30,1999-06-30,1999-06-30,2021-09-07,-620000000.0,30812000000.0,,7201000000.0,23611000000.0,,25.177,-248000000.0,624000000.0,624000000.0,4420000000.0,-71000000.0,1.556,1.963,10946000000.0,1526000000.0,9420000000.0,10946000000.0,0.0,374000000.0,0.0,0.02,0.247,34000000.0,408000000.0,0.068,408000000.0,34000000.0,-89000000.0,-0.17,-0.17,-0.17,10398000000.0,,10398000000.0,24350058886.0,43.0,10.866,166000000.0,0.402,1.0,1576000000.0,0.263,2658000000.0,123000000.0,33849000000.0,,3078000000.0,1100000000.0,0.0,1100000000.0,20414000000.0,4627000000.0,15787000000.0,15471058886.0,184000000.0,80000000.0,136000000.0,-66000000.0,-104000000.0,-34000000.0,-190000000.0,0.0,414000000.0,-6000000.0,-71000000.0,-71000000.0,-71000000.0,0.0,0.0,-0.012,1527000000.0,49000000.0,1605000000.0,-1.453,1.488,3094.212,5025.0,17826000000.0,0.0,50.25,0.64,0.859,3119000000.0,6617000000.0,5996000000.0,5996000000.0,0.0,,,,,0.0,826000000.0,1.0,307881775.0,413000000.0,413000000.0,14.518,28154000000.0,0.0,-18000000.0,3396000000.0,68.169,2574000000.0
89,IP,MRQ,1999-03-31,1999-03-31,1999-03-31,2021-09-07,-548000000.0,26140000000.0,,5959000000.0,20181000000.0,,21.056,-211000000.0,403000000.0,403000000.0,4576000000.0,32000000.0,1.607,2.013,9282000000.0,1097000000.0,8185000000.0,9282000000.0,0.0,383000000.0,0.0,0.023,0.247,203000000.0,586000000.0,0.097,586000000.0,203000000.0,60000000.0,0.08,0.08,0.08,8677000000.0,,8677000000.0,19949301066.0,24.0,7.723,78000000.0,0.189,1.0,1456000000.0,0.241,2593000000.0,143000000.0,28718000000.0,,2651000000.0,1063000000.0,0.0,1063000000.0,17463000000.0,3708000000.0,13755000000.0,12945301066.0,-93000000.0,-7000000.0,30000000.0,-9000000.0,-108000000.0,-123000000.0,-250000000.0,0.0,289000000.0,-9000000.0,32000000.0,32000000.0,32000000.0,0.0,0.0,0.005,1220000000.0,236000000.0,1386000000.0,3.087,1.492,72.32,98.11,14611000000.0,0.0,42.188,0.539,0.724,2562000000.0,5083000000.0,6032000000.0,6032000000.0,0.0,,,,,0.0,780000000.0,1.0,306851559.0,412100000.0,412100000.0,14.637,23547000000.0,0.0,28000000.0,2849000000.0,57.139,2251000000.0
90,IP,MRQ,1998-12-31,1998-12-31,1998-12-31,2021-09-07,-395000000.0,31466000000.0,,7161000000.0,24305000000.0,,34.942,-449000000.0,533000000.0,533000000.0,4418000000.0,46000000.0,1.596,1.93,9115000000.0,1418000000.0,7697000000.0,9115000000.0,0.0,542000000.0,0.0,0.022,0.247,205000000.0,747000000.0,0.122,747000000.0,205000000.0,52000000.0,0.11,0.11,0.11,10738000000.0,,10738000000.0,22957165995.0,24.0,8.776,328000000.0,1.067,1.0,1690000000.0,0.277,2699000000.0,153000000.0,32863000000.0,,3211000000.0,1147000000.0,0.0,1147000000.0,20728000000.0,4486000000.0,16242000000.0,13771165995.0,-362000000.0,-28000000.0,51000000.0,-662000000.0,-107000000.0,-812000000.0,-341000000.0,0.0,777000000.0,14000000.0,46000000.0,46000000.0,46000000.0,0.0,0.0,0.008,1468000000.0,222000000.0,1808000000.0,2.245,1.282,55.754,74.688,18413000000.0,0.0,44.813,0.574,0.574,3018000000.0,6848000000.0,6108000000.0,6108000000.0,0.0,,,,,0.0,835000000.0,1.0,307306313.0,307306313.0,,19.876,28767000000.0,0.0,6000000.0,3673000000.0,93.61,2675000000.0
91,IP,MRQ,1998-09-30,1998-09-30,1998-09-30,2021-09-07,-313000000.0,27080000000.0,,6549000000.0,20531000000.0,,21.759,-277000000.0,857000000.0,857000000.0,4568000000.0,-2000000.0,1.667,2.019,10043000000.0,1330000000.0,8713000000.0,10043000000.0,0.0,378000000.0,0.0,0.021,0.247,122000000.0,500000000.0,0.083,500000000.0,122000000.0,-25000000.0,-0.01,-0.01,-0.01,8969000000.0,,8969000000.0,22583420348.0,18.0,7.55,319000000.0,0.774,1.0,1464000000.0,0.243,2537000000.0,147000000.0,29800000000.0,,2729000000.0,1234000000.0,0.0,1234000000.0,18111000000.0,3929000000.0,14182000000.0,14325420348.0,283000000.0,25000000.0,-3000000.0,-707000000.0,-110000000.0,45000000.0,-369000000.0,0.0,596000000.0,11000000.0,-2000000.0,-2000000.0,-2000000.0,0.0,0.0,0.0,1400000000.0,64000000.0,1230000000.0,-24.7,1.597,37.798,37.907,14856000000.0,0.0,46.625,0.545,0.731,2516000000.0,5139000000.0,6032000000.0,6032000000.0,0.0,,,,,0.0,755000000.0,1.0,307247628.0,412200000.0,412200000.0,14.634,24543000000.0,0.0,-23000000.0,2672000000.0,59.541,2620000000.0
92,IP,MRQ,1998-06-30,1998-06-30,1998-06-30,2021-09-07,-350000000.0,26541000000.0,,6055000000.0,20486000000.0,,21.887,-390000000.0,578000000.0,578000000.0,4324000000.0,103000000.0,1.504,1.945,8836000000.0,1791000000.0,7045000000.0,8836000000.0,0.0,442000000.0,0.0,0.023,0.247,308000000.0,750000000.0,0.129,750000000.0,308000000.0,152000000.0,0.25,0.25,0.25,9013000000.0,,9013000000.0,22570969135.0,16.0,7.293,108000000.0,0.262,1.0,1509000000.0,0.259,2517000000.0,156000000.0,28257000000.0,,2670000000.0,1151000000.0,0.0,1151000000.0,17528000000.0,4025000000.0,13503000000.0,13221969135.0,43000000.0,103000000.0,30000000.0,-477000000.0,-139000000.0,-102000000.0,-326000000.0,0.0,498000000.0,-27000000.0,103000000.0,103000000.0,103000000.0,0.0,0.0,0.018,1182000000.0,327000000.0,1084000000.0,0.988,1.467,27.375,27.215,14929000000.0,0.0,43.0,0.521,0.698,2316000000.0,5195000000.0,5833000000.0,5833000000.0,0.0,,,,,0.0,749000000.0,1.0,307487640.0,411800000.0,411800000.0,14.165,24024000000.0,0.0,49000000.0,2687000000.0,58.339,2030000000.0
93,IP,MRQ,1998-03-31,1998-03-31,1998-03-31,2021-09-07,-475000000.0,26900000000.0,,5992000000.0,20908000000.0,,28.587,-206000000.0,534000000.0,534000000.0,3655000000.0,75000000.0,1.241,2.113,9883000000.0,2173000000.0,7710000000.0,9883000000.0,0.0,298000000.0,0.0,0.021,0.247,248000000.0,546000000.0,0.112,546000000.0,248000000.0,121000000.0,0.25,0.25,0.25,8642000000.0,,8642000000.0,23617603746.0,36.0,10.726,21000000.0,0.069,1.0,1213000000.0,0.249,2532000000.0,127000000.0,28888000000.0,,2720000000.0,1269000000.0,0.0,1269000000.0,18258000000.0,4829000000.0,13429000000.0,14199603746.0,136000000.0,-75000000.0,37000000.0,49000000.0,-75000000.0,218000000.0,-312000000.0,0.0,227000000.0,3000000.0,75000000.0,75000000.0,75000000.0,0.0,0.0,0.015,946000000.0,267000000.0,1319000000.0,0.988,1.643,-364.092,-781.25,15312000000.0,0.0,46.875,0.578,0.577,2373000000.0,5186000000.0,4868000000.0,4868000000.0,0.0,,,,,0.0,598000000.0,1.0,302924867.0,302300000.0,302300000.0,16.103,24368000000.0,0.0,46000000.0,2709000000.0,80.609,1163000000.0
94,IP,MRQ,1997-12-31,1997-12-31,1997-12-31,2021-09-07,-396000000.0,26754000000.0,,5945000000.0,20809000000.0,,28.813,-742000000.0,398000000.0,398000000.0,6874000000.0,203000000.0,1.218,2.072,9366000000.0,2212000000.0,7154000000.0,9366000000.0,0.0,621000000.0,0.0,0.023,0.247,574000000.0,1195000000.0,0.125,1195000000.0,574000000.0,342000000.0,0.74,0.74,0.74,8710000000.0,,8710000000.0,22752273934.0,37.0,10.437,102000000.0,0.337,1.0,2667000000.0,0.28,2557000000.0,232000000.0,28285000000.0,,2760000000.0,1166000000.0,0.0,1166000000.0,18044000000.0,4880000000.0,13164000000.0,13036273934.0,-81000000.0,265000000.0,29000000.0,-270000000.0,-201000000.0,-512000000.0,-416000000.0,0.0,844000000.0,3000000.0,203000000.0,203000000.0,203000000.0,0.0,0.0,0.021,2222000000.0,445000000.0,1338000000.0,0.334,1.497,-162.953,-215.625,15338000000.0,0.0,43.125,0.531,0.531,2404000000.0,5186000000.0,9541000000.0,9541000000.0,0.0,,,,,0.0,1378000000.0,1.0,302290361.0,302290361.0,,31.562,24197000000.0,0.0,139000000.0,2681000000.0,80.046,1065000000.0
95,IP,MRQ,1997-09-30,1997-09-30,1997-09-30,2021-09-07,0.0,27394000000.0,,6226000000.0,21168000000.0,,28.941,-246000000.0,469000000.0,469000000.0,3792000000.0,102000000.0,1.047,2.131,10185000000.0,3079000000.0,7106000000.0,10185000000.0,0.0,311000000.0,0.0,0.018,0.247,293000000.0,604000000.0,0.118,604000000.0,293000000.0,173000000.0,0.34,0.34,0.34,8749000000.0,,8749000000.0,26482061857.0,161.0,18.454,36000000.0,0.119,1.0,1327000000.0,0.259,2609000000.0,120000000.0,28554000000.0,,2862000000.0,1227000000.0,0.0,1227000000.0,18645000000.0,5947000000.0,12698000000.0,16633061857.0,14000000.0,-37000000.0,44000000.0,15000000.0,-76000000.0,-52000000.0,-238000000.0,0.0,282000000.0,22000000.0,102000000.0,102000000.0,102000000.0,0.0,0.0,0.02,1000000000.0,327000000.0,1405000000.0,0.726,1.901,-57.754,-57.292,15539000000.0,0.0,55.0,0.825,0.825,2618000000.0,5130000000.0,5119000000.0,5119000000.0,0.0,,,,,0.0,637000000.0,1.0,302419290.0,302300000.0,302300000.0,16.934,24785000000.0,0.0,71000000.0,2590000000.0,81.988,279000000.0
96,IP,MRQ,1997-06-30,1997-06-30,1997-06-30,2021-09-07,0.0,27753000000.0,,6193000000.0,21560000000.0,,29.203,-258000000.0,455000000.0,455000000.0,3786000000.0,-419000000.0,0.996,2.156,10304000000.0,3198000000.0,7106000000.0,10304000000.0,0.0,318000000.0,0.0,0.02,0.247,-461000000.0,-143000000.0,-0.028,-143000000.0,-461000000.0,-586000000.0,-1.39,-1.39,-1.39,8793000000.0,,8793000000.0,23955132058.0,117.0,16.285,-2000000.0,-0.007,1.0,1248000000.0,0.248,2688000000.0,125000000.0,28694000000.0,,2857000000.0,1150000000.0,0.0,1150000000.0,18960000000.0,6220000000.0,12740000000.0,14610132058.0,-105000000.0,0.0,77000000.0,21000000.0,-75000000.0,-16000000.0,-336000000.0,0.0,256000000.0,-9000000.0,-419000000.0,-419000000.0,-419000000.0,0.0,0.0,-0.083,1680000000.0,-432000000.0,1415000000.0,-0.178,1.662,-52.366,-52.218,15894000000.0,0.0,48.563,0.725,0.726,2616000000.0,5104000000.0,5034000000.0,5034000000.0,0.0,,,,,0.0,624000000.0,1.0,300852134.0,301100000.0,301100000.0,16.719,25065000000.0,0.0,-167000000.0,2563000000.0,83.245,-27000000.0
97,IP,MRQ,1997-03-31,1997-03-31,1997-03-31,2021-09-07,0.0,28154000000.0,,6212000000.0,21942000000.0,,30.981,-202000000.0,560000000.0,560000000.0,3636000000.0,34000000.0,1.054,2.023,9905000000.0,3287000000.0,6618000000.0,9905000000.0,0.0,320000000.0,0.0,0.025,0.247,204000000.0,524000000.0,0.108,524000000.0,204000000.0,74000000.0,0.11,0.11,0.11,9313000000.0,,9313000000.0,21818234429.0,22.0,9.775,39000000.0,0.13,1.0,1226000000.0,0.252,2705000000.0,130000000.0,28903000000.0,,2868000000.0,1225000000.0,0.0,1225000000.0,18841000000.0,5891000000.0,12950000000.0,11733234429.0,208000000.0,0.0,14000000.0,122000000.0,-75000000.0,174000000.0,-193000000.0,0.0,241000000.0,-14000000.0,34000000.0,34000000.0,34000000.0,0.0,0.0,0.007,988000000.0,238000000.0,1274000000.0,2.245,1.26,49.093,49.367,16257000000.0,0.0,39.0,0.581,0.58,2545000000.0,5598000000.0,4862000000.0,4862000000.0,0.0,,,,,0.0,616000000.0,1.0,300852134.0,300600000.0,300600000.0,16.174,25449000000.0,0.0,40000000.0,2753000000.0,84.661,321000000.0
98,IP,MRQ,1996-12-31,1996-12-31,1996-12-31,2021-09-07,0.0,28252000000.0,,5998000000.0,22254000000.0,,,-450000000.0,352000000.0,352000000.0,3796000000.0,-5000000.0,1.018,2.024,10437000000.0,3296000000.0,7141000000.0,10437000000.0,0.0,322000000.0,0.0,0.024,0.247,128000000.0,450000000.0,0.087,450000000.0,128000000.0,-4000000.0,-0.02,,-0.02,9344000000.0,,9344000000.0,,,,40000000.0,,1.0,1348000000.0,0.262,2748000000.0,132000000.0,29695000000.0,,2840000000.0,1178000000.0,0.0,1178000000.0,18908000000.0,5894000000.0,13014000000.0,,-53000000.0,-3000000.0,21000000.0,121000000.0,-76000000.0,-3000000.0,-539000000.0,0.0,490000000.0,-1000000.0,-5000000.0,-5000000.0,-5000000.0,0.0,0.0,-0.001,1166000000.0,182000000.0,1426000000.0,-12.35,,,38.942,16559000000.0,0.0,40.5,,,2553000000.0,5639000000.0,5144000000.0,5144000000.0,0.0,,,,,0.0,643000000.0,1.0,,,,,25504000000.0,0.0,1000000.0,2768000000.0,,104000000.0
99,IP,MRQ,1996-09-30,1996-09-30,1996-09-30,2021-09-07,,,,,,,,-346000000.0,,,3760000000.0,111000000.0,,,,,,,,307000000.0,,0.023,0.247,333000000.0,640000000.0,0.125,640000000.0,333000000.0,197000000.0,0.37,,0.37,,,,,,,214000000.0,0.713,1.0,1348000000.0,0.264,,136000000.0,,,,,,,,,,,43000000.0,-221000000.0,6000000.0,117000000.0,-75000000.0,19000000.0,-539000000.0,0.0,560000000.0,3000000.0,111000000.0,111000000.0,111000000.0,0.0,0.0,0.022,985000000.0,363000000.0,,0.668,,,,,0.0,42.5,,,,,5108000000.0,5108000000.0,0.0,,,,,0.0,627000000.0,1.0,,300000000.0,,17.027,,,86000000.0,,,
100,IP,MRQ,1996-06-30,1996-06-30,1996-06-30,2021-09-07,,,,,,,,-345000000.0,,,3771000000.0,99000000.0,,,,,,,,302000000.0,,0.027,0.247,316000000.0,618000000.0,0.121,618000000.0,316000000.0,179000000.0,0.33,,0.33,,,,,,,-8000000.0,-0.027,1.0,1322000000.0,0.26,,137000000.0,,,,,,,,,,,-37000000.0,-24000000.0,38000000.0,0.0,-75000000.0,-10000000.0,-361000000.0,0.0,337000000.0,-3000000.0,99000000.0,99000000.0,99000000.0,0.0,0.0,0.019,968000000.0,354000000.0,,0.748,,,,,0.0,36.875,,,,,5093000000.0,5093000000.0,0.0,,,,,0.0,616000000.0,1.0,,299100000.0,,17.028,,,80000000.0,,,
101,IP,MRQ,1996-03-31,1996-03-31,1996-03-31,2021-09-07,,,,,,,,-253000000.0,,,3556000000.0,98000000.0,,,,,,,,263000000.0,,0.024,0.247,386000000.0,649000000.0,0.135,649000000.0,386000000.0,261000000.0,0.36,,0.36,,,,,,,99000000.0,0.368,1.0,1242000000.0,0.259,,125000000.0,,,,,,,,,,,87000000.0,-1279000000.0,35000000.0,1273000000.0,-65000000.0,1274000000.0,-1541000000.0,0.0,352000000.0,2000000.0,98000000.0,98000000.0,98000000.0,0.0,0.0,0.02,1373000000.0,-131000000.0,,0.686,,,,,0.0,39.5,,,,,4798000000.0,4798000000.0,0.0,,,,,0.0,548000000.0,1.0,,268900000.0,,17.843,,,163000000.0,,,
102,IP,MRQ,1995-12-31,1995-12-31,1995-12-31,2021-09-07,0.0,23977000000.0,,5873000000.0,18104000000.0,,,,312000000.0,312000000.0,,,1.208,2.075,8679000000.0,2283000000.0,6396000000.0,8679000000.0,0.0,,0.0,0.024,0.247,,,,,,,,,,7797000000.0,,7797000000.0,,,,,,1.0,,,1355000000.0,,26126000000.0,,2784000000.0,1420000000.0,0.0,1420000000.0,16180000000.0,4863000000.0,11317000000.0,,,,,,,,,,,,,,,,,,,,1464000000.0,,,,8.417,13800000000.0,,37.875,,,2571000000.0,5627000000.0,,,,,,,,,,1.0,,,,,22622000000.0,0.0,,1974000000.0,,1010000000.0
0,IP,MRT,2021-06-30,2021-06-30,2021-06-30,2021-09-07,-4094000000.0,31448000000.0,31620750000.0,12226000000.0,19222000000.0,0.675,21.048,-430000000.0,706000000.0,706000000.0,14960000000.0,1140000000.0,1.416,2.765,13768000000.0,4336000000.0,9432000000.0,13768000000.0,0.0,1267000000.0,0.0,0.033,2.05,1783000000.0,3050000000.0,0.143,3050000000.0,1783000000.0,1423000000.0,2.9,2.88,2.9,8352000000.0,7764250000.0,8352000000.0,37805535502.0,21.0,12.395,2372000000.0,5.978,1.0,6381000000.0,0.299,3317000000.0,360000000.0,32558000000.0,33780500000.0,1828000000.0,7738000000.0,4850000000.0,2888000000.0,23094000000.0,8635000000.0,14459000000.0,24017535502.0,-141000000.0,49000000.0,-214000000.0,-2596000000.0,-806000000.0,-3598000000.0,651000000.0,1050000000.0,2802000000.0,38000000.0,1138000000.0,1138000000.0,1138000000.0,0.0,2000000.0,0.053,5011000000.0,1370000000.0,2565000000.0,0.707,2.876,21.105,21.141,12279000000.0,0.0,61.31,1.125,1.14,3608000000.0,8442000000.0,21341000000.0,21341000000.0,0.0,0.036,0.147,0.053,0.084,0.0,3196000000.0,1.0,391739284.0,396800000.0,,53.783,28131000000.0,0.0,285000000.0,2764000000.0,70.895,3591000000.0
1,IP,MRT,2021-03-31,2021-03-31,2021-03-31,2021-09-07,-4453000000.0,31477000000.0,31888500000.0,12167000000.0,19310000000.0,0.646,19.65,-547000000.0,787000000.0,787000000.0,14474000000.0,972000000.0,1.45,3.056,14575000000.0,4251000000.0,10324000000.0,14575000000.0,0.0,1273000000.0,0.0,0.038,2.05,1641000000.0,2914000000.0,0.142,2914000000.0,1641000000.0,1222000000.0,2.47,2.46,2.47,7758000000.0,7440500000.0,7758000000.0,35380842516.0,22.0,12.142,2379000000.0,6.026,1.0,6117000000.0,0.297,3242000000.0,419000000.0,33633000000.0,34667500000.0,1828000000.0,7822000000.0,4850000000.0,2972000000.0,23706000000.0,8390000000.0,15316000000.0,21255842516.0,-452000000.0,-75000000.0,-156000000.0,-2428000000.0,-806000000.0,-3369000000.0,24000000.0,647000000.0,2926000000.0,14000000.0,972000000.0,972000000.0,972000000.0,0.0,0.0,0.047,4674000000.0,1443000000.0,2354000000.0,0.83,2.74,21.868,21.891,12367000000.0,0.0,54.07,1.032,1.037,3342000000.0,8214000000.0,20591000000.0,20591000000.0,0.0,0.03,0.131,0.047,0.08,0.0,3013000000.0,1.0,393117117.0,394800000.0,,52.156,28235000000.0,0.0,250000000.0,2756000000.0,71.517,3777000000.0
2,IP,MRT,2020-12-31,2020-12-31,2020-12-31,2021-09-07,-4342000000.0,31718000000.0,32323000000.0,11236000000.0,20482000000.0,0.637,19.98,-743000000.0,595000000.0,595000000.0,14373000000.0,482000000.0,1.356,3.037,14720000000.0,4249000000.0,10471000000.0,14720000000.0,0.0,1287000000.0,0.0,0.041,2.05,1171000000.0,2458000000.0,0.119,2458000000.0,1171000000.0,727000000.0,1.23,1.22,1.23,7854000000.0,7215250000.0,7854000000.0,34171706570.0,29.0,13.902,2320000000.0,5.902,1.0,6207000000.0,0.302,3315000000.0,444000000.0,34244000000.0,35298000000.0,2050000000.0,8285000000.0,4850000000.0,3435000000.0,23850000000.0,8284000000.0,15566000000.0,19544706570.0,84000000.0,-25000000.0,-42000000.0,-1848000000.0,-806000000.0,-2700000000.0,-269000000.0,500000000.0,3063000000.0,-8000000.0,482000000.0,482000000.0,482000000.0,0.0,0.0,0.023,4724000000.0,1483000000.0,2320000000.0,1.667,2.489,40.549,40.423,12987000000.0,0.0,49.72,0.95,0.95,3064000000.0,8070000000.0,20580000000.0,20580000000.0,0.0,0.015,0.067,0.033,0.057,0.0,3071000000.0,1.0,393095466.0,393095466.0,,52.354,28403000000.0,0.0,245000000.0,2743000000.0,72.255,2952000000.0
3,IP,MRT,2020-09-30,2020-09-30,2020-09-30,2021-09-07,-5132000000.0,31840000000.0,32761250000.0,11288000000.0,20552000000.0,0.636,17.975,-1014000000.0,678000000.0,678000000.0,14380000000.0,495000000.0,1.332,3.489,15305000000.0,4399000000.0,10906000000.0,15305000000.0,0.0,1298000000.0,0.0,0.051,2.05,1426000000.0,2724000000.0,0.131,2724000000.0,1426000000.0,968000000.0,1.26,1.25,1.26,7093000000.0,7180000000.0,7093000000.0,31156984423.0,22.0,11.438,2188000000.0,5.545,1.0,6459000000.0,0.31,3304000000.0,458000000.0,34687000000.0,36072250000.0,2007000000.0,8202000000.0,4850000000.0,3352000000.0,24744000000.0,8476000000.0,16268000000.0,15935984423.0,-19000000.0,-4000000.0,-42000000.0,-1749000000.0,-806000000.0,-2701000000.0,-506000000.0,500000000.0,3202000000.0,-22000000.0,494000000.0,494000000.0,494000000.0,0.0,1000000.0,0.024,4732000000.0,1727000000.0,2226000000.0,1.627,2.247,32.259,32.175,13120000000.0,0.0,40.54,0.765,0.768,3034000000.0,8122000000.0,20839000000.0,20839000000.0,0.0,0.015,0.069,0.04,0.068,0.0,3096000000.0,1.0,393092857.0,394600000.0,,52.81,28536000000.0,0.0,474000000.0,2639000000.0,72.316,2812000000.0
4,IP,MRT,2020-06-30,2020-06-30,2020-06-30,2021-09-07,-5149000000.0,32519000000.0,33263250000.0,6599000000.0,25920000000.0,0.64,17.952,-1169000000.0,847000000.0,847000000.0,14611000000.0,633000000.0,0.792,3.608,16068000000.0,4253000000.0,11815000000.0,16068000000.0,0.0,1305000000.0,0.0,0.058,2.037,1664000000.0,2969000000.0,0.139,2969000000.0,1664000000.0,1195000000.0,1.62,1.6,1.62,7057000000.0,7267000000.0,7057000000.0,29424983927.0,18.0,9.911,2180000000.0,5.546,1.0,6673000000.0,0.314,3304000000.0,469000000.0,36106000000.0,37891500000.0,2010000000.0,8505000000.0,0.0,8505000000.0,25459000000.0,8330000000.0,17129000000.0,13838983927.0,60000000.0,-4000000.0,-116000000.0,-1408000000.0,-801000000.0,-2330000000.0,-919000000.0,250000000.0,3349000000.0,-48000000.0,634000000.0,634000000.0,634000000.0,0.0,-1000000.0,0.03,4730000000.0,1943000000.0,2206000000.0,1.257,1.961,21.828,21.735,13304000000.0,0.0,35.21,0.65,0.65,3060000000.0,8123000000.0,21284000000.0,21284000000.0,0.0,0.019,0.087,0.044,0.078,0.0,3141000000.0,1.0,393041293.0,393100000.0,,54.144,29215000000.0,0.0,561000000.0,2654000000.0,74.32,-1731000000.0
5,IP,MRT,2020-03-31,2020-03-31,2020-03-31,2021-09-07,-5255000000.0,33215000000.0,33720250000.0,7215000000.0,26000000000.0,0.655,17.466,-1253000000.0,1239000000.0,1239000000.0,15085000000.0,653000000.0,0.772,3.843,16825000000.0,4884000000.0,11941000000.0,16825000000.0,0.0,1314000000.0,0.0,0.065,2.025,1757000000.0,3071000000.0,0.139,3071000000.0,1757000000.0,1282000000.0,1.69,1.66,1.69,6857000000.0,7373250000.0,6857000000.0,28069841413.0,16.0,9.14,2273000000.0,5.79,1.0,7000000000.0,0.317,3304000000.0,475000000.0,36155000000.0,39459750000.0,2002000000.0,8463000000.0,0.0,8463000000.0,26354000000.0,9342000000.0,17012000000.0,12206841413.0,598000000.0,-22000000.0,-347000000.0,-690000000.0,-797000000.0,-1835000000.0,-1041000000.0,250000000.0,3526000000.0,-43000000.0,660000000.0,660000000.0,660000000.0,0.0,-7000000.0,0.03,4812000000.0,2188000000.0,2379000000.0,1.198,1.78,18.495,18.42,13421000000.0,0.0,31.13,0.553,0.553,3226000000.0,8062000000.0,22085000000.0,22085000000.0,0.0,0.02,0.09,0.045,0.08,0.0,3230000000.0,1.0,392124684.0,392600000.0,,56.253,29911000000.0,0.0,622000000.0,2662000000.0,76.187,-2127000000.0
6,IP,MRT,2019-12-31,2019-12-31,2019-12-31,2021-09-07,-4739000000.0,33471000000.0,33961000000.0,6639000000.0,26832000000.0,0.659,19.67,-1258000000.0,511000000.0,511000000.0,15268000000.0,1220000000.0,0.768,3.339,16374000000.0,4388000000.0,11986000000.0,16374000000.0,0.0,1306000000.0,0.0,0.044,2.013,2350000000.0,3656000000.0,0.163,3656000000.0,2350000000.0,1859000000.0,3.1,3.07,3.1,7713000000.0,7520500000.0,7713000000.0,34313963582.0,15.0,9.386,2352000000.0,5.998,1.0,7108000000.0,0.318,3347000000.0,491000000.0,37341000000.0,41057500000.0,2208000000.0,8809000000.0,0.0,8809000000.0,25753000000.0,8646000000.0,17107000000.0,18056963582.0,-78000000.0,-22000000.0,-535000000.0,-1057000000.0,-796000000.0,-2389000000.0,-1300000000.0,0.0,3610000000.0,1000000.0,1225000000.0,1225000000.0,1225000000.0,0.0,-5000000.0,0.055,4772000000.0,2336000000.0,2423000000.0,0.649,2.341,14.74,14.855,13829000000.0,0.0,46.05,0.807,0.807,3280000000.0,8408000000.0,22376000000.0,22376000000.0,0.0,0.036,0.163,0.057,0.105,0.0,3207000000.0,1.0,392116473.0,392116473.0,,57.065,30124000000.0,0.0,634000000.0,2633000000.0,76.824,-2007000000.0
7,IP,MRT,2019-09-30,2019-09-30,2019-09-30,2021-09-07,-5014000000.0,33848000000.0,33987250000.0,7051000000.0,26797000000.0,0.672,18.819,-1173000000.0,697000000.0,697000000.0,15400000000.0,1372000000.0,1.491,3.547,16954000000.0,402000000.0,16552000000.0,16954000000.0,0.0,1301000000.0,0.0,0.048,2.0,2403000000.0,3704000000.0,0.162,3704000000.0,2403000000.0,1890000000.0,3.47,3.42,3.47,7441000000.0,7432750000.0,7441000000.0,32950416533.0,14.0,8.896,2330000000.0,5.893,1.0,7429000000.0,0.325,3412000000.0,513000000.0,41964000000.0,42190000000.0,2194000000.0,8735000000.0,0.0,8735000000.0,26392000000.0,4729000000.0,21663000000.0,16428416533.0,-329000000.0,-90000000.0,-735000000.0,-1019000000.0,-796000000.0,-2547000000.0,-1253000000.0,0.0,3503000000.0,-13000000.0,1376000000.0,1376000000.0,1376000000.0,0.0,-4000000.0,0.06,4721000000.0,2708000000.0,2349000000.0,0.576,2.208,11.939,12.052,13648000000.0,0.0,41.82,0.72,0.724,3305000000.0,8447000000.0,22829000000.0,22829000000.0,0.0,0.04,0.185,0.057,0.105,0.0,3217000000.0,1.0,392836359.0,395400000.0,,57.736,30436000000.0,0.0,514000000.0,2643000000.0,76.975,2322000000.0
8,IP,MRT,2019-06-30,2019-06-30,2019-06-30,2021-09-07,-4870000000.0,34347000000.0,33976000000.0,7388000000.0,26959000000.0,0.682,18.79,-1246000000.0,787000000.0,787000000.0,15515000000.0,1592000000.0,1.463,3.588,17309000000.0,676000000.0,16633000000.0,17309000000.0,0.0,1309000000.0,0.0,0.046,1.975,2577000000.0,3886000000.0,0.168,3886000000.0,2577000000.0,2054000000.0,3.97,3.92,3.97,7482000000.0,7332500000.0,7482000000.0,33926507840.0,13.0,8.73,2316000000.0,5.816,1.0,7647000000.0,0.33,3441000000.0,523000000.0,42379000000.0,42287500000.0,2224000000.0,8725000000.0,0.0,8725000000.0,26848000000.0,5049000000.0,21799000000.0,17212507840.0,-286000000.0,-90000000.0,-861000000.0,-861000000.0,-794000000.0,-2512000000.0,-1320000000.0,0.0,3562000000.0,5000000.0,1594000000.0,1594000000.0,1594000000.0,0.0,-2000000.0,0.069,4698000000.0,2949000000.0,2498000000.0,0.497,2.301,10.798,10.912,13775000000.0,0.0,43.32,0.743,0.745,3477000000.0,8302000000.0,23162000000.0,23162000000.0,0.0,0.047,0.217,0.061,0.111,0.0,3237000000.0,1.0,397333976.0,398200000.0,,58.167,30906000000.0,0.0,460000000.0,2624000000.0,77.614,2339000000.0
9,IP,MRT,2019-03-31,2019-03-31,2019-03-31,2021-09-07,-4975000000.0,34178000000.0,33838250000.0,7062000000.0,27116000000.0,0.689,18.467,-1351000000.0,641000000.0,641000000.0,15536000000.0,1713000000.0,1.426,3.587,17355000000.0,809000000.0,16546000000.0,17355000000.0,0.0,1318000000.0,0.0,0.042,1.95,2703000000.0,4021000000.0,0.172,4021000000.0,2703000000.0,2169000000.0,4.21,4.16,4.21,7446000000.0,7173000000.0,7446000000.0,34881925226.0,13.0,8.675,1945000000.0,4.824,1.0,7792000000.0,0.334,3393000000.0,534000000.0,42546000000.0,42320500000.0,2301000000.0,8844000000.0,0.0,8844000000.0,26709000000.0,4953000000.0,21756000000.0,18518925226.0,-500000000.0,-49000000.0,-930000000.0,-656000000.0,-793000000.0,-2379000000.0,-1374000000.0,0.0,3296000000.0,-43000000.0,1707000000.0,1707000000.0,1707000000.0,23000000.0,6000000.0,0.073,4800000000.0,2992000000.0,2518000000.0,0.463,2.487,10.849,10.99,13887000000.0,0.0,46.27,0.794,0.8,3493000000.0,8211000000.0,23328000000.0,23328000000.0,0.0,0.05,0.238,0.064,0.116,0.0,3305000000.0,1.0,400236119.0,403200000.0,,57.857,30785000000.0,0.0,462000000.0,2634000000.0,76.352,2109000000.0
10,IP,MRT,2018-12-31,2018-12-31,2018-12-31,2021-09-07,-4500000000.0,33576000000.0,33801250000.0,6996000000.0,26580000000.0,0.69,18.177,-1549000000.0,589000000.0,589000000.0,15555000000.0,2017000000.0,1.49,3.558,16952000000.0,639000000.0,16313000000.0,16952000000.0,0.0,1328000000.0,0.0,0.048,1.925,2993000000.0,4321000000.0,0.185,4321000000.0,2993000000.0,2457000000.0,4.91,4.85,4.91,7362000000.0,7122750000.0,7362000000.0,32871949049.0,11.0,7.607,1677000000.0,4.14,1.0,7751000000.0,0.333,3374000000.0,536000000.0,41871000000.0,42346250000.0,2241000000.0,8718000000.0,0.0,8718000000.0,26193000000.0,4694000000.0,21499000000.0,16346949049.0,-429000000.0,-48000000.0,-732000000.0,-525000000.0,-789000000.0,-2046000000.0,-1569000000.0,0.0,3226000000.0,-40000000.0,2012000000.0,2012000000.0,2012000000.0,-345000000.0,5000000.0,0.086,4818000000.0,2933000000.0,2413000000.0,0.392,2.22,8.125,8.22,13469000000.0,0.0,40.36,0.701,0.701,3521000000.0,7465000000.0,23306000000.0,23306000000.0,0.0,0.06,0.282,0.071,0.128,0.0,3290000000.0,1.0,405028470.0,405028470.0,,57.542,30202000000.0,0.0,445000000.0,2600000000.0,74.568,2302000000.0
11,IP,MRT,2018-09-30,2018-09-30,2018-09-30,2021-09-07,-4887000000.0,33803000000.0,33883000000.0,7318000000.0,26485000000.0,0.681,17.112,-1726000000.0,1026000000.0,1026000000.0,15459000000.0,3159000000.0,1.59,3.799,17551000000.0,555000000.0,16996000000.0,17551000000.0,0.0,1338000000.0,0.0,0.039,1.9,2793000000.0,4131000000.0,0.179,4131000000.0,2793000000.0,2251000000.0,7.66,7.57,7.66,7040000000.0,6912750000.0,7040000000.0,36807356895.0,13.0,8.91,1867000000.0,4.538,1.0,7607000000.0,0.33,3371000000.0,542000000.0,42354000000.0,42333500000.0,2130000000.0,8680000000.0,0.0,8680000000.0,26745000000.0,4603000000.0,22142000000.0,20096356895.0,28000000.0,-40000000.0,-533000000.0,-503000000.0,-784000000.0,-1825000000.0,-1693000000.0,0.0,3593000000.0,-47000000.0,3156000000.0,3156000000.0,3156000000.0,-337000000.0,3000000.0,0.137,4885000000.0,2722000000.0,2510000000.0,0.248,2.855,6.368,6.416,13476000000.0,0.0,49.15,0.871,0.877,3580000000.0,7353000000.0,23066000000.0,23066000000.0,0.0,0.093,0.457,0.066,0.121,0.0,3250000000.0,1.0,408878065.0,411400000.0,,56.067,30432000000.0,0.0,-905000000.0,2512000000.0,73.972,2715000000.0
12,IP,MRT,2018-06-30,2018-06-30,2018-06-30,2021-09-07,-4881000000.0,33796000000.0,33885500000.0,7272000000.0,26524000000.0,0.669,16.385,-1645000000.0,1073000000.0,1073000000.0,15285000000.0,2992000000.0,1.575,3.935,17784000000.0,684000000.0,17100000000.0,17784000000.0,0.0,1376000000.0,0.0,0.036,1.888,2698000000.0,4074000000.0,0.18,4074000000.0,2698000000.0,2137000000.0,7.24,7.15,7.24,6844000000.0,6381250000.0,6844000000.0,38063884226.0,14.0,9.343,298000000.0,0.713,1.0,7397000000.0,0.326,3378000000.0,561000000.0,42511000000.0,42531500000.0,2050000000.0,8599000000.0,0.0,8599000000.0,26932000000.0,4618000000.0,22314000000.0,21565884226.0,32000000.0,-37000000.0,-332000000.0,861000000.0,-780000000.0,-259000000.0,-1625000000.0,0.0,1943000000.0,-31000000.0,2989000000.0,2989000000.0,2989000000.0,-366000000.0,3000000.0,0.132,4850000000.0,2547000000.0,2478000000.0,0.261,3.151,7.215,7.193,13589000000.0,0.0,52.08,0.951,0.959,3526000000.0,6988000000.0,22682000000.0,22682000000.0,0.0,0.088,0.468,0.063,0.119,0.0,3203000000.0,1.0,414091479.0,417700000.0,,54.302,30418000000.0,0.0,-852000000.0,2502000000.0,72.823,2654000000.0
13,IP,MRT,2018-03-31,2018-03-31,2018-03-31,2021-09-07,-4530000000.0,34030000000.0,33905750000.0,7260000000.0,26770000000.0,0.656,17.324,-1480000000.0,1141000000.0,1141000000.0,15112000000.0,2665000000.0,1.626,3.694,17639000000.0,587000000.0,17052000000.0,17639000000.0,0.0,1403000000.0,0.0,0.035,1.876,2160000000.0,3563000000.0,0.16,3563000000.0,2160000000.0,1595000000.0,6.45,6.37,6.45,7245000000.0,5806500000.0,7245000000.0,38493412625.0,18.0,10.804,307000000.0,0.734,1.0,7120000000.0,0.32,3414000000.0,565000000.0,42649000000.0,42385750000.0,2057000000.0,8546000000.0,0.0,8546000000.0,26765000000.0,4465000000.0,22300000000.0,22063412625.0,143000000.0,-40000000.0,-32000000.0,644000000.0,-775000000.0,-171000000.0,-1480000000.0,0.0,1787000000.0,7000000.0,2664000000.0,2664000000.0,2664000000.0,-385000000.0,1000000.0,0.12,5063000000.0,2057000000.0,2534000000.0,0.291,3.045,8.282,8.284,13788000000.0,0.0,53.43,0.992,1.005,3416000000.0,6783000000.0,22232000000.0,22232000000.0,0.0,0.079,0.459,0.051,0.097,0.0,3101000000.0,1.0,412940532.0,418200000.0,,53.161,30616000000.0,0.0,-1069000000.0,2480000000.0,73.209,2795000000.0
14,IP,MRT,2017-12-31,2017-12-31,2017-12-31,2021-09-07,-4633000000.0,33903000000.0,33723500000.0,8277000000.0,25626000000.0,0.645,15.795,-1365000000.0,1018000000.0,1018000000.0,14802000000.0,2144000000.0,1.622,4.195,17448000000.0,311000000.0,17137000000.0,17448000000.0,0.0,1423000000.0,0.0,0.032,1.864,1631000000.0,3054000000.0,0.14,3054000000.0,1631000000.0,1059000000.0,5.19,5.13,5.19,6522000000.0,5139000000.0,6522000000.0,41547060487.0,25.0,13.604,392000000.0,0.949,1.0,6941000000.0,0.319,3411000000.0,572000000.0,41820000000.0,42272750000.0,2313000000.0,7441000000.0,0.0,7441000000.0,27362000000.0,5102000000.0,22260000000.0,23925060487.0,-15000000.0,-41000000.0,-47000000.0,425000000.0,-769000000.0,-399000000.0,-1391000000.0,0.0,1757000000.0,18000000.0,2144000000.0,2144000000.0,2144000000.0,-34000000.0,0.0,0.099,4988000000.0,1953000000.0,2458000000.0,0.359,3.668,11.159,11.164,13713000000.0,0.0,57.94,1.1,1.1,3287000000.0,6180000000.0,21743000000.0,21743000000.0,0.0,0.064,0.417,0.039,0.075,0.0,3055000000.0,1.0,412928210.0,412928210.0,,52.656,30492000000.0,0.0,-1085000000.0,2291000000.0,73.843,3175000000.0
15,IP,MRT,2017-09-30,2017-09-30,2017-09-30,2021-09-07,-4949000000.0,33813000000.0,33521000000.0,7211000000.0,26602000000.0,0.592,11.773,-1352000000.0,998000000.0,998000000.0,13174000000.0,903000000.0,1.481,5.877,18620000000.0,958000000.0,17662000000.0,18620000000.0,0.0,1403000000.0,0.0,0.033,1.852,1645000000.0,3048000000.0,0.154,3048000000.0,1645000000.0,1078000000.0,2.19,2.17,2.19,4914000000.0,4593750000.0,4914000000.0,39923835584.0,24.0,13.098,129000000.0,0.309,1.0,6655000000.0,0.336,3420000000.0,567000000.0,43146000000.0,42374000000.0,2465000000.0,7383000000.0,0.0,7383000000.0,28880000000.0,4869000000.0,24011000000.0,23461835584.0,-1564000000.0,-2210000000.0,-46000000.0,1276000000.0,-763000000.0,484000000.0,-3535000000.0,0.0,1481000000.0,6000000.0,902000000.0,902000000.0,902000000.0,-149000000.0,1000000.0,0.045,4518000000.0,2137000000.0,2408000000.0,0.846,4.774,26.011,25.945,14533000000.0,0.0,56.82,1.183,1.196,3343000000.0,4918000000.0,19829000000.0,19829000000.0,0.0,0.027,0.196,0.039,0.083,0.0,2789000000.0,1.0,412915093.0,417400000.0,,47.506,30393000000.0,0.0,176000000.0,3505000000.0,72.815,2342000000.0
16,IP,MRT,2017-06-30,2017-06-30,2017-06-30,2021-09-07,-5108000000.0,33877000000.0,33218000000.0,7237000000.0,26640000000.0,0.589,10.915,-1350000000.0,1041000000.0,1041000000.0,13083000000.0,817000000.0,1.447,6.449,17503000000.0,824000000.0,16679000000.0,17503000000.0,0.0,1344000000.0,0.0,0.032,1.829,1513000000.0,2857000000.0,0.146,2857000000.0,1513000000.0,966000000.0,1.99,1.97,1.99,4545000000.0,4417500000.0,4545000000.0,39939213013.0,26.0,13.979,1181000000.0,2.836,1.0,6495000000.0,0.332,3409000000.0,547000000.0,41928000000.0,41667250000.0,2361000000.0,7367000000.0,0.0,7367000000.0,29312000000.0,5002000000.0,24310000000.0,23374213013.0,-213000000.0,-2204000000.0,-46000000.0,1599000000.0,-753000000.0,786000000.0,-3536000000.0,0.0,2531000000.0,10000000.0,819000000.0,819000000.0,819000000.0,-120000000.0,-2000000.0,0.042,4506000000.0,1989000000.0,2362000000.0,0.919,5.143,28.54,28.447,14491000000.0,0.0,56.61,1.194,1.204,3283000000.0,4717000000.0,19578000000.0,19578000000.0,0.0,0.025,0.185,0.036,0.077,0.0,2767000000.0,1.0,412899011.0,416400000.0,,47.017,30468000000.0,0.0,147000000.0,3499000000.0,73.17,2235000000.0
17,IP,MRT,2017-03-31,2017-03-31,2017-03-31,2021-09-07,-5152000000.0,33301000000.0,32596750000.0,6721000000.0,26580000000.0,0.599,10.998,-1401000000.0,998000000.0,998000000.0,13446000000.0,777000000.0,1.575,6.275,17563000000.0,454000000.0,17109000000.0,17563000000.0,0.0,1288000000.0,0.0,0.036,1.805,1543000000.0,2831000000.0,0.145,2831000000.0,1543000000.0,1004000000.0,1.9,1.88,1.9,4575000000.0,4287250000.0,4575000000.0,37448538904.0,24.0,13.228,1090000000.0,2.62,1.0,6071000000.0,0.311,3402000000.0,539000000.0,42197000000.0,40789250000.0,2394000000.0,7348000000.0,0.0,7348000000.0,28707000000.0,4267000000.0,24440000000.0,20883538904.0,-157000000.0,-2120000000.0,-47000000.0,1666000000.0,-743000000.0,862000000.0,-3534000000.0,0.0,2491000000.0,12000000.0,779000000.0,779000000.0,779000000.0,-124000000.0,-2000000.0,0.04,4108000000.0,1963000000.0,2380000000.0,0.95,4.565,26.808,26.726,14520000000.0,0.0,50.78,1.07,1.082,3078000000.0,4832000000.0,19517000000.0,19517000000.0,0.0,0.024,0.182,0.038,0.079,0.0,2740000000.0,1.0,411255197.0,416000000.0,,46.916,29899000000.0,0.0,225000000.0,3185000000.0,71.873,2454000000.0
18,IP,MRT,2016-12-31,2016-12-31,2016-12-31,2021-09-07,-5362000000.0,33093000000.0,32032250000.0,6670000000.0,26423000000.0,0.609,10.557,-1329000000.0,1033000000.0,1033000000.0,13419000000.0,902000000.0,1.639,6.619,17598000000.0,239000000.0,17359000000.0,17598000000.0,0.0,1227000000.0,0.0,0.034,1.782,1617000000.0,2844000000.0,0.146,2844000000.0,1617000000.0,1097000000.0,2.2,2.18,2.2,4341000000.0,4202000000.0,4341000000.0,36439983641.0,23.0,12.813,1149000000.0,2.794,1.0,6076000000.0,0.312,3364000000.0,520000000.0,42225000000.0,39762500000.0,2233000000.0,7393000000.0,0.0,7393000000.0,28734000000.0,4069000000.0,24665000000.0,21818983641.0,-17000000.0,-2120000000.0,-132000000.0,1861000000.0,-733000000.0,982000000.0,-3498000000.0,0.0,2478000000.0,21000000.0,904000000.0,904000000.0,904000000.0,-102000000.0,-2000000.0,0.046,4027000000.0,2049000000.0,2199000000.0,0.81,5.026,24.136,24.118,13459000000.0,0.0,53.06,1.119,1.119,2852000000.0,4818000000.0,19495000000.0,19495000000.0,0.0,0.028,0.215,0.041,0.083,0.0,2695000000.0,1.0,411213412.0,411213412.0,,47.408,29729000000.0,0.0,193000000.0,3127000000.0,72.296,2601000000.0
19,IP,MRT,2016-09-30,2016-09-30,2016-09-30,2021-09-07,-5458000000.0,32601000000.0,31391750000.0,8103000000.0,24498000000.0,0.62,10.135,-1374000000.0,2562000000.0,2562000000.0,13955000000.0,861000000.0,2.288,6.741,17183000000.0,78000000.0,17105000000.0,17183000000.0,0.0,1213000000.0,0.0,0.037,1.76,1591000000.0,2804000000.0,0.144,2804000000.0,1591000000.0,1074000000.0,2.11,2.09,2.11,4209000000.0,4087750000.0,4209000000.0,34202471240.0,21.0,12.198,1182000000.0,2.846,1.0,5496000000.0,0.283,3362000000.0,517000000.0,40319000000.0,38648500000.0,2222000000.0,7353000000.0,0.0,7353000000.0,28372000000.0,3541000000.0,24831000000.0,19729471240.0,1458000000.0,72000000.0,-232000000.0,1246000000.0,-725000000.0,241000000.0,-1511000000.0,0.0,2556000000.0,29000000.0,864000000.0,864000000.0,864000000.0,-80000000.0,-3000000.0,0.044,4114000000.0,1382000000.0,2031000000.0,0.834,4.687,22.835,22.739,12652000000.0,0.0,47.98,1.014,1.024,2807000000.0,4793000000.0,19451000000.0,19451000000.0,0.0,0.028,0.211,0.041,0.082,0.0,2657000000.0,1.0,411201985.0,415300000.0,,46.836,29239000000.0,287000000.0,210000000.0,3273000000.0,70.405,4562000000.0
20,IP,MRT,2016-06-30,2016-06-30,2016-06-30,2021-09-07,-5481000000.0,31392000000.0,31236750000.0,6871000000.0,24521000000.0,0.636,9.703,-1422000000.0,1254000000.0,1254000000.0,14224000000.0,762000000.0,1.683,6.796,15727000000.0,626000000.0,15101000000.0,15727000000.0,0.0,1228000000.0,0.0,0.041,1.72,1507000000.0,2735000000.0,0.138,2735000000.0,1507000000.0,981000000.0,1.88,1.87,1.88,4024000000.0,4122750000.0,4024000000.0,31924568572.0,21.0,11.673,1630000000.0,3.931,1.0,5652000000.0,0.284,3367000000.0,526000000.0,38416000000.0,37012250000.0,2165000000.0,7302000000.0,0.0,7302000000.0,27346000000.0,4082000000.0,23264000000.0,17425568572.0,-336000000.0,-135000000.0,-384000000.0,-556000000.0,-710000000.0,-1664000000.0,-1693000000.0,0.0,3052000000.0,-31000000.0,772000000.0,772000000.0,772000000.0,-80000000.0,-10000000.0,0.039,4124000000.0,1528000000.0,2016000000.0,0.915,4.33,22.572,22.543,12683000000.0,0.0,42.38,0.877,0.884,2837000000.0,4657000000.0,19876000000.0,19876000000.0,0.0,0.025,0.187,0.041,0.076,0.0,2675000000.0,1.0,411174341.0,414700000.0,,47.929,28025000000.0,297000000.0,209000000.0,3256000000.0,67.579,2789000000.0
21,IP,MRT,2016-03-31,2016-03-31,2016-03-31,2021-09-07,-5389000000.0,31043000000.0,30433250000.0,6792000000.0,24251000000.0,0.666,10.227,-1441000000.0,1155000000.0,1155000000.0,14080000000.0,940000000.0,1.657,6.326,15654000000.0,551000000.0,15103000000.0,15654000000.0,0.0,1255000000.0,0.0,0.041,1.68,1828000000.0,3083000000.0,0.152,3083000000.0,1828000000.0,1287000000.0,2.32,2.31,2.32,4234000000.0,4339750000.0,4234000000.0,31426911844.0,17.0,10.194,1121000000.0,2.708,1.0,6188000000.0,0.305,3354000000.0,541000000.0,38090000000.0,34852750000.0,2217000000.0,7306000000.0,0.0,7306000000.0,26783000000.0,4098000000.0,22685000000.0,16873911844.0,-421000000.0,-175000000.0,-597000000.0,300000000.0,-697000000.0,-1219000000.0,-1726000000.0,0.0,2562000000.0,-26000000.0,959000000.0,959000000.0,959000000.0,-80000000.0,-19000000.0,0.047,4393000000.0,1795000000.0,2065000000.0,0.724,3.985,17.595,17.69,12436000000.0,0.0,41.04,0.833,0.838,2641000000.0,4800000000.0,20268000000.0,20268000000.0,0.0,0.032,0.221,0.052,0.09,0.0,2720000000.0,1.0,411157696.0,414000000.0,,48.957,27689000000.0,295000000.0,328000000.0,3277000000.0,66.882,2694000000.0
22,IP,MRT,2015-12-31,2015-12-31,2015-12-31,2021-09-07,-5708000000.0,30531000000.0,29664250000.0,6477000000.0,24054000000.0,0.697,9.369,-1450000000.0,1050000000.0,1050000000.0,14313000000.0,917000000.0,1.651,6.854,15547000000.0,426000000.0,15121000000.0,15547000000.0,0.0,1294000000.0,0.0,0.044,1.64,1910000000.0,3204000000.0,0.155,3204000000.0,1910000000.0,1355000000.0,2.25,2.23,2.25,3884000000.0,4495750000.0,3884000000.0,30441172959.0,16.0,9.501,1130000000.0,2.726,1.0,6362000000.0,0.308,3335000000.0,555000000.0,37769000000.0,32609000000.0,2228000000.0,7242000000.0,0.0,7242000000.0,26622000000.0,3924000000.0,22698000000.0,15629172959.0,-831000000.0,-175000000.0,-603000000.0,-88000000.0,-685000000.0,-1601000000.0,-1739000000.0,0.0,2580000000.0,-71000000.0,938000000.0,938000000.0,938000000.0,-85000000.0,-21000000.0,0.045,4501000000.0,1861000000.0,2078000000.0,0.729,4.024,16.662,16.756,12346000000.0,0.0,37.7,0.756,0.756,2675000000.0,4649000000.0,20675000000.0,20675000000.0,0.0,0.032,0.209,0.059,0.092,0.0,2787000000.0,1.0,414566922.0,414566922.0,,49.871,27196000000.0,312000000.0,417000000.0,3231000000.0,65.601,2553000000.0
23,IP,MRT,2015-09-30,2015-09-30,2015-09-30,2021-09-07,-5358000000.0,31981000000.0,29202500000.0,12754000000.0,19227000000.0,0.783,10.417,-1359000000.0,1104000000.0,1104000000.0,15808000000.0,867000000.0,1.336,6.326,15916000000.0,4973000000.0,10943000000.0,15916000000.0,0.0,1326000000.0,0.0,0.042,1.6,1838000000.0,3164000000.0,0.138,3164000000.0,1838000000.0,1274000000.0,2.13,2.13,2.13,4349000000.0,4803500000.0,4349000000.0,26176438172.0,14.0,8.273,1375000000.0,3.293,1.0,7057000000.0,0.309,3472000000.0,564000000.0,33774000000.0,30552750000.0,2340000000.0,7264000000.0,4845000000.0,2419000000.0,27511000000.0,9547000000.0,17964000000.0,15786438172.0,-614000000.0,-172000000.0,-667000000.0,-58000000.0,-672000000.0,-1608000000.0,-1501000000.0,0.0,2734000000.0,-96000000.0,894000000.0,894000000.0,894000000.0,9000000.0,-27000000.0,0.039,4961000000.0,2096000000.0,2096000000.0,0.751,3.63,17.658,17.742,12188000000.0,0.0,37.79,0.69,0.69,2832000000.0,4656000000.0,22865000000.0,22865000000.0,0.0,0.031,0.186,0.06,0.08,0.0,3130000000.0,1.0,417741153.0,417500000.0,,54.766,28509000000.0,326000000.0,380000000.0,3191000000.0,68.285,3207000000.0
24,IP,MRT,2015-06-30,2015-06-30,2015-06-30,2021-09-07,-4886000000.0,28178000000.0,28558000000.0,7727000000.0,20451000000.0,0.813,11.595,-1353000000.0,1590000000.0,1590000000.0,15972000000.0,1006000000.0,1.514,4.732,11980000000.0,909000000.0,11071000000.0,11980000000.0,0.0,1354000000.0,0.0,0.048,2.268,2031000000.0,3385000000.0,0.146,3385000000.0,2031000000.0,1450000000.0,2.44,2.43,2.44,4892000000.0,5420250000.0,4892000000.0,29632226065.0,15.0,8.754,1477000000.0,3.501,1.0,7253000000.0,0.312,3686000000.0,581000000.0,29778000000.0,29770500000.0,2424000000.0,2490000000.0,0.0,2490000000.0,23150000000.0,5104000000.0,18046000000.0,20031226065.0,297000000.0,411000000.0,-702000000.0,17000000.0,-655000000.0,-1564000000.0,-896000000.0,0.0,2830000000.0,-73000000.0,1029000000.0,1029000000.0,1029000000.0,-7000000.0,-23000000.0,0.044,5103000000.0,2150000000.0,2744000000.0,0.93,4.095,19.467,19.504,13009000000.0,0.0,47.59,0.862,0.865,3140000000.0,4604000000.0,23225000000.0,23225000000.0,0.0,0.036,0.19,0.068,0.087,0.0,3240000000.0,1.0,420912504.0,421900000.0,,55.049,24492000000.0,330000000.0,421000000.0,3078000000.0,58.052,2623000000.0
25,IP,MRT,2015-03-31,2015-03-31,2015-03-31,2021-09-07,-5042000000.0,27967000000.0,29214000000.0,7660000000.0,20307000000.0,0.801,11.466,-1338000000.0,1576000000.0,1576000000.0,16064000000.0,946000000.0,1.604,4.727,11177000000.0,664000000.0,10513000000.0,11177000000.0,0.0,1385000000.0,0.0,0.04,2.218,1897000000.0,3282000000.0,0.14,3282000000.0,1897000000.0,1296000000.0,2.27,2.26,2.27,4858000000.0,6077750000.0,4858000000.0,33005693188.0,17.0,10.057,1906000000.0,4.498,1.0,7346000000.0,0.314,3677000000.0,601000000.0,29115000000.0,30352250000.0,2437000000.0,2422000000.0,0.0,2422000000.0,22964000000.0,4776000000.0,18188000000.0,23463693188.0,235000000.0,411000000.0,-763000000.0,-283000000.0,-636000000.0,-2069000000.0,-867000000.0,0.0,3244000000.0,-73000000.0,963000000.0,963000000.0,963000000.0,6000000.0,-17000000.0,0.041,5290000000.0,2056000000.0,2678000000.0,0.977,4.83,24.365,24.445,12923000000.0,0.0,55.49,1.002,1.004,3074000000.0,4548000000.0,23410000000.0,23410000000.0,0.0,0.033,0.158,0.062,0.081,0.0,3283000000.0,1.0,422845435.0,423700000.0,,55.251,24290000000.0,333000000.0,333000000.0,3000000000.0,57.328,2884000000.0
26,IP,MRT,2014-12-31,2014-12-31,2014-12-31,2021-09-07,-4646000000.0,28684000000.0,29896000000.0,7959000000.0,20725000000.0,0.79,12.075,-1305000000.0,1881000000.0,1881000000.0,16254000000.0,536000000.0,1.621,4.579,11423000000.0,742000000.0,10681000000.0,11423000000.0,0.0,1414000000.0,0.0,0.04,2.168,1285000000.0,2699000000.0,0.114,2699000000.0,1285000000.0,678000000.0,1.3,1.29,1.3,5115000000.0,6756500000.0,5115000000.0,32740229601.0,25.0,12.131,1772000000.0,4.183,1.0,7363000000.0,0.312,3773000000.0,607000000.0,29544000000.0,31024250000.0,2424000000.0,2393000000.0,0.0,2393000000.0,23421000000.0,4909000000.0,18512000000.0,22697229601.0,79000000.0,411000000.0,-996000000.0,-83000000.0,-620000000.0,-2086000000.0,-860000000.0,0.0,3077000000.0,-52000000.0,555000000.0,555000000.0,555000000.0,13000000.0,-19000000.0,0.024,5846000000.0,1517000000.0,2664000000.0,1.668,4.437,40.896,41.215,13235000000.0,0.0,53.58,0.961,0.961,3083000000.0,4409000000.0,23617000000.0,23617000000.0,0.0,0.019,0.082,0.041,0.054,0.0,3314000000.0,1.0,423613841.0,423613841.0,,55.751,24911000000.0,331000000.0,123000000.0,3063000000.0,58.806,3050000000.0
27,IP,MRT,2014-09-30,2014-09-30,2014-09-30,2021-09-07,-3065000000.0,29403000000.0,30607000000.0,8139000000.0,21264000000.0,0.769,15.903,-1362000000.0,1718000000.0,1718000000.0,16189000000.0,838000000.0,1.671,3.29,11761000000.0,724000000.0,11037000000.0,11761000000.0,0.0,1439000000.0,0.0,0.044,2.118,986000000.0,2425000000.0,0.103,2425000000.0,986000000.0,387000000.0,1.99,1.96,1.99,6816000000.0,7504000000.0,6816000000.0,31089045079.0,32.0,12.82,1608000000.0,3.752,1.0,7333000000.0,0.312,3931000000.0,599000000.0,30645000000.0,31674000000.0,2493000000.0,2671000000.0,0.0,2671000000.0,22426000000.0,4870000000.0,17556000000.0,20386045079.0,-228000000.0,380000000.0,-1264000000.0,-9000000.0,-605000000.0,-2280000000.0,-896000000.0,0.0,2970000000.0,-22000000.0,857000000.0,857000000.0,857000000.0,363000000.0,-19000000.0,0.036,5928000000.0,1405000000.0,2619000000.0,1.064,2.991,23.788,23.99,13444000000.0,0.0,47.74,0.867,0.87,3293000000.0,4446000000.0,23522000000.0,23522000000.0,0.0,0.028,0.114,0.031,0.042,0.0,3298000000.0,1.0,427022310.0,428600000.0,,54.881,25472000000.0,334000000.0,-470000000.0,3600000000.0,59.431,3269000000.0
28,IP,MRT,2014-06-30,2014-06-30,2014-06-30,2021-09-07,-2628000000.0,30802000000.0,31403500000.0,8751000000.0,22051000000.0,0.747,17.408,-1251000000.0,1293000000.0,1293000000.0,16182000000.0,865000000.0,1.623,3.072,11996000000.0,952000000.0,11044000000.0,11996000000.0,0.0,1483000000.0,0.0,0.027,1.35,892000000.0,2375000000.0,0.101,2375000000.0,892000000.0,305000000.0,2.01,1.98,2.01,7522000000.0,7607500000.0,7522000000.0,31994969335.0,36.0,13.472,1498000000.0,3.467,1.0,7264000000.0,0.31,4007000000.0,587000000.0,32105000000.0,32133250000.0,2798000000.0,2863000000.0,0.0,2863000000.0,23111000000.0,5393000000.0,17718000000.0,21862969335.0,88000000.0,722000000.0,-1051000000.0,-148000000.0,-590000000.0,-2194000000.0,-476000000.0,0.0,2749000000.0,9000000.0,884000000.0,884000000.0,884000000.0,384000000.0,-19000000.0,0.038,6019000000.0,1245000000.0,2918000000.0,0.672,2.907,24.732,25.109,13802000000.0,0.0,50.47,0.932,0.93,3969000000.0,4235000000.0,23446000000.0,23446000000.0,0.0,0.028,0.116,0.028,0.038,0.0,3312000000.0,1.0,433187382.0,432100000.0,,54.261,26795000000.0,307000000.0,-579000000.0,3587000000.0,62.011,3358000000.0
29,IP,MRT,2014-03-31,2014-03-31,2014-03-31,2021-09-07,-2778000000.0,30695000000.0,31839250000.0,8733000000.0,21962000000.0,0.781,17.385,-1194000000.0,1341000000.0,1341000000.0,17536000000.0,964000000.0,1.737,3.03,11473000000.0,561000000.0,10912000000.0,11473000000.0,0.0,1520000000.0,0.0,0.028,1.3,1066000000.0,2586000000.0,0.104,2586000000.0,1066000000.0,475000000.0,2.22,2.18,2.22,7573000000.0,7403750000.0,7573000000.0,29861188659.0,28.0,11.547,1774000000.0,4.073,1.0,7346000000.0,0.295,3996000000.0,591000000.0,31803000000.0,32454750000.0,2809000000.0,2791000000.0,0.0,2791000000.0,22949000000.0,5028000000.0,17921000000.0,20132188659.0,407000000.0,726000000.0,-724000000.0,-811000000.0,-575000000.0,-2145000000.0,-407000000.0,0.0,2968000000.0,-9000000.0,982000000.0,982000000.0,982000000.0,347000000.0,-18000000.0,0.039,5899000000.0,1447000000.0,2954000000.0,0.586,2.658,20.501,20.667,13772000000.0,0.0,45.88,0.809,0.803,3933000000.0,4193000000.0,24882000000.0,24882000000.0,0.0,0.031,0.133,0.033,0.043,0.0,3463000000.0,1.0,438800916.0,435600000.0,,57.121,26699000000.0,303000000.0,-507000000.0,3540000000.0,61.292,3705000000.0
30,IP,MRT,2013-12-31,2013-12-31,2013-12-31,2021-09-07,-2759000000.0,31528000000.0,32340000000.0,9025000000.0,22503000000.0,0.726,18.27,-1133000000.0,1802000000.0,1802000000.0,16282000000.0,1378000000.0,1.76,2.868,11531000000.0,661000000.0,10870000000.0,11531000000.0,0.0,1547000000.0,0.0,0.025,1.25,1509000000.0,3056000000.0,0.13,3056000000.0,1509000000.0,897000000.0,3.15,3.11,3.15,8105000000.0,7205000000.0,8105000000.0,31529855220.0,21.0,10.317,1895000000.0,4.272,1.0,7201000000.0,0.307,3987000000.0,612000000.0,32143000000.0,33064000000.0,2825000000.0,2860000000.0,0.0,2860000000.0,23244000000.0,5127000000.0,18117000000.0,21750855220.0,500000000.0,221000000.0,-214000000.0,-727000000.0,-554000000.0,-1688000000.0,-827000000.0,0.0,3028000000.0,-13000000.0,1395000000.0,1395000000.0,1395000000.0,309000000.0,-17000000.0,0.059,5371000000.0,1830000000.0,2900000000.0,0.397,2.684,15.592,15.565,14229000000.0,0.0,49.03,0.926,0.926,3756000000.0,4446000000.0,23483000000.0,23483000000.0,0.0,0.043,0.194,0.046,0.064,0.0,3379000000.0,1.0,443623335.0,443623335.0,,52.935,27541000000.0,302000000.0,-498000000.0,3765000000.0,62.082,3898000000.0
31,IP,MRT,2013-09-30,2013-09-30,2013-09-30,2021-09-07,-3812000000.0,32589000000.0,32496250000.0,9475000000.0,23114000000.0,0.661,16.077,-1065000000.0,1946000000.0,1946000000.0,14575000000.0,1180000000.0,1.756,3.464,11725000000.0,783000000.0,10942000000.0,11725000000.0,0.0,1551000000.0,0.0,0.027,1.2,1952000000.0,3503000000.0,0.163,3503000000.0,1952000000.0,1306000000.0,2.7,2.66,2.7,7230000000.0,6754750000.0,7230000000.0,30938960952.0,16.0,8.832,1639000000.0,3.645,1.0,6919000000.0,0.322,4491000000.0,646000000.0,32482000000.0,33456750000.0,2841000000.0,2877000000.0,0.0,2877000000.0,25047000000.0,5395000000.0,19652000000.0,19978960952.0,671000000.0,226000000.0,266000000.0,-712000000.0,-532000000.0,-1165000000.0,-865000000.0,0.0,2704000000.0,-3000000.0,1194000000.0,1194000000.0,1194000000.0,-87000000.0,-14000000.0,0.056,5062000000.0,1857000000.0,2904000000.0,0.444,2.763,16.733,16.593,14277000000.0,0.0,44.8,0.93,0.937,4024000000.0,4212000000.0,21494000000.0,21494000000.0,0.0,0.037,0.177,0.058,0.091,0.0,3260000000.0,1.0,445958910.0,449700000.0,,47.796,28098000000.0,421000000.0,112000000.0,3330000000.0,62.482,4080000000.0
32,IP,MRT,2013-06-30,2013-06-30,2013-06-30,2021-09-07,-4036000000.0,32545000000.0,32489250000.0,9268000000.0,23277000000.0,0.694,14.954,-1166000000.0,1205000000.0,1205000000.0,15667000000.0,1042000000.0,1.633,3.805,12165000000.0,1068000000.0,11097000000.0,12165000000.0,0.0,1533000000.0,0.0,0.026,1.162,1916000000.0,3449000000.0,0.153,3449000000.0,1916000000.0,1253000000.0,2.38,2.35,2.38,6707000000.0,6698750000.0,6707000000.0,31037211307.0,16.0,8.999,1705000000.0,3.802,1.0,6878000000.0,0.305,4437000000.0,663000000.0,33391000000.0,33931000000.0,2745000000.0,2848000000.0,0.0,2848000000.0,25520000000.0,5677000000.0,19843000000.0,19711211307.0,-23000000.0,-77000000.0,279000000.0,-1154000000.0,-513000000.0,-1560000000.0,-1331000000.0,0.0,2871000000.0,-3000000.0,1049000000.0,1049000000.0,1049000000.0,-106000000.0,-7000000.0,0.047,5070000000.0,1808000000.0,2926000000.0,0.488,2.939,18.79,18.618,14416000000.0,0.0,44.31,0.874,0.881,3946000000.0,3967000000.0,22545000000.0,22545000000.0,0.0,0.032,0.157,0.056,0.085,0.0,3315000000.0,1.0,444847829.0,448500000.0,,50.268,28108000000.0,322000000.0,204000000.0,3137000000.0,62.671,3591000000.0
33,IP,MRT,2013-03-31,2013-03-31,2013-03-31,2021-09-07,-3762000000.0,32698000000.0,32625000000.0,8981000000.0,23717000000.0,0.683,15.194,-1314000000.0,934000000.0,934000000.0,15523000000.0,922000000.0,1.708,3.772,12260000000.0,727000000.0,11533000000.0,12260000000.0,0.0,1503000000.0,0.0,0.024,1.125,1758000000.0,3261000000.0,0.146,3261000000.0,1758000000.0,1091000000.0,2.11,2.09,2.11,6778000000.0,6690750000.0,6778000000.0,31425463481.0,18.0,9.637,1603000000.0,3.593,1.0,6764000000.0,0.303,4527000000.0,667000000.0,34240000000.0,34548000000.0,2793000000.0,2923000000.0,0.0,2923000000.0,25564000000.0,5257000000.0,20307000000.0,20551463481.0,-354000000.0,-81000000.0,227000000.0,-1304000000.0,-493000000.0,-1749000000.0,-1494000000.0,0.0,2917000000.0,-28000000.0,924000000.0,924000000.0,924000000.0,-98000000.0,-2000000.0,0.041,5020000000.0,1744000000.0,2902000000.0,0.533,3.032,22.242,22.076,14772000000.0,0.0,46.58,0.922,0.932,3869000000.0,3844000000.0,22287000000.0,22287000000.0,0.0,0.028,0.138,0.051,0.079,0.0,3273000000.0,1.0,441207804.0,446100000.0,,49.96,28171000000.0,340000000.0,167000000.0,3105000000.0,63.15,3724000000.0
34,IP,MRT,2012-12-31,2012-12-31,2012-12-31,2021-09-07,-3840000000.0,32153000000.0,32912750000.0,8905000000.0,23248000000.0,0.664,14.355,-1383000000.0,1302000000.0,1302000000.0,15287000000.0,799000000.0,1.782,4.048,12176000000.0,444000000.0,11732000000.0,12176000000.0,0.0,1486000000.0,0.0,0.027,1.087,1771000000.0,3257000000.0,0.149,3257000000.0,1771000000.0,1100000000.0,1.82,1.8,1.82,6304000000.0,6761500000.0,6304000000.0,28716542498.0,16.0,8.817,1584000000.0,3.607,1.0,6565000000.0,0.3,4315000000.0,671000000.0,33714000000.0,35261250000.0,2730000000.0,2995000000.0,0.0,2995000000.0,25517000000.0,4998000000.0,20519000000.0,17495542498.0,-2692000000.0,-3305000000.0,73000000.0,-345000000.0,-476000000.0,-795000000.0,-4858000000.0,0.0,2967000000.0,-6000000.0,794000000.0,794000000.0,794000000.0,-77000000.0,5000000.0,0.036,4841000000.0,1724000000.0,2775000000.0,0.597,2.775,22.035,21.89,14571000000.0,0.0,39.84,0.801,0.801,3562000000.0,3662000000.0,21852000000.0,21852000000.0,0.0,0.024,0.117,0.05,0.081,0.0,3144000000.0,1.0,439145132.0,439145132.0,,49.76,27838000000.0,323000000.0,306000000.0,3026000000.0,63.391,3907000000.0
35,IP,MRT,2012-09-30,2012-09-30,2012-09-30,2021-09-07,-2959000000.0,32561000000.0,31629000000.0,8993000000.0,23568000000.0,0.858,15.93,-1435000000.0,1275000000.0,1275000000.0,20056000000.0,852000000.0,1.8,3.599,12496000000.0,413000000.0,12083000000.0,12496000000.0,0.0,1432000000.0,0.0,0.029,1.05,1892000000.0,3324000000.0,0.123,3324000000.0,1892000000.0,1251000000.0,1.93,1.93,1.93,7006000000.0,6846750000.0,7006000000.0,28111973858.0,15.0,8.457,1456000000.0,3.311,1.0,7069000000.0,0.261,4406000000.0,641000000.0,34379000000.0,33294750000.0,2667000000.0,2973000000.0,0.0,2973000000.0,25216000000.0,4997000000.0,20219000000.0,15883973858.0,-1447000000.0,-3567000000.0,25000000.0,1236000000.0,-459000000.0,752000000.0,-5076000000.0,0.0,2891000000.0,-14000000.0,840000000.0,840000000.0,840000000.0,-35000000.0,12000000.0,0.031,5187000000.0,1882000000.0,2690000000.0,0.544,2.267,18.909,18.819,14541000000.0,0.0,36.32,0.586,0.589,3699000000.0,3561000000.0,27125000000.0,27125000000.0,0.0,0.027,0.123,0.057,0.07,0.0,3490000000.0,1.0,437334082.0,439800000.0,,61.676,28155000000.0,512000000.0,411000000.0,3782000000.0,64.018,3996000000.0
36,IP,MRT,2012-06-30,2012-06-30,2012-06-30,2021-09-07,-3124000000.0,33088000000.0,29947250000.0,9281000000.0,23807000000.0,0.893,15.233,-1454000000.0,1228000000.0,1228000000.0,19709000000.0,1079000000.0,1.776,3.894,13456000000.0,838000000.0,12618000000.0,13456000000.0,0.0,1384000000.0,0.0,0.036,1.05,1876000000.0,3260000000.0,0.122,3260000000.0,1876000000.0,1268000000.0,2.47,2.47,2.47,6675000000.0,6945750000.0,6675000000.0,25137879844.0,13.0,7.711,1434000000.0,3.272,1.0,7022000000.0,0.263,4230000000.0,608000000.0,35859000000.0,30841750000.0,2650000000.0,3234000000.0,0.0,3234000000.0,25994000000.0,5227000000.0,20767000000.0,12642879844.0,-1171000000.0,-4028000000.0,-14000000.0,2057000000.0,-459000000.0,1561000000.0,-5515000000.0,0.0,2888000000.0,-105000000.0,1071000000.0,1071000000.0,1071000000.0,-21000000.0,8000000.0,0.04,5048000000.0,1974000000.0,2696000000.0,0.425,1.894,11.805,11.704,14573000000.0,0.0,28.91,0.473,0.474,3601000000.0,3440000000.0,26731000000.0,26731000000.0,0.0,0.036,0.154,0.061,0.07,0.0,3389000000.0,1.0,437318509.0,438200000.0,,61.002,28858000000.0,498000000.0,197000000.0,3905000000.0,65.856,4054000000.0
37,IP,MRT,2012-03-31,2012-03-31,2012-03-31,2021-09-07,-2702000000.0,33849000000.0,28186250000.0,9212000000.0,24637000000.0,0.933,16.099,-1263000000.0,1288000000.0,1288000000.0,19319000000.0,1169000000.0,1.83,3.733,13783000000.0,738000000.0,13045000000.0,13783000000.0,0.0,1354000000.0,0.0,0.03,1.05,1987000000.0,3341000000.0,0.127,3341000000.0,1987000000.0,1414000000.0,2.67,2.67,2.67,7061000000.0,7203500000.0,7061000000.0,21255692684.0,11.0,6.362,1479000000.0,3.372,1.0,6983000000.0,0.265,4218000000.0,573000000.0,37093000000.0,28118250000.0,2748000000.0,3344000000.0,0.0,3344000000.0,26356000000.0,5033000000.0,21323000000.0,15341692684.0,-761000000.0,-4028000000.0,-15000000.0,2359000000.0,-460000000.0,1870000000.0,-5334000000.0,0.0,2742000000.0,-39000000.0,1156000000.0,1156000000.0,1156000000.0,-5000000.0,13000000.0,0.044,4904000000.0,2079000000.0,2777000000.0,0.393,2.173,13.271,13.146,15840000000.0,0.0,35.1,0.583,0.585,3802000000.0,3423000000.0,26302000000.0,26302000000.0,0.0,0.041,0.16,0.071,0.076,0.0,3312000000.0,1.0,437085299.0,438600000.0,,59.968,29631000000.0,468000000.0,258000000.0,4025000000.0,67.558,4179000000.0
38,IP,MRT,2011-12-31,2011-12-31,2011-12-31,2021-09-07,-3005000000.0,27018000000.0,26122750000.0,10456000000.0,16562000000.0,0.997,15.203,-1159000000.0,3994000000.0,3994000000.0,18960000000.0,1336000000.0,2.207,3.015,9908000000.0,719000000.0,9189000000.0,9908000000.0,0.0,1332000000.0,0.0,0.033,0.975,2174000000.0,3506000000.0,0.135,3506000000.0,2174000000.0,1633000000.0,3.06,3.03,3.06,6645000000.0,7268250000.0,6645000000.0,18660293808.0,9.0,5.322,1516000000.0,3.469,1.0,7074000000.0,0.272,2346000000.0,541000000.0,25848000000.0,25160000000.0,2320000000.0,657000000.0,0.0,657000000.0,20033000000.0,4738000000.0,15295000000.0,12937293808.0,1921000000.0,-354000000.0,-30000000.0,1220000000.0,-427000000.0,742000000.0,-1487000000.0,0.0,2675000000.0,-9000000.0,1322000000.0,1322000000.0,1322000000.0,-49000000.0,14000000.0,0.051,4857000000.0,2217000000.0,2500000000.0,0.319,1.947,9.786,9.673,12477000000.0,0.0,29.6,0.497,0.497,3486000000.0,3355000000.0,26034000000.0,26034000000.0,0.0,0.051,0.182,0.086,0.084,0.0,3277000000.0,1.0,437070722.0,437070722.0,,59.565,24672000000.0,296000000.0,311000000.0,2497000000.0,56.449,5718000000.0
39,IP,MRT,2011-09-30,2011-09-30,2011-09-30,2021-09-07,-2077000000.0,25834000000.0,25710250000.0,9935000000.0,15899000000.0,1.019,17.008,-1043000000.0,2722000000.0,2722000000.0,19068000000.0,1417000000.0,2.093,2.455,8445000000.0,644000000.0,7801000000.0,8445000000.0,0.0,1371000000.0,0.0,0.036,0.838,2164000000.0,3535000000.0,0.135,3535000000.0,2164000000.0,1611000000.0,3.26,3.23,3.26,7402000000.0,7315500000.0,7402000000.0,16248585988.0,8.0,4.596,2039000000.0,4.685,1.0,7130000000.0,0.272,2243000000.0,553000000.0,24567000000.0,24986750000.0,2326000000.0,706000000.0,0.0,706000000.0,18172000000.0,4747000000.0,13425000000.0,10162585988.0,1293000000.0,-92000000.0,-30000000.0,-236000000.0,-367000000.0,-660000000.0,-1116000000.0,0.0,3082000000.0,-13000000.0,1404000000.0,1404000000.0,1404000000.0,-49000000.0,13000000.0,0.054,5007000000.0,2123000000.0,2494000000.0,0.257,1.373,7.238,7.132,12075000000.0,0.0,23.25,0.388,0.386,3830000000.0,3188000000.0,26198000000.0,26198000000.0,0.0,0.055,0.192,0.087,0.083,0.0,3364000000.0,1.0,437100529.0,435200000.0,,60.198,23591000000.0,550000000.0,207000000.0,2715000000.0,54.207,5188000000.0
40,IP,MRT,2011-06-30,2011-06-30,2011-06-30,2021-09-07,-1362000000.0,26044000000.0,25524000000.0,9416000000.0,16628000000.0,1.03,17.9,-912000000.0,2399000000.0,2399000000.0,19033000000.0,1351000000.0,1.953,2.346,8485000000.0,610000000.0,7875000000.0,8485000000.0,0.0,1398000000.0,0.0,0.023,0.7,2369000000.0,3767000000.0,0.143,3767000000.0,2369000000.0,1794000000.0,3.1,3.06,3.1,7706000000.0,7062000000.0,7706000000.0,19519881763.0,8.0,5.182,1081000000.0,2.511,1.0,7253000000.0,0.276,2344000000.0,575000000.0,24965000000.0,25244250000.0,2405000000.0,684000000.0,0.0,684000000.0,18075000000.0,4821000000.0,13254000000.0,13037881763.0,528000000.0,-52000000.0,-30000000.0,-266000000.0,-306000000.0,-657000000.0,-926000000.0,0.0,1993000000.0,118000000.0,1333000000.0,1333000000.0,1333000000.0,-49000000.0,18000000.0,0.051,5024000000.0,2229000000.0,2575000000.0,0.226,1.692,9.781,9.619,12617000000.0,0.0,29.82,0.496,0.488,3961000000.0,2785000000.0,26286000000.0,26286000000.0,0.0,0.052,0.189,0.094,0.09,0.0,3378000000.0,1.0,437219419.0,430500000.0,,61.059,23700000000.0,334000000.0,461000000.0,2824000000.0,55.052,4595000000.0
41,IP,MRT,2011-03-31,2011-03-31,2011-03-31,2021-09-07,-1611000000.0,25595000000.0,25274750000.0,8488000000.0,17107000000.0,1.019,16.874,-836000000.0,2049000000.0,2049000000.0,18643000000.0,1224000000.0,1.887,2.462,8531000000.0,375000000.0,8156000000.0,8531000000.0,0.0,1425000000.0,0.0,0.019,0.562,2170000000.0,3595000000.0,0.14,3595000000.0,2170000000.0,1575000000.0,2.81,2.76,2.81,7320000000.0,6558750000.0,7320000000.0,19869360167.0,9.0,5.527,1150000000.0,2.651,1.0,7116000000.0,0.276,2320000000.0,595000000.0,25260000000.0,25426000000.0,2390000000.0,1095000000.0,0.0,1095000000.0,18020000000.0,4497000000.0,13523000000.0,13271360167.0,300000000.0,-207000000.0,-29000000.0,-372000000.0,-246000000.0,-719000000.0,-990000000.0,0.0,1986000000.0,23000000.0,1207000000.0,1207000000.0,1207000000.0,-49000000.0,17000000.0,0.047,5171000000.0,1945000000.0,2541000000.0,0.2,1.813,10.995,10.74,12715000000.0,0.0,30.18,0.515,0.508,3428000000.0,2675000000.0,25759000000.0,25759000000.0,0.0,0.048,0.184,0.085,0.084,0.0,3335000000.0,1.0,439740260.0,433800000.0,,59.38,23275000000.0,343000000.0,368000000.0,2805000000.0,53.654,3991000000.0
42,IP,MRT,2010-12-31,2010-12-31,2010-12-31,2021-09-07,-1822000000.0,25368000000.0,25161500000.0,8028000000.0,17340000000.0,1.001,15.622,-775000000.0,2073000000.0,2073000000.0,18482000000.0,712000000.0,1.783,2.675,8671000000.0,313000000.0,8358000000.0,8671000000.0,0.0,1456000000.0,0.0,0.015,0.4,1520000000.0,2976000000.0,0.118,2976000000.0,1520000000.0,912000000.0,1.61,1.59,1.61,6834000000.0,6183500000.0,6834000000.0,19227310577.0,13.0,6.461,856000000.0,1.957,1.0,6697000000.0,0.266,2308000000.0,608000000.0,25155000000.0,25610500000.0,2347000000.0,1092000000.0,0.0,1092000000.0,18284000000.0,4503000000.0,13781000000.0,11916310577.0,181000000.0,-152000000.0,-26000000.0,-345000000.0,-175000000.0,-588000000.0,-834000000.0,0.0,1631000000.0,-28000000.0,691000000.0,691000000.0,691000000.0,0.0,21000000.0,0.027,5290000000.0,1407000000.0,2556000000.0,0.248,1.744,17.245,16.919,12749000000.0,0.0,27.24,0.473,0.473,3039000000.0,2416000000.0,25179000000.0,25179000000.0,0.0,0.027,0.112,0.059,0.06,0.0,3248000000.0,1.0,437456223.0,437456223.0,,57.558,23060000000.0,339000000.0,221000000.0,2793000000.0,52.714,3525000000.0
43,IP,MRT,2010-09-30,2010-09-30,2010-09-30,2021-09-07,-1975000000.0,25089000000.0,25206500000.0,7808000000.0,17281000000.0,0.977,14.726,-624000000.0,1429000000.0,1429000000.0,17662000000.0,249000000.0,1.728,2.888,8740000000.0,312000000.0,8428000000.0,8740000000.0,0.0,1480000000.0,0.0,0.014,0.3,698000000.0,2178000000.0,0.088,2178000000.0,698000000.0,77000000.0,0.52,0.5,0.52,6388000000.0,5980750000.0,6388000000.0,16565285716.0,24.0,7.606,1048000000.0,2.416,1.0,6963000000.0,0.283,2285000000.0,621000000.0,25597000000.0,25918500000.0,2336000000.0,1065000000.0,0.0,1065000000.0,18451000000.0,4518000000.0,13933000000.0,9505285716.0,-223000000.0,-152000000.0,-26000000.0,-891000000.0,-131000000.0,-1116000000.0,-761000000.0,0.0,1672000000.0,-18000000.0,227000000.0,227000000.0,227000000.0,0.0,22000000.0,0.009,6269000000.0,694000000.0,2556000000.0,0.577,1.488,41.874,41.827,12760000000.0,0.0,21.75,0.386,0.383,3310000000.0,2154000000.0,24625000000.0,24625000000.0,0.0,0.009,0.038,0.027,0.028,0.0,3197000000.0,1.0,437024711.0,433800000.0,,56.766,22804000000.0,330000000.0,-150000000.0,2759000000.0,52.568,3290000000.0
44,IP,MRT,2010-06-30,2010-06-30,2010-06-30,2021-09-07,-2301000000.0,25047000000.0,25604500000.0,7729000000.0,17318000000.0,0.93,13.136,-548000000.0,1871000000.0,1871000000.0,16662000000.0,227000000.0,1.855,3.356,8931000000.0,357000000.0,8574000000.0,8931000000.0,0.0,1496000000.0,0.0,0.009,0.2,731000000.0,2227000000.0,0.093,2227000000.0,731000000.0,93000000.0,0.47,0.46,0.47,5693000000.0,5795000000.0,5693000000.0,17086117183.0,23.0,7.672,2718000000.0,6.271,1.0,7162000000.0,0.301,2249000000.0,638000000.0,25692000000.0,26531000000.0,2212000000.0,1101000000.0,0.0,1101000000.0,19106000000.0,4166000000.0,14940000000.0,9880117183.0,217000000.0,-164000000.0,-26000000.0,-2034000000.0,-88000000.0,-2292000000.0,-727000000.0,0.0,3266000000.0,-30000000.0,201000000.0,201000000.0,201000000.0,0.0,26000000.0,0.008,6409000000.0,753000000.0,2307000000.0,0.426,1.735,49.155,48.149,12737000000.0,0.0,22.63,0.415,0.412,3033000000.0,1812000000.0,23824000000.0,23824000000.0,0.0,0.008,0.035,0.028,0.031,0.0,3180000000.0,1.0,436593816.0,433400000.0,,54.97,22798000000.0,328000000.0,-108000000.0,2355000000.0,52.603,3563000000.0
45,IP,MRT,2010-03-31,2010-03-31,2010-03-31,2021-09-07,-2115000000.0,25142000000.0,26002750000.0,7549000000.0,17593000000.0,0.904,13.57,-526000000.0,1749000000.0,1749000000.0,15953000000.0,267000000.0,1.849,3.281,8955000000.0,358000000.0,8597000000.0,8955000000.0,0.0,1500000000.0,0.0,0.004,0.1,1113000000.0,2613000000.0,0.111,2613000000.0,1113000000.0,459000000.0,0.57,0.57,0.57,5819000000.0,5582500000.0,5819000000.0,17874646649.0,16.0,6.841,3494000000.0,8.148,1.0,7552000000.0,0.321,2267000000.0,654000000.0,25998000000.0,27536250000.0,2145000000.0,1077000000.0,0.0,1077000000.0,19090000000.0,4083000000.0,15007000000.0,10733646649.0,794000000.0,-9000000.0,-26000000.0,-2548000000.0,-43000000.0,-2766000000.0,-551000000.0,0.0,4020000000.0,91000000.0,244000000.0,244000000.0,244000000.0,0.0,23000000.0,0.01,6333000000.0,1219000000.0,2217000000.0,0.175,1.845,43.99,43.175,12972000000.0,0.0,24.61,0.457,0.449,2867000000.0,1774000000.0,23505000000.0,23505000000.0,0.0,0.009,0.044,0.04,0.047,0.0,3165000000.0,1.0,436149732.0,428800000.0,,54.816,22875000000.0,334000000.0,215000000.0,2392000000.0,53.347,3466000000.0
46,IP,MRT,2009-12-31,2009-12-31,2009-12-31,2021-09-07,-2077000000.0,25548000000.0,26272000000.0,7551000000.0,17997000000.0,0.889,13.907,-534000000.0,1892000000.0,1892000000.0,15220000000.0,681000000.0,1.882,3.203,9033000000.0,304000000.0,8729000000.0,9033000000.0,0.0,1472000000.0,0.0,0.012,0.325,1801000000.0,3273000000.0,0.14,3273000000.0,1801000000.0,1132000000.0,1.56,1.55,1.56,6023000000.0,5163750000.0,6023000000.0,19568279593.0,11.0,5.979,4121000000.0,9.515,1.0,8146000000.0,0.349,2290000000.0,669000000.0,26387000000.0,28610500000.0,2179000000.0,1077000000.0,0.0,1077000000.0,19293000000.0,4012000000.0,15281000000.0,11598279593.0,748000000.0,-17000000.0,-10000000.0,-3069000000.0,-140000000.0,-3376000000.0,-593000000.0,0.0,4655000000.0,62000000.0,663000000.0,663000000.0,663000000.0,0.0,18000000.0,0.028,6219000000.0,1927000000.0,2058000000.0,0.208,1.926,17.494,17.167,13445000000.0,0.0,26.78,0.496,0.496,2695000000.0,1949000000.0,23366000000.0,23366000000.0,0.0,0.025,0.128,0.063,0.077,0.0,3206000000.0,1.0,433094767.0,433094767.0,,53.951,23258000000.0,368000000.0,469000000.0,2425000000.0,53.702,3539000000.0
47,IP,MRT,2009-09-30,2009-09-30,2009-09-30,2021-09-07,-2558000000.0,26681000000.0,26613250000.0,7517000000.0,19164000000.0,0.899,13.168,-637000000.0,1652000000.0,1652000000.0,16292000000.0,-1025000000.0,1.742,3.684,9622000000.0,369000000.0,9253000000.0,9622000000.0,0.0,1470000000.0,0.0,0.025,0.55,343000000.0,1813000000.0,0.076,1813000000.0,343000000.0,-349000000.0,-2.46,-2.45,-2.46,5645000000.0,4700250000.0,5645000000.0,18883254496.0,55.0,10.415,3646000000.0,8.505,1.0,7643000000.0,0.319,2288000000.0,692000000.0,28047000000.0,29779000000.0,2278000000.0,1102000000.0,0.0,1102000000.0,20797000000.0,4316000000.0,16481000000.0,9620254496.0,881000000.0,-17000000.0,-10000000.0,-2473000000.0,-236000000.0,-2722000000.0,-668000000.0,0.0,4283000000.0,-12000000.0,-1027000000.0,-1027000000.0,-1027000000.0,-5000000.0,2000000.0,-0.043,7194000000.0,449000000.0,2066000000.0,-0.224,1.704,-9.367,-9.037,14448000000.0,0.0,22.23,0.402,0.398,3080000000.0,2062000000.0,23935000000.0,23935000000.0,0.0,-0.039,-0.218,0.012,0.014,0.0,3225000000.0,1.0,432759889.0,428700000.0,,55.832,24393000000.0,207000000.0,678000000.0,2514000000.0,56.9,3201000000.0
48,IP,MRT,2009-06-30,2009-06-30,2009-06-30,2021-09-07,-2977000000.0,26640000000.0,27485250000.0,7549000000.0,19091000000.0,0.903,11.385,-779000000.0,1654000000.0,1654000000.0,17688000000.0,-1250000000.0,1.911,4.452,10917000000.0,386000000.0,10531000000.0,10917000000.0,0.0,1466000000.0,0.0,0.051,0.775,2000000.0,1468000000.0,0.059,1468000000.0,2000000.0,-665000000.0,-2.98,-2.97,-2.98,4843000000.0,5480250000.0,4843000000.0,17079288880.0,8540.0,11.634,3069000000.0,7.214,1.0,7136000000.0,0.287,2240000000.0,667000000.0,29713000000.0,30916750000.0,2209000000.0,1068000000.0,0.0,1068000000.0,21561000000.0,3950000000.0,17611000000.0,6539288880.0,-2325000000.0,-6094000000.0,-10000000.0,1122000000.0,-328000000.0,810000000.0,-6875000000.0,0.0,3848000000.0,-108000000.0,-1249000000.0,-1249000000.0,-1249000000.0,-5000000.0,-1000000.0,-0.05,6929000000.0,207000000.0,1980000000.0,-0.26,1.35,-5.236,-5.077,14457000000.0,0.0,15.13,0.263,0.259,3312000000.0,1701000000.0,24824000000.0,24824000000.0,0.0,-0.045,-0.228,0.0,0.0,0.0,3282000000.0,1.0,432206914.0,425400000.0,,58.354,24400000000.0,166000000.0,584000000.0,2351000000.0,57.358,3599000000.0
49,IP,MRT,2009-03-31,2009-03-31,2009-03-31,2021-09-07,-3518000000.0,26219000000.0,27818500000.0,7137000000.0,19082000000.0,0.893,9.794,-915000000.0,955000000.0,955000000.0,18212000000.0,-1156000000.0,1.64,5.271,11495000000.0,536000000.0,10959000000.0,11495000000.0,0.0,1404000000.0,0.0,0.142,1.0,-250000000.0,1154000000.0,0.046,1154000000.0,-250000000.0,-825000000.0,-2.76,-2.75,-2.76,4144000000.0,6645250000.0,4144000000.0,13941475414.0,-56.0,12.081,2114000000.0,4.996,1.0,6617000000.0,0.267,2113000000.0,575000000.0,30295000000.0,29890000000.0,2340000000.0,1167000000.0,0.0,1167000000.0,21843000000.0,4351000000.0,17492000000.0,3011475414.0,75000000.0,-6115000000.0,-10000000.0,4644000000.0,-424000000.0,4240000000.0,-7049000000.0,0.0,3029000000.0,-145000000.0,-1158000000.0,-1158000000.0,-1158000000.0,-4000000.0,2000000.0,-0.047,6768000000.0,-151000000.0,1915000000.0,-0.362,0.727,-2.601,-2.551,14400000000.0,0.0,7.04,0.121,0.12,3455000000.0,1575000000.0,24829000000.0,24829000000.0,0.0,-0.042,-0.174,-0.008,-0.01,0.0,3255000000.0,1.0,427766394.0,423100000.0,,58.684,24106000000.0,198000000.0,333000000.0,1948000000.0,56.975,2786000000.0
50,IP,MRT,2008-12-31,2008-12-31,2008-12-31,2021-09-07,-3322000000.0,26913000000.0,27352500000.0,7360000000.0,19553000000.0,0.908,9.751,-1002000000.0,1144000000.0,1144000000.0,18742000000.0,-1279000000.0,1.548,5.4,12074000000.0,828000000.0,11246000000.0,12074000000.0,0.0,1347000000.0,0.0,0.085,1.0,-628000000.0,719000000.0,0.029,719000000.0,-628000000.0,-1120000000.0,-3.05,-3.05,-3.05,4169000000.0,7859000000.0,4169000000.0,16305854366.0,-26.0,22.679,1667000000.0,3.899,1.0,6087000000.0,0.245,2027000000.0,492000000.0,31061000000.0,27925250000.0,2495000000.0,1274000000.0,0.0,1274000000.0,22512000000.0,4755000000.0,17757000000.0,5044854366.0,239000000.0,-6093000000.0,-46000000.0,5292000000.0,-428000000.0,4859000000.0,-7197000000.0,0.0,2669000000.0,-92000000.0,-1282000000.0,-1282000000.0,-1282000000.0,13000000.0,3000000.0,-0.052,6642000000.0,-555000000.0,2119000000.0,-0.328,1.21,-3.935,-3.869,14796000000.0,0.0,11.8,0.203,0.203,3288000000.0,1430000000.0,24829000000.0,24829000000.0,0.0,-0.047,-0.163,-0.022,-0.025,0.0,3233000000.0,1.0,427530031.0,427530031.0,,58.075,24886000000.0,261000000.0,162000000.0,1957000000.0,58.209,2605000000.0
51,IP,MRT,2008-09-30,2008-09-30,2008-09-30,2021-09-07,-614000000.0,30169000000.0,26664000000.0,7890000000.0,22279000000.0,0.905,20.701,-1216000000.0,771000000.0,771000000.0,17962000000.0,875000000.0,1.592,2.442,12032000000.0,800000000.0,11232000000.0,12032000000.0,0.0,1243000000.0,0.0,0.038,1.0,1589000000.0,2832000000.0,0.117,2832000000.0,1589000000.0,1204000000.0,1.98,1.97,1.98,8765000000.0,8984750000.0,8765000000.0,16886358763.0,11.0,5.963,1276000000.0,3.014,1.0,6162000000.0,0.255,3877000000.0,385000000.0,32598000000.0,25755500000.0,2766000000.0,1377000000.0,0.0,1377000000.0,21404000000.0,4955000000.0,16449000000.0,11193358763.0,-931000000.0,-6683000000.0,-140000000.0,5135000000.0,-427000000.0,4499000000.0,-7915000000.0,0.0,2492000000.0,-7000000.0,836000000.0,836000000.0,836000000.0,29000000.0,39000000.0,0.035,4480000000.0,1682000000.0,2532000000.0,0.505,1.277,13.389,13.222,15467000000.0,0.0,26.18,0.464,0.459,3864000000.0,4559000000.0,24124000000.0,24124000000.0,0.0,0.031,0.093,0.062,0.066,0.0,3169000000.0,1.0,427553778.0,423400000.0,,56.977,26292000000.0,217000000.0,368000000.0,3124000000.0,62.097,2935000000.0
52,IP,MRT,2008-06-30,2008-06-30,2008-06-30,2021-09-07,185000000.0,27973000000.0,25050500000.0,10019000000.0,17954000000.0,0.912,22.487,-1293000000.0,3979000000.0,3979000000.0,16894000000.0,940000000.0,2.31,1.944,9672000000.0,757000000.0,8915000000.0,9672000000.0,0.0,1146000000.0,0.0,0.043,1.0,1561000000.0,2707000000.0,0.118,2707000000.0,1561000000.0,1243000000.0,2.14,2.13,2.14,9503000000.0,8782500000.0,9503000000.0,15847666771.0,10.0,5.854,969000000.0,2.293,1.0,5963000000.0,0.261,3722000000.0,318000000.0,25606000000.0,22883250000.0,2219000000.0,1357000000.0,0.0,1357000000.0,18470000000.0,4338000000.0,14132000000.0,9963666771.0,2298000000.0,-819000000.0,-140000000.0,2701000000.0,-431000000.0,2110000000.0,-2172000000.0,0.0,2262000000.0,98000000.0,904000000.0,904000000.0,904000000.0,32000000.0,36000000.0,0.04,4404000000.0,1559000000.0,2261000000.0,0.467,1.048,11.022,10.888,11266000000.0,0.0,23.3,0.436,0.431,3284000000.0,4517000000.0,22857000000.0,22857000000.0,0.0,0.036,0.103,0.068,0.068,0.0,2996000000.0,1.0,427625220.0,422600000.0,,54.087,24251000000.0,184000000.0,339000000.0,3166000000.0,57.385,5681000000.0
53,IP,MRT,2008-03-31,2008-03-31,2008-03-31,2021-09-07,-179000000.0,24355000000.0,23845250000.0,6712000000.0,17643000000.0,0.937,21.259,-1325000000.0,880000000.0,880000000.0,16470000000.0,896000000.0,1.619,1.706,6764000000.0,727000000.0,6037000000.0,6764000000.0,0.0,1110000000.0,0.0,0.037,1.0,1515000000.0,2625000000.0,0.117,2625000000.0,1515000000.0,1198000000.0,2.04,2.03,2.04,8999000000.0,8307750000.0,8999000000.0,17350091480.0,11.0,6.61,744000000.0,1.758,1.0,5871000000.0,0.263,3658000000.0,317000000.0,22436000000.0,21681750000.0,2147000000.0,1317000000.0,0.0,1317000000.0,15356000000.0,4145000000.0,11211000000.0,11635091480.0,-1510000000.0,-761000000.0,-774000000.0,-360000000.0,-434000000.0,-1565000000.0,-2113000000.0,0.0,2069000000.0,99000000.0,867000000.0,867000000.0,867000000.0,41000000.0,29000000.0,0.039,4322000000.0,1549000000.0,2184000000.0,0.49,1.293,13.42,13.333,11068000000.0,0.0,27.2,0.521,0.515,3206000000.0,4396000000.0,22341000000.0,22341000000.0,0.0,0.036,0.104,0.07,0.068,0.0,2931000000.0,1.0,427760669.0,423300000.0,,52.778,20697000000.0,206000000.0,331000000.0,3117000000.0,48.894,2567000000.0
54,IP,MRT,2007-12-31,2007-12-31,2007-12-31,2021-09-07,-471000000.0,24159000000.0,23723000000.0,6735000000.0,17424000000.0,0.923,20.255,-1288000000.0,905000000.0,905000000.0,16060000000.0,1192000000.0,1.753,1.786,6620000000.0,267000000.0,6353000000.0,6620000000.0,0.0,1086000000.0,0.0,0.031,1.0,1880000000.0,2966000000.0,0.135,2966000000.0,1880000000.0,1583000000.0,2.72,2.7,2.72,8672000000.0,8039250000.0,8672000000.0,18938098230.0,10.0,6.385,599000000.0,1.399,1.0,5830000000.0,0.266,3650000000.0,297000000.0,22382000000.0,21377250000.0,2071000000.0,1276000000.0,0.0,1276000000.0,15487000000.0,3842000000.0,11645000000.0,13863098230.0,-719000000.0,858000000.0,-1096000000.0,-720000000.0,-436000000.0,-2252000000.0,-446000000.0,0.0,1887000000.0,92000000.0,1168000000.0,1168000000.0,1168000000.0,47000000.0,24000000.0,0.053,4206000000.0,1624000000.0,2145000000.0,0.368,1.599,11.869,11.904,10911000000.0,0.0,32.38,0.633,0.633,3152000000.0,4375000000.0,21890000000.0,21890000000.0,0.0,0.049,0.145,0.088,0.086,0.0,2865000000.0,1.0,428137645.0,428137645.0,,51.128,20509000000.0,213000000.0,415000000.0,2919000000.0,47.903,2893000000.0
55,IP,MRT,2007-09-30,2007-09-30,2007-09-30,2021-09-07,-1030000000.0,23715000000.0,23691750000.0,7505000000.0,16210000000.0,0.902,18.694,586000000.0,1702000000.0,1702000000.0,15721000000.0,2820000000.0,1.863,1.981,6777000000.0,586000000.0,6191000000.0,6777000000.0,0.0,1083000000.0,0.0,0.028,1.0,5107000000.0,6190000000.0,0.29,6190000000.0,5107000000.0,4809000000.0,6.05,6.01,6.05,7956000000.0,7862000000.0,7956000000.0,20473917060.0,4.0,3.308,1522000000.0,3.576,1.0,5652000000.0,0.264,3652000000.0,298000000.0,21109000000.0,21297500000.0,2030000000.0,608000000.0,0.0,608000000.0,15759000000.0,4029000000.0,11730000000.0,15410917060.0,966000000.0,1015000000.0,-1044000000.0,1124000000.0,-443000000.0,-493000000.0,430000000.0,0.0,936000000.0,93000000.0,2820000000.0,2820000000.0,2820000000.0,104000000.0,0.0,0.132,585000000.0,5067000000.0,2070000000.0,0.165,1.937,5.465,5.929,10577000000.0,0.0,35.87,0.721,0.714,3080000000.0,4154000000.0,21373000000.0,21373000000.0,0.0,0.119,0.359,0.24,0.239,0.0,2797000000.0,1.0,429632516.0,425600000.0,,50.219,20063000000.0,516000000.0,1989000000.0,2751000000.0,47.141,3476000000.0
56,IP,MRT,2007-06-30,2007-06-30,2007-06-30,2021-09-07,-1241000000.0,23152000000.0,23935250000.0,7424000000.0,15728000000.0,0.888,17.635,619000000.0,1681000000.0,1681000000.0,15541000000.0,2827000000.0,1.909,2.045,6744000000.0,525000000.0,6219000000.0,6744000000.0,0.0,1093000000.0,0.0,0.026,1.0,5296000000.0,6389000000.0,0.301,6389000000.0,5296000000.0,4931000000.0,6.01,5.96,6.01,7604000000.0,7341500000.0,7604000000.0,21518945687.0,4.0,3.368,1605000000.0,3.722,1.0,5720000000.0,0.269,3526000000.0,365000000.0,20800000000.0,22447000000.0,2013000000.0,616000000.0,0.0,616000000.0,15548000000.0,3889000000.0,11659000000.0,17008945687.0,1407000000.0,3400000000.0,-2424000000.0,707000000.0,-461000000.0,-2303000000.0,2679000000.0,0.0,986000000.0,45000000.0,2827000000.0,2827000000.0,2827000000.0,262000000.0,0.0,0.133,382000000.0,5338000000.0,1990000000.0,0.166,2.237,6.017,6.498,10403000000.0,0.0,39.05,0.8,0.792,3000000000.0,4044000000.0,21261000000.0,21261000000.0,0.0,0.118,0.385,0.236,0.249,0.0,2819000000.0,1.0,435568358.0,431200000.0,,49.307,19626000000.0,508000000.0,2104000000.0,2805000000.0,45.515,3535000000.0
57,IP,MRT,2007-03-31,2007-03-31,2007-03-31,2021-09-07,-1452000000.0,23866000000.0,24685750000.0,8077000000.0,15789000000.0,0.878,17.674,616000000.0,2390000000.0,2390000000.0,15931000000.0,2720000000.0,2.067,2.011,6900000000.0,542000000.0,6358000000.0,6900000000.0,0.0,1106000000.0,0.0,0.027,1.0,5201000000.0,6307000000.0,0.291,6307000000.0,5201000000.0,4768000000.0,5.74,5.69,5.74,7925000000.0,7215750000.0,7925000000.0,22073193498.0,4.0,3.5,1845000000.0,4.115,1.0,5755000000.0,0.265,3251000000.0,433000000.0,21218000000.0,24058250000.0,2009000000.0,631000000.0,0.0,631000000.0,15941000000.0,3907000000.0,12034000000.0,16474193498.0,1681000000.0,3363000000.0,-1776000000.0,131000000.0,-476000000.0,-2240000000.0,2659000000.0,0.0,1229000000.0,33000000.0,2720000000.0,2720000000.0,2720000000.0,231000000.0,0.0,0.125,406000000.0,5349000000.0,1911000000.0,0.174,2.079,6.057,6.341,10629000000.0,0.0,36.4,0.76,0.753,2924000000.0,3963000000.0,21686000000.0,21686000000.0,0.0,0.11,0.377,0.216,0.24,0.0,2857000000.0,1.0,452587634.0,448400000.0,,48.363,20615000000.0,491000000.0,2048000000.0,3277000000.0,45.975,4170000000.0
58,IP,MRT,2006-12-31,2006-12-31,2006-12-31,2021-09-07,-1564000000.0,24034000000.0,25378250000.0,8637000000.0,15397000000.0,0.867,17.502,626000000.0,1624000000.0,1624000000.0,16248000000.0,1050000000.0,1.861,2.018,7223000000.0,692000000.0,6531000000.0,7223000000.0,0.0,1158000000.0,0.0,0.029,1.0,3460000000.0,4618000000.0,0.21,4618000000.0,3460000000.0,2939000000.0,2.21,2.18,2.21,7963000000.0,6996500000.0,7963000000.0,25228458370.0,7.0,5.463,1849000000.0,4.064,1.0,5747000000.0,0.261,2929000000.0,521000000.0,22063000000.0,25941500000.0,1909000000.0,641000000.0,0.0,641000000.0,16071000000.0,4641000000.0,11430000000.0,15514458370.0,-17000000.0,1730000000.0,-1401000000.0,-308000000.0,-485000000.0,-2304000000.0,1034000000.0,0.0,1223000000.0,30000000.0,1050000000.0,1050000000.0,1050000000.0,232000000.0,0.0,0.048,542000000.0,5205000000.0,1907000000.0,0.452,1.948,14.776,15.43,9252000000.0,0.0,34.1,0.705,0.705,2704000000.0,3737000000.0,21995000000.0,21995000000.0,0.0,0.041,0.15,0.133,0.157,0.0,2923000000.0,1.0,454969467.0,454969467.0,,48.344,21105000000.0,490000000.0,1889000000.0,2233000000.0,46.388,3996000000.0
59,IP,MRT,2006-09-30,2006-09-30,2006-09-30,2021-09-07,-1817000000.0,24689000000.0,26562500000.0,6784000000.0,17905000000.0,0.78,12.114,-1000000000.0,736000000.0,736000000.0,15517000000.0,-1006000000.0,1.347,3.203,10450000000.0,1399000000.0,9051000000.0,10450000000.0,0.0,1152000000.0,0.0,0.029,1.0,-390000000.0,762000000.0,0.037,762000000.0,-390000000.0,-982000000.0,-2.06,-2.06,-2.06,5874000000.0,7093500000.0,5874000000.0,27614346585.0,-71.0,36.239,1192000000.0,2.458,1.0,5204000000.0,0.251,3661000000.0,592000000.0,25707000000.0,28113500000.0,2306000000.0,648000000.0,0.0,648000000.0,18815000000.0,5035000000.0,13780000000.0,17076346585.0,-356000000.0,1983000000.0,-1356000000.0,-1350000000.0,-494000000.0,-3177000000.0,619000000.0,0.0,2192000000.0,10000000.0,-1006000000.0,-1006000000.0,-1006000000.0,6000000.0,0.0,-0.049,4181000000.0,1023000000.0,2000000000.0,-0.485,2.907,-16.974,-16.811,10349000000.0,0.0,34.63,0.824,0.81,3048000000.0,1879000000.0,20721000000.0,20721000000.0,0.0,-0.038,-0.142,-0.014,-0.019,0.0,2847000000.0,1.0,493108492.0,484900000.0,,42.733,21028000000.0,288000000.0,24000000.0,754000000.0,43.366,1749000000.0
60,IP,MRT,2006-06-30,2006-06-30,2006-06-30,2021-09-07,-1837000000.0,26154000000.0,27503000000.0,7721000000.0,18433000000.0,0.771,14.575,-975000000.0,274000000.0,274000000.0,16055000000.0,-207000000.0,1.382,2.683,10812000000.0,1774000000.0,9038000000.0,10812000000.0,0.0,1197000000.0,0.0,0.031,1.0,-195000000.0,1002000000.0,0.047,1002000000.0,-195000000.0,-764000000.0,-0.43,-0.49,-0.43,7101000000.0,7841750000.0,7101000000.0,26669119616.0,-137.0,26.616,828000000.0,1.7,1.0,5162000000.0,0.243,3862000000.0,569000000.0,27245000000.0,29067000000.0,2334000000.0,618000000.0,0.0,618000000.0,19053000000.0,5585000000.0,13468000000.0,15922119616.0,-977000000.0,941000000.0,25000000.0,-2131000000.0,-491000000.0,-2622000000.0,-180000000.0,0.0,1803000000.0,22000000.0,-207000000.0,-207000000.0,-207000000.0,-445000000.0,0.0,-0.01,4318000000.0,844000000.0,1998000000.0,-2.326,2.242,-76.918,-75.116,10732000000.0,0.0,32.3,0.75,0.742,2987000000.0,1803000000.0,21217000000.0,21217000000.0,0.0,-0.008,-0.026,-0.007,-0.009,0.0,2835000000.0,1.0,492944895.0,487200000.0,,43.549,22292000000.0,307000000.0,-557000000.0,377000000.0,45.755,2136000000.0
61,IP,MRT,2006-03-31,2006-03-31,2006-03-31,2021-09-07,-1855000000.0,26636000000.0,29101000000.0,8096000000.0,18540000000.0,0.734,14.493,-983000000.0,709000000.0,709000000.0,16143000000.0,-213000000.0,1.689,2.779,11456000000.0,894000000.0,10562000000.0,11456000000.0,0.0,1272000000.0,0.0,0.029,1.0,-61000000.0,1211000000.0,0.057,1211000000.0,-61000000.0,-637000000.0,-0.44,-0.5,-0.44,7048000000.0,8090500000.0,7048000000.0,27592040928.0,-452.0,22.785,618000000.0,1.271,1.0,5218000000.0,0.244,3840000000.0,576000000.0,28751000000.0,31022000000.0,2315000000.0,620000000.0,0.0,620000000.0,19588000000.0,4792000000.0,14796000000.0,17029040928.0,-820000000.0,1221000000.0,14000000.0,-1897000000.0,-490000000.0,-2326000000.0,-17000000.0,0.0,1601000000.0,-78000000.0,-213000000.0,-213000000.0,-213000000.0,-410000000.0,0.0,-0.01,4362000000.0,856000000.0,1951000000.0,-2.273,2.416,-79.949,-78.568,12464000000.0,0.0,34.57,0.797,0.787,2923000000.0,1812000000.0,21361000000.0,21361000000.0,0.0,-0.007,-0.026,-0.002,-0.003,0.0,2823000000.0,1.0,492595905.0,486300000.0,,43.926,22796000000.0,282000000.0,-424000000.0,252000000.0,46.876,3304000000.0
62,IP,MRT,2005-12-31,2005-12-31,2005-12-31,2021-09-07,-1935000000.0,28771000000.0,30767750000.0,11759000000.0,17012000000.0,0.705,17.026,-992000000.0,1641000000.0,1641000000.0,16334000000.0,1100000000.0,2.373,2.445,12197000000.0,1178000000.0,11019000000.0,12197000000.0,0.0,1274000000.0,0.0,0.03,1.0,1288000000.0,2562000000.0,0.118,2562000000.0,1288000000.0,693000000.0,2.26,2.21,2.26,8351000000.0,8391000000.0,8351000000.0,26961659464.0,21.0,10.524,518000000.0,1.056,1.0,5366000000.0,0.247,3621000000.0,595000000.0,30751000000.0,32863000000.0,1932000000.0,616000000.0,0.0,616000000.0,20420000000.0,4955000000.0,15465000000.0,16485659464.0,-955000000.0,1221000000.0,23000000.0,-1697000000.0,-490000000.0,-2377000000.0,7000000.0,0.0,1510000000.0,-95000000.0,1100000000.0,1100000000.0,1100000000.0,-416000000.0,0.0,0.051,4374000000.0,992000000.0,1771000000.0,0.442,1.974,14.987,14.872,11200000000.0,0.0,33.61,0.76,0.76,2416000000.0,3172000000.0,21700000000.0,21700000000.0,0.0,0.036,0.131,0.039,0.059,0.0,2809000000.0,1.0,490498543.0,490498543.0,,44.241,25150000000.0,278000000.0,-407000000.0,684000000.0,51.274,6804000000.0
63,IP,MRT,2005-09-30,2005-09-30,2005-09-30,2021-09-07,-1595000000.0,28451000000.0,32129250000.0,7063000000.0,21388000000.0,0.646,17.486,-938000000.0,1092000000.0,1092000000.0,15303000000.0,1346000000.0,1.619,2.209,11568000000.0,796000000.0,10772000000.0,11568000000.0,0.0,1264000000.0,0.0,0.034,1.0,1657000000.0,2921000000.0,0.141,2921000000.0,1657000000.0,1042000000.0,2.77,2.7,2.77,8867000000.0,8366750000.0,8867000000.0,26748857072.0,16.0,9.157,1469000000.0,2.897,1.0,5454000000.0,0.263,5043000000.0,615000000.0,29521000000.0,33566000000.0,2427000000.0,597000000.0,0.0,597000000.0,19584000000.0,4363000000.0,15221000000.0,14616857072.0,-465000000.0,2030000000.0,52000000.0,-3031000000.0,-489000000.0,-3685000000.0,741000000.0,0.0,2407000000.0,72000000.0,1346000000.0,1346000000.0,1346000000.0,-486000000.0,0.0,0.065,4128000000.0,1326000000.0,2038000000.0,0.361,1.648,10.859,10.758,14057000000.0,0.0,29.8,0.704,0.728,2918000000.0,3371000000.0,20757000000.0,20757000000.0,0.0,0.042,0.161,0.049,0.08,0.0,2795000000.0,1.0,490498543.0,507100000.0,,40.933,23408000000.0,389000000.0,-304000000.0,1287000000.0,46.161,2700000000.0
64,IP,MRT,2005-06-30,2005-06-30,2005-06-30,2021-09-07,-1452000000.0,32546000000.0,33677250000.0,8031000000.0,24515000000.0,0.619,16.611,-854000000.0,1251000000.0,1251000000.0,15271000000.0,-147000000.0,1.745,3.02,13383000000.0,571000000.0,12812000000.0,13383000000.0,0.0,1182000000.0,0.0,0.033,1.0,713000000.0,1895000000.0,0.091,1895000000.0,713000000.0,39000000.0,-0.3,-0.24,-0.3,8096000000.0,8113250000.0,8096000000.0,27156690498.0,38.0,14.331,1418000000.0,2.909,1.0,5577000000.0,0.268,5012000000.0,674000000.0,35065000000.0,35406000000.0,2830000000.0,644000000.0,0.0,644000000.0,24450000000.0,4601000000.0,19849000000.0,14817690498.0,-611000000.0,167000000.0,73000000.0,-1691000000.0,-489000000.0,-2511000000.0,-477000000.0,0.0,2272000000.0,105000000.0,-147000000.0,-147000000.0,-147000000.0,489000000.0,0.0,-0.007,4185000000.0,1392000000.0,2197000000.0,-3.333,1.83,-100.801,-100.7,17077000000.0,0.0,30.21,0.711,0.706,3195000000.0,2470000000.0,20848000000.0,20848000000.0,0.0,-0.004,-0.018,0.02,0.034,0.0,2806000000.0,1.0,490489557.0,487400000.0,,42.774,27534000000.0,422000000.0,186000000.0,1769000000.0,56.492,3430000000.0
65,IP,MRT,2005-03-31,2005-03-31,2005-03-31,2021-09-07,-1333000000.0,33303000000.0,34076750000.0,8689000000.0,24614000000.0,0.623,16.875,-872000000.0,1529000000.0,1529000000.0,15542000000.0,-31000000.0,1.919,3.037,13868000000.0,342000000.0,13526000000.0,13868000000.0,0.0,1200000000.0,0.0,0.027,1.0,707000000.0,1907000000.0,0.09,1907000000.0,707000000.0,4000000.0,-0.06,0.0,-0.06,8250000000.0,8156000000.0,8250000000.0,30081093932.0,43.0,15.774,1447000000.0,2.96,1.0,5675000000.0,0.267,4998000000.0,703000000.0,36115000000.0,35669750000.0,2830000000.0,655000000.0,0.0,655000000.0,25053000000.0,4529000000.0,20524000000.0,18039093932.0,-695000000.0,509000000.0,87000000.0,-2251000000.0,-487000000.0,-3169000000.0,-71000000.0,0.0,2319000000.0,226000000.0,-31000000.0,-31000000.0,-31000000.0,344000000.0,0.0,-0.001,4349000000.0,1326000000.0,2174000000.0,-16.667,2.187,-581.906,-613.167,17193000000.0,0.0,36.79,0.85,0.848,3180000000.0,2516000000.0,21217000000.0,21217000000.0,0.0,-0.001,-0.004,0.02,0.033,0.0,2817000000.0,1.0,490325984.0,488900000.0,,43.397,28305000000.0,471000000.0,35000000.0,1704000000.0,57.895,4160000000.0
66,IP,MRT,2004-12-31,2004-12-31,2004-12-31,2021-09-07,-1357000000.0,34217000000.0,34561750000.0,12586000000.0,21631000000.0,0.6,16.963,-925000000.0,2180000000.0,2180000000.0,15204000000.0,-35000000.0,1.716,3.146,13854000000.0,222000000.0,13632000000.0,13854000000.0,0.0,1262000000.0,0.0,0.024,1.0,791000000.0,2053000000.0,0.099,2053000000.0,791000000.0,79000000.0,-0.07,-0.07,-0.07,8254000000.0,8155250000.0,8254000000.0,33657675980.0,43.0,16.394,1463000000.0,3.007,1.0,5517000000.0,0.266,4994000000.0,712000000.0,33563000000.0,35822000000.0,2371000000.0,655000000.0,0.0,655000000.0,25963000000.0,7334000000.0,18629000000.0,20436675980.0,233000000.0,487000000.0,164000000.0,-1826000000.0,-485000000.0,-2435000000.0,55000000.0,0.0,2388000000.0,225000000.0,-35000000.0,-35000000.0,-35000000.0,273000000.0,0.0,-0.002,4290000000.0,1227000000.0,2026000000.0,-14.286,2.476,-583.905,-600.0,14373000000.0,0.0,42.0,0.986,0.986,2743000000.0,2562000000.0,20721000000.0,20721000000.0,0.0,-0.001,-0.004,0.022,0.038,0.0,2802000000.0,1.0,486587477.0,486587477.0,,42.584,29223000000.0,410000000.0,114000000.0,1118000000.0,60.057,5252000000.0
67,IP,MRT,2004-09-30,2004-09-30,2004-09-30,2021-09-07,-1648000000.0,34643000000.0,34888750000.0,9991000000.0,24652000000.0,0.651,15.428,-1033000000.0,1828000000.0,1828000000.0,16868000000.0,-156000000.0,1.678,3.411,15049000000.0,615000000.0,14434000000.0,15049000000.0,0.0,1202000000.0,0.0,0.025,1.0,691000000.0,1893000000.0,0.083,1893000000.0,691000000.0,11000000.0,-0.32,-0.23,-0.32,7853000000.0,8151000000.0,7853000000.0,32347203636.0,47.0,17.088,424000000.0,0.833,1.0,5832000000.0,0.257,5030000000.0,680000000.0,36881000000.0,36590250000.0,2687000000.0,671000000.0,0.0,671000000.0,26790000000.0,5953000000.0,20837000000.0,19650203636.0,-7000000.0,-162000000.0,188000000.0,-233000000.0,-486000000.0,-904000000.0,-680000000.0,0.0,1457000000.0,120000000.0,-156000000.0,-156000000.0,-156000000.0,480000000.0,0.0,-0.007,4525000000.0,1307000000.0,2208000000.0,-3.125,2.502,-125.963,-126.281,17088000000.0,0.0,40.41,0.866,0.906,3239000000.0,2514000000.0,22700000000.0,22700000000.0,0.0,-0.004,-0.019,0.019,0.03,0.0,2889000000.0,1.0,486270803.0,509000000.0,,44.597,29613000000.0,0.0,167000000.0,1251000000.0,58.179,4038000000.0
68,IP,MRT,2004-06-30,2004-06-30,2004-06-30,2021-09-07,-1812000000.0,34144000000.0,34887500000.0,8572000000.0,25572000000.0,0.652,16.934,-1124000000.0,1862000000.0,1862000000.0,16973000000.0,436000000.0,1.592,3.13,14559000000.0,848000000.0,13711000000.0,14559000000.0,0.0,1300000000.0,0.0,0.022,1.0,1128000000.0,2428000000.0,0.107,2428000000.0,1128000000.0,424000000.0,0.9,0.93,0.9,8267000000.0,8136500000.0,8267000000.0,35040098491.0,31.0,14.432,700000000.0,1.434,1.0,5764000000.0,0.254,5335000000.0,704000000.0,36120000000.0,36803500000.0,2739000000.0,731000000.0,0.0,731000000.0,25877000000.0,5386000000.0,20491000000.0,21701098491.0,432000000.0,580000000.0,202000000.0,-305000000.0,-483000000.0,-743000000.0,-700000000.0,0.0,1824000000.0,51000000.0,436000000.0,436000000.0,436000000.0,-214000000.0,0.0,0.019,4738000000.0,1026000000.0,2304000000.0,1.111,2.625,49.773,49.667,17709000000.0,0.0,44.7,0.954,0.96,3056000000.0,3106000000.0,22737000000.0,22737000000.0,0.0,0.012,0.054,0.031,0.05,0.0,2891000000.0,1.0,485483166.0,488200000.0,,46.573,28809000000.0,0.0,-12000000.0,1444000000.0,59.011,3186000000.0
69,IP,MRT,2004-03-31,2004-03-31,2004-03-31,2021-09-07,-1722000000.0,35243000000.0,35120500000.0,9415000000.0,25828000000.0,0.645,17.025,-1050000000.0,2224000000.0,2224000000.0,16928000000.0,331000000.0,1.444,3.273,15563000000.0,1757000000.0,13806000000.0,15563000000.0,0.0,1332000000.0,0.0,0.024,1.0,978000000.0,2310000000.0,0.102,2310000000.0,978000000.0,264000000.0,0.69,0.72,0.69,8247000000.0,8034000000.0,8247000000.0,33698987266.0,34.0,14.588,869000000.0,1.794,1.0,5738000000.0,0.253,5340000000.0,714000000.0,36724000000.0,37386250000.0,2813000000.0,733000000.0,0.0,733000000.0,26996000000.0,6518000000.0,20478000000.0,20524987266.0,6000000.0,-33000000.0,193000000.0,211000000.0,-481000000.0,-791000000.0,-1242000000.0,0.0,1919000000.0,120000000.0,331000000.0,331000000.0,331000000.0,-86000000.0,0.0,0.015,4758000000.0,980000000.0,2284000000.0,1.449,2.489,62.009,61.246,17866000000.0,0.0,42.26,0.906,0.903,2996000000.0,3034000000.0,22666000000.0,22666000000.0,0.0,0.009,0.041,0.026,0.043,0.0,2904000000.0,1.0,485683526.0,484400000.0,,46.792,29903000000.0,0.0,-67000000.0,1425000000.0,61.732,2897000000.0
70,IP,MRT,2003-12-31,2003-12-31,2003-12-31,2021-09-07,-1690000000.0,35525000000.0,35145250000.0,11096000000.0,24429000000.0,0.63,17.144,-993000000.0,2363000000.0,2363000000.0,16443000000.0,302000000.0,1.526,3.313,15537000000.0,2087000000.0,13450000000.0,15537000000.0,0.0,1347000000.0,0.0,0.023,1.0,951000000.0,2298000000.0,0.104,2298000000.0,951000000.0,246000000.0,0.63,0.66,0.63,8237000000.0,7842750000.0,8237000000.0,34293939175.0,36.0,14.923,829000000.0,1.725,1.0,5695000000.0,0.257,4793000000.0,705000000.0,36636000000.0,38035750000.0,2767000000.0,678000000.0,0.0,678000000.0,27288000000.0,7270000000.0,20018000000.0,20712939175.0,1289000000.0,33000000.0,80000000.0,1579000000.0,-480000000.0,591000000.0,-1267000000.0,0.0,1822000000.0,143000000.0,302000000.0,302000000.0,302000000.0,-57000000.0,0.0,0.014,4671000000.0,1024000000.0,2188000000.0,1.587,2.515,68.586,68.429,17239000000.0,0.0,43.11,0.936,0.936,2765000000.0,3082000000.0,22138000000.0,22138000000.0,0.0,0.009,0.039,0.025,0.043,0.0,2842000000.0,1.0,480467169.0,480467169.0,,46.076,30732000000.0,581000000.0,-56000000.0,1387000000.0,63.963,3826000000.0
71,IP,MRT,2003-09-30,2003-09-30,2003-09-30,2021-09-07,-2165000000.0,34638000000.0,34712000000.0,8513000000.0,26125000000.0,0.674,16.246,-1026000000.0,1564000000.0,1564000000.0,17339000000.0,124000000.0,1.652,3.444,15145000000.0,637000000.0,14508000000.0,15145000000.0,0.0,1451000000.0,0.0,0.026,1.0,642000000.0,2093000000.0,0.089,2093000000.0,642000000.0,-135000000.0,0.26,2.7,0.26,7795000000.0,7627000000.0,7795000000.0,32530032584.0,51.0,15.542,942000000.0,1.963,1.0,6064000000.0,0.259,5332000000.0,777000000.0,37734000000.0,37845250000.0,2942000000.0,287000000.0,0.0,287000000.0,26843000000.0,5153000000.0,21690000000.0,18711032584.0,570000000.0,-44000000.0,-11000000.0,660000000.0,-478000000.0,-419000000.0,-1102000000.0,0.0,1968000000.0,123000000.0,124000000.0,124000000.0,124000000.0,-50000000.0,0.0,0.005,5353000000.0,711000000.0,2185000000.0,3.846,2.4,150.895,150.077,17961000000.0,0.0,39.02,0.8,0.8,2948000000.0,3156000000.0,23403000000.0,23403000000.0,0.0,0.004,0.016,0.017,0.027,0.0,2913000000.0,1.0,479524181.0,479800000.0,,48.777,29306000000.0,0.0,-259000000.0,1663000000.0,61.08,3360000000.0
72,IP,MRT,2003-06-30,2003-06-30,2003-06-30,2021-09-07,-2053000000.0,35076000000.0,35121250000.0,8569000000.0,26507000000.0,0.675,16.403,-981000000.0,1430000000.0,1430000000.0,17433000000.0,147000000.0,1.678,3.464,15249000000.0,498000000.0,14751000000.0,15249000000.0,0.0,1510000000.0,0.0,0.028,1.0,798000000.0,2308000000.0,0.097,2308000000.0,798000000.0,39000000.0,0.31,2.75,0.31,7857000000.0,8218000000.0,7857000000.0,31079368503.0,39.0,13.466,1098000000.0,2.292,1.0,6260000000.0,0.264,5336000000.0,759000000.0,38451000000.0,37918500000.0,3012000000.0,241000000.0,0.0,241000000.0,27219000000.0,5108000000.0,22111000000.0,17112368503.0,592000000.0,159000000.0,-129000000.0,442000000.0,-480000000.0,-750000000.0,-836000000.0,0.0,2079000000.0,99000000.0,147000000.0,147000000.0,147000000.0,-41000000.0,0.0,0.006,5368000000.0,892000000.0,2151000000.0,3.226,2.178,116.411,115.258,18215000000.0,0.0,35.73,0.722,0.722,2995000000.0,3153000000.0,23693000000.0,23693000000.0,0.0,0.004,0.018,0.021,0.034,0.0,2970000000.0,1.0,478935506.0,479000000.0,,49.463,29740000000.0,0.0,-108000000.0,1781000000.0,62.088,3461000000.0
73,IP,MRT,2003-03-31,2003-03-31,2003-03-31,2021-09-07,-2442000000.0,35342000000.0,35549000000.0,9199000000.0,26143000000.0,0.671,15.62,-969000000.0,2218000000.0,2218000000.0,17436000000.0,274000000.0,1.974,3.724,16185000000.0,270000000.0,15915000000.0,16185000000.0,0.0,1508000000.0,0.0,0.03,1.0,960000000.0,2468000000.0,0.104,2468000000.0,960000000.0,196000000.0,0.57,3.01,0.57,7482000000.0,8866250000.0,7482000000.0,28151716805.0,29.0,11.407,1030000000.0,2.15,1.0,6404000000.0,0.269,5328000000.0,764000000.0,39322000000.0,38153500000.0,2993000000.0,234000000.0,0.0,234000000.0,27860000000.0,4659000000.0,23201000000.0,16183716805.0,1251000000.0,463000000.0,-160000000.0,392000000.0,-481000000.0,-243000000.0,-487000000.0,0.0,1999000000.0,-18000000.0,274000000.0,274000000.0,274000000.0,-38000000.0,0.0,0.011,5389000000.0,1015000000.0,2061000000.0,1.754,2.163,59.065,59.298,18034000000.0,0.0,33.8,0.679,0.679,2959000000.0,3184000000.0,23840000000.0,23840000000.0,0.0,0.008,0.031,0.025,0.04,0.0,2986000000.0,1.0,478808232.0,479000000.0,,49.77,30014000000.0,0.0,-78000000.0,1812000000.0,62.66,4540000000.0
74,IP,MRT,2002-12-31,2002-12-31,2002-12-31,2021-09-07,-2645000000.0,33792000000.0,35932500000.0,7738000000.0,26054000000.0,0.665,15.373,-936000000.0,1074000000.0,1074000000.0,17468000000.0,-880000000.0,1.69,3.583,13042000000.0,0.0,13042000000.0,13042000000.0,0.0,1497000000.0,0.0,0.029,1.0,-167000000.0,1330000000.0,0.056,1330000000.0,-167000000.0,-952000000.0,-1.83,0.61,-1.83,7374000000.0,9585250000.0,7374000000.0,30243370738.0,-181.0,22.739,1158000000.0,2.414,1.0,6431000000.0,0.269,5307000000.0,785000000.0,35874000000.0,38149500000.0,2879000000.0,227000000.0,0.0,227000000.0,26418000000.0,4579000000.0,21839000000.0,16774370738.0,-150000000.0,434000000.0,-116000000.0,-1039000000.0,-482000000.0,-1732000000.0,-480000000.0,0.0,2094000000.0,-32000000.0,-880000000.0,-880000000.0,-880000000.0,-35000000.0,0.0,-0.037,5381000000.0,1050000000.0,2014000000.0,-0.546,2.275,-19.062,-19.109,18013000000.0,0.0,34.97,0.702,0.702,2780000000.0,3260000000.0,23899000000.0,23899000000.0,0.0,-0.024,-0.092,-0.004,-0.007,0.0,3015000000.0,1.0,479678875.0,479678875.0,,49.823,28485000000.0,0.0,-72000000.0,1765000000.0,59.383,3159000000.0
75,IP,MRT,2002-09-30,2002-09-30,2002-09-30,2021-09-07,-1307000000.0,36275000000.0,36778750000.0,8015000000.0,28260000000.0,0.678,21.116,-970000000.0,994000000.0,994000000.0,18232000000.0,-1322000000.0,1.561,2.571,14463000000.0,732000000.0,13731000000.0,14463000000.0,0.0,1657000000.0,0.0,0.03,1.0,-499000000.0,1158000000.0,0.046,1158000000.0,-499000000.0,-1300000000.0,-2.75,-2.75,-2.75,10159000000.0,10314500000.0,10159000000.0,29714610116.0,-60.0,25.66,1146000000.0,2.382,1.0,6708000000.0,0.269,6584000000.0,801000000.0,38027000000.0,38551750000.0,2846000000.0,204000000.0,0.0,204000000.0,26116000000.0,5133000000.0,20983000000.0,16086610116.0,-1025000000.0,527000000.0,-96000000.0,-2108000000.0,-483000000.0,-2767000000.0,-331000000.0,0.0,2116000000.0,-43000000.0,-1322000000.0,-1322000000.0,-1322000000.0,0.0,0.0,-0.053,5347000000.0,1361000000.0,2023000000.0,-0.364,1.583,-12.168,-12.142,17812000000.0,0.0,33.39,0.645,0.644,2882000000.0,4685000000.0,24940000000.0,24940000000.0,0.0,-0.036,-0.128,-0.013,-0.02,0.0,3185000000.0,1.0,481779322.0,481100000.0,,51.84,29691000000.0,0.0,22000000.0,3937000000.0,61.715,2882000000.0
76,IP,MRT,2002-06-30,2002-06-30,2002-06-30,2021-09-07,-1069000000.0,36787000000.0,37545500000.0,8129000000.0,28658000000.0,0.669,21.649,-981000000.0,838000000.0,838000000.0,18410000000.0,-1742000000.0,1.835,2.52,14466000000.0,0.0,14466000000.0,14466000000.0,0.0,1724000000.0,0.0,0.023,1.0,-1000000000.0,724000000.0,0.029,724000000.0,-1000000000.0,-1850000000.0,-3.62,-3.62,-3.62,10450000000.0,10484750000.0,10450000000.0,35012949245.0,-35.0,48.36,1146000000.0,2.374,1.0,6716000000.0,0.267,6593000000.0,850000000.0,39391000000.0,39380000000.0,2885000000.0,218000000.0,0.0,218000000.0,26337000000.0,4431000000.0,21906000000.0,21044949245.0,95000000.0,1007000000.0,-53000000.0,-1564000000.0,-483000000.0,-2131000000.0,116000000.0,0.0,2127000000.0,-17000000.0,-1742000000.0,-1742000000.0,-1742000000.0,0.0,0.0,-0.069,5905000000.0,811000000.0,2034000000.0,-0.276,2.014,-12.081,-12.039,18127000000.0,0.0,43.58,0.838,0.837,2993000000.0,4661000000.0,25126000000.0,25126000000.0,0.0,-0.046,-0.166,-0.025,-0.04,0.0,3212000000.0,1.0,482903749.0,482700000.0,,52.053,30194000000.0,0.0,-108000000.0,3992000000.0,62.552,3698000000.0
77,IP,MRT,2002-03-31,2002-03-31,2002-03-31,2021-09-07,-1091000000.0,36876000000.0,38180000000.0,8521000000.0,28355000000.0,0.668,21.476,-992000000.0,967000000.0,967000000.0,18736000000.0,-2270000000.0,1.712,2.56,14935000000.0,709000000.0,14226000000.0,14935000000.0,0.0,1776000000.0,0.0,0.023,1.0,-1638000000.0,138000000.0,0.005,138000000.0,-1638000000.0,-2524000000.0,-4.72,-4.72,-4.72,10358000000.0,10679500000.0,10358000000.0,32951650141.0,-20.0,238.78,890000000.0,1.845,1.0,6771000000.0,0.265,6560000000.0,886000000.0,39306000000.0,40038250000.0,2740000000.0,240000000.0,0.0,240000000.0,26518000000.0,4978000000.0,21540000000.0,20761650141.0,-152000000.0,543000000.0,-23000000.0,-1174000000.0,-483000000.0,-1687000000.0,-341000000.0,0.0,1882000000.0,-6000000.0,-2270000000.0,-2270000000.0,-2270000000.0,0.0,0.0,-0.089,6479000000.0,292000000.0,1808000000.0,-0.212,2.004,-9.146,-9.112,18144000000.0,0.0,43.01,0.814,0.813,2829000000.0,4566000000.0,25507000000.0,25507000000.0,0.0,-0.059,-0.213,-0.041,-0.064,0.0,3310000000.0,1.0,482716847.0,482300000.0,,52.886,30316000000.0,0.0,-254000000.0,3990000000.0,62.857,3543000000.0
78,IP,MRT,2001-12-31,2001-12-31,2001-12-31,2021-09-07,-1175000000.0,37177000000.0,39090000000.0,8155000000.0,29022000000.0,0.674,21.352,-1027000000.0,1224000000.0,1224000000.0,19409000000.0,-1204000000.0,1.527,2.613,13414000000.0,957000000.0,12457000000.0,13414000000.0,0.0,1870000000.0,0.0,0.025,1.0,-545000000.0,1325000000.0,0.05,1325000000.0,-545000000.0,-1474000000.0,-2.5,-2.5,-2.5,10291000000.0,11043250000.0,10291000000.0,33800092086.0,-62.0,25.51,687000000.0,1.425,1.0,6954000000.0,0.264,6543000000.0,929000000.0,37483000000.0,40748250000.0,2877000000.0,239000000.0,0.0,239000000.0,26886000000.0,5341000000.0,21545000000.0,19447092086.0,26000000.0,1380000000.0,-39000000.0,-1550000000.0,-482000000.0,-2098000000.0,459000000.0,0.0,1714000000.0,-49000000.0,-1204000000.0,-1204000000.0,-1204000000.0,0.0,0.0,-0.046,6661000000.0,293000000.0,1793000000.0,-0.4,1.89,-16.152,-16.14,18813000000.0,0.0,40.35,0.738,0.738,2778000000.0,4622000000.0,26363000000.0,26363000000.0,0.0,-0.031,-0.109,-0.013,-0.021,0.0,3384000000.0,1.0,481960115.0,481960115.0,,54.7,30634000000.0,0.0,-270000000.0,3339000000.0,63.561,2814000000.0
79,IP,MRT,2001-09-30,2001-09-30,2001-09-30,2021-09-07,-1330000000.0,39342000000.0,40323000000.0,9933000000.0,29409000000.0,0.678,22.448,-956000000.0,2019000000.0,2019000000.0,20118000000.0,-1003000000.0,1.707,2.629,16372000000.0,1203000000.0,15169000000.0,16372000000.0,0.0,1880000000.0,0.0,0.029,1.0,-440000000.0,1440000000.0,0.053,1440000000.0,-440000000.0,-1409000000.0,-2.16,-2.16,-2.16,10840000000.0,11479000000.0,10840000000.0,31952968481.0,-73.0,22.19,620000000.0,1.284,1.0,7219000000.0,0.264,6536000000.0,969000000.0,41340000000.0,41872000000.0,2740000000.0,256000000.0,0.0,256000000.0,28502000000.0,5819000000.0,22683000000.0,16832968481.0,848000000.0,1890000000.0,-108000000.0,-973000000.0,-481000000.0,-1415000000.0,803000000.0,0.0,1576000000.0,-116000000.0,-1003000000.0,-1003000000.0,-1003000000.0,0.0,0.0,-0.037,7375000000.0,-156000000.0,1710000000.0,-0.463,1.553,-16.783,-16.13,19222000000.0,0.0,34.84,0.616,0.615,3083000000.0,5315000000.0,27337000000.0,27337000000.0,0.0,-0.025,-0.087,-0.011,-0.016,0.0,3414000000.0,1.0,483150673.0,482900000.0,,56.61,32806000000.0,0.0,-406000000.0,4186000000.0,67.935,4114000000.0
80,IP,MRT,2001-06-30,2001-06-30,2001-06-30,2021-09-07,-1358000000.0,39325000000.0,41228750000.0,9466000000.0,29859000000.0,0.694,23.244,-1134000000.0,743000000.0,743000000.0,20878000000.0,-863000000.0,1.628,2.502,15863000000.0,1271000000.0,14592000000.0,15863000000.0,0.0,1984000000.0,0.0,0.028,1.0,-141000000.0,1843000000.0,0.064,1843000000.0,-141000000.0,-1153000000.0,-1.87,-1.87,-1.87,11229000000.0,11912000000.0,11229000000.0,32047689533.0,-227.0,17.389,623000000.0,1.29,1.0,7731000000.0,0.27,6607000000.0,1012000000.0,42024000000.0,42831250000.0,2925000000.0,276000000.0,0.0,276000000.0,28096000000.0,5814000000.0,22282000000.0,17243689533.0,-402000000.0,978000000.0,-65000000.0,-1574000000.0,-480000000.0,-1948000000.0,-40000000.0,0.0,1757000000.0,-171000000.0,-863000000.0,-863000000.0,-863000000.0,0.0,0.0,-0.03,7205000000.0,526000000.0,1830000000.0,-0.535,1.536,-19.981,-19.091,19581000000.0,0.0,35.7,0.603,0.603,3185000000.0,5711000000.0,28609000000.0,28609000000.0,0.0,-0.021,-0.072,-0.003,-0.005,0.0,3485000000.0,1.0,483016500.0,483100000.0,,59.22,32718000000.0,0.0,-290000000.0,4221000000.0,67.725,3652000000.0
81,IP,MRT,2001-03-31,2001-03-31,2001-03-31,2021-09-07,-1268000000.0,40516000000.0,42511500000.0,10147000000.0,30369000000.0,0.675,24.473,-1155000000.0,1119000000.0,1119000000.0,20699000000.0,-280000000.0,1.514,2.43,15923000000.0,2005000000.0,13918000000.0,15923000000.0,0.0,1966000000.0,0.0,0.028,0.997,661000000.0,2627000000.0,0.092,2627000000.0,661000000.0,-272000000.0,-0.58,-0.58,-0.58,11813000000.0,12365000000.0,11813000000.0,30990685940.0,47.0,11.797,794000000.0,1.645,1.0,8004000000.0,0.279,6474000000.0,933000000.0,42146000000.0,43996000000.0,3006000000.0,296000000.0,0.0,296000000.0,28703000000.0,6700000000.0,22003000000.0,17425685940.0,-455000000.0,-3636000000.0,-68000000.0,2878000000.0,-463000000.0,2512000000.0,-4715000000.0,0.0,1949000000.0,-201000000.0,-280000000.0,-280000000.0,-280000000.0,0.0,0.0,-0.01,6730000000.0,1274000000.0,1994000000.0,-1.719,1.475,-62.235,-62.207,20541000000.0,0.0,36.08,0.607,0.607,3315000000.0,6144000000.0,28703000000.0,28703000000.0,0.0,-0.007,-0.023,0.015,0.023,0.0,3460000000.0,1.0,482973450.0,482700000.0,,59.463,34042000000.0,0.0,8000000.0,4660000000.0,70.524,3447000000.0
82,IP,MRT,2000-12-31,2000-12-31,2000-12-31,2021-09-07,-1142000000.0,42109000000.0,40269750000.0,10266000000.0,31843000000.0,0.7,24.999,-1194000000.0,1198000000.0,1198000000.0,20082000000.0,142000000.0,1.39,2.499,14763000000.0,2115000000.0,12648000000.0,14763000000.0,0.0,1916000000.0,0.0,0.024,0.994,1075000000.0,2991000000.0,0.106,2991000000.0,1075000000.0,259000000.0,0.32,0.32,0.32,12034000000.0,12044000000.0,12034000000.0,35881914089.0,33.0,11.997,1236000000.0,2.568,1.0,8098000000.0,0.287,6310000000.0,816000000.0,41978000000.0,41471250000.0,3294000000.0,269000000.0,0.0,269000000.0,30075000000.0,7386000000.0,22689000000.0,19645914089.0,745000000.0,-3719000000.0,-41000000.0,3676000000.0,-447000000.0,3394000000.0,-4914000000.0,0.0,2430000000.0,-165000000.0,142000000.0,142000000.0,142000000.0,0.0,0.0,0.005,6593000000.0,1505000000.0,2145000000.0,3.106,1.633,138.352,127.539,22098000000.0,0.0,40.812,0.697,0.697,3456000000.0,6308000000.0,28180000000.0,28180000000.0,0.0,0.004,0.012,0.026,0.038,0.0,3387000000.0,1.0,481370059.0,481370059.0,,58.541,35799000000.0,0.0,117000000.0,4699000000.0,74.369,2880000000.0
83,IP,MRT,2000-09-30,2000-09-30,2000-09-30,2021-09-07,-1064000000.0,42965000000.0,37309500000.0,10164000000.0,32801000000.0,0.73,26.105,-1152000000.0,1171000000.0,1171000000.0,19176000000.0,593000000.0,1.34,2.418,17407000000.0,2912000000.0,14495000000.0,17407000000.0,0.0,1968000000.0,0.0,0.035,0.991,1670000000.0,3638000000.0,0.134,3638000000.0,1670000000.0,964000000.0,1.46,1.46,1.46,12572000000.0,11611500000.0,12572000000.0,30608961166.0,18.0,8.414,1299000000.0,2.697,1.0,8070000000.0,0.296,6438000000.0,706000000.0,45177000000.0,38796000000.0,3398000000.0,316000000.0,0.0,316000000.0,30393000000.0,7586000000.0,22807000000.0,13868961166.0,818000000.0,-4414000000.0,97000000.0,4232000000.0,-431000000.0,3942000000.0,-5449000000.0,0.0,2451000000.0,-126000000.0,593000000.0,593000000.0,593000000.0,0.0,0.0,0.022,5998000000.0,2072000000.0,1829000000.0,0.679,1.103,23.388,19.649,23428000000.0,0.0,28.688,0.509,0.507,3729000000.0,6799000000.0,27246000000.0,27246000000.0,0.0,0.016,0.051,0.043,0.061,0.0,3321000000.0,1.0,483449593.0,481600000.0,,56.574,36527000000.0,0.0,371000000.0,4647000000.0,75.845,2578000000.0
84,IP,MRT,2000-06-30,2000-06-30,2000-06-30,2021-09-07,-862000000.0,44456000000.0,34190000000.0,9534000000.0,34922000000.0,0.752,30.976,-979000000.0,1145000000.0,1145000000.0,18220000000.0,870000000.0,1.22,2.409,17885000000.0,3147000000.0,14738000000.0,17885000000.0,0.0,1773000000.0,0.0,0.033,0.988,1786000000.0,3559000000.0,0.139,3559000000.0,1786000000.0,1224000000.0,2.08,2.08,2.08,13041000000.0,11072000000.0,13041000000.0,21544545231.0,12.0,6.054,1014000000.0,2.409,1.0,7476000000.0,0.291,6701000000.0,562000000.0,46683000000.0,35906000000.0,3743000000.0,503000000.0,0.0,503000000.0,31415000000.0,7812000000.0,23603000000.0,12364545231.0,521000000.0,-4193000000.0,119000000.0,4124000000.0,-413000000.0,3809000000.0,-5235000000.0,0.0,1993000000.0,-46000000.0,870000000.0,870000000.0,870000000.0,0.0,0.0,0.034,5611000000.0,1865000000.0,1978000000.0,0.475,0.948,14.212,14.333,24846000000.0,0.0,29.813,0.481,0.488,4070000000.0,7054000000.0,25696000000.0,25696000000.0,0.0,0.025,0.079,0.05,0.07,0.0,3196000000.0,1.0,414743586.0,421000000.0,,61.036,37755000000.0,0.0,354000000.0,5023000000.0,89.679,1722000000.0
85,IP,MRT,2000-03-31,2000-03-31,2000-03-31,2021-09-07,-799000000.0,31549000000.0,30779000000.0,8673000000.0,22876000000.0,0.809,25.463,-953000000.0,1574000000.0,1574000000.0,17905000000.0,529000000.0,1.584,1.996,10754000000.0,1699000000.0,9055000000.0,10754000000.0,0.0,1708000000.0,0.0,0.023,0.988,1252000000.0,2960000000.0,0.119,2960000000.0,1252000000.0,723000000.0,1.27,1.27,1.27,10529000000.0,10411250000.0,10529000000.0,25678052365.0,21.0,8.675,1021000000.0,2.469,1.0,7007000000.0,0.281,3207000000.0,529000000.0,32047000000.0,32697500000.0,3306000000.0,169000000.0,0.0,169000000.0,21020000000.0,5475000000.0,15545000000.0,17691052365.0,1134000000.0,652000000.0,251000000.0,-226000000.0,-414000000.0,-427000000.0,-401000000.0,0.0,1974000000.0,-12000000.0,529000000.0,529000000.0,529000000.0,0.0,0.0,0.021,5729000000.0,1278000000.0,1874000000.0,0.778,1.68,33.442,33.661,17284000000.0,0.0,42.75,0.71,0.71,3409000000.0,6887000000.0,24912000000.0,24912000000.0,0.0,0.017,0.051,0.038,0.05,0.0,3188000000.0,1.0,413825796.0,413500000.0,,60.247,28342000000.0,0.0,194000000.0,3442000000.0,68.542,3198000000.0
86,IP,MRT,1999-12-31,1999-12-31,1999-12-31,2021-09-07,-739000000.0,30268000000.0,29426750000.0,7241000000.0,23027000000.0,0.835,24.884,-950000000.0,453000000.0,453000000.0,17960000000.0,183000000.0,1.652,1.938,8440000000.0,920000000.0,7520000000.0,8440000000.0,0.0,1665000000.0,0.0,0.018,0.988,810000000.0,2475000000.0,0.101,2475000000.0,810000000.0,269000000.0,0.44,0.44,0.44,10304000000.0,9948250000.0,10304000000.0,33531561759.0,41.0,13.548,778000000.0,1.879,1.0,6613000000.0,0.269,2596000000.0,541000000.0,31277000000.0,31865250000.0,3203000000.0,1044000000.0,0.0,1044000000.0,19964000000.0,4382000000.0,15582000000.0,23369561759.0,-80000000.0,-124000000.0,246000000.0,-438000000.0,-418000000.0,-706000000.0,-1085000000.0,0.0,1728000000.0,-17000000.0,183000000.0,183000000.0,183000000.0,0.0,0.0,0.007,5665000000.0,948000000.0,1870000000.0,2.245,2.268,127.703,128.267,17302000000.0,0.0,56.437,0.951,0.951,3227000000.0,6613000000.0,24573000000.0,24573000000.0,0.0,0.006,0.018,0.025,0.033,0.0,3181000000.0,1.0,414078621.0,414078621.0,,59.344,27672000000.0,0.0,86000000.0,3344000000.0,66.828,2859000000.0
87,IP,MRT,1999-09-30,1999-09-30,1999-09-30,2021-09-07,-614000000.0,30487000000.0,29726250000.0,7202000000.0,23285000000.0,0.82,25.185,-1155000000.0,353000000.0,353000000.0,18007000000.0,149000000.0,1.639,1.928,10515000000.0,1126000000.0,9389000000.0,10515000000.0,0.0,1682000000.0,0.0,0.021,0.988,772000000.0,2454000000.0,0.101,2454000000.0,772000000.0,219000000.0,0.36,0.36,0.36,10414000000.0,10056750000.0,10414000000.0,30200222611.0,39.0,12.307,779000000.0,1.884,1.0,6380000000.0,0.262,2637000000.0,553000000.0,33617000000.0,32261750000.0,3188000000.0,1106000000.0,0.0,1106000000.0,20073000000.0,4395000000.0,15678000000.0,19878222611.0,-542000000.0,37000000.0,243000000.0,-1102000000.0,-421000000.0,-1409000000.0,-1066000000.0,0.0,1934000000.0,-1000000.0,149000000.0,149000000.0,149000000.0,0.0,0.0,0.006,5497000000.0,883000000.0,1611000000.0,2.744,1.909,133.411,133.507,17624000000.0,0.0,48.063,0.815,0.815,3294000000.0,6657000000.0,24387000000.0,24387000000.0,0.0,0.005,0.015,0.024,0.032,0.0,3204000000.0,1.0,413591056.0,413500000.0,,58.977,27850000000.0,0.0,70000000.0,3325000000.0,67.352,2807000000.0
88,IP,MRT,1999-06-30,1999-06-30,1999-06-30,2021-09-07,-620000000.0,30812000000.0,28874500000.0,7201000000.0,23611000000.0,0.837,25.177,-1185000000.0,624000000.0,624000000.0,17982000000.0,5000000.0,1.556,1.963,10946000000.0,1526000000.0,9420000000.0,10946000000.0,0.0,1677000000.0,0.0,0.02,0.988,564000000.0,2241000000.0,0.093,2241000000.0,564000000.0,-2000000.0,0.01,0.01,0.01,10398000000.0,9695500000.0,10398000000.0,24350058886.0,43.0,10.866,891000000.0,2.157,1.0,6186000000.0,0.256,2658000000.0,566000000.0,33849000000.0,31307500000.0,3078000000.0,1100000000.0,0.0,1100000000.0,20414000000.0,4627000000.0,15787000000.0,15471058886.0,12000000.0,70000000.0,214000000.0,-1444000000.0,-429000000.0,-924000000.0,-1150000000.0,0.0,2076000000.0,10000000.0,5000000.0,5000000.0,5000000.0,0.0,0.0,0.0,5615000000.0,571000000.0,1605000000.0,98.8,1.488,3094.212,5025.0,17826000000.0,0.0,50.25,0.64,0.859,3119000000.0,6617000000.0,24168000000.0,24168000000.0,0.0,0.0,0.001,0.018,0.023,0.0,3196000000.0,1.0,307881775.0,413000000.0,,58.518,28154000000.0,0.0,-7000000.0,3396000000.0,68.169,2574000000.0
89,IP,MRT,1999-03-31,1999-03-31,1999-03-31,2021-09-07,-548000000.0,26140000000.0,27806750000.0,5959000000.0,20181000000.0,0.863,21.056,-1327000000.0,403000000.0,403000000.0,17886000000.0,179000000.0,1.607,2.013,9282000000.0,1097000000.0,8185000000.0,9282000000.0,0.0,1745000000.0,0.0,0.023,0.988,838000000.0,2583000000.0,0.108,2583000000.0,838000000.0,239000000.0,0.43,0.43,0.43,8677000000.0,9349250000.0,8677000000.0,19949301066.0,24.0,7.723,833000000.0,2.021,1.0,6119000000.0,0.255,2593000000.0,599000000.0,28718000000.0,29909500000.0,2651000000.0,1063000000.0,0.0,1063000000.0,17463000000.0,3708000000.0,13755000000.0,12945301066.0,-129000000.0,93000000.0,108000000.0,-1855000000.0,-464000000.0,-992000000.0,-1286000000.0,0.0,2160000000.0,-11000000.0,179000000.0,179000000.0,179000000.0,0.0,0.0,0.007,5270000000.0,849000000.0,1386000000.0,2.298,1.492,72.32,98.11,14611000000.0,0.0,42.188,0.539,0.724,2562000000.0,5083000000.0,24005000000.0,24005000000.0,0.0,0.006,0.019,0.028,0.035,0.0,3119000000.0,1.0,306851559.0,412100000.0,,58.25,23547000000.0,0.0,60000000.0,2849000000.0,57.139,2251000000.0
90,IP,MRT,1998-12-31,1998-12-31,1998-12-31,2021-09-07,-395000000.0,31466000000.0,27996750000.0,7161000000.0,24305000000.0,0.856,34.942,-1322000000.0,533000000.0,533000000.0,17758000000.0,247000000.0,1.596,1.93,9115000000.0,1418000000.0,7697000000.0,9115000000.0,0.0,1660000000.0,0.0,0.022,0.988,956000000.0,2616000000.0,0.109,2616000000.0,956000000.0,342000000.0,0.6,0.6,0.6,10738000000.0,9340500000.0,10738000000.0,22957165995.0,24.0,8.776,776000000.0,2.525,1.0,6221000000.0,0.259,2699000000.0,614000000.0,32863000000.0,29952000000.0,3211000000.0,1147000000.0,0.0,1147000000.0,20728000000.0,4486000000.0,16242000000.0,13771165995.0,100000000.0,25000000.0,115000000.0,-1797000000.0,-431000000.0,-651000000.0,-1348000000.0,0.0,2098000000.0,1000000.0,247000000.0,247000000.0,247000000.0,0.0,0.0,0.01,5266000000.0,955000000.0,1808000000.0,1.647,1.282,55.754,74.688,18413000000.0,0.0,44.813,0.574,0.574,3018000000.0,6848000000.0,23979000000.0,23979000000.0,0.0,0.009,0.026,0.032,0.04,0.0,3119000000.0,1.0,307306313.0,307306313.0,,78.03,28767000000.0,0.0,95000000.0,3673000000.0,93.61,2675000000.0
91,IP,MRT,1998-09-30,1998-09-30,1998-09-30,2021-09-07,-313000000.0,27080000000.0,26818750000.0,6549000000.0,20531000000.0,0.98,21.759,-1615000000.0,857000000.0,857000000.0,19421000000.0,379000000.0,1.667,2.019,10043000000.0,1330000000.0,8713000000.0,10043000000.0,0.0,1739000000.0,0.0,0.021,0.988,1252000000.0,2991000000.0,0.114,2991000000.0,1252000000.0,590000000.0,1.23,1.23,1.23,8969000000.0,8833500000.0,8969000000.0,22583420348.0,18.0,7.55,550000000.0,1.334,1.0,6853000000.0,0.261,2537000000.0,662000000.0,29800000000.0,28807500000.0,2729000000.0,1234000000.0,0.0,1234000000.0,18111000000.0,3929000000.0,14182000000.0,14325420348.0,381000000.0,318000000.0,93000000.0,-1405000000.0,-525000000.0,-351000000.0,-1423000000.0,0.0,2165000000.0,-10000000.0,379000000.0,379000000.0,379000000.0,0.0,0.0,0.014,5750000000.0,1103000000.0,1230000000.0,0.803,1.597,37.798,37.907,14856000000.0,0.0,46.625,0.545,0.731,2516000000.0,5139000000.0,26274000000.0,26274000000.0,0.0,0.014,0.043,0.043,0.048,0.0,3480000000.0,1.0,307247628.0,412200000.0,,63.741,24543000000.0,0.0,211000000.0,2672000000.0,59.541,2620000000.0
92,IP,MRT,1998-06-30,1998-06-30,1998-06-30,2021-09-07,-350000000.0,26541000000.0,26897250000.0,6055000000.0,20486000000.0,0.943,21.887,-1584000000.0,578000000.0,578000000.0,18645000000.0,483000000.0,1.504,1.945,8836000000.0,1791000000.0,7045000000.0,8836000000.0,0.0,1672000000.0,0.0,0.023,0.988,1423000000.0,3095000000.0,0.122,3095000000.0,1423000000.0,788000000.0,1.58,1.58,1.58,9013000000.0,8778500000.0,9013000000.0,22570969135.0,16.0,7.293,267000000.0,0.648,1.0,6716000000.0,0.265,2517000000.0,635000000.0,28257000000.0,28496000000.0,2670000000.0,1151000000.0,0.0,1151000000.0,17528000000.0,4025000000.0,13503000000.0,13221969135.0,112000000.0,256000000.0,140000000.0,-683000000.0,-491000000.0,-448000000.0,-1292000000.0,0.0,1851000000.0,1000000.0,483000000.0,483000000.0,483000000.0,0.0,0.0,0.019,5350000000.0,1366000000.0,1084000000.0,0.625,1.467,27.375,27.215,14929000000.0,0.0,43.0,0.521,0.698,2316000000.0,5195000000.0,25361000000.0,25361000000.0,0.0,0.018,0.055,0.05,0.056,0.0,3362000000.0,1.0,307487640.0,411800000.0,,61.586,24024000000.0,0.0,305000000.0,2687000000.0,58.339,2030000000.0
93,IP,MRT,1998-03-31,1998-03-31,1998-03-31,2021-09-07,-475000000.0,26900000000.0,27200250000.0,5992000000.0,20908000000.0,0.903,28.587,-1452000000.0,534000000.0,534000000.0,18107000000.0,-39000000.0,1.241,2.113,9883000000.0,2173000000.0,7710000000.0,9883000000.0,0.0,1548000000.0,0.0,0.021,0.988,654000000.0,2202000000.0,0.09,2202000000.0,654000000.0,50000000.0,-0.06,-0.06,-0.06,8642000000.0,8723500000.0,8642000000.0,23617603746.0,36.0,10.726,157000000.0,0.519,1.0,6455000000.0,0.263,2532000000.0,604000000.0,28888000000.0,28605250000.0,2720000000.0,1269000000.0,0.0,1269000000.0,18258000000.0,4829000000.0,13429000000.0,14199603746.0,-36000000.0,153000000.0,187000000.0,-185000000.0,-427000000.0,-362000000.0,-1302000000.0,0.0,1609000000.0,19000000.0,-39000000.0,-39000000.0,-39000000.0,0.0,0.0,-0.002,5848000000.0,607000000.0,1319000000.0,-16.467,1.643,-364.092,-781.25,15312000000.0,0.0,46.875,0.578,0.577,2373000000.0,5186000000.0,24562000000.0,24562000000.0,0.0,-0.001,-0.004,0.023,0.027,0.0,3237000000.0,1.0,302924867.0,302300000.0,,81.25,24368000000.0,0.0,89000000.0,2709000000.0,80.609,1163000000.0
94,IP,MRT,1997-12-31,1997-12-31,1997-12-31,2021-09-07,-396000000.0,26754000000.0,27513750000.0,5945000000.0,20809000000.0,0.892,28.813,-1448000000.0,398000000.0,398000000.0,18087000000.0,-80000000.0,1.218,2.072,9366000000.0,2212000000.0,7154000000.0,9366000000.0,0.0,1570000000.0,0.0,0.023,0.988,610000000.0,2180000000.0,0.089,2180000000.0,610000000.0,3000000.0,-0.2,-0.2,-0.2,8710000000.0,8891250000.0,8710000000.0,22752273934.0,37.0,10.437,175000000.0,0.579,1.0,6469000000.0,0.263,2557000000.0,607000000.0,28285000000.0,28609000000.0,2760000000.0,1166000000.0,0.0,1166000000.0,18044000000.0,4880000000.0,13164000000.0,13036273934.0,36000000.0,228000000.0,164000000.0,-112000000.0,-427000000.0,-406000000.0,-1183000000.0,0.0,1623000000.0,2000000.0,-80000000.0,-80000000.0,-80000000.0,0.0,0.0,-0.003,5890000000.0,579000000.0,1338000000.0,-4.94,1.497,-162.953,-215.625,15338000000.0,0.0,43.125,0.531,0.531,2404000000.0,5186000000.0,24556000000.0,24556000000.0,0.0,-0.003,-0.009,0.021,0.025,0.0,3255000000.0,1.0,302290361.0,302290361.0,,81.233,24197000000.0,0.0,83000000.0,2681000000.0,80.046,1065000000.0
95,IP,MRT,1997-09-30,1997-09-30,1997-09-30,2021-09-07,0.0,27394000000.0,27888250000.0,6226000000.0,21168000000.0,0.723,28.941,-1156000000.0,469000000.0,469000000.0,15010000000.0,-288000000.0,1.047,2.131,10185000000.0,3079000000.0,7106000000.0,10185000000.0,0.0,1271000000.0,0.0,0.018,0.988,164000000.0,1435000000.0,0.071,1435000000.0,164000000.0,-343000000.0,-0.96,,-0.96,8749000000.0,9049750000.0,8749000000.0,26482061857.0,161.0,18.454,113000000.0,0.374,1.0,5149000000.0,0.255,2609000000.0,507000000.0,28554000000.0,28961500000.0,2862000000.0,1227000000.0,0.0,1227000000.0,18645000000.0,5947000000.0,12698000000.0,16633061857.0,64000000.0,-40000000.0,156000000.0,279000000.0,-302000000.0,103000000.0,-1306000000.0,0.0,1269000000.0,-2000000.0,-288000000.0,-288000000.0,-288000000.0,0.0,0.0,-0.014,4834000000.0,315000000.0,1405000000.0,-1.029,1.901,-57.754,-57.292,15539000000.0,0.0,55.0,0.825,0.825,2618000000.0,5130000000.0,20159000000.0,20159000000.0,0.0,-0.01,-0.032,0.006,0.008,0.0,2520000000.0,1.0,302419290.0,302300000.0,,66.685,24785000000.0,0.0,-55000000.0,2590000000.0,81.988,279000000.0
96,IP,MRT,1997-06-30,1997-06-30,1997-06-30,2021-09-07,0.0,27753000000.0,,6193000000.0,21560000000.0,,29.203,-1256000000.0,455000000.0,455000000.0,14978000000.0,-279000000.0,0.996,2.156,10304000000.0,3198000000.0,7106000000.0,10304000000.0,0.0,1267000000.0,0.0,0.02,0.988,204000000.0,1471000000.0,0.073,1471000000.0,204000000.0,-319000000.0,-0.93,,-0.93,8793000000.0,,8793000000.0,23955132058.0,117.0,16.285,291000000.0,0.966,1.0,5170000000.0,0.257,2688000000.0,523000000.0,28694000000.0,,2857000000.0,1150000000.0,0.0,1150000000.0,18960000000.0,6220000000.0,12740000000.0,14610132058.0,93000000.0,-224000000.0,118000000.0,381000000.0,-301000000.0,174000000.0,-1607000000.0,0.0,1547000000.0,-21000000.0,-279000000.0,-279000000.0,-279000000.0,0.0,0.0,-0.014,4819000000.0,351000000.0,1415000000.0,-1.062,1.662,-52.366,-52.218,15894000000.0,0.0,48.563,0.725,0.726,2616000000.0,5104000000.0,20148000000.0,20148000000.0,0.0,,,,0.01,0.0,2510000000.0,1.0,300852134.0,301100000.0,,66.915,25065000000.0,0.0,-40000000.0,2563000000.0,83.245,-27000000.0
97,IP,MRT,1997-03-31,1997-03-31,1997-03-31,2021-09-07,0.0,28154000000.0,,6212000000.0,21942000000.0,,30.981,-1343000000.0,560000000.0,560000000.0,14963000000.0,239000000.0,1.054,2.023,9905000000.0,3287000000.0,6618000000.0,9905000000.0,0.0,1251000000.0,0.0,0.025,0.988,981000000.0,2232000000.0,0.11,2232000000.0,981000000.0,446000000.0,0.79,,0.79,9313000000.0,,9313000000.0,21818234429.0,22.0,9.775,285000000.0,0.948,1.0,5244000000.0,0.26,2705000000.0,535000000.0,28903000000.0,,2868000000.0,1225000000.0,0.0,1225000000.0,18841000000.0,5891000000.0,12950000000.0,11733234429.0,161000000.0,-248000000.0,79000000.0,360000000.0,-301000000.0,180000000.0,-1632000000.0,0.0,1628000000.0,-15000000.0,239000000.0,239000000.0,239000000.0,0.0,0.0,0.012,4107000000.0,1137000000.0,1274000000.0,1.251,1.26,49.093,49.367,16257000000.0,0.0,39.0,0.581,0.58,2545000000.0,5598000000.0,20207000000.0,20207000000.0,0.0,,,,0.049,0.0,2502000000.0,1.0,300852134.0,300600000.0,,67.222,25449000000.0,0.0,207000000.0,2753000000.0,84.661,321000000.0
98,IP,MRT,1996-12-31,1996-12-31,1996-12-31,2021-09-07,0.0,28252000000.0,26114500000.0,5998000000.0,22254000000.0,0.771,,-1394000000.0,352000000.0,352000000.0,14883000000.0,303000000.0,1.018,2.024,10437000000.0,3296000000.0,7141000000.0,10437000000.0,0.0,1194000000.0,0.0,0.024,0.988,1163000000.0,2357000000.0,0.117,2357000000.0,1163000000.0,633000000.0,1.04,1.04,1.04,9344000000.0,8570500000.0,9344000000.0,,,,345000000.0,,1.0,5260000000.0,0.261,2748000000.0,530000000.0,29695000000.0,27910500000.0,2840000000.0,1178000000.0,0.0,1178000000.0,18908000000.0,5894000000.0,13014000000.0,,40000000.0,-1527000000.0,100000000.0,1511000000.0,-291000000.0,1280000000.0,-2980000000.0,0.0,1739000000.0,1000000.0,303000000.0,303000000.0,303000000.0,0.0,0.0,0.015,4492000000.0,768000000.0,1426000000.0,0.95,,,38.942,16559000000.0,0.0,40.5,,,2553000000.0,5639000000.0,20143000000.0,20143000000.0,0.0,0.012,0.035,0.042,0.058,0.0,2434000000.0,1.0,,,,,25504000000.0,0.0,330000000.0,2768000000.0,,104000000.0
99,IP,MRT,1996-09-30,1996-09-30,1996-09-30,2021-09-07,,,,,,,,,,,,,,,,,,,,,,0.023,0.988,,,,,,,,,,,,,,,,,,1.0,,,,,,,,,,,,,,,,,,,,,,,,,,,,,,,,,,,,,,,,42.5,,,,,,,,,,,,,,1.0,,300000000.0,,,,,,,,
100,IP,MRT,1996-06-30,1996-06-30,1996-06-30,2021-09-07,,,,,,,,,,,,,,,,,,,,,,0.027,0.988,,,,,,,,,,,,,,,,,,1.0,,,,,,,,,,,,,,,,,,,,,,,,,,,,,,,,,,,,,,,,36.875,,,,,,,,,,,,,,1.0,,299100000.0,,,,,,,,
101,IP,MRT,1996-03-31,1996-03-31,1996-03-31,2021-09-07,,,,,,,,,,,,,,,,,,,,,,0.024,0.947,,,,,,,,,,,,,,,,,,1.0,,,,,,,,,,,,,,,,,,,,,,,,,,,,,,,,,,,,,,,,39.5,,,,,,,,,,,,,,1.0,,268900000.0,,,,,,,,
102,IP,MRT,1995-12-31,1995-12-31,1995-12-31,2021-09-07,0.0,23977000000.0,,5873000000.0,18104000000.0,,,-1518000000.0,312000000.0,312000000.0,13886000000.0,1153000000.0,1.208,2.075,8679000000.0,2283000000.0,6396000000.0,8679000000.0,0.0,1031000000.0,0.0,0.024,0.907,2365000000.0,3396000000.0,0.172,3396000000.0,2365000000.0,1872000000.0,4.5,4.41,4.5,7797000000.0,,7797000000.0,,,,730000000.0,,1.0,5911000000.0,0.299,1355000000.0,493000000.0,26126000000.0,,2784000000.0,1420000000.0,0.0,1420000000.0,16180000000.0,4863000000.0,11317000000.0,,42000000.0,-927000000.0,66000000.0,162000000.0,-237000000.0,341000000.0,-2556000000.0,0.0,2248000000.0,9000000.0,1153000000.0,1153000000.0,1153000000.0,0.0,0.0,0.058,3380000000.0,2531000000.0,1464000000.0,0.202,,,8.417,13800000000.0,0.0,37.875,,,2571000000.0,5627000000.0,19797000000.0,19797000000.0,0.0,,,,0.119,0.0,2175000000.0,1.0,,,,,22622000000.0,0.0,719000000.0,1974000000.0,,1010000000.0
103,IP,MRT,1994-12-31,1994-12-31,1994-12-31,2021-09-07,,,,,,,,-1114000000.0,,,11092000000.0,357000000.0,,,,,,,,885000000.0,,0.022,0.828,942000000.0,1827000000.0,0.122,1827000000.0,942000000.0,593000000.0,1.43,,1.43,,,,,,,129000000.0,,1.0,3874000000.0,0.259,,349000000.0,,,,,,,,,,,28000000.0,-357000000.0,67000000.0,669000000.0,-210000000.0,291000000.0,-1510000000.0,0.0,1243000000.0,4000000.0,357000000.0,357000000.0,357000000.0,0.0,0.0,0.024,2810000000.0,1064000000.0,,0.579,,,26.355,,0.0,37.688,,,,,14966000000.0,14966000000.0,0.0,,,,0.063,0.0,1774000000.0,1.0,,,,,,,236000000.0,,,
