None,ticker,dimension,calendardate,datekey,reportperiod,lastupdated,accoci,assets,assetsavg,assetsc,assetsnc,assetturnover,bvps,capex,cashneq,cashnequsd,cor,consolinc,currentratio,de,debt,debtc,debtnc,debtusd,deferredrev,depamor,deposits,divyield,dps,ebit,ebitda,ebitdamargin,ebitdausd,ebitusd,ebt,eps,epsdil,epsusd,equity,equityavg,equityusd,ev,evebit,evebitda,fcf,fcfps,fxusd,gp,grossmargin,intangibles,intexp,invcap,invcapavg,inventory,investments,investmentsc,investmentsnc,liabilities,liabilitiesc,liabilitiesnc,marketcap,ncf,ncfbus,ncfcommon,ncfdebt,ncfdiv,ncff,ncfi,ncfinv,ncfo,ncfx,netinc,netinccmn,netinccmnusd,netincdis,netincnci,netmargin,opex,opinc,payables,payoutratio,pb,pe,pe1,ppnenet,prefdivis,price,ps,ps1,receivables,retearn,revenue,revenueusd,rnd,roa,roe,roic,ros,sbcomp,sgna,sharefactor,sharesbas,shareswa,shareswadil,sps,tangibles,taxassets,taxexp,taxliabilities,tbvps,workingcapital
0,PNW,MRY,2020-12-31,2020-12-31,2020-12-31,2021-08-05,-62796000.0,20020421000.0,19410247500.0,1198319000.0,18822102000.0,0.185,50.002,-1264081000.0,59968000.0,59968000.0,2177164000.0,570052000.0,0.881,2.533,6919387000.0,243785000.0,6675602000.0,6919387000.0,0.0,686253000.0,269372000.0,0.04,3.177,857703000.0,1543956000.0,0.43,1543956000.0,857703000.0,628732000.0,4.89,4.87,4.89,5633503000.0,5608467250.0,5633503000.0,15642085881.0,18.0,10.131,-297716000.0,-2.642,1.0,1409818000.0,0.393,282570000.0,228971000.0,25236837000.0,24096942750.0,334297000.0,1138435000.0,0.0,1138435000.0,14267628000.0,1360433000.0,12907195000.0,9002112881.0,49685000.0,0.0,-1389000.0,735847000.0,-350577000.0,361138000.0,-1277818000.0,-3090000.0,966365000.0,0.0,550559000.0,550559000.0,550559000.0,0.0,19493000.0,0.153,621666000.0,788152000.0,412116000.0,0.65,1.598,16.351,16.35,15381704000.0,0.0,79.95,2.51,2.511,425991000.0,3025106000.0,3586982000.0,3586982000.0,0.0,0.028,0.098,0.036,0.239,18292000.0,0.0,1.0,112596784.0,112666000,112942000.0,31.837,19737851000.0,6792000.0,78173000.0,2492160000.0,175.189,-162114000.0
1,PNW,MRY,2019-12-31,2019-12-31,2019-12-31,2021-08-05,-57096000.0,18479247000.0,18172029750.0,1030030000.0,17449217000.0,0.191,48.297,-1120754000.0,10283000.0,10283000.0,2202432000.0,557813000.0,0.496,2.38,5811818000.0,927388000.0,4884430000.0,5811818000.0,0.0,664140000.0,280238000.0,0.033,2.995,739270000.0,1403410000.0,0.404,1403410000.0,739270000.0,522547000.0,4.79,4.77,4.79,5430648000.0,5586842250.0,5430648000.0,15650317402.0,21.0,11.152,-164028000.0,-1.459,1.0,1268777000.0,0.366,290564000.0,216723000.0,21911853000.0,21508234750.0,345920000.0,1010775000.0,0.0,1010775000.0,12926059000.0,2078365000.0,10847694000.0,10109105402.0,4517000.0,0.0,692000.0,530463000.0,-329643000.0,178768000.0,-1130977000.0,-3147000.0,956726000.0,0.0,538320000.0,538320000.0,538320000.0,0.0,19493000.0,0.155,596817000.0,671960000.0,434430000.0,0.625,1.861,18.779,18.775,14275881000.0,0.0,89.93,2.912,2.913,386420000.0,2837610000.0,3471209000.0,3471209000.0,0.0,0.03,0.096,0.034,0.213,18376000.0,0.0,1.0,112410824.0,112443000,112758000.0,30.871,18188683000.0,21727000.0,-15773000.0,2339895000.0,161.759,-1048335000.0
2,PNW,MRY,2018-12-31,2018-12-31,2018-12-31,2021-08-05,-47708000.0,17664202000.0,17459270250.0,924991000.0,16739211000.0,0.211,46.58,-1150453000.0,5766000.0,5766000.0,2325709000.0,530540000.0,0.561,2.358,5214632000.0,576400000.0,4638232000.0,5214632000.0,0.0,650955000.0,228327000.0,0.033,2.822,863234000.0,1514189000.0,0.41,1514189000.0,863234000.0,644949000.0,4.56,4.54,4.56,5222915000.0,5219026000.0,5222915000.0,14699766763.0,17.0,9.708,126691000.0,1.13,1.0,1365538000.0,0.37,262902000.0,218285000.0,20961202000.0,20495210250.0,294094000.0,851134000.0,0.0,851134000.0,12315497000.0,1648964000.0,10666533000.0,9549193763.0,-8126000.0,0.0,-5055000.0,244245000.0,-308892000.0,-92446000.0,-1192824000.0,-19132000.0,1277144000.0,0.0,511047000.0,511047000.0,511047000.0,0.0,19493000.0,0.138,591851000.0,773687000.0,360011000.0,0.619,1.828,18.686,18.684,13660893000.0,0.0,85.2,2.587,2.588,400988000.0,2641183000.0,3691247000.0,3691247000.0,0.0,0.029,0.098,0.042,0.234,19547000.0,0.0,1.0,112079739.0,112129000,112550000.0,32.92,17401300000.0,0.0,133902000.0,2185162000.0,155.19,-723973000.0
3,PNW,MRY,2017-12-31,2017-12-31,2017-12-31,2021-08-05,-45002000.0,17019082000.0,16652540500.0,1016288000.0,16002794000.0,0.214,44.767,-1385066000.0,13892000.0,13892000.0,2114755000.0,507949000.0,0.848,2.373,4967113000.0,177400000.0,4789713000.0,4967113000.0,0.0,610629000.0,184384000.0,0.031,2.66,944412000.0,1555041000.0,0.436,1555041000.0,944412000.0,746728000.0,4.37,4.35,4.37,5006690000.0,5006334750.0,5006690000.0,14111357234.0,15.0,9.075,-267030000.0,-2.388,1.0,1450541000.0,0.407,257189000.0,197684000.0,20517262000.0,19879767000.0,289270000.0,871000000.0,0.0,871000000.0,11883352000.0,1197852000.0,10685500000.0,9517142234.0,5011000.0,0.0,-13390000.0,641439000.0,-289793000.0,315512000.0,-1428537000.0,-2281000.0,1118036000.0,0.0,488456000.0,488456000.0,488456000.0,0.0,19493000.0,0.137,540778000.0,909763000.0,334109000.0,0.609,1.901,19.484,19.492,13078432000.0,0.0,85.18,2.669,2.672,415068000.0,2442511000.0,3565296000.0,3565296000.0,0.0,0.029,0.098,0.048,0.265,20502000.0,0.0,1.0,111729775.0,111839000,112367000.0,31.879,16761893000.0,0.0,258272000.0,2058441000.0,149.875,-181564000.0
4,PNW,MRY,2016-12-31,2016-12-31,2016-12-31,2021-08-05,-25423000.0,15931175000.0,15602440750.0,837340000.0,15093835000.0,0.224,44.033,-1183714000.0,8840000.0,8840000.0,2173701000.0,461527000.0,0.765,2.221,4157285000.0,135500000.0,4021785000.0,4157285000.0,0.0,564091000.0,171192000.0,0.032,2.53,864195000.0,1428286000.0,0.408,1428286000.0,864195000.0,678445000.0,3.97,3.95,3.97,4905680000.0,4757965000.0,4905680000.0,12916484529.0,15.0,9.043,-173766000.0,-1.56,1.0,1324981000.0,0.379,89868000.0,185750000.0,18895715000.0,18321111500.0,281385000.0,779586000.0,0.0,779586000.0,10893205000.0,1094037000.0,9799168000.0,8685215529.0,-13216000.0,0.0,0.0,458221000.0,-281300000.0,196177000.0,-1219341000.0,-2281000.0,1009948000.0,0.0,442034000.0,442034000.0,442034000.0,0.0,19493000.0,0.126,489370000.0,835611000.0,332061000.0,0.637,1.77,19.648,19.655,12455347000.0,0.0,78.03,2.482,2.485,367523000.0,2331245000.0,3498682000.0,3498682000.0,0.0,0.028,0.093,0.047,0.247,0.0,0.0,1.0,111306107.0,111409000,112046000.0,31.404,15841307000.0,11174000.0,236411000.0,3377441000.0,142.191,-256697000.0
5,PNW,MRY,2015-12-31,2015-12-31,2015-12-31,2021-08-05,-27097000.0,14982182000.0,14748596500.0,870755000.0,14111427000.0,0.237,42.146,-1025507000.0,22056000.0,22056000.0,2141487000.0,456190000.0,0.611,2.173,3694971000.0,357580000.0,3337391000.0,3694971000.0,0.0,571540000.0,188682000.0,0.037,2.41,853682000.0,1425222000.0,0.408,1425222000.0,853682000.0,674977000.0,3.94,3.92,3.94,4679254000.0,4530633500.0,4679254000.0,10860365009.0,13.0,7.62,74523000.0,0.671,1.0,1353956000.0,0.387,123820000.0,178705000.0,17106569000.0,16928574500.0,279931000.0,735196000.0,0.0,735196000.0,10167388000.0,1424708000.0,8742680000.0,7147592009.0,17541000.0,0.0,0.0,279445000.0,-266900000.0,-22457000.0,-1060032000.0,-17249000.0,1100030000.0,0.0,437257000.0,437257000.0,437257000.0,0.0,18933000.0,0.125,499354000.0,854602000.0,360974000.0,0.612,1.528,16.346,16.365,11563771000.0,0.0,64.48,2.045,2.048,367543000.0,2148493000.0,3495443000.0,3495443000.0,0.0,0.03,0.097,0.05,0.244,0.0,0.0,1.0,110849752.0,111026000,111552000.0,31.483,14858362000.0,0.0,237720000.0,3131308000.0,133.828,-553953000.0
6,PNW,MRY,2014-12-31,2014-12-31,2014-12-31,2021-08-05,-10385000.0,14190362000.0,13827956000.0,900117000.0,13290245000.0,0.253,40.481,-889759000.0,4515000.0,4515000.0,2260149000.0,423696000.0,0.587,2.135,3412543000.0,530970000.0,2881573000.0,3412543000.0,0.0,496393000.0,195359000.0,0.034,2.299,803793000.0,1300186000.0,0.372,1300186000.0,803793000.0,618300000.0,3.59,3.58,3.59,4478243000.0,4356708750.0,4478243000.0,10960161115.0,14.0,8.43,234408000.0,2.119,1.0,1231483000.0,0.353,119600000.0,185493000.0,15946326000.0,15676039500.0,255986000.0,713866000.0,0.0,713866000.0,9560510000.0,1532464000.0,8028046000.0,7544840115.0,790000.0,0.0,0.0,72823000.0,-253600000.0,-201259000.0,-922118000.0,-17249000.0,1124167000.0,0.0,397595000.0,397595000.0,397595000.0,0.0,26101000.0,0.114,420241000.0,811242000.0,355730000.0,0.64,1.685,18.976,19.028,10953169000.0,0.0,68.31,2.161,2.164,395151000.0,1968718000.0,3491632000.0,3491632000.0,0.0,0.029,0.091,0.051,0.23,0.0,0.0,1.0,110450009.0,110626000,111178000.0,31.562,14070762000.0,55253000.0,220705000.0,2926822000.0,127.192,-632347000.0
7,PNW,MRY,2013-12-31,2013-12-31,2013-12-31,2021-08-05,-78053000.0,13508686000.0,13548744500.0,1043609000.0,12465077000.0,0.255,38.137,-975232000.0,9526000.0,9526000.0,2184603000.0,439966000.0,0.645,2.186,3490014000.0,693549000.0,2796465000.0,3490014000.0,0.0,492226000.0,190581000.0,0.042,2.203,823692000.0,1315918000.0,0.381,1315918000.0,823692000.0,636665000.0,3.69,3.66,3.69,4194470000.0,4129223500.0,4194470000.0,9074917860.0,11.0,6.896,219459000.0,1.995,1.0,1270025000.0,0.368,157689000.0,187027000.0,15212841000.0,15403187500.0,259710000.0,642007000.0,0.0,642007000.0,9168226000.0,1618644000.0,7549582000.0,5823578860.0,226000.0,0.0,0.0,74429000.0,-242100000.0,-185056000.0,-1009409000.0,-17249000.0,1194691000.0,0.0,406074000.0,406074000.0,406074000.0,0.0,33892000.0,0.118,423702000.0,846323000.0,347044000.0,0.597,1.388,14.341,14.341,10606171000.0,0.0,52.92,1.686,1.685,393497000.0,1785273000.0,3454628000.0,3454628000.0,0.0,0.03,0.098,0.053,0.238,0.0,0.0,1.0,110044952.0,109984000,110806000.0,31.41,13350997000.0,226669000.0,230591000.0,2677450000.0,121.39,-575035000.0
8,PNW,MRY,2012-12-31,2012-12-31,2012-12-31,2021-08-05,-114008000.0,13379615000.0,13309555500.0,1005726000.0,12373889000.0,0.248,36.278,-839675000.0,26202000.0,26202000.0,2038882000.0,413164000.0,0.928,2.335,3414091000.0,215003000.0,3199088000.0,3414091000.0,0.0,481262000.0,189048000.0,0.042,2.12,818504000.0,1299766000.0,0.394,1299766000.0,818504000.0,618859000.0,3.48,3.45,3.48,3972806000.0,3888000000.0,3972806000.0,8942328008.0,11.0,6.88,331447000.0,3.027,1.0,1262922000.0,0.382,162150000.0,199645000.0,15521812000.0,15549508250.0,249430000.0,570625000.0,0.0,570625000.0,9277326000.0,1083542000.0,8193784000.0,5592496008.0,-7381000.0,0.0,15955000.0,-86030000.0,-225075000.0,-305509000.0,-872994000.0,-17249000.0,1171122000.0,0.0,381542000.0,381542000.0,381542000.0,5829000.0,31622000.0,0.116,411167000.0,851755000.0,281101000.0,0.609,1.408,14.658,14.649,10105248000.0,0.0,50.98,1.694,1.691,368730000.0,1624102000.0,3301804000.0,3301804000.0,0.0,0.029,0.098,0.053,0.248,0.0,0.0,1.0,109699804.0,109510000,110527000.0,30.151,13217465000.0,225003000.0,237317000.0,2447264000.0,120.696,-77816000.0
9,PNW,MRY,2011-12-31,2011-12-31,2011-12-31,2021-08-05,-152163000.0,13111018000.0,12759587750.0,956470000.0,12154548000.0,0.254,35.046,-846254000.0,33583000.0,33583000.0,2061158000.0,366940000.0,0.712,2.402,3496489000.0,477435000.0,3019054000.0,3496489000.0,0.0,493784000.0,188981000.0,0.044,2.1,746714000.0,1240498000.0,0.383,1240498000.0,746714000.0,523077000.0,3.11,3.09,3.11,3821850000.0,3740262750.0,3821850000.0,8618589806.0,12.0,6.948,279329000.0,2.561,1.0,1180221000.0,0.364,170571000.0,223637000.0,15060648000.0,14420360500.0,226387000.0,513733000.0,0.0,513733000.0,9180432000.0,1342705000.0,7837727000.0,5260351806.0,-76605000.0,45111000.0,15841000.0,-201416000.0,-221728000.0,-420181000.0,-782007000.0,-16019000.0,1125583000.0,0.0,339473000.0,339473000.0,339473000.0,-11306000.0,27467000.0,0.105,433713000.0,746508000.0,326987000.0,0.675,1.376,15.496,15.492,9658823000.0,0.0,48.18,1.623,1.621,405674000.0,1534483000.0,3241379000.0,3241379000.0,0.0,0.027,0.091,0.052,0.23,0.0,0.0,1.0,109181233.0,109053000,109864000.0,29.723,12940447000.0,205670000.0,183604000.0,2117947000.0,118.662,-386235000.0
10,PNW,MRY,2010-12-31,2010-12-31,2010-12-31,2021-08-05,-159767000.0,12392998000.0,12230401000.0,1024511000.0,11368487000.0,0.261,34.562,-715620000.0,110188000.0,110188000.0,2052328000.0,370209000.0,0.707,2.34,3694273000.0,648479000.0,3045794000.0,3694273000.0,0.0,472807000.0,189967000.0,0.051,2.1,738617000.0,1211424000.0,0.38,1211424000.0,738617000.0,510922000.0,3.28,3.27,3.28,3683327000.0,3523433500.0,3683327000.0,8012007240.0,11.0,6.614,34837000.0,0.327,1.0,1136871000.0,0.356,184952000.0,227695000.0,14342427000.0,14523267000.0,202989000.0,469886000.0,0.0,469886000.0,8617772000.0,1449704000.0,7168068000.0,4506103240.0,-35190000.0,100300000.0,255971000.0,-243687000.0,-216979000.0,-209747000.0,-575900000.0,47622000.0,750457000.0,0.0,350053000.0,350053000.0,350053000.0,-25358000.0,20156000.0,0.11,421988000.0,714883000.0,236354000.0,0.64,1.223,12.873,12.637,9255911000.0,0.0,41.45,1.413,1.385,419518000.0,1423961000.0,3189199000.0,3189199000.0,0.0,0.029,0.099,0.051,0.232,0.0,0.0,1.0,108711779.0,106573000,107138000.0,29.925,12208046000.0,192483000.0,160869000.0,2034921000.0,114.551,-425193000.0
11,PNW,MRY,2009-12-31,2009-12-31,2009-12-31,2021-08-05,-131587000.0,11986324000.0,11774537250.0,928737000.0,11057587000.0,0.268,32.781,-711084000.0,145378000.0,145378000.0,2124190000.0,72764000.0,0.837,2.581,3953715000.0,457191000.0,3496524000.0,3953715000.0,0.0,450864000.0,207621000.0,0.057,2.1,434268000.0,885132000.0,0.281,885132000.0,434268000.0,206881000.0,0.68,0.67,0.68,3316109000.0,3270619500.0,3316109000.0,7414913929.0,17.0,8.377,356221000.0,3.521,1.0,1029466000.0,0.326,164380000.0,227387000.0,14521338000.0,14481363250.0,215265000.0,414576000.0,0.0,414576000.0,8558320000.0,1108943000.0,7449377000.0,3704874929.0,40133000.0,0.0,3302000.0,-106167000.0,-205076000.0,-322255000.0,-704917000.0,21579000.0,1067305000.0,0.0,68330000.0,68330000.0,68330000.0,183284000.0,4434000.0,0.022,413338000.0,616128000.0,240637000.0,3.088,1.117,54.22,53.794,9093436000.0,0.0,36.58,1.175,1.173,406733000.0,1298213000.0,3153656000.0,3153656000.0,0.0,0.006,0.021,0.03,0.138,0.0,0.0,1.0,101281436.0,101161000,101264000.0,31.175,11821944000.0,145098000.0,138551000.0,1742205000.0,116.863,-180206000.0
12,PNW,MRY,2008-12-31,2008-12-31,2008-12-31,2021-08-05,-146698000.0,11620093000.0,11462134500.0,882482000.0,10737611000.0,0.281,34.223,-875285000.0,105245000.0,105245000.0,2219818000.0,259620000.0,0.586,2.358,3879718000.0,848115000.0,3031603000.0,3879718000.0,0.0,431672000.0,210768000.0,0.065,2.1,543038000.0,974710000.0,0.303,974710000.0,543038000.0,337669000.0,2.4,2.4,2.4,3445979000.0,3587744500.0,3445979000.0,6779411909.0,12.0,6.955,-27192000.0,-0.27,1.0,999869000.0,0.311,131722000.0,205369000.0,13756916000.0,13577715750.0,253692000.0,343052000.0,0.0,343052000.0,8126725000.0,1505928000.0,6620797000.0,3239171909.0,48924000.0,0.0,3687000.0,226441000.0,-204247000.0,15990000.0,-815159000.0,73429000.0,848093000.0,0.0,242125000.0,242125000.0,242125000.0,18715000.0,17495000.0,0.075,417222000.0,582647000.0,261029000.0,0.875,0.94,13.378,13.387,8784936000.0,0.0,32.13,1.006,1.005,389388000.0,1444208000.0,3219687000.0,3219687000.0,0.0,0.021,0.067,0.04,0.169,0.0,0.0,1.0,100814563.0,100691000,100965000.0,31.976,11488371000.0,79729000.0,95544000.0,1582020000.0,114.095,-623446000.0
13,PNW,MRY,2007-12-31,2007-12-31,2007-12-31,2021-08-05,-15863000.0,11162209000.0,11187221250.0,906929000.0,10255280000.0,0.294,35.226,-918581000.0,56321000.0,56321000.0,2266846000.0,307143000.0,0.675,2.161,3631559000.0,504434000.0,3127125000.0,3631559000.0,0.0,403896000.0,80010000.0,0.05,2.1,643913000.0,1047809000.0,0.318,1047809000.0,643913000.0,459149000.0,3.06,3.05,3.06,3531611000.0,3493078000.0,3531611000.0,7783604377.0,12.0,7.428,-260645000.0,-2.6,1.0,1027308000.0,0.312,105746000.0,184764000.0,13287252000.0,13266708250.0,276280000.0,379347000.0,0.0,379347000.0,7630598000.0,1344449000.0,6286149000.0,4257329377.0,-30889000.0,0.0,24089000.0,373422000.0,-210473000.0,184529000.0,-873354000.0,70097000.0,657936000.0,0.0,307143000.0,307143000.0,307143000.0,-6707000.0,0.0,0.093,436659000.0,590649000.0,323346000.0,0.686,1.205,13.861,13.859,8330643000.0,0.0,42.41,1.292,1.291,451225000.0,1413741000.0,3294154000.0,3294154000.0,0.0,0.027,0.088,0.049,0.195,0.0,0.0,1.0,100385036.0,100256000,100835000.0,32.857,11056463000.0,31510000.0,152006000.0,1513371000.0,110.282,-437520000.0
14,PNW,MRY,2006-12-31,2006-12-31,2006-12-31,2021-08-05,12268000.0,11455943000.0,11029742250.0,1474662000.0,9981281000.0,0.291,34.663,-737779000.0,87210000.0,87210000.0,2203340000.0,327255000.0,1.011,2.324,3269979000.0,37346000.0,3232633000.0,3269979000.0,0.0,386760000.0,70168000.0,0.04,2.025,658947000.0,1045707000.0,0.326,1045707000.0,658947000.0,483110000.0,3.29,3.27,3.29,3446116000.0,3334212000.0,3446116000.0,8313327452.0,13.0,7.95,-344277000.0,-3.463,1.0,1004414000.0,0.313,96100000.0,175837000.0,13084052000.0,12470606500.0,189621000.0,32700000.0,32700000.0,0.0,8009827000.0,1458560000.0,6551267000.0,5061286452.0,-66793000.0,207620000.0,39548000.0,239683000.0,-201220000.0,108438000.0,-568733000.0,-13821000.0,393502000.0,0.0,327255000.0,327255000.0,327255000.0,-10990000.0,0.0,0.102,414797000.0,589617000.0,346047000.0,0.616,1.469,15.466,15.407,7785828000.0,0.0,50.69,1.578,1.571,496031000.0,1319747000.0,3207754000.0,3207754000.0,0.0,0.03,0.098,0.053,0.205,0.0,0.0,1.0,99847829.0,99417000,100010000.0,32.266,11359843000.0,982000.0,155855000.0,1489733000.0,114.265,16102000.0
15,PNW,MRY,2005-12-31,2005-12-31,2005-12-31,2021-08-05,165120000.0,11322645000.0,11035259750.0,1891392000.0,9431253000.0,0.271,35.498,-818578000.0,154003000.0,154003000.0,1934465000.0,176267000.0,0.832,2.306,3009075000.0,400620000.0,2608455000.0,3009075000.0,0.0,381604000.0,60509000.0,0.047,1.925,476228000.0,857832000.0,0.287,857832000.0,476228000.0,303159000.0,1.83,1.82,1.83,3424964000.0,3302735250.0,3424964000.0,6651249502.0,14.0,7.754,-88282000.0,-0.915,1.0,1053490000.0,0.353,90916000.0,173069000.0,11814728000.0,11750444000.0,133394000.0,0.0,0.0,0.0,7897681000.0,2272073000.0,5625608000.0,4093671502.0,-9363000.0,0.0,298168000.0,-245632000.0,-186677000.0,-154567000.0,-585092000.0,245504000.0,730296000.0,0.0,176267000.0,176267000.0,176267000.0,46896000.0,0.0,0.059,564917000.0,488573000.0,377107000.0,1.052,1.195,23.224,22.596,7486167000.0,0.0,41.35,1.37,1.335,497702000.0,1193712000.0,2987955000.0,2987955000.0,0.0,0.016,0.053,0.041,0.159,0.0,0.0,1.0,99000520.0,96484000,96590000.0,30.968,11231729000.0,0.0,126892000.0,1609198000.0,116.41,-380681000.0
16,PNW,MRY,2004-12-31,2004-12-31,2004-12-31,2021-08-05,-22545000.0,9896747000.0,9745424000.0,1137130000.0,8759617000.0,0.29,32.279,-538842000.0,163366000.0,163366000.0,1885336000.0,243195000.0,0.699,2.355,3273180000.0,688195000.0,2584985000.0,3273180000.0,0.0,432161000.0,55558000.0,0.041,1.825,551404000.0,983565000.0,0.348,983565000.0,551404000.0,379337000.0,2.66,2.66,2.66,2950196000.0,2917976250.0,2950196000.0,6986915246.0,13.0,7.104,312050000.0,3.414,1.0,943670000.0,0.334,0.0,172067000.0,11380665000.0,11415809500.0,121845000.0,181175000.0,181175000.0,0.0,6946551000.0,1625896000.0,5320655000.0,4066722246.0,26437000.0,114068000.0,18291000.0,-140738000.0,-166772000.0,-279529000.0,-544926000.0,-100769000.0,850892000.0,0.0,243195000.0,243195000.0,243195000.0,3395000.0,0.0,0.086,447045000.0,496625000.0,373526000.0,0.686,1.378,16.722,16.695,7535487000.0,0.0,44.41,1.438,1.435,456194000.0,1204122000.0,2829006000.0,2829006000.0,0.0,0.025,0.083,0.048,0.195,0.0,0.0,1.0,91572219.0,91397000,91532000.0,30.953,9896747000.0,0.0,136142000.0,1482221000.0,108.283,-488766000.0
17,PNW,MRY,2003-12-31,2003-12-31,2003-12-31,2021-08-05,-39001000.0,9519042000.0,9114166250.0,974794000.0,8544248000.0,0.303,31.006,-666475000.0,131062000.0,131062000.0,1827158000.0,240579000.0,0.68,2.364,3407580000.0,790995000.0,2616585000.0,3407580000.0,0.0,466900000.0,49783000.0,0.043,1.725,517676000.0,984576000.0,0.357,984576000.0,517676000.0,342781000.0,2.64,2.63,2.64,2829779000.0,2764022250.0,2829779000.0,6830973662.0,13.0,6.938,235548000.0,2.581,1.0,931646000.0,0.338,0.0,174895000.0,11362992000.0,11081739500.0,124466000.0,91850000.0,91850000.0,0.0,6689263000.0,1432568000.0,5256695000.0,3652828662.0,59363000.0,0.0,0.0,115385000.0,-157417000.0,-33851000.0,-808809000.0,-103295000.0,902023000.0,0.0,240579000.0,240579000.0,240579000.0,-15195000.0,0.0,0.087,478968000.0,452678000.0,283021000.0,0.653,1.291,15.183,15.159,7474686000.0,0.0,40.02,1.324,1.324,434072000.0,1127699000.0,2758804000.0,2758804000.0,0.0,0.026,0.087,0.047,0.188,0.0,0.0,1.0,91275079.0,91265000,91405000.0,30.228,9519042000.0,0.0,102202000.0,1408927000.0,104.301,-457774000.0
18,PNW,MRY,2002-12-31,2002-12-31,2002-12-31,2021-08-05,-91284000.0,9139157000.0,8514726500.0,860372000.0,8278785000.0,0.282,31.638,-899987000.0,77566000.0,77566000.0,1410313000.0,149408000.0,0.698,2.402,3252312000.0,508571000.0,2743741000.0,3252312000.0,0.0,422299000.0,42190000.0,0.048,1.625,444843000.0,867142000.0,0.361,867142000.0,444843000.0,301553000.0,1.76,1.76,1.76,2686153000.0,2622110750.0,2686153000.0,6318380802.0,14.0,7.286,-38662000.0,-0.455,1.0,994937000.0,0.414,0.0,143290000.0,11080807000.0,10885746750.0,119837000.0,0.0,0.0,0.0,6453004000.0,1233096000.0,5219908000.0,2889310802.0,48947000.0,0.0,199238000.0,13924000.0,-137721000.0,78065000.0,-890443000.0,0.0,861325000.0,0.0,149408000.0,149408000.0,149408000.0,21410000.0,0.0,0.062,477849000.0,517088000.0,332441000.0,0.923,1.076,19.338,19.369,7079829000.0,0.0,34.09,1.201,1.203,447484000.0,1044537000.0,2405250000.0,2405250000.0,0.0,0.018,0.057,0.041,0.185,0.0,0.0,1.0,84755377.0,84903000,84964000.0,28.329,9139157000.0,4094000.0,152145000.0,1280181000.0,107.642,-372724000.0
19,PNW,MRY,2001-12-31,2001-12-31,2001-12-31,2021-08-05,-64565000.0,7939399000.0,7861414250.0,727405000.0,7211994000.0,0.335,29.502,-1055574000.0,28619000.0,28619000.0,1520467000.0,312166000.0,0.67,2.177,3204980000.0,531902000.0,2673078000.0,3204980000.0,0.0,427903000.0,30232000.0,0.036,1.525,653661000.0,1081564000.0,0.41,1081564000.0,653661000.0,525701000.0,3.68,3.68,3.68,2499323000.0,2456425000.0,2499323000.0,6466312997.0,10.0,5.979,-484531000.0,-5.719,1.0,1114301000.0,0.423,0.0,127960000.0,10030254000.0,9361887250.0,108238000.0,0.0,0.0,0.0,5440076000.0,1085506000.0,4354570000.0,3542306997.0,18256000.0,0.0,0.0,697377000.0,-129199000.0,567130000.0,-1119917000.0,0.0,571043000.0,0.0,312166000.0,312166000.0,312166000.0,0.0,0.0,0.118,438278000.0,676023000.0,269124000.0,0.414,1.417,11.348,11.372,5881537000.0,0.0,41.85,1.344,1.346,443372000.0,1032850000.0,2634768000.0,2634768000.0,0.0,0.04,0.127,0.07,0.248,0.0,0.0,1.0,84642939.0,84718000,84930000.0,31.1,7939399000.0,0.0,213535000.0,1164966000.0,93.716,-358101000.0
20,PNW,MRY,2000-12-31,2000-12-31,2000-12-31,2021-08-05,0.0,7162985000.0,6962852500.0,793913000.0,6369072000.0,0.448,28.12,-658608000.0,10363000.0,10363000.0,2042673000.0,302332000.0,0.666,2.006,2501327000.0,546244000.0,1955083000.0,2501327000.0,0.0,431229000.0,26189000.0,0.03,1.425,641341000.0,1072570000.0,0.344,1072570000.0,641341000.0,496532000.0,3.57,3.56,3.57,2382714000.0,2319767500.0,2382714000.0,6308867974.0,10.0,5.882,54786000.0,0.647,1.0,1076849000.0,0.345,0.0,144809000.0,8462651000.0,8420670250.0,91371000.0,0.0,0.0,0.0,4780271000.0,1191298000.0,3588973000.0,4034767974.0,-10342000.0,0.0,0.0,137456000.0,-120733000.0,12105000.0,-735841000.0,0.0,713394000.0,0.0,302332000.0,302332000.0,302332000.0,0.0,0.0,0.097,432011000.0,644838000.0,375805000.0,0.399,1.693,13.345,13.342,5133193000.0,0.0,47.63,1.293,1.294,588388000.0,849883000.0,3119522000.0,3119522000.0,0.0,0.043,0.13,0.076,0.206,0.0,0.0,1.0,84710644.0,84733000,84935000.0,36.816,7162985000.0,5793000.0,194200000.0,1232286000.0,84.536,-397385000.0
21,PNW,MRY,1999-12-31,1999-12-31,1999-12-31,2021-08-05,0.0,6608506000.0,6725006000.0,498794000.0,6109712000.0,0.36,26.036,-343448000.0,20705000.0,20705000.0,1456226000.0,167887000.0,1.007,1.996,2359150000.0,153098000.0,2206052000.0,2359150000.0,0.0,419842000.0,26098000.0,0.043,1.325,454957000.0,874799000.0,0.361,874799000.0,454957000.0,309479000.0,1.98,1.97,1.98,2205733000.0,2182451000.0,2205733000.0,4883989076.0,11.0,5.583,292152000.0,3.449,1.0,967127000.0,0.399,0.0,145478000.0,8451461000.0,8445917500.0,91846000.0,0.0,0.0,0.0,4402773000.0,495490000.0,3907283000.0,2589605076.0,167000.0,0.0,0.0,-43432000.0,-112311000.0,-264178000.0,-371255000.0,0.0,635600000.0,0.0,167887000.0,167887000.0,167887000.0,-38000000.0,0.0,0.069,419842000.0,547285000.0,186524000.0,0.669,1.174,15.425,15.434,4778515000.0,0.0,30.56,1.069,1.068,317518000.0,668284000.0,2423353000.0,2423353000.0,0.0,0.025,0.077,0.054,0.188,0.0,0.0,1.0,84738386.0,84717000,85009000.0,28.605,6608506000.0,8163000.0,141592000.0,1254365000.0,78.007,3304000.0
22,PNW,MRY,1998-12-31,1998-12-31,1998-12-31,2021-08-05,0.0,6824546000.0,6813383750.0,456799000.0,6367747000.0,0.313,25.519,-319142000.0,20538000.0,20538000.0,1183779000.0,242892000.0,0.714,2.155,2395836000.0,346875000.0,2048961000.0,2395836000.0,0.0,379679000.0,28510000.0,0.029,1.225,558034000.0,937713000.0,0.44,937713000.0,558034000.0,407485000.0,2.87,2.85,2.87,2163351000.0,2096122250.0,2163351000.0,5888767525.0,11.0,6.28,286696000.0,3.382,1.0,946807000.0,0.444,0.0,150549000.0,8559641000.0,8559601500.0,83052000.0,0.0,0.0,0.0,4661195000.0,640203000.0,4020992000.0,3590993525.0,-6946000.0,0.0,0.0,-90005000.0,-103849000.0,-272902000.0,-339882000.0,0.0,605838000.0,0.0,242892000.0,242892000.0,242892000.0,0.0,0.0,0.114,379679000.0,567128000.0,155800000.0,0.427,1.66,14.784,14.767,4730563000.0,0.0,42.38,1.685,1.686,301616000.0,612708000.0,2130586000.0,2130586000.0,0.0,0.036,0.116,0.065,0.262,0.0,0.0,1.0,84733212.0,84774000,85346000.0,25.133,6824546000.0,3999000.0,164593000.0,1433401000.0,80.503,-183404000.0
23,PNW,MRY,1997-12-31,1997-12-31,1997-12-31,2021-08-05,0.0,6850417000.0,6919853000.0,449100000.0,6401317000.0,0.288,23.712,-307876000.0,27484000.0,27484000.0,1069235000.0,235856000.0,0.858,2.379,2483693000.0,239445000.0,2244248000.0,2483693000.0,0.0,368285000.0,30672000.0,0.027,1.125,549272000.0,917557000.0,0.46,917557000.0,549272000.0,386137000.0,2.76,2.74,2.76,2027436000.0,1998879500.0,2027436000.0,,,,315543000.0,3.69,1.0,925791000.0,0.464,0.0,163135000.0,8782962000.0,8870120000.0,80255000.0,0.0,0.0,0.0,4822981000.0,523664000.0,4299317000.0,3593677747.0,798000.0,0.0,-79997000.0,-65663000.0,-96160000.0,-291918000.0,-330703000.0,0.0,623419000.0,0.0,235856000.0,235856000.0,235856000.0,0.0,0.0,0.118,368285000.0,557506000.0,117429000.0,0.408,1.773,15.237,15.355,4677568000.0,0.0,42.38,1.801,1.816,242066000.0,473665000.0,1995026000.0,1995026000.0,0.0,0.034,0.118,0.062,0.275,0.0,0.0,1.0,84796549.0,85502909,86022709.0,23.333,6850417000.0,516256000.0,150281000.0,1498932000.0,80.119,-74564000.0
24,PNW,MRY,1996-12-31,1996-12-31,1996-12-31,2021-08-05,0.0,6989289000.0,,450269000.0,6539020000.0,,22.533,-258598000.0,26686000.0,26686000.0,974394000.0,181180000.0,0.818,2.547,2545290000.0,173177000.0,2372113000.0,2545290000.0,0.0,299507000.0,34222000.0,0.032,1.025,495349000.0,794856000.0,0.437,794856000.0,495349000.0,309636000.0,2.07,2.06,2.07,1970323000.0,,1970323000.0,,,,307685000.0,3.519,1.0,843366000.0,0.464,0.0,185713000.0,8957278000.0,,88048000.0,0.0,0.0,0.0,5018966000.0,550615000.0,4468351000.0,,-52853000.0,0.0,0.0,-179165000.0,-89614000.0,-341337000.0,-277799000.0,0.0,566283000.0,0.0,181180000.0,181180000.0,181180000.0,9539000.0,0.0,0.1,299507000.0,543859000.0,184095000.0,0.495,,,15.338,4655140000.0,0.0,31.75,,1.527,224707000.0,333969000.0,1817760000.0,1817760000.0,0.0,,,,0.273,0.0,0.0,1.0,,87441515,88021920.0,20.788,6989289000.0,586410000.0,128456000.0,1516104000.0,79.931,-100346000.0
25,PNW,MRY,1995-12-31,1995-12-31,1995-12-31,2021-08-05,,,,,,,,-295772000.0,,,863385000.0,188037000.0,,,,,,,,276288000.0,,0.032,0.925,542270000.0,818558000.0,0.49,818558000.0,542270000.0,316002000.0,2.15,2.14,2.15,,,,,,,260090000.0,2.975,1.0,806413000.0,0.483,,226268000.0,,,,,,,,,,,44820000.0,0.0,0.0,-111689000.0,-80855000.0,-206627000.0,-304415000.0,0.0,555862000.0,0.0,188037000.0,188037000.0,188037000.0,0.0,0.0,0.113,243989000.0,562424000.0,,0.43,,,13.372,,0.0,28.75,,1.505,,,1669798000.0,1669798000.0,0.0,,,,0.325,0.0,0.0,1.0,,87419300,87419300.0,19.101,,,127965000.0,,,
0,PNW,MRQ,2021-06-30,2021-06-30,2021-06-30,2021-08-05,-60578000.0,21061578000.0,,1523183000.0,19538395000.0,,50.651,-300565000.0,14146000.0,14146000.0,559020000.0,219436000.0,0.753,2.663,7646464000.0,783373000.0,6863091000.0,7646464000.0,0.0,174127000.0,291950000.0,0.04,0.83,319835000.0,493962000.0,0.494,493962000.0,319835000.0,262257000.0,1.91,1.91,1.91,5717624000.0,,5717624000.0,16339614355.0,18.0,10.2,-190227000.0,-1.685,1.0,441229000.0,0.441,279911000.0,57578000.0,26390717000.0,,365746000.0,1223088000.0,0.0,1223088000.0,15226679000.0,2023268000.0,13203411000.0,9242196355.0,-3056000.0,0.0,562000.0,289950000.0,-91779000.0,188105000.0,-301499000.0,-570000.0,110338000.0,0.0,215697000.0,215697000.0,215697000.0,0.0,3739000.0,0.216,162843000.0,278386000.0,470767000.0,0.435,1.616,15.981,15.979,15944998000.0,0.0,81.97,2.503,2.506,558279000.0,3089266000.0,1000249000.0,1000249000.0,0.0,,,,,2147000.0,0.0,1.0,112750962.0,112882000,113223000.0,8.861,20781667000.0,0.0,46560000.0,2568928000.0,184.101,-500085000.0
1,PNW,MRQ,2021-03-31,2021-03-31,2021-03-31,2021-08-05,-61512000.0,20184658000.0,,1169784000.0,19014874000.0,,50.364,-348479000.0,17202000.0,17202000.0,487765000.0,40514000.0,0.879,2.53,7114620000.0,289078000.0,6825542000.0,7114620000.0,0.0,176409000.0,266169000.0,0.04,0.83,88235000.0,264644000.0,0.38,264644000.0,88235000.0,31291000.0,0.32,0.32,0.32,5682516000.0,,5682516000.0,16026880741.0,18.0,10.205,-146467000.0,-1.298,1.0,208710000.0,0.3,278226000.0,56944000.0,25673307000.0,,339098000.0,1159699000.0,0.0,1159699000.0,14377978000.0,1330543000.0,13047435000.0,9167461741.0,-42766000.0,0.0,-738000.0,195750000.0,-91721000.0,103291000.0,-348069000.0,-570000.0,202012000.0,0.0,35641000.0,35641000.0,35641000.0,0.0,4873000.0,0.051,161176000.0,47534000.0,309145000.0,2.594,1.613,16.482,16.468,15540434000.0,0.0,81.35,2.531,2.534,364755000.0,3060752000.0,696475000.0,696475000.0,0.0,,,,,11337000.0,0.0,1.0,112691601.0,112829000,113093000.0,6.173,19906432000.0,0.0,-4350000.0,2544719000.0,176.43,-160759000.0
2,PNW,MRQ,2020-12-31,2020-12-31,2020-12-31,2021-08-05,-62796000.0,20020421000.0,,1198319000.0,18822102000.0,,49.966,-334486000.0,59968000.0,59968000.0,550895000.0,-14518000.0,0.881,2.533,6919387000.0,243785000.0,6675602000.0,6919387000.0,0.0,170511000.0,269372000.0,0.04,0.83,19734000.0,190245000.0,0.257,190245000.0,19734000.0,-39304000.0,-0.17,-0.18,-0.17,5633503000.0,,5633503000.0,15642085881.0,18.0,10.131,-140140000.0,-1.243,1.0,190066000.0,0.257,282570000.0,59038000.0,25236837000.0,,334297000.0,1138435000.0,0.0,1138435000.0,14267628000.0,1360433000.0,12907195000.0,9002112881.0,-121958000.0,0.0,260000.0,108775000.0,-91653000.0,6011000.0,-322315000.0,13274000.0,194346000.0,0.0,-19391000.0,-19391000.0,-19391000.0,0.0,4873000.0,-0.026,159218000.0,30848000.0,412116000.0,-4.882,1.598,16.351,16.35,15381704000.0,0.0,79.95,2.51,2.511,425991000.0,3025106000.0,740961000.0,740961000.0,0.0,,,,,6173000.0,0.0,1.0,112596784.0,112747000,113032000.0,6.572,19737851000.0,6792000.0,-19913000.0,2492160000.0,175.063,-162114000.0
3,PNW,MRQ,2020-09-30,2020-09-30,2020-09-30,2021-08-05,-57491000.0,19751421000.0,,1454686000.0,18296735000.0,,51.841,-283917000.0,181926000.0,181926000.0,645120000.0,351245000.0,1.169,2.36,6821899000.0,146989000.0,6674910000.0,6821899000.0,0.0,172569000.0,272654000.0,0.042,0.782,480440000.0,653009000.0,0.521,653009000.0,480440000.0,423606000.0,3.07,3.07,3.07,5841386000.0,,5841386000.0,15091891890.0,17.0,9.748,119070000.0,1.057,1.0,609381000.0,0.486,266220000.0,56834000.0,24880390000.0,,339077000.0,1069837000.0,0.0,1069837000.0,13784246000.0,1244784000.0,12539462000.0,8391121890.0,175163000.0,0.0,555000.0,160961000.0,-86358000.0,75158000.0,-302982000.0,-15223000.0,402987000.0,0.0,346372000.0,346372000.0,346372000.0,0.0,4873000.0,0.276,154373000.0,455008000.0,288265000.0,0.255,1.436,13.237,13.242,15156243000.0,0.0,74.55,2.386,2.389,574687000.0,3231485000.0,1254501000.0,1254501000.0,0.0,,,,,2989000.0,0.0,1.0,112556967.0,112679000,112987000.0,11.133,19485201000.0,4325000.0,77234000.0,2578347000.0,172.927,209902000.0
4,PNW,MRQ,2020-06-30,2020-06-30,2020-06-30,2021-08-05,-57875000.0,19307388000.0,,1147089000.0,18160299000.0,,48.736,-308816000.0,6763000.0,6763000.0,514542000.0,198459000.0,0.767,2.495,6707533000.0,375751000.0,6331782000.0,6707533000.0,0.0,170005000.0,262704000.0,0.042,0.782,292587000.0,462592000.0,0.498,462592000.0,292587000.0,234646000.0,1.72,1.71,1.72,5489562000.0,,5489562000.0,14291388537.0,18.0,9.634,-123412000.0,-1.096,1.0,415048000.0,0.446,275028000.0,57941000.0,24236767000.0,,335625000.0,1024033000.0,0.0,1024033000.0,13696911000.0,1496363000.0,12200548000.0,8244645537.0,-56376000.0,0.0,-524000.0,167786000.0,-86309000.0,69581000.0,-311361000.0,-570000.0,185404000.0,0.0,193585000.0,193585000.0,193585000.0,0.0,4874000.0,0.208,153174000.0,261874000.0,404296000.0,0.455,1.502,13.745,13.725,15069766000.0,0.0,73.29,2.388,2.391,459479000.0,2885109000.0,929590000.0,929590000.0,0.0,,,,,2848000.0,0.0,1.0,112493458.0,112638000,112879000.0,8.253,19032360000.0,17122000.0,41061000.0,2421634000.0,168.969,-349274000.0
5,PNW,MRQ,2020-03-31,2020-03-31,2020-03-31,2021-08-05,-55579000.0,18561760000.0,,1078307000.0,17483453000.0,,48.576,-336862000.0,63139000.0,63139000.0,466607000.0,34866000.0,0.47,2.37,6109882000.0,1225360000.0,4884522000.0,6109882000.0,0.0,173168000.0,267510000.0,0.04,0.782,64942000.0,238110000.0,0.36,238110000.0,64942000.0,9784000.0,0.27,0.27,0.27,5469418000.0,,5469418000.0,14323320233.0,20.0,10.235,-153234000.0,-1.361,1.0,195323000.0,0.295,279238000.0,55158000.0,22033777000.0,,340475000.0,920426000.0,0.0,920426000.0,12964928000.0,2295488000.0,10669440000.0,8521785233.0,52856000.0,0.0,-1680000.0,298325000.0,-86257000.0,210388000.0,-341160000.0,-571000.0,183628000.0,0.0,29993000.0,29993000.0,29993000.0,0.0,4873000.0,0.045,154901000.0,40422000.0,301325000.0,2.896,1.558,15.483,15.467,14502549000.0,0.0,75.79,2.512,2.515,343942000.0,2867610000.0,661930000.0,661930000.0,0.0,,,,,6282000.0,0.0,1.0,112439441.0,112594000,112862000.0,5.879,18282522000.0,20599000.0,-20209000.0,2413904000.0,162.376,-1217181000.0
6,PNW,MRQ,2019-12-31,2019-12-31,2019-12-31,2021-08-05,-57096000.0,18479247000.0,,1030030000.0,17449217000.0,,48.252,-296992000.0,10283000.0,10283000.0,509012000.0,68854000.0,0.496,2.38,5811818000.0,927388000.0,4884430000.0,5811818000.0,0.0,163339000.0,280238000.0,0.033,0.782,31213000.0,194552000.0,0.29,194552000.0,31213000.0,-24556000.0,0.57,0.56,0.57,5430648000.0,,5430648000.0,15650317402.0,21.0,11.152,-175027000.0,-1.555,1.0,161379000.0,0.241,290564000.0,55769000.0,21911853000.0,,345920000.0,1010775000.0,0.0,1010775000.0,12926059000.0,2078365000.0,10847694000.0,10109105402.0,-19569000.0,0.0,822000.0,254507000.0,-86527000.0,157430000.0,-298964000.0,-570000.0,121965000.0,0.0,63981000.0,63981000.0,63981000.0,0.0,4873000.0,0.095,149382000.0,11997000.0,434430000.0,1.372,1.861,18.779,18.775,14275881000.0,0.0,89.93,2.912,2.913,386420000.0,2837610000.0,670391000.0,670391000.0,0.0,,,,,1890000.0,0.0,1.0,112410824.0,112548000,112815000.0,5.956,18188683000.0,21727000.0,-88537000.0,2339895000.0,161.608,-1048335000.0
7,PNW,MRQ,2019-09-30,2019-09-30,2019-09-30,2021-08-05,-46538000.0,18377566000.0,,1133155000.0,17244411000.0,,49.373,-301270000.0,29852000.0,29852000.0,637253000.0,317149000.0,0.714,2.286,5571064000.0,533596000.0,5037468000.0,5571064000.0,0.0,168616000.0,270547000.0,0.03,0.737,419537000.0,588153000.0,0.494,588153000.0,419537000.0,365542000.0,2.78,2.77,2.78,5552666000.0,,5552666000.0,16076174108.0,20.0,11.02,187557000.0,1.668,1.0,553534000.0,0.465,266587000.0,53995000.0,22065445000.0,,312426000.0,967673000.0,0.0,967673000.0,12695861000.0,1586746000.0,11109115000.0,10901335108.0,28204000.0,0.0,2230000.0,-77341000.0,-81137000.0,-156248000.0,-304375000.0,-1437000.0,488827000.0,0.0,312276000.0,312276000.0,312276000.0,0.0,4873000.0,0.262,150244000.0,403290000.0,276117000.0,0.265,1.963,21.785,21.813,14264914000.0,0.0,97.07,3.065,3.069,510505000.0,2949891000.0,1190787000.0,1190787000.0,0.0,,,,,2761000.0,0.0,1.0,112303854.0,112463000,112746000.0,10.588,18110979000.0,14063000.0,53266000.0,2396378000.0,161.039,-453591000.0
8,PNW,MRQ,2019-06-30,2019-06-30,2019-06-30,2021-08-05,-27276000.0,18074423000.0,,995414000.0,17079009000.0,,50.506,-270638000.0,1355000.0,1355000.0,524855000.0,149019000.0,0.538,2.164,5176194000.0,687268000.0,4488926000.0,5176194000.0,0.0,164384000.0,258588000.0,0.031,0.737,214196000.0,378580000.0,0.435,378580000.0,214196000.0,161225000.0,1.28,1.28,1.28,5673692000.0,,5673692000.0,15519823708.0,19.0,10.416,-98136000.0,-0.874,1.0,344646000.0,0.396,261429000.0,52971000.0,21137464000.0,,315381000.0,950448000.0,0.0,950448000.0,12276566000.0,1850369000.0,10426197000.0,10564176708.0,-4461000.0,0.0,293000.0,188323000.0,-81082000.0,96162000.0,-273125000.0,-570000.0,172502000.0,0.0,144145000.0,144145000.0,144145000.0,0.0,4874000.0,0.166,148057000.0,196589000.0,402235000.0,0.576,1.862,20.996,21.002,14165920000.0,0.0,94.09,2.907,2.908,444063000.0,2801110000.0,869501000.0,869501000.0,0.0,,,,,1651000.0,0.0,1.0,112277359.0,112337000,112651000.0,7.74,17812994000.0,0.0,17080000.0,2247644000.0,158.567,-854955000.0
9,PNW,MRQ,2019-03-31,2019-03-31,2019-03-31,2021-08-05,-26027000.0,17756883000.0,,843528000.0,16913355000.0,,50.654,-251854000.0,6080000.0,6080000.0,531312000.0,22791000.0,0.553,2.098,4961727000.0,472767000.0,4488960000.0,4961727000.0,0.0,167801000.0,243157000.0,0.03,0.737,74324000.0,242125000.0,0.327,242125000.0,74324000.0,20336000.0,0.16,0.16,0.16,5690363000.0,,5690363000.0,15927829521.0,18.0,10.352,-78422000.0,-0.698,1.0,209218000.0,0.283,267842000.0,53988000.0,20918177000.0,,307151000.0,919309000.0,0.0,919309000.0,11935857000.0,1526511000.0,10409346000.0,10718963521.0,343000.0,0.0,-2653000.0,164974000.0,-80897000.0,81424000.0,-254513000.0,-570000.0,173432000.0,0.0,17918000.0,17918000.0,17918000.0,0.0,4873000.0,0.024,149134000.0,60084000.0,257124000.0,4.606,1.884,20.388,20.38,14037140000.0,0.0,95.58,2.867,2.872,349892000.0,2816532000.0,740530000.0,740530000.0,0.0,,,,,12074000.0,0.0,1.0,112146511.0,112337000,112735000.0,6.592,17489041000.0,0.0,2418000.0,2288095000.0,155.684,-682983000.0
10,PNW,MRQ,2018-12-31,2018-12-31,2018-12-31,2021-08-05,-47708000.0,17664202000.0,,924991000.0,16739211000.0,,46.536,-274609000.0,5766000.0,5766000.0,542370000.0,30949000.0,0.561,2.358,5214632000.0,576400000.0,4638232000.0,5214632000.0,0.0,161094000.0,228327000.0,0.033,0.738,88848000.0,249942000.0,0.33,249942000.0,88848000.0,32871000.0,0.23,0.23,0.23,5222915000.0,,5222915000.0,14699766763.0,17.0,9.708,42772000.0,0.381,1.0,214006000.0,0.283,262902000.0,55977000.0,20961202000.0,,294094000.0,851134000.0,0.0,851134000.0,12315497000.0,1648964000.0,10666533000.0,9549193763.0,-59225000.0,0.0,-3071000.0,-1800000.0,-80855000.0,-97098000.0,-279508000.0,-570000.0,317381000.0,0.0,26076000.0,26076000.0,26076000.0,0.0,4873000.0,0.034,147122000.0,66884000.0,360011000.0,3.209,1.828,18.686,18.684,13660893000.0,0.0,85.2,2.587,2.588,400988000.0,2641183000.0,756376000.0,756376000.0,0.0,,,,,3407000.0,0.0,1.0,112079739.0,112234000,112703000.0,6.739,17401300000.0,0.0,6795000.0,2185162000.0,155.045,-723973000.0
11,PNW,MRQ,2018-09-30,2018-09-30,2018-09-30,2021-08-05,-55074000.0,17671955000.0,,1207190000.0,16464765000.0,,47.737,-215234000.0,64991000.0,64991000.0,687856000.0,319885000.0,0.696,2.276,5215564000.0,728200000.0,4487364000.0,5215564000.0,0.0,164311000.0,215183000.0,0.035,0.695,455037000.0,619348000.0,0.488,619348000.0,455037000.0,399345000.0,2.81,2.8,2.81,5353572000.0,,5353572000.0,14270047326.0,16.0,9.367,348727000.0,3.11,1.0,580178000.0,0.458,268630000.0,55692000.0,20819110000.0,,308582000.0,906687000.0,0.0,906687000.0,12186094000.0,1734788000.0,10451306000.0,8866112326.0,61152000.0,0.0,310000.0,-192804000.0,-76095000.0,-268589000.0,-234220000.0,-17421000.0,563961000.0,0.0,315012000.0,315012000.0,315012000.0,0.0,4873000.0,0.248,146871000.0,433307000.0,249059000.0,0.247,1.656,17.501,17.518,13557414000.0,0.0,79.18,2.4,2.404,561872000.0,2780428000.0,1268034000.0,1268034000.0,0.0,,,,,2951000.0,0.0,1.0,111974139.0,112148000,112533000.0,11.307,17403325000.0,0.0,84333000.0,2250392000.0,155.182,-527598000.0
12,PNW,MRQ,2018-06-30,2018-06-30,2018-06-30,2021-08-05,-56624000.0,17492173000.0,,1118711000.0,16373462000.0,,44.883,-308142000.0,3839000.0,3839000.0,579091000.0,171612000.0,0.5,2.451,5407774000.0,1216249000.0,4191525000.0,5407774000.0,0.0,161984000.0,208140000.0,0.034,0.695,265194000.0,427178000.0,0.439,427178000.0,265194000.0,210777000.0,1.49,1.48,1.49,5032019000.0,,5032019000.0,13833042014.0,16.0,9.052,-79212000.0,-0.707,1.0,395032000.0,0.406,257040000.0,54417000.0,20400183000.0,,310961000.0,873643000.0,0.0,873643000.0,12332739000.0,2238885000.0,10093854000.0,9017336014.0,-11601000.0,0.0,534000.0,164349000.0,-76039000.0,77472000.0,-318003000.0,-570000.0,228930000.0,0.0,166738000.0,166738000.0,166738000.0,0.0,4874000.0,0.171,152870000.0,242162000.0,338106000.0,0.466,1.792,19.282,19.273,13450379000.0,0.0,80.56,2.498,2.502,525171000.0,2465402000.0,974123000.0,974123000.0,0.0,,,,,2652000.0,0.0,1.0,111933168.0,112115000,112471000.0,8.689,17235133000.0,0.0,44039000.0,2100275000.0,153.727,-1120174000.0
13,PNW,MRQ,2018-03-31,2018-03-31,2018-03-31,2021-08-05,-30851000.0,17008751000.0,,934828000.0,16073923000.0,,47.025,-352468000.0,14001000.0,14001000.0,516392000.0,8094000.0,0.531,2.204,4829707000.0,837500000.0,3992207000.0,4829707000.0,0.0,163566000.0,185388000.0,0.034,0.695,54155000.0,217721000.0,0.314,217721000.0,54155000.0,1956000.0,0.03,0.03,0.03,5267598000.0,,5267598000.0,13481064162.0,15.0,8.695,-185596000.0,-1.657,1.0,176322000.0,0.255,262363000.0,52199000.0,19800346000.0,,304635000.0,861439000.0,0.0,861439000.0,11607239000.0,1761748000.0,9845491000.0,8921623162.0,1548000.0,0.0,-2828000.0,274500000.0,-75903000.0,195769000.0,-361093000.0,-571000.0,166872000.0,0.0,3221000.0,3221000.0,3221000.0,0.0,4873000.0,0.005,144988000.0,31334000.0,198025000.0,23.167,1.694,19.048,19.045,13275191000.0,0.0,79.8,2.492,2.497,315646000.0,2548591000.0,692714000.0,692714000.0,0.0,,,,,10537000.0,0.0,1.0,111799789.0,112017000,112493000.0,6.184,16746388000.0,0.0,-1265000.0,2202780000.0,149.499,-826920000.0
14,PNW,MRQ,2017-12-31,2017-12-31,2017-12-31,2021-08-05,-45002000.0,17019082000.0,,1016288000.0,16002794000.0,,44.705,-401267000.0,13892000.0,13892000.0,526091000.0,26502000.0,0.848,2.373,4967113000.0,177400000.0,4789713000.0,4967113000.0,0.0,166190000.0,184384000.0,0.031,0.695,92989000.0,259179000.0,0.341,259179000.0,92989000.0,42404000.0,0.19,0.19,0.19,5006690000.0,,5006690000.0,14111357234.0,15.0,9.075,-88134000.0,-0.787,1.0,233568000.0,0.307,257189000.0,50585000.0,20517262000.0,,289270000.0,871000000.0,0.0,871000000.0,11883352000.0,1197852000.0,10685500000.0,9517142234.0,3218000.0,0.0,-13390000.0,195661000.0,-70693000.0,100206000.0,-410121000.0,-1140000.0,313133000.0,0.0,21629000.0,21629000.0,21629000.0,0.0,4873000.0,0.028,148021000.0,85547000.0,334109000.0,3.658,1.901,19.484,19.492,13078432000.0,0.0,85.18,2.669,2.672,415068000.0,2442511000.0,759659000.0,759659000.0,0.0,,,,,20502000.0,0.0,1.0,111729775.0,111995000,112526000.0,6.783,16761893000.0,0.0,20775000.0,2058441000.0,149.666,-181564000.0
15,PNW,MRQ,2017-09-30,2017-09-30,2017-09-30,2021-08-05,-23616000.0,16851789000.0,,1158385000.0,15693404000.0,,46.835,-321488000.0,10633000.0,10633000.0,586477000.0,280945000.0,1.085,2.191,4604848000.0,113800000.0,4491048000.0,4604848000.0,0.0,153995000.0,170900000.0,0.031,0.655,470035000.0,624030000.0,0.527,624030000.0,470035000.0,420391000.0,2.47,2.46,2.47,5237812000.0,,5237812000.0,14094339088.0,14.0,9.013,157559000.0,1.409,1.0,596845000.0,0.504,256037000.0,49644000.0,20121915000.0,,283140000.0,841980000.0,0.0,841980000.0,11478438000.0,1068052000.0,10410386000.0,9438970088.0,5782000.0,0.0,0.0,-56057000.0,-73100000.0,-129157000.0,-344108000.0,0.0,479047000.0,0.0,276072000.0,276072000.0,276072000.0,0.0,4873000.0,0.233,137297000.0,459548000.0,227507000.0,0.265,1.802,18.149,18.146,12825793000.0,0.0,84.56,2.663,2.668,566154000.0,2661570000.0,1183322000.0,1183322000.0,0.0,,,,,0.0,0.0,1.0,111624528.0,111835000,112401000.0,10.581,16595752000.0,0.0,144319000.0,3706754000.0,148.395,90333000.0
16,PNW,MRQ,2017-06-30,2017-06-30,2017-06-30,2021-08-05,-25112000.0,16546466000.0,,1048381000.0,15498085000.0,,44.295,-325147000.0,4851000.0,4851000.0,519885000.0,172317000.0,0.745,2.315,4660220000.0,467700000.0,4192520000.0,4660220000.0,0.0,143001000.0,171380000.0,0.03,0.655,306473000.0,449474000.0,0.476,449474000.0,306473000.0,256410000.0,1.5,1.49,1.5,4952061000.0,,4952061000.0,14103644963.0,15.0,9.21,-172826000.0,-1.546,1.0,424702000.0,0.45,265764000.0,50063000.0,19528928000.0,,286718000.0,822244000.0,0.0,822244000.0,11463740000.0,1407143000.0,10056597000.0,9500485963.0,1918000.0,0.0,0.0,265397000.0,-73100000.0,180925000.0,-331328000.0,-571000.0,152321000.0,0.0,167443000.0,167443000.0,167443000.0,0.0,4874000.0,0.177,127445000.0,297257000.0,338391000.0,0.437,1.918,18.738,18.716,12634473000.0,0.0,85.16,2.693,2.698,497034000.0,2377315000.0,944587000.0,944587000.0,0.0,,,,,0.0,0.0,1.0,111560427.0,111797000,112345000.0,8.449,16280702000.0,0.0,88967000.0,3486992000.0,145.627,-358762000.0
17,PNW,MRQ,2017-03-31,2017-03-31,2017-03-31,2021-08-05,-42863000.0,16192825000.0,,794996000.0,15397829000.0,,43.219,-337164000.0,3028000.0,3028000.0,482302000.0,28185000.0,0.666,2.325,4606187000.0,332297000.0,4273890000.0,4606187000.0,0.0,147443000.0,168262000.0,0.031,0.655,74915000.0,222358000.0,0.328,222358000.0,74915000.0,27523000.0,0.21,0.21,0.21,4828776000.0,,4828776000.0,13431988291.0,15.0,9.212,-163629000.0,-1.465,1.0,195426000.0,0.288,251208000.0,47392000.0,19350963000.0,,283254000.0,805048000.0,0.0,805048000.0,11226885000.0,1193813000.0,10033072000.0,9283543291.0,-5907000.0,0.0,0.0,236438000.0,-72900000.0,163538000.0,-342980000.0,-570000.0,173535000.0,0.0,23312000.0,23312000.0,23312000.0,0.0,4873000.0,0.034,128015000.0,67411000.0,250197000.0,3.119,1.923,20.143,20.14,12630632000.0,0.0,83.38,2.653,2.662,290455000.0,2278867000.0,677728000.0,677728000.0,0.0,,,,,0.0,0.0,1.0,111340169.0,111728000,112195000.0,6.066,15941617000.0,9531000.0,4211000.0,3358243000.0,142.682,-398817000.0
18,PNW,MRQ,2016-12-31,2016-12-31,2016-12-31,2021-08-05,-25423000.0,15931175000.0,,837340000.0,15093835000.0,,43.979,-230334000.0,8840000.0,8840000.0,512504000.0,58119000.0,0.765,2.221,4157285000.0,135500000.0,4021785000.0,4157285000.0,0.0,141726000.0,171192000.0,0.032,0.655,126268000.0,267994000.0,0.363,267994000.0,126268000.0,80555000.0,0.48,0.48,0.48,4905680000.0,,4905680000.0,12916484529.0,15.0,9.043,13297000.0,0.119,1.0,226695000.0,0.307,89868000.0,45713000.0,18895715000.0,,281385000.0,779586000.0,0.0,779586000.0,10893205000.0,1094037000.0,9799168000.0,8685215529.0,813000.0,0.0,0.0,35330000.0,-72900000.0,-6942000.0,-235876000.0,-571000.0,243631000.0,0.0,53246000.0,53246000.0,53246000.0,0.0,4873000.0,0.072,124252000.0,102443000.0,332061000.0,1.365,1.77,19.648,19.655,12455347000.0,0.0,78.03,2.482,2.485,367523000.0,2331245000.0,739199000.0,739199000.0,0.0,,,,,0.0,0.0,1.0,111306107.0,111547000,112223000.0,6.627,15841307000.0,11174000.0,27309000.0,3377441000.0,142.015,-256697000.0
19,PNW,MRQ,2016-09-30,2016-09-30,2016-09-30,2021-08-05,-42146000.0,15805726000.0,,977492000.0,14828234000.0,,43.561,-264778000.0,48267000.0,48267000.0,594972000.0,267900000.0,0.881,2.228,4279536000.0,134170000.0,4145366000.0,4279536000.0,0.0,140144000.0,177041000.0,0.033,0.625,451445000.0,591589000.0,0.507,591589000.0,451445000.0,404473000.0,2.36,2.35,2.36,4853346000.0,,4853346000.0,12660685924.0,15.0,8.964,75170000.0,0.675,1.0,571950000.0,0.49,96789000.0,46972000.0,18830488000.0,,285534000.0,779753000.0,0.0,779753000.0,10813591000.0,1109718000.0,9703873000.0,8448170924.0,-23180000.0,0.0,0.0,-10332000.0,-69500000.0,-79832000.0,-283296000.0,-570000.0,339948000.0,0.0,263027000.0,263027000.0,263027000.0,0.0,4873000.0,0.225,120692000.0,451258000.0,248133000.0,0.265,1.741,19.651,19.687,12348810000.0,0.0,75.99,2.418,2.423,471952000.0,2342643000.0,1166922000.0,1166922000.0,0.0,,,,,0.0,0.0,1.0,111174772.0,111416000,112100000.0,10.474,15708937000.0,0.0,141446000.0,3351633000.0,140.994,-132226000.0
20,PNW,MRQ,2016-06-30,2016-06-30,2016-06-30,2021-08-05,-43719000.0,15538565000.0,,963387000.0,14575178000.0,,41.172,-331205000.0,43040000.0,43040000.0,559244000.0,126182000.0,0.652,2.36,4255555000.0,357720000.0,3897835000.0,4255555000.0,0.0,141492000.0,180704000.0,0.03,0.625,234598000.0,376090000.0,0.411,376090000.0,234598000.0,187050000.0,1.09,1.08,1.09,4585268000.0,,4585268000.0,12961515995.0,15.0,9.198,-58763000.0,-0.528,1.0,356150000.0,0.389,108751000.0,47548000.0,18163785000.0,,278380000.0,767416000.0,0.0,767416000.0,10819382000.0,1478544000.0,9340838000.0,9009007995.0,26303000.0,0.0,0.0,171423000.0,-69500000.0,90551000.0,-336690000.0,-570000.0,272442000.0,0.0,121308000.0,121308000.0,121308000.0,0.0,4874000.0,0.133,124402000.0,231748000.0,386073000.0,0.573,1.965,21.248,21.22,12132109000.0,0.0,81.06,2.555,2.56,473716000.0,2079619000.0,915394000.0,915394000.0,0.0,,,,,0.0,0.0,1.0,111139995.0,111368000,112004000.0,8.22,15429814000.0,0.0,65742000.0,3134678000.0,138.548,-515157000.0
21,PNW,MRQ,2016-03-31,2016-03-31,2016-03-31,2021-08-05,-6707000.0,15134297000.0,,809914000.0,14324383000.0,,42.118,-357397000.0,4904000.0,4904000.0,506981000.0,9326000.0,0.514,2.199,3957412000.0,619380000.0,3338032000.0,3957412000.0,0.0,140729000.0,188881000.0,0.033,0.625,51884000.0,192613000.0,0.284,192613000.0,51884000.0,6367000.0,0.04,0.04,0.04,4687566000.0,,4687566000.0,12006054044.0,14.0,8.526,-203470000.0,-1.828,1.0,170186000.0,0.251,115859000.0,45517000.0,17394458000.0,,278406000.0,751954000.0,0.0,751954000.0,10306317000.0,1576488000.0,8729829000.0,8333139044.0,-17152000.0,0.0,0.0,261800000.0,-69400000.0,192400000.0,-363479000.0,-570000.0,153927000.0,0.0,4453000.0,4453000.0,4453000.0,0.0,4873000.0,0.007,120024000.0,50162000.0,232484000.0,15.625,1.778,19.58,19.549,11895402000.0,0.0,75.07,2.38,2.386,302719000.0,2155746000.0,677167000.0,677167000.0,0.0,,,,,0.0,0.0,1.0,111004916.0,111296000,111847000.0,6.084,15018438000.0,0.0,1914000.0,3172718000.0,134.941,-766574000.0
22,PNW,MRQ,2015-12-31,2015-12-31,2015-12-31,2021-08-05,-27097000.0,14982182000.0,,870755000.0,14111427000.0,,42.098,-281282000.0,22056000.0,22056000.0,497079000.0,45978000.0,0.611,2.173,3694971000.0,357580000.0,3337391000.0,3694971000.0,0.0,143498000.0,188682000.0,0.037,0.625,108656000.0,252154000.0,0.343,252154000.0,108656000.0,63964000.0,0.37,0.37,0.37,4679254000.0,,4679254000.0,10860365009.0,13.0,7.62,-13210000.0,-0.119,1.0,237351000.0,0.323,123820000.0,44692000.0,17106569000.0,,279931000.0,735196000.0,0.0,735196000.0,10167388000.0,1424708000.0,8742680000.0,7147592009.0,16710000.0,0.0,0.0,114692000.0,-69300000.0,38402000.0,-289764000.0,-4065000.0,268072000.0,0.0,41117000.0,41117000.0,41117000.0,0.0,4861000.0,0.056,127517000.0,109834000.0,360974000.0,1.689,1.528,16.346,16.365,11563771000.0,0.0,64.48,2.045,2.048,367543000.0,2148493000.0,734430000.0,734430000.0,0.0,,,,,0.0,0.0,1.0,110849752.0,111152000,111738000.0,6.607,14858362000.0,0.0,22847000.0,3131308000.0,133.676,-553953000.0
23,PNW,MRQ,2015-09-30,2015-09-30,2015-09-30,2021-08-05,-63990000.0,14875018000.0,,1061979000.0,13813039000.0,,41.911,-254385000.0,13007000.0,13007000.0,627537000.0,261978000.0,0.697,2.167,3725780000.0,468433000.0,3257347000.0,3725780000.0,0.0,145870000.0,194360000.0,0.037,0.595,442495000.0,588365000.0,0.491,588365000.0,442495000.0,396671000.0,2.32,2.3,2.32,4653651000.0,,4653651000.0,10920111088.0,14.0,8.075,171803000.0,1.547,1.0,571609000.0,0.477,134937000.0,45824000.0,16929492000.0,,278523000.0,712011000.0,0.0,712011000.0,10083699000.0,1523362000.0,8560337000.0,7107588088.0,-2627000.0,0.0,0.0,-100500000.0,-65900000.0,-166400000.0,-262415000.0,-4312000.0,426188000.0,0.0,257116000.0,257116000.0,257116000.0,0.0,4862000.0,0.214,126498000.0,445111000.0,233970000.0,0.256,1.527,17.7,17.718,11467754000.0,0.0,64.14,2.038,2.042,520733000.0,2190387000.0,1199146000.0,1199146000.0,0.0,,,,,0.0,0.0,1.0,110813659.0,111036000,111616000.0,10.8,14740081000.0,57857000.0,139555000.0,3148856000.0,132.75,-461383000.0
24,PNW,MRQ,2015-06-30,2015-06-30,2015-06-30,2021-08-05,-65600000.0,14701483000.0,,1031756000.0,13669727000.0,,39.58,-266132000.0,13557000.0,13557000.0,535474000.0,127507000.0,0.77,2.316,3826080000.0,260223000.0,3565857000.0,3826080000.0,0.0,140701000.0,192848000.0,0.041,0.595,234279000.0,374980000.0,0.421,374980000.0,234279000.0,190273000.0,1.11,1.1,1.11,4392836000.0,,4392836000.0,9998226621.0,13.0,7.62,-13336000.0,-0.12,1.0,355174000.0,0.399,127742000.0,44006000.0,17046405000.0,,274297000.0,723582000.0,0.0,723582000.0,10175840000.0,1339859000.0,8835981000.0,6300501621.0,1890000.0,0.0,0.0,118153000.0,-65900000.0,24241000.0,-275147000.0,-4560000.0,252796000.0,0.0,122902000.0,122902000.0,122902000.0,0.0,4605000.0,0.138,123201000.0,231973000.0,392052000.0,0.536,1.434,16.222,16.208,11343457000.0,0.0,56.89,1.82,1.824,471934000.0,1933256000.0,890648000.0,890648000.0,0.0,,,,,0.0,0.0,1.0,110748842.0,110986000,111460000.0,8.025,14573741000.0,77841000.0,67371000.0,2960786000.0,131.312,-308103000.0
25,PNW,MRQ,2015-03-31,2015-03-31,2015-03-31,2021-08-05,-66382000.0,14435703000.0,,935442000.0,13500261000.0,,39.641,-223708000.0,11664000.0,11664000.0,481397000.0,20727000.0,0.681,2.248,3709389000.0,428070000.0,3281319000.0,3709389000.0,0.0,141471000.0,194820000.0,0.036,0.595,68252000.0,209723000.0,0.312,209723000.0,68252000.0,24069000.0,0.15,0.14,0.15,4396793000.0,,4396793000.0,10603749171.0,13.0,8.057,-70734000.0,-0.638,1.0,189822000.0,0.283,127620000.0,44183000.0,16631832000.0,,265981000.0,727342000.0,0.0,727342000.0,9882696000.0,1373976000.0,8508720000.0,7049168171.0,1568000.0,0.0,0.0,147100000.0,-65800000.0,81300000.0,-232706000.0,-4312000.0,152974000.0,0.0,16122000.0,16122000.0,16122000.0,0.0,4605000.0,0.024,122138000.0,67684000.0,271489000.0,3.967,1.603,17.714,17.708,11197136000.0,0.0,63.75,2.028,2.034,334297000.0,1942194000.0,671219000.0,671219000.0,0.0,,,,,0.0,0.0,1.0,110575187.0,110916000,111377000.0,6.052,14308083000.0,116838000.0,7947000.0,2967413000.0,128.999,-438534000.0
26,PNW,MRQ,2014-12-31,2014-12-31,2014-12-31,2021-08-05,-10385000.0,14190362000.0,,900117000.0,13290245000.0,,40.429,-279638000.0,4515000.0,4515000.0,558927000.0,9535000.0,0.587,2.135,3412543000.0,530970000.0,2881573000.0,3412543000.0,0.0,124671000.0,195359000.0,0.034,0.595,54603000.0,179274000.0,0.247,179274000.0,54603000.0,10417000.0,0.04,0.05,0.04,4478243000.0,,4478243000.0,10960161115.0,14.0,8.43,-42389000.0,-0.383,1.0,167523000.0,0.231,119600000.0,44186000.0,15946326000.0,,255986000.0,713866000.0,0.0,713866000.0,9560510000.0,1532464000.0,8028046000.0,7544840115.0,-155000.0,0.0,-14860000.0,136255000.0,-65822000.0,50957000.0,-288361000.0,-4313000.0,237249000.0,0.0,5410000.0,5410000.0,5410000.0,0.0,4125000.0,0.007,107339000.0,60184000.0,355730000.0,14.875,1.685,18.976,19.028,10953169000.0,0.0,68.31,2.161,2.164,395151000.0,1968718000.0,726450000.0,726450000.0,0.0,,,,,0.0,0.0,1.0,110450009.0,110767000,111826000.0,6.558,14070762000.0,55253000.0,5007000.0,2926822000.0,127.03,-632347000.0
27,PNW,MRQ,2014-09-30,2014-09-30,2014-09-30,2021-08-05,-62402000.0,13980348000.0,,1040932000.0,12939416000.0,,40.622,-234015000.0,10471000.0,10471000.0,646629000.0,248086000.0,0.719,2.078,3425792000.0,387991000.0,3037801000.0,3425792000.0,0.0,125351000.0,196604000.0,0.042,0.568,422861000.0,548212000.0,0.467,548212000.0,422861000.0,378714000.0,2.21,2.2,2.21,4491916000.0,,4491916000.0,9568582783.0,12.0,7.276,187837000.0,1.699,1.0,526038000.0,0.449,127560000.0,44147000.0,15819591000.0,,263056000.0,690226000.0,0.0,690226000.0,9336335000.0,1448518000.0,7887817000.0,6032739783.0,1310000.0,0.0,2235000.0,-119349000.0,-62640000.0,-179753000.0,-240789000.0,-4312000.0,421852000.0,0.0,243961000.0,243961000.0,243961000.0,0.0,4125000.0,0.208,104263000.0,421775000.0,278835000.0,0.257,1.343,14.486,14.493,10876014000.0,0.0,54.64,1.741,1.744,543753000.0,2052207000.0,1172667000.0,1172667000.0,0.0,,,,,0.0,0.0,1.0,110408854.0,110579000,110962000.0,10.605,13852788000.0,61201000.0,134753000.0,2947250000.0,125.275,-407586000.0
28,PNW,MRQ,2014-06-30,2014-06-30,2014-06-30,2021-08-05,-74217000.0,13690317000.0,,999072000.0,12691245000.0,,38.293,-176383000.0,9161000.0,9161000.0,546080000.0,141384000.0,0.643,2.199,3545004000.0,545491000.0,2999513000.0,3545004000.0,0.0,123977000.0,195109000.0,0.039,0.568,254959000.0,378936000.0,0.418,378936000.0,254959000.0,206998000.0,1.2,1.19,1.2,4233890000.0,,4233890000.0,9875183753.0,12.0,7.592,39526000.0,0.357,1.0,360184000.0,0.397,137037000.0,47961000.0,15534416000.0,,269145000.0,682359000.0,0.0,682359000.0,9308455000.0,1554707000.0,7753748000.0,6383066753.0,-94260000.0,0.0,3235000.0,-50458000.0,-62618000.0,-125709000.0,-184460000.0,-4311000.0,215909000.0,0.0,132458000.0,132458000.0,132458000.0,0.0,8926000.0,0.146,106071000.0,254113000.0,383435000.0,0.473,1.508,16.012,15.978,10892008000.0,0.0,57.84,1.853,1.857,495065000.0,1808232000.0,906264000.0,906264000.0,0.0,,,,,0.0,0.0,1.0,110357309.0,110565000,111002000.0,8.197,13553280000.0,83633000.0,74540000.0,2761783000.0,122.582,-555635000.0
29,PNW,MRQ,2014-03-31,2014-03-31,2014-03-31,2021-08-05,-74902000.0,13450797000.0,,897930000.0,12552867000.0,,38.299,-199723000.0,103421000.0,103421000.0,508513000.0,24691000.0,0.644,2.149,3595538000.0,549924000.0,3045614000.0,3595538000.0,0.0,122394000.0,191032000.0,0.041,0.568,71370000.0,193764000.0,0.282,193764000.0,71370000.0,22171000.0,0.14,0.14,0.14,4222786000.0,,4222786000.0,9503712046.0,12.0,7.294,49434000.0,0.448,1.0,177738000.0,0.259,144446000.0,49199000.0,15403825000.0,,259897000.0,657862000.0,0.0,657862000.0,9073096000.0,1394643000.0,7678453000.0,6023224046.0,93895000.0,0.0,9390000.0,106375000.0,-62520000.0,53246000.0,-208508000.0,-4313000.0,249157000.0,0.0,15766000.0,15766000.0,15766000.0,0.0,8925000.0,0.023,102568000.0,75170000.0,224820000.0,4.057,1.426,15.157,15.141,10810605000.0,0.0,54.66,1.744,1.745,332287000.0,1801047000.0,686251000.0,686251000.0,0.0,,,,,0.0,0.0,1.0,110194366.0,110257000,110888000.0,6.224,13306351000.0,63277000.0,6405000.0,2704442000.0,120.685,-496713000.0
30,PNW,MRQ,2013-12-31,2013-12-31,2013-12-31,2021-08-05,-78053000.0,13508686000.0,,1043609000.0,12465077000.0,,38.086,-428627000.0,9526000.0,9526000.0,515423000.0,32814000.0,0.645,2.186,3490014000.0,693549000.0,2796465000.0,3490014000.0,0.0,114255000.0,190581000.0,0.042,0.568,79943000.0,194198000.0,0.278,194198000.0,79943000.0,33427000.0,0.22,0.22,0.22,4194470000.0,,4194470000.0,9074917860.0,11.0,6.896,-116266000.0,-1.056,1.0,184339000.0,0.263,157689000.0,46516000.0,15212841000.0,,259710000.0,642007000.0,0.0,642007000.0,9168226000.0,1618644000.0,7549582000.0,5823578860.0,-109029000.0,0.0,-10396000.0,103074000.0,-67615000.0,16063000.0,-437453000.0,-4312000.0,312361000.0,0.0,24260000.0,24260000.0,24260000.0,0.0,8554000.0,0.035,100439000.0,83900000.0,347044000.0,2.582,1.388,14.341,14.341,10606171000.0,0.0,52.92,1.686,1.685,393497000.0,1785273000.0,699762000.0,699762000.0,0.0,,,,,0.0,0.0,1.0,110044952.0,110131000,110485000.0,6.354,13350997000.0,226669000.0,9167000.0,2677450000.0,121.228,-575035000.0
31,PNW,MRQ,2013-09-30,2013-09-30,2013-09-30,2021-08-05,-89335000.0,13822671000.0,,1350486000.0,12472185000.0,,38.894,-191240000.0,135457000.0,135457000.0,627532000.0,234718000.0,0.933,2.199,3386796000.0,566481000.0,2820315000.0,3386796000.0,0.0,128489000.0,186921000.0,0.04,0.545,405427000.0,533916000.0,0.463,533916000.0,405427000.0,358075000.0,2.06,2.04,2.06,4275804000.0,,4275804000.0,9442827569.0,11.0,7.094,236834000.0,2.154,1.0,524860000.0,0.455,160134000.0,47352000.0,15466933000.0,,258344000.0,612640000.0,0.0,612640000.0,9401243000.0,1446943000.0,7954300000.0,6021227569.0,107654000.0,0.0,645000.0,-62750000.0,-58254000.0,-120342000.0,-200078000.0,-4312000.0,428074000.0,0.0,226163000.0,226163000.0,226163000.0,0.0,8555000.0,0.196,109172000.0,415688000.0,250023000.0,0.265,1.408,14.888,14.875,10368932000.0,0.0,54.74,1.746,1.745,556157000.0,1886038000.0,1152392000.0,1152392000.0,0.0,,,,,0.0,0.0,1.0,109996850.0,109935000,110913000.0,10.482,13662537000.0,221041000.0,131912000.0,2745422000.0,124.278,-96457000.0
32,PNW,MRQ,2013-06-30,2013-06-30,2013-06-30,2021-08-05,-104457000.0,13562694000.0,,1066289000.0,12496405000.0,,36.669,-187418000.0,27803000.0,27803000.0,547698000.0,139598000.0,0.694,2.33,3449403000.0,629231000.0,2820172000.0,3449403000.0,0.0,125138000.0,187130000.0,0.039,0.545,255921000.0,381059000.0,0.416,381059000.0,255921000.0,208250000.0,1.19,1.18,1.19,4032165000.0,,4032165000.0,9500960276.0,11.0,6.995,54681000.0,0.497,1.0,368124000.0,0.402,162715000.0,47671000.0,15284361000.0,,253432000.0,595231000.0,0.0,595231000.0,9393459000.0,1537218000.0,7856241000.0,6098783276.0,2694000.0,0.0,310000.0,21973000.0,-58164000.0,-44247000.0,-195158000.0,-4312000.0,242099000.0,0.0,131207000.0,131207000.0,131207000.0,0.0,8391000.0,0.143,108312000.0,259812000.0,347314000.0,0.458,1.513,14.414,14.408,10309624000.0,0.0,55.47,1.791,1.791,506368000.0,1659868000.0,915822000.0,915822000.0,0.0,,,,,0.0,0.0,1.0,109947418.0,109962000,110932000.0,8.329,13399979000.0,178737000.0,77043000.0,2498338000.0,121.86,-470929000.0
33,PNW,MRQ,2013-03-31,2013-03-31,2013-03-31,2021-08-05,-107931000.0,13300927000.0,,871777000.0,12429150000.0,,36.551,-167947000.0,25109000.0,25109000.0,493950000.0,32836000.0,0.978,2.279,3427286000.0,122828000.0,3304458000.0,3427286000.0,0.0,124344000.0,189769000.0,0.037,0.545,82401000.0,206745000.0,0.301,206745000.0,82401000.0,36913000.0,0.22,0.22,0.22,4014455000.0,,4014455000.0,9741686475.0,11.0,7.232,44210000.0,0.403,1.0,192702000.0,0.281,162978000.0,45488000.0,15648615000.0,,258816000.0,596168000.0,0.0,596168000.0,9148597000.0,891511000.0,8257086000.0,6353797475.0,-1093000.0,0.0,9441000.0,12132000.0,-58067000.0,-36530000.0,-176720000.0,-4313000.0,212157000.0,0.0,24444000.0,24444000.0,24444000.0,0.0,8392000.0,0.036,105779000.0,86923000.0,212078000.0,2.477,1.583,15.338,15.315,10264260000.0,0.0,57.89,1.887,1.888,355547000.0,1648521000.0,686652000.0,686652000.0,0.0,,,,,0.0,0.0,1.0,109756391.0,109832000,110835000.0,6.252,13137949000.0,149550000.0,12469000.0,2301282000.0,119.619,-19734000.0
34,PNW,MRQ,2012-12-31,2012-12-31,2012-12-31,2021-08-05,-114008000.0,13379615000.0,,1005726000.0,12373889000.0,,36.278,-210442000.0,26202000.0,26202000.0,487057000.0,30671000.0,0.928,2.335,3414091000.0,215003000.0,3199088000.0,3414091000.0,0.0,120692000.0,189048000.0,0.042,0.545,88652000.0,209344000.0,0.302,209344000.0,88652000.0,40788000.0,0.21,0.21,0.21,3972806000.0,,3972806000.0,8942328008.0,11.0,6.88,31209000.0,0.285,1.0,206065000.0,0.297,162150000.0,47864000.0,15521812000.0,,249430000.0,570625000.0,0.0,570625000.0,9277326000.0,1083542000.0,8193784000.0,5592496008.0,-53277000.0,0.0,6271000.0,-15408000.0,-58001000.0,-75052000.0,-219876000.0,-4312000.0,241651000.0,0.0,22631000.0,22631000.0,22631000.0,4234000.0,8040000.0,0.033,104776000.0,101289000.0,281101000.0,2.595,1.408,14.658,14.649,10105248000.0,0.0,50.98,1.694,1.691,368730000.0,1624102000.0,693122000.0,693122000.0,0.0,,,,,0.0,0.0,1.0,109699804.0,109510000,110527000.0,6.329,13217465000.0,225003000.0,18157000.0,2447264000.0,120.696,-77816000.0
35,PNW,MRQ,2012-09-30,2012-09-30,2012-09-30,2021-08-05,-119475000.0,13460286000.0,,1098852000.0,12361434000.0,,37.025,-230258000.0,79479000.0,79479000.0,560130000.0,252863000.0,1.157,2.287,3429311000.0,90360000.0,3338951000.0,3429311000.0,0.0,120827000.0,182794000.0,0.04,0.525,440351000.0,561178000.0,0.506,561178000.0,440351000.0,391939000.0,2.23,2.21,2.23,4056242000.0,,4056242000.0,9311058218.0,12.0,7.225,240578000.0,2.196,1.0,549345000.0,0.495,152665000.0,48412000.0,15708105000.0,,250260000.0,566960000.0,0.0,566960000.0,9274702000.0,949348000.0,8325354000.0,5783912218.0,68251000.0,0.0,815000.0,-109252000.0,-55777000.0,-164189000.0,-238396000.0,-4313000.0,470836000.0,0.0,244823000.0,244823000.0,244823000.0,11000.0,8040000.0,0.221,101375000.0,447970000.0,231151000.0,0.235,1.426,15.57,15.621,10071843000.0,0.0,52.8,1.765,1.765,497437000.0,1721050000.0,1109475000.0,1109475000.0,0.0,,,,,0.0,0.0,1.0,109543792.0,109555000,110655000.0,10.127,13307621000.0,165440000.0,147116000.0,2375295000.0,121.47,149504000.0
36,PNW,MRQ,2012-06-30,2012-06-30,2012-06-30,2021-08-05,-150318000.0,13214407000.0,,947416000.0,12266991000.0,,34.505,-171873000.0,11228000.0,11228000.0,522248000.0,130111000.0,0.858,2.466,3538374000.0,166962000.0,3371412000.0,3538374000.0,0.0,121256000.0,186230000.0,0.041,0.525,248587000.0,369843000.0,0.421,369843000.0,248587000.0,199034000.0,1.12,1.11,1.12,3778035000.0,,3778035000.0,9303158073.0,12.0,7.19,171427000.0,1.566,1.0,356328000.0,0.406,163727000.0,49553000.0,15473503000.0,,247399000.0,544933000.0,0.0,544933000.0,9315070000.0,1104323000.0,8210747000.0,5664362073.0,-9482000.0,0.0,4580000.0,-121324000.0,-55702000.0,-173159000.0,-179623000.0,-4311000.0,343300000.0,0.0,122345000.0,122345000.0,122345000.0,819000.0,7766000.0,0.139,101839000.0,254489000.0,373808000.0,0.469,1.499,14.828,14.825,9953952000.0,0.0,51.74,1.721,1.721,481870000.0,1476259000.0,878576000.0,878576000.0,0.0,,,,,0.0,0.0,1.0,109477427.0,109491000,110359000.0,8.024,13050680000.0,158083000.0,76689000.0,2153283000.0,119.194,-156907000.0
37,PNW,MRQ,2012-03-31,2012-03-31,2012-03-31,2021-08-05,-167777000.0,13183914000.0,,904800000.0,12279114000.0,,34.263,-227102000.0,20710000.0,20710000.0,469447000.0,-481000.0,0.781,2.489,3659506000.0,318308000.0,3341198000.0,3659506000.0,0.0,118487000.0,187811000.0,0.044,0.525,40914000.0,159401000.0,0.257,159401000.0,40914000.0,-12902000.0,-0.08,-0.08,-0.08,3744917000.0,,3744917000.0,8696187545.0,12.0,7.012,-111767000.0,-1.023,1.0,151184000.0,0.244,170198000.0,53816000.0,15494613000.0,,240140000.0,541989000.0,0.0,541989000.0,9322485000.0,1157899000.0,8164586000.0,5233281545.0,-12873000.0,0.0,4289000.0,159954000.0,-55595000.0,106891000.0,-235099000.0,-4313000.0,115335000.0,0.0,-8257000.0,-8257000.0,-8257000.0,765000.0,7776000.0,-0.013,103177000.0,48007000.0,265975000.0,-6.562,1.397,15.11,15.11,9889009000.0,0.0,47.9,1.629,1.629,340229000.0,1468869000.0,620631000.0,620631000.0,0.0,,,,,0.0,0.0,1.0,109254312.0,109299000,109299000.0,5.678,13013716000.0,219187000.0,-4645000.0,2151753000.0,119.065,-253099000.0
38,PNW,MRQ,2011-12-31,2011-12-31,2011-12-31,2021-08-05,-152163000.0,13111018000.0,,956470000.0,12154548000.0,,35.046,-239344000.0,33583000.0,33583000.0,479550000.0,19990000.0,0.712,2.402,3496489000.0,477435000.0,3019054000.0,3496489000.0,0.0,123677000.0,188981000.0,0.044,0.525,74696000.0,198373000.0,0.297,198373000.0,74696000.0,19939000.0,0.11,0.12,0.11,3821850000.0,,3821850000.0,8618589806.0,12.0,6.948,-34267000.0,-0.314,1.0,188342000.0,0.282,170571000.0,54757000.0,15060648000.0,,226387000.0,513733000.0,0.0,513733000.0,9180432000.0,1342705000.0,7837727000.0,5260351806.0,-531129000.0,0.0,888000.0,-426712000.0,-55531000.0,-488491000.0,-247715000.0,-3699000.0,205077000.0,0.0,12564000.0,12564000.0,12564000.0,-446000.0,7426000.0,0.019,109627000.0,78715000.0,326987000.0,4.773,1.376,15.496,15.492,9658823000.0,0.0,48.18,1.623,1.621,405674000.0,1534483000.0,667892000.0,667892000.0,0.0,,,,,0.0,0.0,1.0,109181233.0,109053000,109864000.0,6.124,12940447000.0,205670000.0,7375000.0,2117947000.0,118.662,-386235000.0
39,PNW,MRQ,2011-09-30,2011-09-30,2011-09-30,2021-08-05,-121544000.0,13150363000.0,,1591235000.0,11559128000.0,,35.684,-241543000.0,564712000.0,564712000.0,582154000.0,262785000.0,0.892,2.349,3922950000.0,876363000.0,3046587000.0,3922950000.0,0.0,124407000.0,184502000.0,0.049,0.525,441870000.0,566277000.0,0.503,566277000.0,441870000.0,386775000.0,2.34,2.32,2.34,3894085000.0,,3894085000.0,8265461193.0,11.0,6.752,242684000.0,2.224,1.0,542687000.0,0.482,176401000.0,55095000.0,14548932000.0,,228521000.0,488551000.0,0.0,488551000.0,9147368000.0,1783268000.0,7364100000.0,4685224193.0,472438000.0,45111000.0,433000.0,247558000.0,-53660000.0,194174000.0,-205963000.0,-3698000.0,484227000.0,0.0,255359000.0,255359000.0,255359000.0,-9512000.0,7426000.0,0.227,107670000.0,435017000.0,281647000.0,0.224,1.203,14.017,13.763,9625438000.0,0.0,42.94,1.454,1.454,545911000.0,1579240000.0,1124841000.0,1124841000.0,0.0,,,,,0.0,0.0,1.0,109110950.0,109128000,109861000.0,10.308,12973962000.0,175933000.0,131416000.0,2223901000.0,118.888,-192033000.0
40,PNW,MRQ,2011-06-30,2011-06-30,2011-06-30,2021-08-05,-142675000.0,12474080000.0,,1036853000.0,11437227000.0,,33.14,-182950000.0,92274000.0,92274000.0,494794000.0,93839000.0,0.566,2.424,3672511000.0,910816000.0,2761695000.0,3672511000.0,0.0,122402000.0,190817000.0,0.047,0.525,193787000.0,316189000.0,0.395,316189000.0,193787000.0,137503000.0,0.8,0.79,0.8,3613705000.0,,3613705000.0,8440823480.0,12.0,7.098,9833000.0,0.09,1.0,305005000.0,0.381,177845000.0,56284000.0,14045178000.0,,221215000.0,497671000.0,0.0,497671000.0,8758470000.0,1831294000.0,6927176000.0,4859962480.0,-21919000.0,0.0,2793000.0,-22792000.0,-57237000.0,-79168000.0,-135534000.0,-3699000.0,192783000.0,0.0,86685000.0,86685000.0,86685000.0,-654000.0,7154000.0,0.108,108013000.0,196992000.0,329031000.0,0.656,1.345,15.536,15.215,9478377000.0,0.0,44.58,1.512,1.512,454423000.0,1323892000.0,799799000.0,799799000.0,0.0,,,,,0.0,0.0,1.0,109016655.0,109044000,109718000.0,7.335,12296235000.0,181213000.0,50818000.0,2040033000.0,112.764,-794441000.0
41,PNW,MRQ,2011-03-31,2011-03-31,2011-03-31,2021-08-05,-149321000.0,12302890000.0,,958017000.0,11344873000.0,,33.367,-182417000.0,114193000.0,114193000.0,504660000.0,-9674000.0,0.572,2.361,3695054000.0,849575000.0,2845479000.0,3695054000.0,0.0,123298000.0,187599000.0,0.049,0.525,36361000.0,159659000.0,0.246,159659000.0,36361000.0,-21140000.0,-0.14,-0.14,-0.14,3631411000.0,,3631411000.0,8238807858.0,11.0,6.795,61079000.0,0.561,1.0,144187000.0,0.222,182855000.0,57501000.0,14026684000.0,,181568000.0,486737000.0,0.0,486737000.0,8574119000.0,1674212000.0,6899907000.0,4654722858.0,4005000.0,0.0,11727000.0,530000.0,-55300000.0,-46696000.0,-192795000.0,-4923000.0,243496000.0,0.0,-15135000.0,-15135000.0,-15135000.0,-694000.0,5461000.0,-0.023,108403000.0,35784000.0,215968000.0,-3.75,1.282,13.653,13.372,9397434000.0,0.0,42.79,1.447,1.447,395822000.0,1351716000.0,648847000.0,648847000.0,0.0,,,,,0.0,0.0,1.0,108780623.0,108832000,108832000.0,5.962,12120035000.0,191982000.0,-6005000.0,2013153000.0,111.365,-716195000.0
42,PNW,MRQ,2010-12-31,2010-12-31,2010-12-31,2021-08-05,-159767000.0,12392998000.0,,1024511000.0,11368487000.0,,34.562,-188171000.0,110188000.0,110188000.0,489041000.0,12501000.0,0.707,2.34,3694273000.0,648479000.0,3045794000.0,3694273000.0,0.0,122045000.0,189967000.0,0.051,0.525,59958000.0,182003000.0,0.28,182003000.0,59958000.0,1856000.0,0.12,0.12,0.12,3683327000.0,,3683327000.0,8012007240.0,11.0,6.614,-7214000.0,-0.068,1.0,160298000.0,0.247,184952000.0,58102000.0,14342427000.0,,202989000.0,469886000.0,0.0,469886000.0,8617772000.0,1449704000.0,7168068000.0,4506103240.0,-85727000.0,0.0,815000.0,-5443000.0,-55257000.0,-68003000.0,-198681000.0,-5240000.0,180957000.0,0.0,7350000.0,7350000.0,7350000.0,-2509000.0,5151000.0,0.011,104741000.0,55557000.0,236354000.0,4.375,1.223,12.873,12.637,9255911000.0,0.0,41.45,1.413,1.385,419518000.0,1423961000.0,649339000.0,649339000.0,0.0,,,,,0.0,0.0,1.0,108711779.0,106573000,107138000.0,6.093,12208046000.0,192483000.0,-5494000.0,2034921000.0,114.551,-425193000.0
43,PNW,MRQ,2010-09-30,2010-09-30,2010-09-30,2021-08-05,-173260000.0,12435487000.0,,1243332000.0,11192155000.0,,34.216,-164033000.0,195915000.0,195915000.0,611090000.0,239039000.0,1.285,2.316,3701819000.0,238513000.0,3463306000.0,3701819000.0,0.0,120798000.0,195703000.0,0.051,0.525,410523000.0,531321000.0,0.476,531321000.0,410523000.0,356267000.0,2.15,2.14,2.15,3716926000.0,,3716926000.0,8223050496.0,10.0,6.572,204053000.0,1.878,1.0,505620000.0,0.453,178666000.0,54256000.0,14794918000.0,,196254000.0,453963000.0,0.0,453963000.0,8607258000.0,967807000.0,7639451000.0,4483656496.0,145413000.0,0.0,544000.0,-73924000.0,-55200000.0,-123323000.0,-99350000.0,65070000.0,368086000.0,0.0,233920000.0,233920000.0,233920000.0,-9477000.0,5119000.0,0.209,105346000.0,400274000.0,253565000.0,0.244,1.206,14.346,14.38,9347082000.0,0.0,41.27,1.419,1.419,559540000.0,1473683000.0,1116710000.0,1116710000.0,0.0,,,,,0.0,0.0,1.0,108642028.0,108632000,109094000.0,10.28,12256821000.0,221955000.0,122347000.0,2093394000.0,112.829,275525000.0
44,PNW,MRQ,2010-06-30,2010-06-30,2010-06-30,2021-08-05,-169180000.0,12158200000.0,,1086786000.0,11071414000.0,,32.412,-163811000.0,50502000.0,50502000.0,497091000.0,119566000.0,0.886,2.462,3789896000.0,463372000.0,3326524000.0,3789896000.0,0.0,115842000.0,202293000.0,0.058,0.525,223664000.0,339506000.0,0.423,339506000.0,223664000.0,165985000.0,1.07,1.07,1.07,3479548000.0,,3479548000.0,8025333174.0,11.0,6.74,51278000.0,0.478,1.0,305704000.0,0.381,168233000.0,57679000.0,14502252000.0,,201688000.0,424260000.0,0.0,424260000.0,8565197000.0,1227109000.0,7338088000.0,3943143174.0,46974000.0,100300000.0,253768000.0,-296071000.0,-55101000.0,-100674000.0,-67441000.0,-6104000.0,215089000.0,0.0,114797000.0,114797000.0,114797000.0,-26252000.0,4769000.0,0.143,104320000.0,201384000.0,318141000.0,0.491,1.133,14.864,14.203,9306893000.0,0.0,36.36,1.259,1.246,440052000.0,1239865000.0,802795000.0,802795000.0,0.0,,,,,0.0,0.0,1.0,108447282.0,107355000,107764000.0,7.478,11989967000.0,252319000.0,51188000.0,1927302000.0,111.685,-140323000.0
45,PNW,MRQ,2010-03-31,2010-03-31,2010-03-31,2021-08-05,-178250000.0,11934919000.0,,720611000.0,11214308000.0,,31.672,-199605000.0,3528000.0,3528000.0,455106000.0,-897000.0,0.517,2.677,4085718000.0,779242000.0,3306476000.0,4085718000.0,0.0,114122000.0,204514000.0,0.056,0.525,44472000.0,158594000.0,0.256,158594000.0,44472000.0,-13186000.0,-0.06,-0.06,-0.06,3213933000.0,,3213933000.0,7484081471.0,11.0,6.635,-213280000.0,-2.102,1.0,165249000.0,0.266,169912000.0,57658000.0,14453471000.0,,209025000.0,433399000.0,0.0,433399000.0,8604919000.0,1393726000.0,7211193000.0,3827527471.0,-141850000.0,0.0,844000.0,131751000.0,-51421000.0,82253000.0,-210428000.0,-6104000.0,-13675000.0,0.0,-6014000.0,-6014000.0,-6014000.0,12880000.0,5117000.0,-0.01,107581000.0,57668000.0,219888000.0,-8.75,1.191,17.491,17.387,9316001000.0,0.0,37.73,1.216,1.216,295636000.0,1238940000.0,620355000.0,620355000.0,0.0,,,,,0.0,0.0,1.0,101445202.0,101474000,101474000.0,6.113,11765007000.0,162521000.0,-7172000.0,1786805000.0,115.941,-673115000.0
46,PNW,MRQ,2009-12-31,2009-12-31,2009-12-31,2021-08-05,-131587000.0,11986324000.0,,928737000.0,11057587000.0,,32.781,-169982000.0,145378000.0,145378000.0,464550000.0,-25035000.0,0.837,2.581,3953715000.0,457191000.0,3496524000.0,3953715000.0,0.0,112553000.0,207621000.0,0.057,0.525,109195000.0,221748000.0,0.358,221748000.0,109195000.0,52618000.0,-0.29,-0.3,-0.29,3316109000.0,,3316109000.0,7414913929.0,17.0,8.377,126355000.0,1.249,1.0,155615000.0,0.251,164380000.0,56577000.0,14521338000.0,,215265000.0,414576000.0,0.0,414576000.0,8558320000.0,1108943000.0,7449377000.0,3704874929.0,44554000.0,0.0,679000.0,-24453000.0,-51336000.0,-83437000.0,-168346000.0,7076000.0,296337000.0,0.0,-30159000.0,-30159000.0,-30159000.0,158068000.0,5124000.0,-0.049,-127887000.0,283502000.0,240637000.0,-1.81,1.117,54.22,53.794,9093436000.0,0.0,36.58,1.175,1.173,406733000.0,1298213000.0,620165000.0,620165000.0,0.0,,,,,0.0,0.0,1.0,101281436.0,101161000,101264000.0,6.13,11821944000.0,145098000.0,82777000.0,1742205000.0,116.863,-180206000.0
47,PNW,MRQ,2009-09-30,2009-09-30,2009-09-30,2021-08-05,-130539000.0,11831223000.0,,1150823000.0,10680400000.0,,33.556,-180791000.0,100824000.0,100824000.0,613588000.0,191023000.0,1.206,2.475,3810863000.0,290929000.0,3519934000.0,3810863000.0,0.0,115521000.0,205640000.0,0.064,0.525,355380000.0,470901000.0,0.432,470901000.0,355380000.0,296430000.0,1.84,1.84,1.84,3396662000.0,,3396662000.0,7554420117.0,21.0,9.374,387781000.0,3.831,1.0,475448000.0,0.437,154450000.0,58950000.0,14432376000.0,,227666000.0,399808000.0,0.0,399808000.0,8406060000.0,954436000.0,7451624000.0,3321402117.0,83229000.0,0.0,916000.0,-440001000.0,-51301000.0,-490109000.0,4766000.0,25399000.0,568572000.0,0.0,186652000.0,186652000.0,186652000.0,12305000.0,4371000.0,0.171,108041000.0,367407000.0,208134000.0,0.285,0.978,55.692,56.586,9007257000.0,0.0,32.82,1.068,1.068,536248000.0,1381547000.0,1089036000.0,1089036000.0,0.0,,,,,0.0,0.0,1.0,101200552.0,101223000,101385000.0,10.759,11676773000.0,226387000.0,109778000.0,1861786000.0,115.357,196387000.0
48,PNW,MRQ,2009-06-30,2009-06-30,2009-06-30,2021-08-05,-183903000.0,11862836000.0,,1184822000.0,10678014000.0,,31.716,-186059000.0,17595000.0,17595000.0,540010000.0,72846000.0,0.914,2.69,4250613000.0,721626000.0,3528987000.0,4250613000.0,0.0,110790000.0,76785000.0,0.07,0.525,166006000.0,276796000.0,0.338,276796000.0,166006000.0,109347000.0,0.68,0.68,0.68,3206805000.0,,3206805000.0,7117896978.0,26.0,9.909,72503000.0,0.717,1.0,278578000.0,0.34,140411000.0,56659000.0,14659426000.0,,237542000.0,363221000.0,0.0,363221000.0,8626863000.0,1296017000.0,7330846000.0,3047655978.0,-15209000.0,0.0,892000.0,138454000.0,-51243000.0,85533000.0,-359304000.0,-5448000.0,258562000.0,0.0,68347000.0,68347000.0,68347000.0,8184000.0,4499000.0,0.083,106684000.0,171894000.0,202011000.0,0.772,0.95,124.025,125.625,8943618000.0,0.0,30.15,0.986,0.986,403168000.0,1248086000.0,818588000.0,818588000.0,0.0,,,,,0.0,0.0,1.0,101083117.0,101109000,101193000.0,8.096,11722425000.0,266709000.0,41000000.0,1580675000.0,115.938,-111195000.0
49,PNW,MRQ,2009-03-31,2009-03-31,2009-03-31,2021-08-05,-214626000.0,11417766000.0,,801564000.0,10616202000.0,,31.32,-174252000.0,32804000.0,32804000.0,506042000.0,-166070000.0,0.776,2.599,4103045000.0,573936000.0,3529109000.0,4103045000.0,0.0,112000000.0,78181000.0,0.079,0.525,-196313000.0,-84313000.0,-0.135,-84313000.0,-196313000.0,-251514000.0,-1.55,-1.55,-1.55,3162902000.0,,3162902000.0,6456788090.0,21.0,8.691,-230418000.0,-2.282,1.0,119825000.0,0.191,143138000.0,55201000.0,14312313000.0,,229985000.0,336091000.0,0.0,336091000.0,8220498000.0,1032556000.0,7187942000.0,2682315090.0,-72441000.0,0.0,815000.0,219833000.0,-51196000.0,165758000.0,-182033000.0,-5448000.0,-56166000.0,0.0,-156510000.0,-156510000.0,-156510000.0,4727000.0,-9560000.0,-0.25,326500000.0,-206675000.0,170057000.0,-0.339,0.848,29.774,29.843,8846287000.0,0.0,26.56,0.85,0.85,299295000.0,1234688000.0,625867000.0,625867000.0,0.0,,,,,0.0,0.0,1.0,100990779.0,100986000,100986000.0,6.198,11274628000.0,119694000.0,-95004000.0,1421873000.0,111.645,-230992000.0
50,PNW,MRQ,2008-12-31,2008-12-31,2008-12-31,2021-08-05,-146698000.0,11620093000.0,,882482000.0,10737611000.0,,34.223,-208550000.0,105245000.0,105245000.0,378210000.0,-21355000.0,0.586,2.358,3879718000.0,848115000.0,3031603000.0,3879718000.0,0.0,114306000.0,210768000.0,0.065,0.525,28192000.0,142498000.0,0.247,142498000.0,28192000.0,-34382000.0,-0.39,-0.39,-0.39,3445979000.0,,3445979000.0,6779411909.0,12.0,6.955,-144398000.0,-1.434,1.0,198620000.0,0.344,131722000.0,62574000.0,13756916000.0,,253692000.0,343052000.0,0.0,343052000.0,8126725000.0,1505928000.0,6620797000.0,3239171909.0,717000.0,0.0,-4478000.0,216801000.0,-45770000.0,154638000.0,-218073000.0,-5185000.0,64152000.0,0.0,-38850000.0,-38850000.0,-38850000.0,41602000.0,17495000.0,-0.067,82168000.0,116452000.0,261029000.0,-1.346,0.94,13.378,13.387,8784936000.0,0.0,32.13,1.006,1.005,389388000.0,1444208000.0,576830000.0,576830000.0,0.0,,,,,0.0,0.0,1.0,100814563.0,100691000,100965000.0,5.729,11488371000.0,79729000.0,4468000.0,1582020000.0,114.095,-623446000.0
51,PNW,MRQ,2008-09-30,2008-09-30,2008-09-30,2021-08-05,-62622000.0,11452878000.0,,999703000.0,10453175000.0,,35.861,-212436000.0,104528000.0,104528000.0,687319000.0,151586000.0,0.734,2.17,3644768000.0,597364000.0,3047404000.0,3644768000.0,0.0,108011000.0,79093000.0,0.061,0.525,275367000.0,383378000.0,0.358,383378000.0,275367000.0,228178000.0,1.5,1.5,1.5,3612985000.0,,3612985000.0,6845177144.0,12.0,6.894,-107331000.0,-1.065,1.0,382769000.0,0.358,134190000.0,47189000.0,13497592000.0,,273164000.0,359697000.0,0.0,359697000.0,7839893000.0,1361336000.0,6478557000.0,3466242144.0,7980000.0,0.0,2603000.0,168190000.0,-52885000.0,120822000.0,-217947000.0,-5186000.0,105105000.0,0.0,151586000.0,151586000.0,151586000.0,-118000.0,0.0,0.142,113979000.0,268790000.0,307410000.0,0.35,0.959,12.21,12.246,8650504000.0,0.0,34.41,1.092,1.092,548669000.0,1535986000.0,1070088000.0,1070088000.0,0.0,,,,,0.0,0.0,1.0,100733570.0,100750000,101018000.0,10.621,11318688000.0,22847000.0,76592000.0,1574468000.0,112.344,-361633000.0
52,PNW,MRQ,2008-06-30,2008-06-30,2008-06-30,2021-08-05,175085000.0,11577990000.0,,1035967000.0,10542023000.0,,37.235,-216075000.0,96548000.0,96548000.0,603793000.0,133862000.0,0.875,2.089,3475483000.0,389298000.0,3086185000.0,3475483000.0,0.0,104937000.0,78687000.0,0.068,0.525,196470000.0,301407000.0,0.341,301407000.0,196470000.0,149887000.0,1.33,1.33,1.33,3747813000.0,,3747813000.0,6729065518.0,10.0,6.341,216907000.0,2.155,1.0,280720000.0,0.317,102355000.0,46583000.0,13670851000.0,,265095000.0,369473000.0,0.0,369473000.0,7830177000.0,1183719000.0,6646458000.0,3096500518.0,79015000.0,0.0,2747000.0,-174910000.0,-52833000.0,-222946000.0,-131021000.0,88985000.0,432982000.0,0.0,133862000.0,133862000.0,133862000.0,-21055000.0,0.0,0.151,114647000.0,166073000.0,309305000.0,0.395,0.826,9.08,9.077,8570859000.0,0.0,30.77,0.936,0.936,501148000.0,1437285000.0,884513000.0,884513000.0,0.0,,,,,0.0,0.0,1.0,100633751.0,100653000,100917000.0,8.788,11475635000.0,0.0,16025000.0,1586166000.0,114.012,-147752000.0
53,PNW,MRQ,2008-03-31,2008-03-31,2008-03-31,2021-08-05,56440000.0,11197577000.0,,905528000.0,10292049000.0,,35.258,-238224000.0,17533000.0,17533000.0,550496000.0,-4473000.0,0.675,2.159,3650098000.0,535519000.0,3114579000.0,3650098000.0,0.0,104418000.0,78560000.0,0.06,0.525,43009000.0,147427000.0,0.214,147427000.0,43009000.0,-6014000.0,-0.04,-0.04,-0.04,3544201000.0,,3544201000.0,7100746568.0,12.0,6.922,7630000.0,0.076,1.0,137760000.0,0.2,103067000.0,49023000.0,13385504000.0,,283662000.0,371500000.0,0.0,371500000.0,7653376000.0,1341571000.0,6311805000.0,3525508568.0,-38788000.0,0.0,2815000.0,16360000.0,-52759000.0,-36524000.0,-248118000.0,-5185000.0,245854000.0,0.0,-4473000.0,-4473000.0,-4473000.0,-1714000.0,0.0,-0.006,106428000.0,31332000.0,218596000.0,-13.125,0.995,12.321,12.309,8440059000.0,0.0,35.08,1.072,1.073,388565000.0,1356255000.0,688256000.0,688256000.0,0.0,,,,,0.0,0.0,1.0,100499104.0,100521000,100521000.0,6.847,11094510000.0,0.0,-1541000.0,1537656000.0,110.37,-436043000.0
54,PNW,MRQ,2007-12-31,2007-12-31,2007-12-31,2021-08-05,-15863000.0,11162209000.0,,906929000.0,10255280000.0,,35.226,-208226000.0,56321000.0,56321000.0,374526000.0,2911000.0,0.675,2.161,3631559000.0,504434000.0,3127125000.0,3631559000.0,0.0,102513000.0,80010000.0,0.05,0.525,58223000.0,160736000.0,0.303,160736000.0,58223000.0,13108000.0,0.02,0.04,0.02,3531611000.0,,3531611000.0,7783604377.0,12.0,7.428,-27764000.0,-0.277,1.0,156475000.0,0.295,105746000.0,45115000.0,13287252000.0,,276280000.0,379347000.0,0.0,379347000.0,7630598000.0,1344449000.0,6286149000.0,4257329377.0,12407000.0,0.0,5463000.0,73943000.0,-52701000.0,27238000.0,-195293000.0,19338000.0,180462000.0,0.0,2911000.0,2911000.0,2911000.0,106000.0,0.0,0.005,115172000.0,41303000.0,323346000.0,26.25,1.205,13.861,13.859,8330643000.0,0.0,42.41,1.292,1.291,451225000.0,1413741000.0,531001000.0,531001000.0,0.0,,,,,0.0,0.0,1.0,100385036.0,100256000,100835000.0,5.296,11056463000.0,31510000.0,10197000.0,1513371000.0,110.282,-437520000.0
55,PNW,MRQ,2007-09-30,2007-09-30,2007-09-30,2021-08-05,-23188000.0,11396005000.0,,1068972000.0,10327033000.0,,35.57,-272571000.0,43914000.0,43914000.0,760536000.0,208708000.0,0.818,2.193,3570189000.0,340839000.0,3229350000.0,3570189000.0,0.0,103092000.0,77382000.0,0.053,0.525,348479000.0,451571000.0,0.375,451571000.0,348479000.0,300763000.0,2.08,2.07,2.08,3568566000.0,,3568566000.0,7379064018.0,11.0,7.017,-85417000.0,-0.851,1.0,444698000.0,0.369,100970000.0,47716000.0,13514965000.0,,177561000.0,0.0,0.0,0.0,7827439000.0,1306345000.0,6521094000.0,3963216018.0,20442000.0,0.0,696000.0,130626000.0,-52662000.0,82893000.0,-249605000.0,28430000.0,187154000.0,0.0,208708000.0,208708000.0,208708000.0,-6990000.0,0.0,0.173,112720000.0,331978000.0,305420000.0,0.252,1.111,12.281,12.27,8195339000.0,0.0,39.51,1.201,1.201,630783000.0,1463531000.0,1205234000.0,1205234000.0,0.0,,,,,0.0,0.0,1.0,100309188.0,100324000,100829000.0,12.013,11295035000.0,20165000.0,92055000.0,1589523000.0,112.586,-237373000.0
56,PNW,MRQ,2007-06-30,2007-06-30,2007-06-30,2021-08-05,-8053000.0,11181714000.0,,993522000.0,10188192000.0,,34.154,-231701000.0,23472000.0,23472000.0,602854000.0,78994000.0,0.782,2.266,3439320000.0,206659000.0,3232661000.0,3439320000.0,0.0,99815000.0,74763000.0,0.052,0.525,166321000.0,266136000.0,0.308,266136000.0,166321000.0,119707000.0,0.79,0.78,0.79,3423213000.0,,3423213000.0,7192690683.0,11.0,7.002,-155962000.0,-1.556,1.0,260048000.0,0.301,89228000.0,46614000.0,13238572000.0,,171270000.0,0.0,0.0,0.0,7758501000.0,1269762000.0,6488739000.0,3994467683.0,-97781000.0,0.0,10317000.0,119601000.0,-52615000.0,70935000.0,-244455000.0,-5186000.0,75739000.0,0.0,78994000.0,78994000.0,78994000.0,243000.0,0.0,0.092,104548000.0,155500000.0,338725000.0,0.665,1.167,13.397,13.328,8028726000.0,0.0,39.85,1.26,1.26,498943000.0,1307485000.0,862902000.0,862902000.0,0.0,,,,,0.0,0.0,1.0,100237583.0,100229000,100779000.0,8.609,11092486000.0,20600000.0,40713000.0,1562255000.0,110.671,-276240000.0
57,PNW,MRQ,2007-03-31,2007-03-31,2007-03-31,2021-08-05,47496000.0,11008957000.0,,971102000.0,10037855000.0,,34.474,-206083000.0,121253000.0,121253000.0,528930000.0,16530000.0,0.89,2.192,3319476000.0,132478000.0,3186998000.0,3319476000.0,0.0,98476000.0,72382000.0,0.042,0.525,70890000.0,169366000.0,0.244,169366000.0,70890000.0,25571000.0,0.17,0.16,0.17,3448922000.0,,3448922000.0,8008328555.0,12.0,7.575,8498000.0,0.085,1.0,166087000.0,0.239,90251000.0,45319000.0,13026044000.0,,162213000.0,0.0,0.0,0.0,7560035000.0,1090885000.0,6469150000.0,4825559555.0,34043000.0,0.0,7613000.0,49252000.0,-52495000.0,3463000.0,-184001000.0,27515000.0,214581000.0,0.0,16530000.0,16530000.0,16530000.0,-66000.0,0.0,0.024,104219000.0,61868000.0,226649000.0,3.088,1.399,14.564,14.489,7896078000.0,0.0,48.25,1.493,1.493,366302000.0,1281106000.0,695017000.0,695017000.0,0.0,,,,,0.0,0.0,1.0,100011597.0,100045000,100622000.0,6.947,10918706000.0,0.0,9041000.0,1560819000.0,109.138,-119783000.0
58,PNW,MRQ,2006-12-31,2006-12-31,2006-12-31,2021-08-05,12268000.0,11455943000.0,,1474662000.0,9981281000.0,,34.517,-203409000.0,87210000.0,87210000.0,380334000.0,18479000.0,1.011,2.324,3269979000.0,37346000.0,3232633000.0,3269979000.0,0.0,98695000.0,70168000.0,0.04,0.525,65881000.0,164576000.0,0.307,164576000.0,65881000.0,19434000.0,0.18,0.17,0.18,3446116000.0,,3446116000.0,8313327452.0,13.0,7.95,-93130000.0,-0.933,1.0,155744000.0,0.291,96100000.0,46447000.0,13084052000.0,,189621000.0,32700000.0,32700000.0,0.0,8009827000.0,1458560000.0,6551267000.0,5061286452.0,-41012000.0,0.0,14974000.0,-120459000.0,-52344000.0,-142888000.0,-8403000.0,202918000.0,110279000.0,0.0,18479000.0,18479000.0,18479000.0,-8831000.0,0.0,0.034,111974000.0,43770000.0,346047000.0,2.917,1.469,15.466,15.407,7785828000.0,0.0,50.69,1.578,1.571,496031000.0,1319747000.0,536078000.0,536078000.0,0.0,,,,,0.0,0.0,1.0,99847829.0,99837000,100871000.0,5.37,11359843000.0,982000.0,955000.0,1489733000.0,113.784,16102000.0
59,PNW,MRQ,2006-09-30,2006-09-30,2006-09-30,2021-08-05,-53077000.0,11257199000.0,,1761816000.0,9495383000.0,,34.124,-170575000.0,128222000.0,128222000.0,670002000.0,184167000.0,1.048,2.316,3380263000.0,142840000.0,3237423000.0,3380263000.0,0.0,99202000.0,69088000.0,0.044,0.5,327968000.0,427170000.0,0.397,427170000.0,327968000.0,283003000.0,1.85,1.84,1.85,3395072000.0,,3395072000.0,7541145718.0,11.0,7.214,56423000.0,0.567,1.0,406440000.0,0.378,0.0,44965000.0,12827970000.0,,138546000.0,203317000.0,203317000.0,0.0,7862127000.0,1681270000.0,6180857000.0,4481468718.0,112614000.0,0.0,15664000.0,299371000.0,-49649000.0,272035000.0,-386419000.0,-206368000.0,226998000.0,0.0,184167000.0,184167000.0,184167000.0,12000.0,0.0,0.171,99693000.0,306747000.0,315027000.0,0.27,1.32,13.575,13.569,7807302000.0,0.0,45.05,1.332,1.333,570571000.0,1353613000.0,1076442000.0,1076442000.0,0.0,,,,,0.0,0.0,1.0,99477663.0,99491000,99973000.0,10.819,11257199000.0,0.0,98836000.0,1602793000.0,113.148,80546000.0
60,PNW,MRQ,2006-06-30,2006-06-30,2006-06-30,2021-08-05,-13044000.0,10649699000.0,,1233653000.0,9416046000.0,,33.107,-196428000.0,15608000.0,15608000.0,636104000.0,112154000.0,0.791,2.242,3075285000.0,259620000.0,2815665000.0,3075285000.0,0.0,93791000.0,66952000.0,0.049,0.5,202348000.0,296139000.0,0.32,296139000.0,202348000.0,161425000.0,1.13,1.12,1.13,3284929000.0,,3284929000.0,6820994043.0,13.0,7.477,-143260000.0,-1.444,1.0,288924000.0,0.312,0.0,40923000.0,12149167000.0,,138101000.0,0.0,0.0,0.0,7364770000.0,1560209000.0,5804561000.0,3958964043.0,-299247000.0,0.0,3845000.0,-106420000.0,-49619000.0,-146807000.0,-205608000.0,-5185000.0,53168000.0,0.0,112154000.0,112154000.0,112154000.0,-1311000.0,0.0,0.121,103542000.0,185382000.0,293386000.0,0.442,1.205,15.855,15.713,7745239000.0,0.0,39.91,1.221,1.221,505218000.0,1219094000.0,925028000.0,925028000.0,0.0,,,,,0.0,0.0,1.0,99197295.0,99221000,99675000.0,9.323,10649699000.0,0.0,49271000.0,1561213000.0,107.333,-326556000.0
61,PNW,MRQ,2006-03-31,2006-03-31,2006-03-31,2021-08-05,29498000.0,10756128000.0,,1409761000.0,9346367000.0,,32.394,-167367000.0,314855000.0,314855000.0,516900000.0,12455000.0,0.785,2.35,3176885000.0,394658000.0,2782227000.0,3176885000.0,0.0,95072000.0,64242000.0,0.05,0.5,62750000.0,157822000.0,0.235,157822000.0,62750000.0,19248000.0,0.13,0.13,0.13,3210731000.0,,3210731000.0,6732501309.0,15.0,8.108,-164310000.0,-1.658,1.0,153306000.0,0.229,0.0,43502000.0,11821237000.0,,134495000.0,0.0,0.0,0.0,7545397000.0,1796921000.0,5748476000.0,3877429309.0,160852000.0,207620000.0,5065000.0,167191000.0,-49608000.0,126098000.0,31697000.0,-5186000.0,3057000.0,0.0,12455000.0,12455000.0,12455000.0,-860000.0,0.0,0.019,100684000.0,52622000.0,259149000.0,3.846,1.208,23.603,23.136,7645298000.0,0.0,39.1,1.262,1.261,375134000.0,1106971000.0,670206000.0,670206000.0,0.0,,,,,0.0,0.0,1.0,99166990.0,99115000,99449000.0,6.762,10756128000.0,0.0,6793000.0,1561334000.0,108.522,-387160000.0
62,PNW,MRQ,2005-12-31,2005-12-31,2005-12-31,2021-08-05,165120000.0,11322645000.0,,1891392000.0,9431253000.0,,34.592,-162258000.0,154003000.0,154003000.0,515382000.0,21347000.0,0.832,2.306,3009075000.0,400620000.0,2608455000.0,3009075000.0,0.0,89414000.0,60509000.0,0.047,0.5,74759000.0,164173000.0,0.237,164173000.0,74759000.0,34376000.0,0.21,0.2,0.21,3424964000.0,,3424964000.0,6651249502.0,14.0,7.754,-318971000.0,-3.222,1.0,176290000.0,0.255,90916000.0,40383000.0,11814728000.0,,133394000.0,0.0,0.0,0.0,7897681000.0,2272073000.0,5625608000.0,4093671502.0,-717250000.0,0.0,7626000.0,-403309000.0,-49443000.0,-459880000.0,-100657000.0,63617000.0,-156713000.0,0.0,21347000.0,21347000.0,21347000.0,2422000.0,0.0,0.031,107234000.0,69056000.0,377107000.0,2.381,1.195,23.224,22.596,7486167000.0,0.0,41.35,1.37,1.335,497702000.0,1193712000.0,691672000.0,691672000.0,0.0,,,,,0.0,0.0,1.0,99000520.0,99010000,99095000.0,6.986,11231729000.0,0.0,13029000.0,1609198000.0,113.44,-380681000.0
63,PNW,MRQ,2005-09-30,2005-09-30,2005-09-30,2021-08-05,261710000.0,12068175000.0,,2892951000.0,9175224000.0,,37.018,-353440000.0,871253000.0,871253000.0,551237000.0,103737000.0,1.004,2.409,3428831000.0,859382000.0,2569449000.0,3428831000.0,0.0,106577000.0,59173000.0,0.043,0.475,187519000.0,294096000.0,0.308,294096000.0,187519000.0,144042000.0,1.07,1.07,1.07,3540507000.0,,3540507000.0,7571034709.0,15.0,8.466,199423000.0,2.085,1.0,404346000.0,0.423,0.0,43477000.0,11743246000.0,,131885000.0,68721000.0,68721000.0,0.0,8527668000.0,2882507000.0,5645161000.0,4353378709.0,570850000.0,185046000.0,19473000.0,-91906000.0,-46870000.0,-146221000.0,164208000.0,338495000.0,552863000.0,0.0,103737000.0,103737000.0,103737000.0,-19043000.0,0.0,0.109,246331000.0,158015000.0,381331000.0,0.444,1.23,23.077,22.151,7484148000.0,0.0,44.08,1.448,1.402,579952000.0,1221808000.0,955583000.0,955583000.0,0.0,,,,,0.0,0.0,1.0,98760860.0,95642000,95755000.0,9.991,12068175000.0,0.0,40305000.0,1750935000.0,126.181,10444000.0
64,PNW,MRQ,2005-06-30,2005-06-30,2005-06-30,2021-08-05,50219000.0,10733005000.0,,1851890000.0,8881115000.0,,33.812,-183629000.0,300403000.0,300403000.0,473631000.0,26735000.0,0.964,2.3,3518059000.0,745601000.0,2772458000.0,3518059000.0,0.0,86057000.0,57480000.0,0.042,0.475,128256000.0,214313000.0,0.284,214313000.0,128256000.0,81723000.0,0.28,0.28,0.28,3252428000.0,,3252428000.0,7356960456.0,14.0,7.927,-11833000.0,-0.123,1.0,281711000.0,0.373,0.0,46533000.0,12028654000.0,,132226000.0,329719000.0,329719000.0,0.0,7480577000.0,1922007000.0,5558570000.0,4371659456.0,128287000.0,-185046000.0,258420000.0,358167000.0,-46698000.0,569907000.0,-613416000.0,-234922000.0,171796000.0,0.0,26735000.0,26735000.0,26735000.0,58366000.0,0.0,0.035,106725000.0,174986000.0,264252000.0,1.696,1.344,22.971,21.473,7551428000.0,0.0,44.45,1.509,1.476,461307000.0,1164941000.0,755342000.0,755342000.0,0.0,,,,,0.0,0.0,1.0,98350044.0,96192000,96299000.0,7.852,10733005000.0,0.0,54988000.0,1563350000.0,111.579,-70117000.0
65,PNW,MRQ,2005-03-31,2005-03-31,2005-03-31,2021-08-05,70874000.0,10017214000.0,,1135742000.0,8881472000.0,,32.547,-119251000.0,172116000.0,172116000.0,394215000.0,24448000.0,0.715,2.347,3157417000.0,581057000.0,2576360000.0,3157417000.0,0.0,99556000.0,56693000.0,0.044,0.475,85694000.0,185250000.0,0.316,185250000.0,85694000.0,43018000.0,0.27,0.27,0.27,2993042000.0,,2993042000.0,7024175780.0,13.0,7.205,43099000.0,0.469,1.0,191143000.0,0.327,0.0,42676000.0,11415148000.0,,131812000.0,100000000.0,100000000.0,0.0,7024172000.0,1587367000.0,5436805000.0,3914361780.0,8750000.0,0.0,12649000.0,-108584000.0,-43666000.0,-118373000.0,-35227000.0,78314000.0,162350000.0,0.0,24448000.0,24448000.0,24448000.0,5151000.0,0.0,0.042,104627000.0,86516000.0,194540000.0,1.759,1.308,16.571,16.413,7561527000.0,0.0,42.51,1.374,1.373,339062000.0,1141153000.0,585358000.0,585358000.0,0.0,,,,,0.0,0.0,1.0,92080964.0,91962000,92045000.0,6.365,10017214000.0,0.0,18570000.0,1569912000.0,108.928,-451625000.0
66,PNW,MRQ,2004-12-31,2004-12-31,2004-12-31,2021-08-05,-22545000.0,9896747000.0,,1137130000.0,8759617000.0,,32.279,-188596000.0,163366000.0,163366000.0,505845000.0,33729000.0,0.699,2.355,3273180000.0,688195000.0,2584985000.0,3273180000.0,0.0,105381000.0,55558000.0,0.041,0.475,95262000.0,200643000.0,0.283,200643000.0,95262000.0,50192000.0,0.37,0.38,0.37,2950196000.0,,2950196000.0,6986915246.0,13.0,7.104,29779000.0,0.326,1.0,204068000.0,0.287,0.0,45070000.0,11380665000.0,,121845000.0,181175000.0,181175000.0,0.0,6946551000.0,1625896000.0,5320655000.0,4066722246.0,36457000.0,0.0,18291000.0,-20165000.0,-43487000.0,-49787000.0,-132131000.0,53536000.0,218375000.0,0.0,33729000.0,33729000.0,33729000.0,3673000.0,0.0,0.048,109754000.0,94314000.0,373526000.0,1.284,1.378,16.722,16.695,7535487000.0,0.0,44.41,1.438,1.435,456194000.0,1204122000.0,709913000.0,709913000.0,0.0,,,,,0.0,0.0,1.0,91572219.0,91397000,91532000.0,7.767,9896747000.0,0.0,16463000.0,1482221000.0,108.283,-488766000.0
67,PNW,MRQ,2004-09-30,2004-09-30,2004-09-30,2021-08-05,9538000.0,9967579000.0,,1258767000.0,8708812000.0,,32.584,-85675000.0,373064000.0,373064000.0,534881000.0,105400000.0,0.846,2.348,3293257000.0,661195000.0,2632062000.0,3293257000.0,0.0,121035000.0,54696000.0,0.043,0.45,206792000.0,327827000.0,0.387,327827000.0,206792000.0,164583000.0,1.15,1.15,1.15,2976753000.0,,2976753000.0,6847633776.0,12.0,6.652,150422000.0,1.647,1.0,312284000.0,0.369,0.0,42209000.0,11400528000.0,,121835000.0,0.0,0.0,0.0,6990826000.0,1487244000.0,5503582000.0,3789700776.0,-45107000.0,20690000.0,0.0,-35731000.0,-41093000.0,-69446000.0,-211758000.0,-146355000.0,236097000.0,0.0,105400000.0,105400000.0,105400000.0,-1071000.0,0.0,0.124,108022000.0,204262000.0,315319000.0,0.391,1.273,14.657,14.716,7459790000.0,0.0,41.5,1.348,1.349,544420000.0,1213880000.0,847165000.0,847165000.0,0.0,,,,,0.0,0.0,1.0,91318091.0,91357000,91491000.0,9.273,9967579000.0,0.0,59183000.0,1574286000.0,109.106,-228477000.0
68,PNW,MRQ,2004-06-30,2004-06-30,2004-06-30,2021-08-05,1571000.0,9741978000.0,,1062220000.0,8679758000.0,,31.699,-148449000.0,271816000.0,271816000.0,472829000.0,72640000.0,0.977,2.366,3329749000.0,396013000.0,2933736000.0,3329749000.0,0.0,104129000.0,52850000.0,0.044,0.45,157048000.0,261177000.0,0.37,261177000.0,157048000.0,117668000.0,0.8,0.79,0.8,2894560000.0,,2894560000.0,6809806280.0,12.0,6.676,22743000.0,0.249,1.0,232754000.0,0.33,0.0,39380000.0,11712605000.0,,121706000.0,0.0,0.0,0.0,6847418000.0,1087306000.0,5760112000.0,3689997280.0,151298000.0,93378000.0,0.0,188580000.0,-41112000.0,151454000.0,-171348000.0,-99800000.0,171192000.0,0.0,72640000.0,72640000.0,72640000.0,1428000.0,0.0,0.103,112958000.0,119796000.0,278006000.0,0.562,1.275,14.019,14.024,7452276000.0,0.0,40.39,1.32,1.32,456232000.0,1147034000.0,705583000.0,705583000.0,0.0,,,,,0.0,0.0,1.0,91359180.0,91315000,91400000.0,7.727,9741978000.0,0.0,45028000.0,1477803000.0,106.685,-25086000.0
69,PNW,MRQ,2004-03-31,2004-03-31,2004-03-31,2021-08-05,-10213000.0,9375392000.0,,738364000.0,8637028000.0,,31.222,-116122000.0,19194000.0,19194000.0,371781000.0,31426000.0,0.557,2.289,3139003000.0,676165000.0,2462838000.0,3139003000.0,0.0,101616000.0,50473000.0,0.044,0.45,92302000.0,193918000.0,0.342,193918000.0,92302000.0,46894000.0,0.34,0.34,0.34,2850396000.0,,2850396000.0,6773078617.0,13.0,6.792,109106000.0,1.195,1.0,194564000.0,0.344,0.0,45408000.0,11169440000.0,,120798000.0,0.0,0.0,0.0,6524996000.0,1325761000.0,5199235000.0,3592571617.0,-116211000.0,0.0,0.0,-273422000.0,-41080000.0,-311750000.0,-29689000.0,91850000.0,225228000.0,0.0,31426000.0,31426000.0,31426000.0,-635000.0,0.0,0.055,116311000.0,78253000.0,237522000.0,1.324,1.26,14.562,14.574,7496976000.0,0.0,39.35,1.296,1.296,373419000.0,1116776000.0,566345000.0,566345000.0,0.0,,,,,0.0,0.0,1.0,91297881.0,91294000,91376000.0,6.204,9375392000.0,0.0,15468000.0,1461220000.0,102.695,-587397000.0
70,PNW,MRQ,2003-12-31,2003-12-31,2003-12-31,2021-08-05,-39001000.0,9519042000.0,,974794000.0,8544248000.0,,31.006,-170650000.0,131062000.0,131062000.0,518948000.0,49091000.0,0.68,2.364,3407580000.0,790995000.0,2616585000.0,3407580000.0,0.0,145703000.0,49783000.0,0.043,0.45,100791000.0,246494000.0,0.356,246494000.0,100791000.0,53330000.0,0.53,0.54,0.53,2829779000.0,,2829779000.0,6830973662.0,13.0,6.938,114755000.0,1.257,1.0,172909000.0,0.25,0.0,47461000.0,11362992000.0,,124466000.0,91850000.0,91850000.0,0.0,6689263000.0,1432568000.0,5256695000.0,3652828662.0,-62972000.0,-24098000.0,0.0,-13466000.0,-41071000.0,-52730000.0,-295647000.0,-103295000.0,285405000.0,0.0,49091000.0,49091000.0,49091000.0,-7409000.0,0.0,0.071,104184000.0,68725000.0,283021000.0,0.849,1.291,15.183,15.159,7474686000.0,0.0,40.02,1.324,1.324,434072000.0,1127699000.0,691857000.0,691857000.0,0.0,,,,,0.0,0.0,1.0,91275079.0,91265000,91405000.0,7.581,9519042000.0,0.0,4239000.0,1408927000.0,104.301,-457774000.0
71,PNW,MRQ,2003-09-30,2003-09-30,2003-09-30,2021-08-05,-55576000.0,9112866000.0,,1040335000.0,8072531000.0,,30.715,-151945000.0,201746000.0,201746000.0,518206000.0,110048000.0,0.779,2.251,3379891000.0,538991000.0,2840900000.0,3379891000.0,0.0,108723000.0,50338000.0,0.048,0.425,209685000.0,318408000.0,0.383,318408000.0,209685000.0,160009000.0,1.21,1.2,1.21,2803376000.0,,2803376000.0,6580465446.0,17.0,8.1,156841000.0,1.718,1.0,312796000.0,0.376,0.0,49676000.0,10955829000.0,,122967000.0,0.0,0.0,0.0,6309490000.0,1335182000.0,4974308000.0,3240135446.0,105717000.0,-3030000.0,0.0,-47267000.0,-38790000.0,-83085000.0,-119984000.0,0.0,308786000.0,0.0,110048000.0,110048000.0,110048000.0,-1388000.0,0.0,0.132,121226000.0,191570000.0,322417000.0,0.351,1.156,29.228,30.603,6971467000.0,0.0,35.5,1.307,1.307,528289000.0,1119678000.0,831002000.0,831002000.0,0.0,,,,,0.0,0.0,1.0,91271421.0,91271000,91467000.0,9.105,9112866000.0,4094000.0,49961000.0,1426622000.0,99.844,-294847000.0
72,PNW,MRQ,2003-06-30,2003-06-30,2003-06-30,2021-08-05,-47494000.0,9069836000.0,,998647000.0,8071189000.0,,29.994,-169556000.0,94184000.0,94184000.0,421235000.0,56142000.0,0.937,2.314,3434514000.0,301421000.0,3133093000.0,3434514000.0,0.0,107076000.0,47651000.0,0.045,0.425,131276000.0,238352000.0,0.349,238352000.0,131276000.0,91390000.0,0.62,0.61,0.62,2737228000.0,,2737228000.0,6688090004.0,18.0,8.281,-43158000.0,-0.473,1.0,262067000.0,0.384,0.0,39886000.0,11344277000.0,,124295000.0,0.0,0.0,0.0,6332608000.0,1065889000.0,5266719000.0,3417469004.0,26895000.0,1978000.0,0.0,92459000.0,-38773000.0,55535000.0,-155038000.0,0.0,126398000.0,0.0,56142000.0,56142000.0,56142000.0,-1253000.0,0.0,0.082,134742000.0,127325000.0,309714000.0,0.685,1.249,33.595,32.851,6914285000.0,0.0,37.45,1.356,1.356,456071000.0,1048420000.0,683302000.0,683302000.0,0.0,,,,,0.0,0.0,1.0,91254179.0,91258000,91450000.0,7.488,9069836000.0,4094000.0,35248000.0,1352157000.0,99.387,-67242000.0
73,PNW,MRQ,2003-03-31,2003-03-31,2003-03-31,2021-08-05,-79798000.0,8754921000.0,,875874000.0,7879047000.0,,29.43,-174324000.0,67289000.0,67289000.0,368769000.0,25298000.0,0.643,2.26,3337910000.0,693461000.0,2644449000.0,3337910000.0,0.0,105398000.0,45893000.0,0.05,0.425,75924000.0,181322000.0,0.328,181322000.0,75924000.0,38052000.0,0.28,0.28,0.28,2685706000.0,,2685706000.0,6224663438.0,16.0,7.55,7110000.0,0.078,1.0,183874000.0,0.333,0.0,37872000.0,10663860000.0,,124028000.0,0.0,0.0,0.0,6069215000.0,1361682000.0,4707533000.0,3037469438.0,-10277000.0,25150000.0,0.0,83659000.0,-38783000.0,46429000.0,-238140000.0,0.0,181434000.0,0.0,25298000.0,25298000.0,25298000.0,-5145000.0,0.0,0.046,118816000.0,65058000.0,300849000.0,1.518,1.131,25.114,23.574,6829504000.0,0.0,33.24,1.25,1.248,397462000.0,1031051000.0,552643000.0,552643000.0,0.0,,,,,0.0,0.0,1.0,91379947.0,91256000,91359000.0,6.056,8754921000.0,4094000.0,12754000.0,1317966000.0,95.938,-485808000.0
74,PNW,MRQ,2002-12-31,2002-12-31,2002-12-31,2021-08-05,-91284000.0,9139157000.0,,860372000.0,8278785000.0,,31.488,-210407000.0,77566000.0,77566000.0,266566000.0,-80630000.0,0.698,2.402,3252312000.0,508571000.0,2743741000.0,3252312000.0,0.0,112185000.0,42190000.0,0.048,0.425,-37857000.0,74328000.0,0.18,74328000.0,-37857000.0,-79141000.0,-0.95,-0.95,-0.95,2686153000.0,,2686153000.0,6318380802.0,14.0,7.286,121168000.0,1.42,1.0,145841000.0,0.354,0.0,41284000.0,11080807000.0,,119837000.0,0.0,0.0,0.0,6453004000.0,1233096000.0,5219908000.0,2889310802.0,49602000.0,-23308000.0,199238000.0,-217741000.0,-35994000.0,-54860000.0,-227113000.0,0.0,331575000.0,0.0,-80630000.0,-80630000.0,-80630000.0,21410000.0,0.0,-0.196,101140000.0,44701000.0,332441000.0,-0.447,1.076,19.338,19.369,7079829000.0,0.0,34.09,1.201,1.203,447484000.0,1044537000.0,412407000.0,412407000.0,0.0,,,,,0.0,0.0,1.0,84755377.0,85308000,85279000.0,4.834,9139157000.0,4094000.0,1489000.0,1280181000.0,107.131,-372724000.0
75,PNW,MRQ,2002-09-30,2002-09-30,2002-09-30,2021-08-05,-32652000.0,8508076000.0,,846722000.0,7661354000.0,,31.41,-235500000.0,28099000.0,28099000.0,516081000.0,100916000.0,0.7,2.195,3457169000.0,578114000.0,2879055000.0,3457169000.0,0.0,108672000.0,54659000.0,0.058,0.4,205007000.0,313679000.0,0.36,313679000.0,205007000.0,166767000.0,1.19,1.19,1.19,2662530000.0,,2662530000.0,5839377335.0,10.0,5.889,102822000.0,1.213,1.0,355309000.0,0.408,0.0,38240000.0,10728123000.0,,111500000.0,0.0,0.0,0.0,5845546000.0,1209023000.0,4636523000.0,2353395335.0,14974000.0,2888000.0,0.0,-60285000.0,-33911000.0,-92812000.0,-230536000.0,0.0,338322000.0,0.0,100916000.0,100916000.0,100916000.0,-203000.0,0.0,0.116,153531000.0,201778000.0,271297000.0,0.336,0.884,8.853,8.869,6427213000.0,0.0,27.76,1.363,1.363,562475000.0,1161157000.0,871390000.0,871390000.0,0.0,,,,,0.0,0.0,1.0,84776489.0,84768000,84797000.0,10.28,8508076000.0,0.0,65851000.0,1327789000.0,100.369,-362301000.0
76,PNW,MRQ,2002-06-30,2002-06-30,2002-06-30,2021-08-05,-36462000.0,8243229000.0,,723796000.0,7519433000.0,,30.549,-234157000.0,13859000.0,13859000.0,334230000.0,75365000.0,0.79,2.182,3499841000.0,375610000.0,3124231000.0,3499841000.0,0.0,101786000.0,35682000.0,0.04,0.4,153361000.0,255147000.0,0.43,255147000.0,153361000.0,120505000.0,0.89,0.89,0.89,2590336000.0,,2590336000.0,6753233954.0,10.0,6.311,-178550000.0,-2.106,1.0,259286000.0,0.437,0.0,32856000.0,10812637000.0,,113405000.0,0.0,0.0,0.0,5652893000.0,916574000.0,4736319000.0,3349865954.0,-7453000.0,20420000.0,0.0,75731000.0,-33928000.0,40990000.0,-104050000.0,0.0,55607000.0,0.0,75365000.0,75365000.0,75365000.0,-6562000.0,0.0,0.127,116474000.0,142812000.0,164293000.0,0.449,1.293,10.635,10.647,6225301000.0,0.0,39.5,2.24,2.24,457768000.0,1094157000.0,593516000.0,593516000.0,0.0,,,,,0.0,0.0,1.0,84806733.0,84794000,84926000.0,7.0,8243229000.0,0.0,45140000.0,1227057000.0,97.215,-192778000.0
77,PNW,MRQ,2002-03-31,2002-03-31,2002-03-31,2021-08-05,-36749000.0,8168444000.0,,768667000.0,7399777000.0,,30.087,-219923000.0,20443000.0,20443000.0,278150000.0,53757000.0,1.182,2.204,3423811000.0,159185000.0,3264626000.0,3423811000.0,0.0,99656000.0,32014000.0,0.034,0.4,119314000.0,218970000.0,0.438,218970000.0,119314000.0,88654000.0,0.63,0.63,0.63,2549424000.0,,2549424000.0,7020712381.0,11.0,6.603,-84102000.0,-0.993,1.0,221694000.0,0.444,0.0,30660000.0,10921420000.0,,107762000.0,0.0,0.0,0.0,5619020000.0,650392000.0,4968628000.0,3844351381.0,-8176000.0,0.0,0.0,216219000.0,-33888000.0,184747000.0,-328744000.0,0.0,135821000.0,0.0,53757000.0,53757000.0,53757000.0,-506000.0,0.0,0.108,108047000.0,113647000.0,151583000.0,0.635,1.508,12.544,12.562,6055077000.0,0.0,45.35,1.751,1.75,377134000.0,1052719000.0,499844000.0,499844000.0,0.0,,,,,0.0,0.0,1.0,84770703.0,84735000,84884000.0,5.899,8168444000.0,0.0,34897000.0,1214378000.0,96.4,118275000.0
78,PNW,MRQ,2001-12-31,2001-12-31,2001-12-31,2021-08-05,-64565000.0,7939399000.0,,727405000.0,7211994000.0,,29.515,-363021000.0,28619000.0,28619000.0,-454280000.0,35806000.0,0.67,2.177,3204980000.0,531902000.0,2673078000.0,3204980000.0,0.0,109061000.0,30232000.0,0.036,0.4,94736000.0,203797000.0,-0.855,203797000.0,94736000.0,60475000.0,0.42,0.43,0.42,2499323000.0,,2499323000.0,6466312997.0,10.0,5.979,-230763000.0,-2.725,1.0,216024000.0,-0.907,0.0,34261000.0,10030254000.0,,108238000.0,0.0,0.0,0.0,5440076000.0,1085506000.0,4354570000.0,3542306997.0,3282000.0,0.0,0.0,249841000.0,-33858000.0,220740000.0,-349716000.0,0.0,132258000.0,0.0,35806000.0,35806000.0,35806000.0,0.0,0.0,-0.15,95301000.0,120723000.0,269124000.0,0.952,1.417,11.348,11.372,5881537000.0,0.0,41.85,1.344,1.346,443372000.0,1032850000.0,-238256000.0,-238256000.0,0.0,,,,,0.0,0.0,1.0,84642939.0,84679000,84804000.0,-2.814,7939399000.0,0.0,24669000.0,1164966000.0,93.759,-358101000.0
79,PNW,MRQ,2001-09-30,2001-09-30,2001-09-30,2021-08-05,-66609000.0,8362862000.0,,1178269000.0,7184593000.0,,29.406,-265491000.0,25337000.0,25337000.0,227967000.0,150053000.0,0.711,2.357,2949343000.0,599666000.0,2349677000.0,2949343000.0,0.0,107932000.0,29468000.0,0.038,0.375,284230000.0,392162000.0,0.612,392162000.0,284230000.0,254149000.0,1.77,1.76,1.77,2491321000.0,,2491321000.0,6157148000.0,10.0,5.821,-100109000.0,-1.182,1.0,412416000.0,0.644,0.0,30081000.0,9629462000.0,,106137000.0,0.0,0.0,0.0,5871541000.0,1657406000.0,4214135000.0,3363437000.0,12247000.0,0.0,0.0,142374000.0,-31768000.0,109149000.0,-262284000.0,0.0,165382000.0,0.0,150053000.0,150053000.0,150053000.0,0.0,0.0,0.234,114592000.0,297824000.0,412226000.0,0.212,1.35,10.555,10.559,5620584000.0,0.0,39.7,1.071,1.071,728745000.0,1030904000.0,640383000.0,640383000.0,0.0,,,,,0.0,0.0,1.0,84721335.0,84721000,84906000.0,7.559,8362862000.0,5793000.0,104096000.0,1374852000.0,98.711,-479137000.0
80,PNW,MRQ,2001-06-30,2001-06-30,2001-06-30,2021-08-05,-51912000.0,7547466000.0,,825797000.0,6721669000.0,,28.193,-237138000.0,13090000.0,13090000.0,1048795000.0,66857000.0,0.618,2.159,2806801000.0,702215000.0,2104586000.0,2806801000.0,0.0,106129000.0,28085000.0,0.031,0.375,142125000.0,248254000.0,0.192,248254000.0,142125000.0,110829000.0,0.79,0.79,0.79,2389193000.0,,2389193000.0,6567103051.0,11.0,6.527,-152944000.0,-1.805,1.0,245017000.0,0.189,0.0,31296000.0,9005591000.0,,105461000.0,0.0,0.0,0.0,5158273000.0,1335586000.0,3822687000.0,4016366051.0,-118793000.0,0.0,0.0,6518000.0,-31788000.0,-27678000.0,-175309000.0,0.0,84194000.0,0.0,66857000.0,66857000.0,66857000.0,0.0,0.0,0.052,123604000.0,121413000.0,196191000.0,0.475,1.681,14.109,14.107,5442155000.0,0.0,47.4,0.978,0.978,416009000.0,912615000.0,1293812000.0,1293812000.0,0.0,,,,,0.0,0.0,1.0,84733461.0,84745000,85044000.0,15.267,7547466000.0,5793000.0,43972000.0,1267842000.0,89.061,-509789000.0
81,PNW,MRQ,2001-03-31,2001-03-31,2001-03-31,2021-08-05,37425000.0,7595930000.0,,1072911000.0,6523019000.0,,28.868,-189924000.0,249393000.0,249393000.0,697985000.0,59450000.0,0.786,2.106,2800130000.0,674891000.0,2125239000.0,2800130000.0,0.0,104781000.0,27080000.0,0.032,0.375,132570000.0,237351000.0,0.253,237351000.0,132570000.0,100248000.0,0.7,0.7,0.7,2445863000.0,,2445863000.0,6377413966.0,10.0,6.071,-715000.0,-0.008,1.0,240844000.0,0.257,0.0,32322000.0,8782242000.0,,95499000.0,0.0,0.0,0.0,5150067000.0,1364425000.0,3785642000.0,3886449966.0,121520000.0,0.0,0.0,298644000.0,-31785000.0,264919000.0,-332608000.0,0.0,189209000.0,0.0,59450000.0,59450000.0,59450000.0,0.0,0.0,0.063,104781000.0,136063000.0,326387000.0,0.536,1.589,12.63,12.636,5260171000.0,0.0,45.87,1.089,1.089,490707000.0,877547000.0,938829000.0,938829000.0,0.0,,,,,0.0,0.0,1.0,84727490.0,84727000,84966000.0,11.081,7595930000.0,5793000.0,40798000.0,1305163000.0,89.652,-291514000.0
82,PNW,MRQ,2000-12-31,2000-12-31,2000-12-31,2021-08-05,0.0,7162985000.0,,793913000.0,6369072000.0,,28.122,-259614000.0,10363000.0,10363000.0,37684000.0,42312000.0,0.666,2.006,2501327000.0,546244000.0,1955083000.0,2501327000.0,0.0,105836000.0,26189000.0,0.03,0.375,74131000.0,179967000.0,0.673,179967000.0,74131000.0,42443000.0,0.5,0.5,0.5,2382714000.0,,2382714000.0,6308867974.0,10.0,5.882,-99199000.0,-1.171,1.0,229817000.0,0.859,0.0,31688000.0,8462651000.0,,91371000.0,0.0,0.0,0.0,4780271000.0,1191298000.0,3588973000.0,4034767974.0,-77319000.0,0.0,0.0,140929000.0,-31770000.0,105497000.0,-343231000.0,0.0,160415000.0,0.0,42312000.0,42312000.0,42312000.0,0.0,0.0,0.158,138404000.0,91413000.0,375805000.0,0.75,1.693,13.345,13.342,5133193000.0,0.0,47.63,1.293,1.294,588388000.0,849883000.0,267501000.0,267501000.0,0.0,,,,,0.0,0.0,1.0,84710644.0,84727000,85037000.0,3.157,7162985000.0,5793000.0,131000.0,1232286000.0,84.542,-397385000.0
83,PNW,MRQ,2000-09-30,2000-09-30,2000-09-30,2021-08-05,0.0,7174780000.0,,1038526000.0,6136254000.0,,28.035,-175633000.0,87682000.0,87682000.0,1252000000.0,116049000.0,1.244,2.02,2361782000.0,6871000.0,2354911000.0,2361782000.0,0.0,114093000.0,25603000.0,0.028,0.35,226431000.0,340524000.0,0.212,340524000.0,226431000.0,189987000.0,1.37,1.37,1.37,2375832000.0,,2375832000.0,6633645970.0,11.0,6.193,66362000.0,0.783,1.0,355356000.0,0.221,0.0,36444000.0,8614277000.0,,88059000.0,0.0,0.0,0.0,4798948000.0,834603000.0,3964345000.0,4312333970.0,17282000.0,0.0,0.0,-34825000.0,-29656000.0,-65640000.0,-159073000.0,0.0,241995000.0,0.0,116049000.0,116049000.0,116049000.0,0.0,0.0,0.072,114092000.0,241264000.0,498161000.0,0.255,1.815,14.147,14.136,4947162000.0,0.0,50.89,1.269,1.269,781173000.0,839339000.0,1607356000.0,1607356000.0,0.0,,,,,0.0,0.0,1.0,84738337.0,84745000,85012000.0,18.967,7174780000.0,10081000.0,73938000.0,1340012000.0,84.663,203923000.0
84,PNW,MRQ,2000-06-30,2000-06-30,2000-06-30,2021-08-05,0.0,6843748000.0,,715084000.0,6128664000.0,,27.034,-133657000.0,70400000.0,70400000.0,456763000.0,89901000.0,0.876,1.988,2391712000.0,315761000.0,2075951000.0,2391712000.0,0.0,108734000.0,26476000.0,0.041,0.35,183908000.0,292642000.0,0.387,292642000.0,183908000.0,146592000.0,1.06,1.06,1.06,2290598000.0,,2290598000.0,5142062327.0,10.0,5.328,-15965000.0,-0.188,1.0,299785000.0,0.396,0.0,37316000.0,8348897000.0,,91765000.0,0.0,0.0,0.0,4553150000.0,816163000.0,3736987000.0,2870724327.0,-56904000.0,0.0,0.0,-7853000.0,-29653000.0,-37073000.0,-137523000.0,0.0,117692000.0,0.0,89901000.0,89901000.0,89901000.0,0.0,0.0,0.119,108734000.0,191051000.0,242838000.0,0.33,1.253,13.511,13.498,4835278000.0,0.0,33.88,1.069,1.069,464615000.0,752946000.0,756548000.0,756548000.0,0.0,,,,,0.0,0.0,1.0,84732123.0,84730000,84884000.0,8.929,6843748000.0,9663000.0,56691000.0,1350908000.0,80.771,-101079000.0
85,PNW,MRQ,2000-03-31,2000-03-31,2000-03-31,2021-08-05,0.0,6669897000.0,,554857000.0,6115040000.0,,26.319,-89704000.0,127304000.0,127304000.0,294093000.0,54070000.0,0.811,1.991,2398642000.0,344061000.0,2054581000.0,2398642000.0,0.0,102566000.0,26753000.0,0.048,0.35,127058000.0,229624000.0,0.47,229624000.0,127058000.0,91408000.0,0.64,0.64,0.64,2229926000.0,,2229926000.0,4726776222.0,10.0,5.142,103588000.0,1.223,1.0,194024000.0,0.397,0.0,35650000.0,8256856000.0,,95039000.0,0.0,0.0,0.0,4439971000.0,684379000.0,3755592000.0,2388331222.0,106599000.0,0.0,0.0,39205000.0,-29654000.0,9321000.0,-96014000.0,0.0,193292000.0,0.0,54070000.0,54070000.0,54070000.0,0.0,0.0,0.111,102566000.0,91458000.0,133393000.0,0.547,1.071,12.487,12.473,4795649000.0,0.0,28.19,0.966,0.966,259512000.0,692707000.0,488117000.0,488117000.0,0.0,,,,,0.0,0.0,1.0,84722640.0,84728000,84834000.0,5.761,6669897000.0,9280000.0,37338000.0,1319134000.0,78.721,-129522000.0
86,PNW,MRQ,1999-12-31,1999-12-31,1999-12-31,2021-08-05,0.0,6608506000.0,,498794000.0,6109712000.0,,26.035,-107880000.0,20705000.0,20705000.0,349531000.0,44801000.0,1.007,1.996,2359150000.0,153098000.0,2206052000.0,2359150000.0,0.0,130481000.0,26098000.0,0.043,0.35,77895000.0,208376000.0,0.381,208376000.0,77895000.0,43652000.0,0.53,0.52,0.53,2205733000.0,,2205733000.0,4883989076.0,11.0,5.583,-2632000.0,-0.031,1.0,196905000.0,0.36,0.0,34243000.0,8451461000.0,,91846000.0,0.0,0.0,0.0,4402773000.0,495490000.0,3907283000.0,2589605076.0,-3321000.0,0.0,0.0,42643000.0,-29659000.0,11298000.0,-119867000.0,0.0,105248000.0,0.0,44801000.0,44801000.0,44801000.0,0.0,0.0,0.082,130481000.0,66424000.0,186524000.0,0.66,1.174,15.425,15.434,4778515000.0,0.0,30.56,1.069,1.068,317518000.0,668284000.0,546436000.0,546436000.0,0.0,,,,,0.0,0.0,1.0,84738386.0,84723000,84775000.0,6.45,6608506000.0,8163000.0,-1149000.0,1254365000.0,78.001,3304000.0
87,PNW,MRQ,1999-09-30,1999-09-30,1999-09-30,2021-08-05,0.0,6715339000.0,,617517000.0,6097822000.0,,25.865,-81838000.0,24026000.0,24026000.0,558908000.0,23694000.0,0.726,2.063,2318410000.0,341310000.0,1977100000.0,2318410000.0,0.0,95068000.0,25410000.0,0.036,0.325,139449000.0,234517000.0,0.262,234517000.0,139449000.0,101825000.0,0.28,0.28,0.28,2192276000.0,,2192276000.0,5457433561.0,12.0,6.331,118338000.0,1.396,1.0,335362000.0,0.375,0.0,37624000.0,8158591000.0,,87810000.0,0.0,0.0,0.0,4523063000.0,851132000.0,3671931000.0,3083725561.0,-8485000.0,0.0,0.0,-89131000.0,-27551000.0,-117984000.0,-90677000.0,0.0,200176000.0,0.0,23694000.0,23694000.0,23694000.0,-38000000.0,0.0,0.026,95068000.0,240294000.0,241915000.0,1.161,1.407,19.442,19.455,4738611000.0,0.0,36.38,1.305,1.305,441974000.0,653141000.0,894270000.0,894270000.0,0.0,,,,,0.0,0.0,1.0,84764309.0,84759000,84991000.0,10.551,6715339000.0,4058000.0,78131000.0,1373527000.0,79.229,-233615000.0
88,PNW,MRQ,1999-06-30,1999-06-30,1999-06-30,2021-08-05,0.0,6804221000.0,,464944000.0,6339277000.0,,25.614,-86263000.0,32511000.0,32511000.0,297780000.0,68702000.0,0.75,2.136,2406219000.0,241760000.0,2164459000.0,2406219000.0,0.0,97383000.0,25943000.0,0.032,0.325,149367000.0,246750000.0,0.454,246750000.0,149367000.0,112451000.0,0.81,0.81,0.81,2169881000.0,,2169881000.0,5829427629.0,10.0,6.006,75004000.0,0.885,1.0,246180000.0,0.453,0.0,36916000.0,8557910000.0,,88705000.0,0.0,0.0,0.0,4634340000.0,620019000.0,4014321000.0,3414125629.0,6802000.0,0.0,0.0,-41192000.0,-27567000.0,-74377000.0,-80088000.0,0.0,161267000.0,0.0,68702000.0,68702000.0,68702000.0,0.0,0.0,0.126,97383000.0,148797000.0,127791000.0,0.401,1.573,13.021,13.026,4727330000.0,0.0,40.25,1.532,1.531,283747000.0,629444000.0,543960000.0,543960000.0,0.0,,,,,0.0,0.0,1.0,84822997.0,84716200,85093702.0,6.421,6804221000.0,377475000.0,43749000.0,1497207000.0,80.318,-155075000.0
89,PNW,MRQ,1999-03-31,1999-03-31,1999-03-31,2021-08-05,0.0,6771958000.0,,426147000.0,6345811000.0,,25.511,-67467000.0,25709000.0,25709000.0,250007000.0,30690000.0,0.746,2.132,2441011000.0,270371000.0,2170640000.0,2441011000.0,0.0,96910000.0,28348000.0,0.034,0.325,88246000.0,185156000.0,0.422,185156000.0,88246000.0,51551000.0,0.36,0.35,0.36,2161914000.0,,2161914000.0,5454682336.0,10.0,5.817,101442000.0,1.197,1.0,188509000.0,0.43,0.0,36695000.0,8615708000.0,,84241000.0,0.0,0.0,0.0,4610044000.0,571552000.0,4038492000.0,3079384336.0,5171000.0,0.0,0.0,44248000.0,-27534000.0,-83115000.0,-80623000.0,0.0,168909000.0,0.0,30690000.0,30690000.0,30690000.0,0.0,0.0,0.07,96910000.0,91599000.0,104628000.0,0.903,1.424,12.699,12.72,4713202000.0,0.0,36.38,1.429,1.431,257544000.0,615859000.0,438516000.0,438516000.0,0.0,,,,,0.0,0.0,1.0,84644979.0,84746000,85352000.0,5.174,6771958000.0,391668000.0,20861000.0,1477368000.0,79.909,-145405000.0
90,PNW,MRQ,1998-12-31,1998-12-31,1998-12-31,2021-08-05,0.0,6824546000.0,,456799000.0,6367747000.0,,25.519,-98862000.0,20538000.0,20538000.0,286230000.0,35528000.0,0.714,2.155,2395836000.0,346875000.0,2048961000.0,2395836000.0,0.0,98283000.0,28510000.0,0.029,0.325,97374000.0,195657000.0,0.402,195657000.0,97374000.0,59973000.0,0.42,0.43,0.42,2163351000.0,,2163351000.0,5888767525.0,11.0,6.28,-7719000.0,-0.091,1.0,200131000.0,0.411,0.0,37401000.0,8559641000.0,,83052000.0,0.0,0.0,0.0,4661195000.0,640203000.0,4020992000.0,3590993525.0,-9588000.0,0.0,0.0,67602000.0,-27538000.0,624000.0,-101355000.0,0.0,91143000.0,0.0,35528000.0,35528000.0,35528000.0,0.0,0.0,0.073,98283000.0,101848000.0,155800000.0,0.774,1.66,14.784,14.767,4730563000.0,0.0,42.38,1.685,1.686,301616000.0,612708000.0,486361000.0,486361000.0,0.0,,,,,0.0,0.0,1.0,84733212.0,84774000,85346000.0,5.737,6824546000.0,3999000.0,24445000.0,1433401000.0,80.503,-183404000.0
91,PNW,MRQ,1998-09-30,1998-09-30,1998-09-30,2021-08-05,0.0,6911512000.0,,571615000.0,6339897000.0,,25.444,-75700000.0,30126000.0,30126000.0,412191000.0,127281000.0,0.76,2.204,2327900000.0,273427000.0,2054473000.0,2327900000.0,0.0,94981000.0,30820000.0,0.027,0.3,247980000.0,342961000.0,0.452,342961000.0,247980000.0,210665000.0,1.5,1.49,1.5,2156846000.0,,2156846000.0,6212230537.0,12.0,7.16,175239000.0,2.067,1.0,346819000.0,0.457,0.0,37315000.0,8457603000.0,,89199000.0,0.0,0.0,0.0,4754666000.0,751683000.0,4002983000.0,3797202537.0,-1515000.0,0.0,0.0,-118935000.0,-25433000.0,-152552000.0,-99902000.0,0.0,250939000.0,0.0,127281000.0,127281000.0,127281000.0,0.0,0.0,0.168,94981000.0,251838000.0,178659000.0,0.2,1.761,16.778,16.846,4687675000.0,0.0,44.81,1.819,1.819,381854000.0,604718000.0,759010000.0,759010000.0,0.0,,,,,0.0,0.0,1.0,84740070.0,84769615,85326808.0,8.954,6911512000.0,437871000.0,83384000.0,1547706000.0,81.533,-180068000.0
92,PNW,MRQ,1998-06-30,1998-06-30,1998-06-30,2021-08-05,0.0,6771869000.0,,440816000.0,6331053000.0,,23.954,-83732000.0,31641000.0,31641000.0,254441000.0,48997000.0,0.661,2.333,2446669000.0,371562000.0,2075107000.0,2446669000.0,0.0,93585000.0,31024000.0,0.026,0.3,120362000.0,213947000.0,0.455,213947000.0,120362000.0,82795000.0,0.58,0.57,0.58,2031524000.0,,2031524000.0,6166789810.0,12.0,7.074,-26869000.0,-0.317,1.0,216190000.0,0.459,0.0,37567000.0,8520155000.0,,89167000.0,0.0,0.0,0.0,4740345000.0,666742000.0,4073603000.0,3816360810.0,9522000.0,0.0,0.0,73919000.0,-25442000.0,28105000.0,-75446000.0,0.0,56863000.0,0.0,48997000.0,48997000.0,48997000.0,0.0,0.0,0.104,93585000.0,122605000.0,106327000.0,0.517,1.879,17.085,17.11,4682549000.0,0.0,45.0,1.915,1.915,237885000.0,477427000.0,470631000.0,470631000.0,0.0,,,,,0.0,0.0,1.0,84808018.0,84810790,85416069.0,5.549,6771869000.0,466002000.0,33798000.0,1463487000.0,79.847,-225926000.0
93,PNW,MRQ,1998-03-31,1998-03-31,1998-03-31,2021-08-05,0.0,6745608000.0,,396916000.0,6348692000.0,,23.975,-60848000.0,22119000.0,22119000.0,230917000.0,31086000.0,1.005,2.318,2372548000.0,89313000.0,2283235000.0,2372548000.0,0.0,92830000.0,30924000.0,0.026,0.3,92318000.0,185148000.0,0.447,185148000.0,92318000.0,54052000.0,0.37,0.36,0.37,2032768000.0,,2032768000.0,6224567638.0,11.0,6.799,146045000.0,1.723,1.0,183667000.0,0.443,0.0,38266000.0,8701007000.0,,83756000.0,0.0,0.0,0.0,4712840000.0,395030000.0,4317810000.0,3768358638.0,-5365000.0,0.0,0.0,-112591000.0,-25436000.0,-149079000.0,-63179000.0,0.0,206893000.0,0.0,31086000.0,31086000.0,31086000.0,0.0,0.0,0.075,92830000.0,90837000.0,80038000.0,0.811,1.854,15.6,15.648,4668691000.0,0.0,44.44,1.874,1.874,189146000.0,479315000.0,414584000.0,414584000.0,0.0,,,,,0.0,0.0,1.0,84796549.0,84785309,85332159.0,4.89,6745608000.0,502775000.0,22966000.0,1537560000.0,79.561,1886000.0
94,PNW,MRQ,1997-12-31,1997-12-31,1997-12-31,2021-08-05,0.0,6850417000.0,,449100000.0,6401317000.0,,23.712,-78268000.0,27484000.0,27484000.0,269958000.0,18952000.0,0.858,2.379,2483693000.0,239445000.0,2244248000.0,2483693000.0,0.0,67587000.0,30672000.0,0.027,0.3,57987000.0,125574000.0,0.283,125574000.0,57987000.0,32175000.0,0.21,0.21,0.21,2027436000.0,,2027436000.0,,,,28716000.0,0.336,1.0,173837000.0,0.392,0.0,25812000.0,8782962000.0,,80255000.0,0.0,0.0,0.0,4822981000.0,523664000.0,4299317000.0,3593677747.0,-19862000.0,0.0,1254000.0,-18434000.0,-25415000.0,-46861000.0,-79985000.0,0.0,106984000.0,0.0,18952000.0,18952000.0,18952000.0,0.0,0.0,0.043,92280000.0,81557000.0,117429000.0,1.429,1.773,15.237,15.355,4677568000.0,0.0,42.38,1.801,1.816,242066000.0,473665000.0,443795000.0,443795000.0,0.0,,,,,0.0,0.0,1.0,84796549.0,85502909,86022709.0,5.19,6850417000.0,516256000.0,13223000.0,1498932000.0,80.119,-74564000.0
95,PNW,MRQ,1997-09-30,1997-09-30,1997-09-30,2021-08-05,,,,,,,,-84405000.0,,,328702000.0,124340000.0,,,,,,,,99707000.0,,0.033,0.275,247392000.0,347099000.0,0.523,347099000.0,247392000.0,201226000.0,1.47,1.46,1.47,,,,,,,186824000.0,2.204,1.0,335048000.0,0.505,,46166000.0,,,,,,,,,,,22305000.0,0.0,-1388000.0,-129888000.0,-23304000.0,-154192000.0,-94732000.0,0.0,271229000.0,0.0,124340000.0,124340000.0,124340000.0,0.0,0.0,0.187,91594000.0,243454000.0,,0.187,,,,,0.0,33.63,,,,,663750000.0,663750000.0,0.0,,,,,0.0,0.0,1.0,,84747949,84747949.0,7.832,,,76886000.0,,,
96,PNW,MRQ,1997-06-30,1997-06-30,1997-06-30,2021-08-05,,,,,,,,-68074000.0,,,247084000.0,67182000.0,,,,,,,,100669000.0,,0.036,0.275,156991000.0,257660000.0,0.527,257660000.0,156991000.0,109786000.0,0.79,0.78,0.79,,,,,,,29034000.0,0.341,1.0,241833000.0,0.495,,47205000.0,,,,,,,,,,,-27551000.0,0.0,-79863000.0,74850000.0,-23399000.0,-47839000.0,-76820000.0,0.0,97108000.0,0.0,67182000.0,67182000.0,67182000.0,0.0,0.0,0.137,91809000.0,150024000.0,,0.348,,,,,0.0,30.06,,,,,488917000.0,488917000.0,0.0,,,,,0.0,0.0,1.0,,85155688,85155688.0,5.741,,,42604000.0,,,
97,PNW,MRQ,1997-03-31,1997-03-31,1997-03-31,2021-08-05,,,,,,,,-77129000.0,,,223491000.0,25382000.0,,,,,,,,100322000.0,,0.035,0.275,86902000.0,187224000.0,0.47,187224000.0,86902000.0,42950000.0,0.29,0.29,0.29,,,,,,,70969000.0,0.812,1.0,175073000.0,0.439,,43952000.0,,,,,,,,,,,25906000.0,0.0,0.0,7809000.0,-24042000.0,-43026000.0,-79166000.0,0.0,148098000.0,0.0,25382000.0,25382000.0,25382000.0,0.0,0.0,0.064,92602000.0,82471000.0,,0.948,,,,,0.0,30.13,,,,,398564000.0,398564000.0,0.0,,,,,0.0,0.0,1.0,,87418663,87418663.0,4.559,,,17568000.0,,,
98,PNW,MRQ,1996-12-31,1996-12-31,1996-12-31,2021-08-05,0.0,6989289000.0,,450269000.0,6539020000.0,,22.533,,26686000.0,26686000.0,,,0.818,2.547,2545290000.0,173177000.0,2372113000.0,2545290000.0,0.0,,34222000.0,0.032,0.275,,,,,,,,,,1970323000.0,,1970323000.0,,,,,,1.0,,,0.0,,8957278000.0,,88048000.0,0.0,0.0,0.0,5018966000.0,550615000.0,4468351000.0,,,,,,,,,,,,,,,,,,,,184095000.0,,,,15.338,4655140000.0,,31.75,,1.527,224707000.0,333969000.0,,,,,,,,,,1.0,,87441515,,,6989289000.0,586410000.0,,1516104000.0,79.931,-100346000.0
0,PNW,MRT,2021-06-30,2021-06-30,2021-06-30,2021-08-05,-60578000.0,21061578000.0,20254519500.0,1523183000.0,19538395000.0,0.182,50.651,-1267447000.0,14146000.0,14146000.0,2242800000.0,596677000.0,0.753,2.663,7646464000.0,783373000.0,6863091000.0,7646464000.0,0.0,693616000.0,291950000.0,0.04,3.272,908244000.0,1601860000.0,0.434,1601860000.0,908244000.0,677850000.0,5.13,5.12,5.13,5717624000.0,5718757250.0,5717624000.0,16339614355.0,18.0,10.2,-357764000.0,-3.169,1.0,1449386000.0,0.393,279911000.0,230394000.0,26390717000.0,25545312750.0,365746000.0,1223088000.0,0.0,1223088000.0,15226679000.0,2023268000.0,13203411000.0,9242196355.0,7383000.0,0.0,639000.0,755436000.0,-361511000.0,372565000.0,-1274865000.0,-3089000.0,909683000.0,0.0,578319000.0,578319000.0,578319000.0,0.0,18358000.0,0.157,637610000.0,811776000.0,470767000.0,0.638,1.616,15.981,15.979,15944998000.0,0.0,81.97,2.503,2.506,558279000.0,3089266000.0,3692186000.0,3692186000.0,0.0,0.029,0.101,0.036,0.246,22646000.0,0.0,1.0,112750962.0,112882000,113223000.0,32.708,20781667000.0,0.0,99531000.0,2568928000.0,184.101,-500085000.0
1,PNW,MRT,2021-03-31,2021-03-31,2021-03-31,2021-08-05,-61512000.0,20184658000.0,19815972000.0,1169784000.0,19014874000.0,0.183,50.364,-1275698000.0,17202000.0,17202000.0,2198322000.0,575700000.0,0.879,2.53,7114620000.0,289078000.0,6825542000.0,7114620000.0,0.0,689494000.0,266169000.0,0.04,3.225,880996000.0,1570490000.0,0.434,1570490000.0,880996000.0,650239000.0,4.94,4.92,4.94,5682516000.0,5661741750.0,5682516000.0,16026880741.0,18.0,10.205,-290949000.0,-2.579,1.0,1423205000.0,0.393,278226000.0,230757000.0,25673307000.0,25006825250.0,339098000.0,1159699000.0,0.0,1159699000.0,14377978000.0,1330543000.0,13047435000.0,9167461741.0,-45937000.0,0.0,-447000.0,633272000.0,-356041000.0,254041000.0,-1284727000.0,-3089000.0,984749000.0,0.0,556207000.0,556207000.0,556207000.0,0.0,19493000.0,0.154,627941000.0,795264000.0,309145000.0,0.653,1.613,16.482,16.468,15540434000.0,0.0,81.35,2.531,2.534,364755000.0,3060752000.0,3621527000.0,3621527000.0,0.0,0.028,0.098,0.035,0.243,23347000.0,0.0,1.0,112691601.0,112829000,113093000.0,32.097,19906432000.0,0.0,94032000.0,2544719000.0,176.43,-160759000.0
2,PNW,MRT,2020-12-31,2020-12-31,2020-12-31,2021-08-05,-62796000.0,20020421000.0,19410247500.0,1198319000.0,18822102000.0,0.185,50.002,-1264081000.0,59968000.0,59968000.0,2177164000.0,570052000.0,0.881,2.533,6919387000.0,243785000.0,6675602000.0,6919387000.0,0.0,686253000.0,269372000.0,0.04,3.177,857703000.0,1543956000.0,0.43,1543956000.0,857703000.0,628732000.0,4.89,4.87,4.89,5633503000.0,5608467250.0,5633503000.0,15642085881.0,18.0,10.131,-297716000.0,-2.642,1.0,1409818000.0,0.393,282570000.0,228971000.0,25236837000.0,24096942750.0,334297000.0,1138435000.0,0.0,1138435000.0,14267628000.0,1360433000.0,12907195000.0,9002112881.0,49685000.0,0.0,-1389000.0,735847000.0,-350577000.0,361138000.0,-1277818000.0,-3090000.0,966365000.0,0.0,550559000.0,550559000.0,550559000.0,0.0,19493000.0,0.153,621666000.0,788152000.0,412116000.0,0.65,1.598,16.351,16.35,15381704000.0,0.0,79.95,2.51,2.511,425991000.0,3025106000.0,3586982000.0,3586982000.0,0.0,0.028,0.098,0.036,0.239,18292000.0,0.0,1.0,112596784.0,112666000,112942000.0,31.837,19737851000.0,6792000.0,78173000.0,2492160000.0,175.189,-162114000.0
3,PNW,MRT,2020-09-30,2020-09-30,2020-09-30,2021-08-05,-57491000.0,19751421000.0,19024954000.0,1454686000.0,18296735000.0,0.185,51.841,-1226587000.0,181926000.0,181926000.0,2135281000.0,653424000.0,1.169,2.36,6821899000.0,146989000.0,6674910000.0,6821899000.0,0.0,679081000.0,272654000.0,0.042,3.13,869182000.0,1548263000.0,0.44,1548263000.0,869182000.0,643480000.0,5.63,5.61,5.63,5841386000.0,5557753500.0,5841386000.0,15091891890.0,17.0,9.748,-332603000.0,-2.952,1.0,1381131000.0,0.393,266220000.0,225702000.0,24880390000.0,23265696750.0,339077000.0,1069837000.0,0.0,1069837000.0,13784246000.0,1244784000.0,12539462000.0,8391121890.0,152074000.0,0.0,-827000.0,881579000.0,-345451000.0,512557000.0,-1254467000.0,-16934000.0,893984000.0,0.0,633931000.0,633931000.0,633931000.0,0.0,19493000.0,0.18,611830000.0,769301000.0,288265000.0,0.556,1.436,13.237,13.242,15156243000.0,0.0,74.55,2.386,2.389,574687000.0,3231485000.0,3516412000.0,3516412000.0,0.0,0.033,0.114,0.037,0.247,14009000.0,0.0,1.0,112556967.0,112679000,112987000.0,31.207,19485201000.0,4325000.0,9549000.0,2578347000.0,172.927,209902000.0
4,PNW,MRT,2020-06-30,2020-06-30,2020-06-30,2021-08-05,-57875000.0,19307388000.0,18681490250.0,1147089000.0,18160299000.0,0.185,48.736,-1243940000.0,6763000.0,6763000.0,2127414000.0,619328000.0,0.767,2.495,6707533000.0,375751000.0,6331782000.0,6707533000.0,0.0,675128000.0,262704000.0,0.042,3.085,808279000.0,1483407000.0,0.43,1483407000.0,808279000.0,585416000.0,5.34,5.31,5.34,5489562000.0,5485573500.0,5489562000.0,14291388537.0,18.0,9.634,-264116000.0,-2.345,1.0,1325284000.0,0.384,275028000.0,222863000.0,24236767000.0,22561960500.0,335625000.0,1024033000.0,0.0,1024033000.0,13696911000.0,1496363000.0,12200548000.0,8244645537.0,5115000.0,0.0,848000.0,643277000.0,-340230000.0,281151000.0,-1255860000.0,-3148000.0,979824000.0,0.0,599835000.0,599835000.0,599835000.0,0.0,19493000.0,0.174,607701000.0,717583000.0,404296000.0,0.578,1.502,13.745,13.725,15069766000.0,0.0,73.29,2.388,2.391,459479000.0,2885109000.0,3452698000.0,3452698000.0,0.0,0.032,0.109,0.036,0.234,13781000.0,0.0,1.0,112493458.0,112638000,112879000.0,30.653,19032360000.0,17122000.0,-14419000.0,2421634000.0,168.969,-349274000.0
5,PNW,MRT,2020-03-31,2020-03-31,2020-03-31,2021-08-05,-55579000.0,18561760000.0,18373249000.0,1078307000.0,17483453000.0,0.185,48.576,-1205762000.0,63139000.0,63139000.0,2137727000.0,569888000.0,0.47,2.37,6109882000.0,1225360000.0,4884522000.0,6109882000.0,0.0,669507000.0,267510000.0,0.04,3.04,729888000.0,1399395000.0,0.412,1399395000.0,729888000.0,511995000.0,4.9,4.88,4.9,5469418000.0,5531606000.0,5469418000.0,14323320233.0,20.0,10.235,-238840000.0,-2.121,1.0,1254882000.0,0.37,279238000.0,217893000.0,22033777000.0,21787134750.0,340475000.0,920426000.0,0.0,920426000.0,12964928000.0,2295488000.0,10669440000.0,8521785233.0,57030000.0,0.0,1665000.0,663814000.0,-335003000.0,307732000.0,-1217624000.0,-3148000.0,966922000.0,0.0,550395000.0,550395000.0,550395000.0,0.0,19493000.0,0.162,602584000.0,652298000.0,301325000.0,0.62,1.558,15.483,15.467,14502549000.0,0.0,75.79,2.512,2.515,343942000.0,2867610000.0,3392609000.0,3392609000.0,0.0,0.03,0.1,0.034,0.215,12584000.0,0.0,1.0,112439441.0,112594000,112862000.0,30.131,18282522000.0,20599000.0,-38400000.0,2413904000.0,162.376,-1217181000.0
6,PNW,MRT,2019-12-31,2019-12-31,2019-12-31,2021-08-05,-57096000.0,18479247000.0,18172029750.0,1030030000.0,17449217000.0,0.191,48.297,-1120754000.0,10283000.0,10283000.0,2202432000.0,557813000.0,0.496,2.38,5811818000.0,927388000.0,4884430000.0,5811818000.0,0.0,664140000.0,280238000.0,0.033,2.995,739270000.0,1403410000.0,0.404,1403410000.0,739270000.0,522547000.0,4.79,4.77,4.79,5430648000.0,5586842250.0,5430648000.0,15650317402.0,21.0,11.152,-164028000.0,-1.459,1.0,1268777000.0,0.366,290564000.0,216723000.0,21911853000.0,21508234750.0,345920000.0,1010775000.0,0.0,1010775000.0,12926059000.0,2078365000.0,10847694000.0,10109105402.0,4517000.0,0.0,692000.0,530463000.0,-329643000.0,178768000.0,-1130977000.0,-3147000.0,956726000.0,0.0,538320000.0,538320000.0,538320000.0,0.0,19493000.0,0.155,596817000.0,671960000.0,434430000.0,0.625,1.861,18.779,18.775,14275881000.0,0.0,89.93,2.912,2.913,386420000.0,2837610000.0,3471209000.0,3471209000.0,0.0,0.03,0.096,0.034,0.213,18376000.0,0.0,1.0,112410824.0,112443000,112758000.0,30.871,18188683000.0,21727000.0,-15773000.0,2339895000.0,161.759,-1048335000.0
7,PNW,MRT,2019-09-30,2019-09-30,2019-09-30,2021-08-05,-46538000.0,18377566000.0,17968268500.0,1133155000.0,17244411000.0,0.198,49.373,-1098371000.0,29852000.0,29852000.0,2235790000.0,519908000.0,0.714,2.286,5571064000.0,533596000.0,5037468000.0,5571064000.0,0.0,661895000.0,270547000.0,0.03,2.95,796905000.0,1458800000.0,0.41,1458800000.0,796905000.0,579974000.0,4.45,4.44,4.45,5552666000.0,5534909000.0,5552666000.0,16076174108.0,20.0,11.02,53771000.0,0.478,1.0,1321404000.0,0.371,266587000.0,216931000.0,22065445000.0,21270572000.0,312426000.0,967673000.0,0.0,967673000.0,12695861000.0,1586746000.0,11109115000.0,10901335108.0,-35139000.0,0.0,-3201000.0,274156000.0,-323971000.0,-75760000.0,-1111521000.0,-3147000.0,1152142000.0,0.0,500415000.0,500415000.0,500415000.0,0.0,19493000.0,0.141,594557000.0,726847000.0,276117000.0,0.663,1.963,21.785,21.813,14264914000.0,0.0,97.07,3.065,3.069,510505000.0,2949891000.0,3557194000.0,3557194000.0,0.0,0.028,0.09,0.037,0.224,19893000.0,0.0,1.0,112303854.0,112463000,112746000.0,31.63,18110979000.0,14063000.0,79559000.0,2396378000.0,161.039,-453591000.0
8,PNW,MRT,2019-06-30,2019-06-30,2019-06-30,2021-08-05,-27276000.0,18074423000.0,17791865750.0,995414000.0,17079009000.0,0.204,50.506,-1012335000.0,1355000.0,1355000.0,2286393000.0,522644000.0,0.538,2.164,5176194000.0,687268000.0,4488926000.0,5176194000.0,0.0,657590000.0,258588000.0,0.031,2.907,832405000.0,1489995000.0,0.41,1489995000.0,832405000.0,613777000.0,4.48,4.47,4.48,5673692000.0,5485135500.0,5673692000.0,15519823708.0,19.0,10.416,214941000.0,1.913,1.0,1348048000.0,0.371,261429000.0,218628000.0,21137464000.0,20958988250.0,315381000.0,950448000.0,0.0,950448000.0,12276566000.0,1850369000.0,10426197000.0,10564176708.0,-2191000.0,0.0,-5121000.0,158693000.0,-318929000.0,-188101000.0,-1041366000.0,-19131000.0,1227276000.0,0.0,503151000.0,503151000.0,503151000.0,0.0,19493000.0,0.138,591184000.0,756864000.0,402235000.0,0.649,1.862,20.996,21.002,14165920000.0,0.0,94.09,2.907,2.908,444063000.0,2801110000.0,3634441000.0,3634441000.0,0.0,0.028,0.092,0.04,0.229,20083000.0,0.0,1.0,112277359.0,112337000,112651000.0,32.353,17812994000.0,0.0,110626000.0,2247644000.0,158.567,-854955000.0
9,PNW,MRT,2019-03-31,2019-03-31,2019-03-31,2021-08-05,-26027000.0,17756883000.0,17646303250.0,843528000.0,16913355000.0,0.212,50.654,-1049839000.0,6080000.0,6080000.0,2340629000.0,545237000.0,0.553,2.098,4961727000.0,472767000.0,4488960000.0,4961727000.0,0.0,655190000.0,243157000.0,0.03,2.865,883403000.0,1538593000.0,0.411,1538593000.0,883403000.0,663329000.0,4.69,4.67,4.69,5690363000.0,5324717250.0,5690363000.0,15927829521.0,18.0,10.352,233865000.0,2.082,1.0,1398434000.0,0.374,267842000.0,220074000.0,20918177000.0,20774668000.0,307151000.0,919309000.0,0.0,919309000.0,11935857000.0,1526511000.0,10409346000.0,10718963521.0,-9331000.0,0.0,-4880000.0,134719000.0,-313886000.0,-206791000.0,-1086244000.0,-19131000.0,1283704000.0,0.0,525744000.0,525744000.0,525744000.0,0.0,19493000.0,0.141,595997000.0,802437000.0,257124000.0,0.611,1.884,20.388,20.38,14037140000.0,0.0,95.58,2.867,2.872,349892000.0,2816532000.0,3739063000.0,3739063000.0,0.0,0.03,0.099,0.043,0.236,21084000.0,0.0,1.0,112146511.0,112337000,112735000.0,33.284,17489041000.0,0.0,137585000.0,2288095000.0,155.684,-682983000.0
10,PNW,MRT,2018-12-31,2018-12-31,2018-12-31,2021-08-05,-47708000.0,17664202000.0,17459270250.0,924991000.0,16739211000.0,0.211,46.58,-1150453000.0,5766000.0,5766000.0,2325709000.0,530540000.0,0.561,2.358,5214632000.0,576400000.0,4638232000.0,5214632000.0,0.0,650955000.0,228327000.0,0.033,2.822,863234000.0,1514189000.0,0.41,1514189000.0,863234000.0,644949000.0,4.56,4.54,4.56,5222915000.0,5219026000.0,5222915000.0,14699766763.0,17.0,9.708,126691000.0,1.13,1.0,1365538000.0,0.37,262902000.0,218285000.0,20961202000.0,20495210250.0,294094000.0,851134000.0,0.0,851134000.0,12315497000.0,1648964000.0,10666533000.0,9549193763.0,-8126000.0,0.0,-5055000.0,244245000.0,-308892000.0,-92446000.0,-1192824000.0,-19132000.0,1277144000.0,0.0,511047000.0,511047000.0,511047000.0,0.0,19493000.0,0.138,591851000.0,773687000.0,360011000.0,0.619,1.828,18.686,18.684,13660893000.0,0.0,85.2,2.587,2.588,400988000.0,2641183000.0,3691247000.0,3691247000.0,0.0,0.029,0.098,0.042,0.234,19547000.0,0.0,1.0,112079739.0,112129000,112550000.0,32.92,17401300000.0,0.0,133902000.0,2185162000.0,155.19,-723973000.0
11,PNW,MRT,2018-09-30,2018-09-30,2018-09-30,2021-08-05,-55074000.0,17671955000.0,17297990250.0,1207190000.0,16464765000.0,0.214,47.737,-1277111000.0,64991000.0,64991000.0,2309430000.0,526093000.0,0.696,2.276,5215564000.0,728200000.0,4487364000.0,5215564000.0,0.0,656051000.0,215183000.0,0.035,2.78,867375000.0,1523426000.0,0.412,1523426000.0,867375000.0,654482000.0,4.52,4.5,4.52,5353572000.0,5164969750.0,5353572000.0,14270047326.0,16.0,9.367,-4215000.0,-0.038,1.0,1385100000.0,0.375,268630000.0,212893000.0,20819110000.0,20384225250.0,308582000.0,906687000.0,0.0,906687000.0,12186094000.0,1734788000.0,10451306000.0,8866112326.0,54317000.0,0.0,-15374000.0,441706000.0,-298730000.0,104858000.0,-1323437000.0,-19702000.0,1272896000.0,0.0,506600000.0,506600000.0,506600000.0,0.0,19493000.0,0.137,592750000.0,792350000.0,249059000.0,0.615,1.656,17.501,17.518,13557414000.0,0.0,79.18,2.4,2.404,561872000.0,2780428000.0,3694530000.0,3694530000.0,0.0,0.029,0.098,0.043,0.235,36642000.0,0.0,1.0,111974139.0,112148000,112533000.0,32.943,17403325000.0,0.0,147882000.0,2250392000.0,155.182,-527598000.0
12,PNW,MRT,2018-06-30,2018-06-30,2018-06-30,2021-08-05,-56624000.0,17492173000.0,17092948750.0,1118711000.0,16373462000.0,0.211,44.883,-1383365000.0,3839000.0,3839000.0,2208051000.0,487153000.0,0.5,2.451,5407774000.0,1216249000.0,4191525000.0,5407774000.0,0.0,645735000.0,208140000.0,0.034,2.74,882373000.0,1528108000.0,0.423,1528108000.0,882373000.0,675528000.0,4.18,4.16,4.18,5032019000.0,5136029750.0,5032019000.0,13833042014.0,16.0,9.052,-195383000.0,-1.743,1.0,1401767000.0,0.388,257040000.0,206845000.0,20400183000.0,20209926500.0,310961000.0,873643000.0,0.0,873643000.0,12332739000.0,2238885000.0,10093854000.0,9017336014.0,-1053000.0,0.0,-15684000.0,578453000.0,-295735000.0,244290000.0,-1433325000.0,-2281000.0,1187982000.0,0.0,467660000.0,467660000.0,467660000.0,0.0,19493000.0,0.13,583176000.0,818591000.0,338106000.0,0.656,1.792,19.282,19.273,13450379000.0,0.0,80.56,2.498,2.502,525171000.0,2465402000.0,3609818000.0,3609818000.0,0.0,0.027,0.091,0.044,0.244,33691000.0,0.0,1.0,111933168.0,112115000,112471000.0,32.197,17235133000.0,0.0,207868000.0,2100275000.0,153.727,-1120174000.0
13,PNW,MRT,2018-03-31,2018-03-31,2018-03-31,2021-08-05,-30851000.0,17008751000.0,16856522000.0,934828000.0,16073923000.0,0.212,47.025,-1400370000.0,14001000.0,14001000.0,2148845000.0,487858000.0,0.531,2.204,4829707000.0,837500000.0,3992207000.0,4829707000.0,0.0,626752000.0,185388000.0,0.034,2.7,923652000.0,1550404000.0,0.433,1550404000.0,923652000.0,721161000.0,4.19,4.17,4.19,5267598000.0,5116040250.0,5267598000.0,13481064162.0,15.0,8.695,-288997000.0,-2.58,1.0,1431437000.0,0.4,262363000.0,202491000.0,19800346000.0,19992112750.0,304635000.0,861439000.0,0.0,861439000.0,11607239000.0,1761748000.0,9845491000.0,8921623162.0,12466000.0,0.0,-16218000.0,679501000.0,-292796000.0,347743000.0,-1446650000.0,-2282000.0,1111373000.0,0.0,468365000.0,468365000.0,468365000.0,0.0,19493000.0,0.131,557751000.0,873686000.0,198025000.0,0.644,1.694,19.048,19.045,13275191000.0,0.0,79.8,2.492,2.497,315646000.0,2548591000.0,3580282000.0,3580282000.0,0.0,0.028,0.092,0.046,0.258,31039000.0,0.0,1.0,111799789.0,112017000,112493000.0,31.962,16746388000.0,0.0,252796000.0,2202780000.0,149.499,-826920000.0
14,PNW,MRT,2017-12-31,2017-12-31,2017-12-31,2021-08-05,-45002000.0,17019082000.0,16652540500.0,1016288000.0,16002794000.0,0.214,44.767,-1385066000.0,13892000.0,13892000.0,2114755000.0,507949000.0,0.848,2.373,4967113000.0,177400000.0,4789713000.0,4967113000.0,0.0,610629000.0,184384000.0,0.031,2.66,944412000.0,1555041000.0,0.436,1555041000.0,944412000.0,746728000.0,4.37,4.35,4.37,5006690000.0,5006334750.0,5006690000.0,14111357234.0,15.0,9.075,-267030000.0,-2.388,1.0,1450541000.0,0.407,257189000.0,197684000.0,20517262000.0,19879767000.0,289270000.0,871000000.0,0.0,871000000.0,11883352000.0,1197852000.0,10685500000.0,9517142234.0,5011000.0,0.0,-13390000.0,641439000.0,-289793000.0,315512000.0,-1428537000.0,-2281000.0,1118036000.0,0.0,488456000.0,488456000.0,488456000.0,0.0,19493000.0,0.137,540778000.0,909763000.0,334109000.0,0.609,1.901,19.484,19.492,13078432000.0,0.0,85.18,2.669,2.672,415068000.0,2442511000.0,3565296000.0,3565296000.0,0.0,0.029,0.098,0.048,0.265,20502000.0,0.0,1.0,111729775.0,111839000,112367000.0,31.879,16761893000.0,0.0,258272000.0,2058441000.0,149.875,-181564000.0
15,PNW,MRT,2017-09-30,2017-09-30,2017-09-30,2021-08-05,-23616000.0,16851789000.0,16380563750.0,1158385000.0,15693404000.0,0.216,46.835,-1214133000.0,10633000.0,10633000.0,2101168000.0,539566000.0,1.085,2.191,4604848000.0,113800000.0,4491048000.0,4604848000.0,0.0,586165000.0,170900000.0,0.031,2.62,977691000.0,1563856000.0,0.441,1563856000.0,977691000.0,784879000.0,4.66,4.64,4.66,5237812000.0,4981082250.0,5237812000.0,14094339088.0,14.0,9.013,-165599000.0,-1.481,1.0,1443668000.0,0.407,256037000.0,192812000.0,20121915000.0,19474380250.0,283140000.0,841980000.0,0.0,841980000.0,11478438000.0,1068052000.0,10410386000.0,9438970088.0,2606000.0,0.0,0.0,481108000.0,-292000000.0,208364000.0,-1254292000.0,-1712000.0,1048534000.0,0.0,520073000.0,520073000.0,520073000.0,0.0,19493000.0,0.147,517009000.0,926659000.0,227507000.0,0.562,1.802,18.149,18.146,12825793000.0,0.0,84.56,2.663,2.668,566154000.0,2661570000.0,3544836000.0,3544836000.0,0.0,0.032,0.104,0.05,0.276,0.0,0.0,1.0,111624528.0,111835000,112401000.0,31.697,16595752000.0,0.0,264806000.0,3706754000.0,148.395,90333000.0
16,PNW,MRT,2017-06-30,2017-06-30,2017-06-30,2021-08-05,-25112000.0,16546466000.0,16119048000.0,1048381000.0,15498085000.0,0.219,44.295,-1157423000.0,4851000.0,4851000.0,2109663000.0,526521000.0,0.745,2.315,4660220000.0,467700000.0,4192520000.0,4660220000.0,0.0,572314000.0,171380000.0,0.03,2.59,959101000.0,1531415000.0,0.434,1531415000.0,959101000.0,768961000.0,4.55,4.53,4.55,4952061000.0,4884965750.0,4952061000.0,14103644963.0,15.0,9.21,-247988000.0,-2.218,1.0,1418773000.0,0.402,265764000.0,190140000.0,19528928000.0,19151523500.0,286718000.0,822244000.0,0.0,822244000.0,11463740000.0,1407143000.0,10056597000.0,9500485963.0,-26356000.0,0.0,0.0,526833000.0,-288400000.0,257689000.0,-1193480000.0,-2282000.0,909435000.0,0.0,507028000.0,507028000.0,507028000.0,0.0,19493000.0,0.144,500404000.0,918369000.0,338391000.0,0.569,1.918,18.738,18.716,12634473000.0,0.0,85.16,2.693,2.698,497034000.0,2377315000.0,3528436000.0,3528436000.0,0.0,0.031,0.104,0.05,0.272,0.0,0.0,1.0,111560427.0,111797000,112345000.0,31.561,16280702000.0,0.0,261933000.0,3486992000.0,145.627,-358762000.0
17,PNW,MRT,2017-03-31,2017-03-31,2017-03-31,2021-08-05,-42863000.0,16192825000.0,15867072750.0,794996000.0,15397829000.0,0.221,43.219,-1163481000.0,3028000.0,3028000.0,2149022000.0,480386000.0,0.666,2.325,4606187000.0,332297000.0,4273890000.0,4606187000.0,0.0,570805000.0,168262000.0,0.031,2.56,887226000.0,1458031000.0,0.417,1458031000.0,887226000.0,699601000.0,4.14,4.12,4.14,4828776000.0,4793267500.0,4828776000.0,13431988291.0,15.0,9.212,-133925000.0,-1.199,1.0,1350221000.0,0.386,251208000.0,187625000.0,19350963000.0,18810237750.0,283254000.0,805048000.0,0.0,805048000.0,11226885000.0,1193813000.0,10033072000.0,9283543291.0,-1971000.0,0.0,0.0,432859000.0,-284800000.0,167315000.0,-1198842000.0,-2281000.0,1029556000.0,0.0,460893000.0,460893000.0,460893000.0,0.0,19493000.0,0.132,497361000.0,852860000.0,250197000.0,0.618,1.923,20.143,20.14,12630632000.0,0.0,83.38,2.653,2.662,290455000.0,2278867000.0,3499243000.0,3499243000.0,0.0,0.029,0.096,0.047,0.254,0.0,0.0,1.0,111340169.0,111728000,112195000.0,31.319,15941617000.0,9531000.0,238708000.0,3358243000.0,142.682,-398817000.0
18,PNW,MRT,2016-12-31,2016-12-31,2016-12-31,2021-08-05,-25423000.0,15931175000.0,15602440750.0,837340000.0,15093835000.0,0.224,44.033,-1183714000.0,8840000.0,8840000.0,2173701000.0,461527000.0,0.765,2.221,4157285000.0,135500000.0,4021785000.0,4157285000.0,0.0,564091000.0,171192000.0,0.032,2.53,864195000.0,1428286000.0,0.408,1428286000.0,864195000.0,678445000.0,3.97,3.95,3.97,4905680000.0,4757965000.0,4905680000.0,12916484529.0,15.0,9.043,-173766000.0,-1.56,1.0,1324981000.0,0.379,89868000.0,185750000.0,18895715000.0,18321111500.0,281385000.0,779586000.0,0.0,779586000.0,10893205000.0,1094037000.0,9799168000.0,8685215529.0,-13216000.0,0.0,0.0,458221000.0,-281300000.0,196177000.0,-1219341000.0,-2281000.0,1009948000.0,0.0,442034000.0,442034000.0,442034000.0,0.0,19493000.0,0.126,489370000.0,835611000.0,332061000.0,0.637,1.77,19.648,19.655,12455347000.0,0.0,78.03,2.482,2.485,367523000.0,2331245000.0,3498682000.0,3498682000.0,0.0,0.028,0.093,0.047,0.247,0.0,0.0,1.0,111306107.0,111409000,112046000.0,31.404,15841307000.0,11174000.0,236411000.0,3377441000.0,142.191,-256697000.0
19,PNW,MRT,2016-09-30,2016-09-30,2016-09-30,2021-08-05,-42146000.0,15805726000.0,15365192500.0,977492000.0,14828234000.0,0.227,43.561,-1234662000.0,48267000.0,48267000.0,2158276000.0,449386000.0,0.881,2.228,4279536000.0,134170000.0,4145366000.0,4279536000.0,0.0,565863000.0,177041000.0,0.033,2.5,846583000.0,1412446000.0,0.404,1412446000.0,846583000.0,661854000.0,3.86,3.84,3.86,4853346000.0,4701358500.0,4853346000.0,12660685924.0,15.0,8.964,-200273000.0,-1.798,1.0,1335637000.0,0.382,96789000.0,184729000.0,18830488000.0,17873825000.0,285534000.0,779753000.0,0.0,779753000.0,10813591000.0,1109718000.0,9703873000.0,8448170924.0,2681000.0,0.0,0.0,537583000.0,-277700000.0,241521000.0,-1273229000.0,-5775000.0,1034389000.0,0.0,429905000.0,429905000.0,429905000.0,0.0,19481000.0,0.123,492635000.0,843002000.0,248133000.0,0.648,1.741,19.651,19.687,12348810000.0,0.0,75.99,2.418,2.423,471952000.0,2342643000.0,3493913000.0,3493913000.0,0.0,0.028,0.091,0.047,0.242,0.0,0.0,1.0,111174772.0,111416000,112100000.0,31.359,15708937000.0,0.0,231949000.0,3351633000.0,140.994,-132226000.0
20,PNW,MRT,2016-06-30,2016-06-30,2016-06-30,2021-08-05,-43719000.0,15538565000.0,15132515500.0,963387000.0,14575178000.0,0.233,41.172,-1224269000.0,43040000.0,43040000.0,2190841000.0,443464000.0,0.652,2.36,4255555000.0,357720000.0,3897835000.0,4255555000.0,0.0,571589000.0,180704000.0,0.03,2.47,837633000.0,1409222000.0,0.4,1409222000.0,837633000.0,654052000.0,3.82,3.79,3.82,4585268000.0,4651434750.0,4585268000.0,12961515995.0,15.0,9.198,-103640000.0,-0.931,1.0,1335296000.0,0.379,108751000.0,183581000.0,18163785000.0,17398576000.0,278380000.0,767416000.0,0.0,767416000.0,10819382000.0,1478544000.0,9340838000.0,9009007995.0,23234000.0,0.0,0.0,447415000.0,-274100000.0,154953000.0,-1252348000.0,-9517000.0,1120629000.0,0.0,423994000.0,423994000.0,423994000.0,0.0,19470000.0,0.12,498441000.0,836855000.0,386073000.0,0.647,1.965,21.248,21.22,12132109000.0,0.0,81.06,2.555,2.56,473716000.0,2079619000.0,3526137000.0,3526137000.0,0.0,0.028,0.091,0.048,0.238,0.0,0.0,1.0,111139995.0,111368000,112004000.0,31.662,15429814000.0,0.0,230058000.0,3134678000.0,138.548,-515157000.0
21,PNW,MRT,2016-03-31,2016-03-31,2016-03-31,2021-08-05,-6707000.0,15134297000.0,14923245000.0,809914000.0,14324383000.0,0.235,42.118,-1159196000.0,4904000.0,4904000.0,2167071000.0,444789000.0,0.514,2.199,3957412000.0,619380000.0,3338032000.0,3957412000.0,0.0,570798000.0,188881000.0,0.033,2.44,837314000.0,1408112000.0,0.402,1408112000.0,837314000.0,657275000.0,3.84,3.81,3.84,4687566000.0,4603326750.0,4687566000.0,12006054044.0,14.0,8.526,-58213000.0,-0.523,1.0,1334320000.0,0.381,115859000.0,180039000.0,17394458000.0,17119231000.0,278406000.0,751954000.0,0.0,751954000.0,10306317000.0,1576488000.0,8729829000.0,8333139044.0,-1179000.0,0.0,0.0,394145000.0,-270500000.0,88643000.0,-1190805000.0,-13507000.0,1100983000.0,0.0,425588000.0,425588000.0,425588000.0,0.0,19201000.0,0.122,497240000.0,837080000.0,232484000.0,0.635,1.778,19.58,19.549,11895402000.0,0.0,75.07,2.38,2.386,302719000.0,2155746000.0,3501391000.0,3501391000.0,0.0,0.029,0.092,0.049,0.239,0.0,0.0,1.0,111004916.0,111296000,111847000.0,31.46,15018438000.0,0.0,231687000.0,3172718000.0,134.941,-766574000.0
22,PNW,MRT,2015-12-31,2015-12-31,2015-12-31,2021-08-05,-27097000.0,14982182000.0,14748596500.0,870755000.0,14111427000.0,0.237,42.146,-1025507000.0,22056000.0,22056000.0,2141487000.0,456190000.0,0.611,2.173,3694971000.0,357580000.0,3337391000.0,3694971000.0,0.0,571540000.0,188682000.0,0.037,2.41,853682000.0,1425222000.0,0.408,1425222000.0,853682000.0,674977000.0,3.94,3.92,3.94,4679254000.0,4530633500.0,4679254000.0,10860365009.0,13.0,7.62,74523000.0,0.671,1.0,1353956000.0,0.387,123820000.0,178705000.0,17106569000.0,16928574500.0,279931000.0,735196000.0,0.0,735196000.0,10167388000.0,1424708000.0,8742680000.0,7147592009.0,17541000.0,0.0,0.0,279445000.0,-266900000.0,-22457000.0,-1060032000.0,-17249000.0,1100030000.0,0.0,437257000.0,437257000.0,437257000.0,0.0,18933000.0,0.125,499354000.0,854602000.0,360974000.0,0.612,1.528,16.346,16.365,11563771000.0,0.0,64.48,2.045,2.048,367543000.0,2148493000.0,3495443000.0,3495443000.0,0.0,0.03,0.097,0.05,0.244,0.0,0.0,1.0,110849752.0,111026000,111552000.0,31.483,14858362000.0,0.0,237720000.0,3131308000.0,133.828,-553953000.0
23,PNW,MRT,2015-09-30,2015-09-30,2015-09-30,2021-08-05,-63990000.0,14875018000.0,14550641500.0,1061979000.0,13813039000.0,0.24,41.911,-1023863000.0,13007000.0,13007000.0,2203335000.0,419747000.0,0.697,2.167,3725780000.0,468433000.0,3257347000.0,3725780000.0,0.0,552713000.0,194360000.0,0.037,2.38,799629000.0,1352342000.0,0.388,1352342000.0,799629000.0,621430000.0,3.62,3.59,3.62,4653651000.0,4480380750.0,4653651000.0,10920111088.0,14.0,8.075,45344000.0,0.408,1.0,1284128000.0,0.368,134937000.0,178199000.0,16929492000.0,16638513750.0,278523000.0,712011000.0,0.0,712011000.0,10083699000.0,1523362000.0,8560337000.0,7107588088.0,676000.0,0.0,-14860000.0,301008000.0,-263422000.0,-9902000.0,-1058629000.0,-17497000.0,1069207000.0,0.0,401550000.0,401550000.0,401550000.0,0.0,18197000.0,0.115,479176000.0,804952000.0,233970000.0,0.657,1.527,17.7,17.718,11467754000.0,0.0,64.14,2.038,2.042,520733000.0,2190387000.0,3487463000.0,3487463000.0,0.0,0.028,0.09,0.048,0.229,0.0,0.0,1.0,110813659.0,111036000,111616000.0,31.408,14740081000.0,57857000.0,219880000.0,3148856000.0,132.75,-461383000.0
24,PNW,MRT,2015-06-30,2015-06-30,2015-06-30,2021-08-05,-65600000.0,14701483000.0,14326974000.0,1031756000.0,13669727000.0,0.242,39.58,-1003493000.0,13557000.0,13557000.0,2222427000.0,405855000.0,0.77,2.316,3826080000.0,260223000.0,3565857000.0,3826080000.0,0.0,532194000.0,192848000.0,0.041,2.353,779995000.0,1312189000.0,0.379,1312189000.0,779995000.0,603473000.0,3.51,3.49,3.51,4392836000.0,4439947000.0,4392836000.0,9998226621.0,13.0,7.62,61378000.0,0.553,1.0,1238557000.0,0.358,127742000.0,176522000.0,17046405000.0,16361038500.0,274297000.0,723582000.0,0.0,723582000.0,10175840000.0,1339859000.0,8835981000.0,6300501621.0,4613000.0,0.0,-12625000.0,282159000.0,-260162000.0,-23255000.0,-1037003000.0,-17497000.0,1064871000.0,0.0,388395000.0,388395000.0,388395000.0,0.0,17460000.0,0.112,456941000.0,781616000.0,392052000.0,0.67,1.434,16.222,16.208,11343457000.0,0.0,56.89,1.82,1.824,471934000.0,1933256000.0,3460984000.0,3460984000.0,0.0,0.027,0.087,0.048,0.225,0.0,0.0,1.0,110748842.0,110986000,111460000.0,31.184,14573741000.0,77841000.0,215078000.0,2960786000.0,131.312,-308103000.0
25,PNW,MRT,2015-03-31,2015-03-31,2015-03-31,2021-08-05,-66382000.0,14435703000.0,14074182500.0,935442000.0,13500261000.0,0.247,39.641,-913744000.0,11664000.0,11664000.0,2233033000.0,419732000.0,0.681,2.248,3709389000.0,428070000.0,3281319000.0,3709389000.0,0.0,515470000.0,194820000.0,0.036,2.326,800675000.0,1316145000.0,0.379,1316145000.0,800675000.0,620198000.0,3.6,3.58,3.6,4396793000.0,4400210500.0,4396793000.0,10603749171.0,13.0,8.057,114240000.0,1.03,1.0,1243567000.0,0.358,127620000.0,180477000.0,16631832000.0,15983041250.0,265981000.0,727342000.0,0.0,727342000.0,9882696000.0,1373976000.0,8508720000.0,7049168171.0,-91537000.0,0.0,-9390000.0,113548000.0,-256880000.0,-173205000.0,-946316000.0,-17248000.0,1027984000.0,0.0,397951000.0,397951000.0,397951000.0,0.0,21781000.0,0.114,439811000.0,803756000.0,271489000.0,0.646,1.603,17.714,17.708,11197136000.0,0.0,63.75,2.028,2.034,334297000.0,1942194000.0,3476600000.0,3476600000.0,0.0,0.028,0.09,0.05,0.23,0.0,0.0,1.0,110575187.0,110916000,111377000.0,31.344,14308083000.0,116838000.0,222247000.0,2967413000.0,128.999,-438534000.0
26,PNW,MRT,2014-12-31,2014-12-31,2014-12-31,2021-08-05,-10385000.0,14190362000.0,13827956000.0,900117000.0,13290245000.0,0.253,40.481,-889759000.0,4515000.0,4515000.0,2260149000.0,423696000.0,0.587,2.135,3412543000.0,530970000.0,2881573000.0,3412543000.0,0.0,496393000.0,195359000.0,0.034,2.299,803793000.0,1300186000.0,0.372,1300186000.0,803793000.0,618300000.0,3.59,3.58,3.59,4478243000.0,4356708750.0,4478243000.0,10960161115.0,14.0,8.43,234408000.0,2.119,1.0,1231483000.0,0.353,119600000.0,185493000.0,15946326000.0,15676039500.0,255986000.0,713866000.0,0.0,713866000.0,9560510000.0,1532464000.0,8028046000.0,7544840115.0,790000.0,0.0,0.0,72823000.0,-253600000.0,-201259000.0,-922118000.0,-17249000.0,1124167000.0,0.0,397595000.0,397595000.0,397595000.0,0.0,26101000.0,0.114,420241000.0,811242000.0,355730000.0,0.64,1.685,18.976,19.028,10953169000.0,0.0,68.31,2.161,2.164,395151000.0,1968718000.0,3491632000.0,3491632000.0,0.0,0.029,0.091,0.051,0.23,0.0,0.0,1.0,110450009.0,110626000,111178000.0,31.562,14070762000.0,55253000.0,220705000.0,2926822000.0,127.192,-632347000.0
27,PNW,MRT,2014-09-30,2014-09-30,2014-09-30,2021-08-05,-62402000.0,13980348000.0,13657537000.0,1040932000.0,12939416000.0,0.254,40.622,-1038748000.0,10471000.0,10471000.0,2216645000.0,446975000.0,0.719,2.078,3425792000.0,387991000.0,3037801000.0,3425792000.0,0.0,485977000.0,196604000.0,0.042,2.272,829133000.0,1315110000.0,0.38,1315110000.0,829133000.0,641310000.0,3.77,3.75,3.77,4491916000.0,4285765500.0,4491916000.0,9568582783.0,12.0,7.276,160531000.0,1.452,1.0,1248299000.0,0.36,127560000.0,187823000.0,15819591000.0,15492668250.0,263056000.0,690226000.0,0.0,690226000.0,9336335000.0,1448518000.0,7887817000.0,6032739783.0,-108084000.0,0.0,4464000.0,39642000.0,-255393000.0,-236153000.0,-1071210000.0,-17248000.0,1199279000.0,0.0,416445000.0,416445000.0,416445000.0,0.0,30530000.0,0.12,413341000.0,834958000.0,278835000.0,0.603,1.343,14.486,14.493,10876014000.0,0.0,54.64,1.741,1.744,543753000.0,2052207000.0,3464944000.0,3464944000.0,0.0,0.03,0.097,0.054,0.239,0.0,0.0,1.0,110408854.0,110579000,110962000.0,31.335,13852788000.0,61201000.0,224865000.0,2947250000.0,125.275,-407586000.0
28,PNW,MRT,2014-06-30,2014-06-30,2014-06-30,2021-08-05,-74217000.0,13690317000.0,13618117750.0,999072000.0,12691245000.0,0.253,38.293,-995973000.0,9161000.0,9161000.0,2197548000.0,433607000.0,0.643,2.199,3545004000.0,545491000.0,2999513000.0,3545004000.0,0.0,489115000.0,195109000.0,0.039,2.249,811699000.0,1300814000.0,0.378,1300814000.0,811699000.0,620671000.0,3.62,3.59,3.62,4233890000.0,4231737500.0,4233890000.0,9875183753.0,12.0,7.592,209528000.0,1.895,1.0,1247121000.0,0.362,137037000.0,191028000.0,15534416000.0,15404503750.0,269145000.0,682359000.0,0.0,682359000.0,9308455000.0,1554707000.0,7753748000.0,6383066753.0,-1740000.0,0.0,2874000.0,96241000.0,-251007000.0,-176742000.0,-1030499000.0,-17248000.0,1205501000.0,0.0,398647000.0,398647000.0,398647000.0,0.0,34960000.0,0.116,418250000.0,828871000.0,383435000.0,0.621,1.508,16.012,15.978,10892008000.0,0.0,57.84,1.853,1.857,495065000.0,1808232000.0,3444669000.0,3444669000.0,0.0,0.029,0.094,0.053,0.236,0.0,0.0,1.0,110357309.0,110565000,111002000.0,31.155,13553280000.0,83633000.0,222024000.0,2761783000.0,122.582,-555635000.0
29,PNW,MRT,2014-03-31,2014-03-31,2014-03-31,2021-08-05,-74902000.0,13450797000.0,13586212000.0,897930000.0,12552867000.0,0.254,38.299,-1007008000.0,103421000.0,103421000.0,2199166000.0,431821000.0,0.644,2.149,3595538000.0,549924000.0,3045614000.0,3595538000.0,0.0,490276000.0,191032000.0,0.041,2.226,812661000.0,1302937000.0,0.377,1302937000.0,812661000.0,621923000.0,3.61,3.58,3.61,4222786000.0,4181306250.0,4222786000.0,9503712046.0,12.0,7.294,224683000.0,2.038,1.0,1255061000.0,0.363,144446000.0,190738000.0,15403825000.0,15341990000.0,259897000.0,657862000.0,0.0,657862000.0,9073096000.0,1394643000.0,7678453000.0,6023224046.0,95214000.0,0.0,-51000.0,168672000.0,-246553000.0,-95280000.0,-1041197000.0,-17249000.0,1231691000.0,0.0,397396000.0,397396000.0,397396000.0,0.0,34425000.0,0.115,420491000.0,834570000.0,224820000.0,0.617,1.426,15.157,15.141,10810605000.0,0.0,54.66,1.744,1.745,332287000.0,1801047000.0,3454227000.0,3454227000.0,0.0,0.029,0.095,0.053,0.235,0.0,0.0,1.0,110194366.0,110257000,110888000.0,31.329,13306351000.0,63277000.0,224527000.0,2704442000.0,120.685,-496713000.0
30,PNW,MRT,2013-12-31,2013-12-31,2013-12-31,2021-08-05,-78053000.0,13508686000.0,13548744500.0,1043609000.0,12465077000.0,0.255,38.137,-975232000.0,9526000.0,9526000.0,2184603000.0,439966000.0,0.645,2.186,3490014000.0,693549000.0,2796465000.0,3490014000.0,0.0,492226000.0,190581000.0,0.042,2.203,823692000.0,1315918000.0,0.381,1315918000.0,823692000.0,636665000.0,3.69,3.66,3.69,4194470000.0,4129223500.0,4194470000.0,9074917860.0,11.0,6.896,219459000.0,1.995,1.0,1270025000.0,0.368,157689000.0,187027000.0,15212841000.0,15403187500.0,259710000.0,642007000.0,0.0,642007000.0,9168226000.0,1618644000.0,7549582000.0,5823578860.0,226000.0,0.0,0.0,74429000.0,-242100000.0,-185056000.0,-1009409000.0,-17249000.0,1194691000.0,0.0,406074000.0,406074000.0,406074000.0,0.0,33892000.0,0.118,423702000.0,846323000.0,347044000.0,0.597,1.388,14.341,14.341,10606171000.0,0.0,52.92,1.686,1.685,393497000.0,1785273000.0,3454628000.0,3454628000.0,0.0,0.03,0.098,0.053,0.238,0.0,0.0,1.0,110044952.0,109984000,110806000.0,31.41,13350997000.0,226669000.0,230591000.0,2677450000.0,121.39,-575035000.0
31,PNW,MRT,2013-09-30,2013-09-30,2013-09-30,2021-08-05,-89335000.0,13822671000.0,13516476750.0,1350486000.0,12472185000.0,0.255,38.894,-757047000.0,135457000.0,135457000.0,2156237000.0,437823000.0,0.933,2.199,3386796000.0,566481000.0,2820315000.0,3386796000.0,0.0,498663000.0,186921000.0,0.04,2.18,832401000.0,1331064000.0,0.386,1331064000.0,832401000.0,644026000.0,3.68,3.65,3.68,4275804000.0,4073807500.0,4275804000.0,9442827569.0,11.0,7.094,366934000.0,3.338,1.0,1291751000.0,0.375,160134000.0,188375000.0,15466933000.0,15480430250.0,258344000.0,612640000.0,0.0,612640000.0,9401243000.0,1446943000.0,7954300000.0,6021227569.0,55978000.0,0.0,16667000.0,-44053000.0,-232486000.0,-276171000.0,-791832000.0,-17249000.0,1123981000.0,0.0,404445000.0,404445000.0,404445000.0,4234000.0,33378000.0,0.117,428039000.0,863712000.0,250023000.0,0.592,1.408,14.888,14.875,10368932000.0,0.0,54.74,1.746,1.745,556157000.0,1886038000.0,3447988000.0,3447988000.0,0.0,0.03,0.099,0.054,0.241,0.0,0.0,1.0,109996850.0,109935000,110913000.0,31.364,13662537000.0,221041000.0,239581000.0,2745422000.0,124.278,-96457000.0
32,PNW,MRT,2013-06-30,2013-06-30,2013-06-30,2021-08-05,-104457000.0,13562694000.0,13425880500.0,1066289000.0,12496405000.0,0.254,36.669,-796065000.0,27803000.0,27803000.0,2088835000.0,455968000.0,0.694,2.33,3449403000.0,629231000.0,2820172000.0,3449403000.0,0.0,491001000.0,187130000.0,0.039,2.16,867325000.0,1358326000.0,0.399,1358326000.0,867325000.0,677890000.0,3.85,3.82,3.85,4032165000.0,4018917000.0,4032165000.0,9500960276.0,11.0,6.995,370678000.0,3.371,1.0,1316236000.0,0.387,162715000.0,189435000.0,15284361000.0,15540723250.0,253432000.0,595231000.0,0.0,595231000.0,9393459000.0,1537218000.0,7856241000.0,6098783276.0,16575000.0,0.0,16837000.0,-90555000.0,-230009000.0,-320018000.0,-830150000.0,-17250000.0,1166743000.0,0.0,423105000.0,423105000.0,423105000.0,4245000.0,32863000.0,0.124,420242000.0,895994000.0,347314000.0,0.561,1.513,14.414,14.408,10309624000.0,0.0,55.47,1.791,1.791,506368000.0,1659868000.0,3405071000.0,3405071000.0,0.0,0.032,0.105,0.056,0.255,0.0,0.0,1.0,109947418.0,109962000,110932000.0,30.966,13399979000.0,178737000.0,254785000.0,2498338000.0,121.86,-470929000.0
33,PNW,MRT,2013-03-31,2013-03-31,2013-03-31,2021-08-05,-107931000.0,13300927000.0,13338808750.0,871777000.0,12429150000.0,0.252,36.551,-780520000.0,25109000.0,25109000.0,2063385000.0,446481000.0,0.978,2.279,3427286000.0,122828000.0,3304458000.0,3427286000.0,0.0,487119000.0,189769000.0,0.037,2.14,859991000.0,1347110000.0,0.4,1347110000.0,859991000.0,668674000.0,3.78,3.75,3.78,4014455000.0,3955384500.0,4014455000.0,9741686475.0,11.0,7.232,487424000.0,4.438,1.0,1304440000.0,0.387,162978000.0,191317000.0,15648615000.0,15588008750.0,258816000.0,596168000.0,0.0,596168000.0,9148597000.0,891511000.0,8257086000.0,6353797475.0,4399000.0,0.0,21107000.0,-233852000.0,-227547000.0,-448930000.0,-814615000.0,-17249000.0,1267944000.0,0.0,414243000.0,414243000.0,414243000.0,5064000.0,32238000.0,0.123,413769000.0,890671000.0,212078000.0,0.566,1.583,15.338,15.315,10264260000.0,0.0,57.89,1.887,1.888,355547000.0,1648521000.0,3367825000.0,3367825000.0,0.0,0.031,0.105,0.055,0.255,0.0,0.0,1.0,109756391.0,109832000,110835000.0,30.663,13137949000.0,149550000.0,254431000.0,2301282000.0,119.619,-19734000.0
34,PNW,MRT,2012-12-31,2012-12-31,2012-12-31,2021-08-05,-114008000.0,13379615000.0,13309555500.0,1005726000.0,12373889000.0,0.248,36.278,-839675000.0,26202000.0,26202000.0,2038882000.0,413164000.0,0.928,2.335,3414091000.0,215003000.0,3199088000.0,3414091000.0,0.0,481262000.0,189048000.0,0.042,2.12,818504000.0,1299766000.0,0.394,1299766000.0,818504000.0,618859000.0,3.48,3.45,3.48,3972806000.0,3888000000.0,3972806000.0,8942328008.0,11.0,6.88,331447000.0,3.027,1.0,1262922000.0,0.382,162150000.0,199645000.0,15521812000.0,15549508250.0,249430000.0,570625000.0,0.0,570625000.0,9277326000.0,1083542000.0,8193784000.0,5592496008.0,-7381000.0,0.0,15955000.0,-86030000.0,-225075000.0,-305509000.0,-872994000.0,-17249000.0,1171122000.0,0.0,381542000.0,381542000.0,381542000.0,5829000.0,31622000.0,0.116,411167000.0,851755000.0,281101000.0,0.609,1.408,14.658,14.649,10105248000.0,0.0,50.98,1.694,1.691,368730000.0,1624102000.0,3301804000.0,3301804000.0,0.0,0.029,0.098,0.053,0.248,0.0,0.0,1.0,109699804.0,109510000,110527000.0,30.151,13217465000.0,225003000.0,237317000.0,2447264000.0,120.696,-77816000.0
35,PNW,MRT,2012-09-30,2012-09-30,2012-09-30,2021-08-05,-119475000.0,13460286000.0,13242406250.0,1098852000.0,12361434000.0,0.247,37.025,-868577000.0,79479000.0,79479000.0,2031375000.0,402483000.0,1.157,2.287,3429311000.0,90360000.0,3338951000.0,3429311000.0,0.0,484247000.0,182794000.0,0.04,2.1,804548000.0,1288795000.0,0.393,1288795000.0,804548000.0,598010000.0,3.38,3.36,3.38,4056242000.0,3850261000.0,4056242000.0,9311058218.0,12.0,7.225,265971000.0,2.428,1.0,1245199000.0,0.38,152665000.0,206538000.0,15708105000.0,15434217250.0,250260000.0,566960000.0,0.0,566960000.0,9274702000.0,949348000.0,8325354000.0,5783912218.0,-485233000.0,0.0,10572000.0,-497334000.0,-222605000.0,-718948000.0,-900833000.0,-16636000.0,1134548000.0,0.0,371475000.0,371475000.0,371475000.0,1149000.0,31008000.0,0.113,416018000.0,829181000.0,231151000.0,0.621,1.426,15.57,15.621,10071843000.0,0.0,52.8,1.765,1.765,497437000.0,1721050000.0,3276574000.0,3276574000.0,0.0,0.028,0.096,0.052,0.246,0.0,0.0,1.0,109543792.0,109555000,110655000.0,29.908,13307621000.0,165440000.0,226535000.0,2375295000.0,121.47,149504000.0
36,PNW,MRT,2012-06-30,2012-06-30,2012-06-30,2021-08-05,-150318000.0,13214407000.0,13164925500.0,947416000.0,12266991000.0,0.25,34.505,-879862000.0,11228000.0,11228000.0,2053399000.0,412405000.0,0.858,2.466,3538374000.0,166962000.0,3371412000.0,3538374000.0,0.0,487827000.0,186230000.0,0.041,2.1,806067000.0,1293894000.0,0.393,1293894000.0,806067000.0,592846000.0,3.49,3.47,3.49,3778035000.0,3809721750.0,3778035000.0,9303158073.0,12.0,7.19,268077000.0,2.448,1.0,1238541000.0,0.376,163727000.0,213221000.0,15473503000.0,15144424000.0,247399000.0,544933000.0,0.0,544933000.0,9315070000.0,1104323000.0,8210747000.0,5664362073.0,-81046000.0,45111000.0,10190000.0,-140524000.0,-220488000.0,-360585000.0,-868400000.0,-16021000.0,1147939000.0,0.0,382011000.0,382011000.0,382011000.0,-8374000.0,30394000.0,0.116,422313000.0,816228000.0,373808000.0,0.602,1.499,14.828,14.825,9953952000.0,0.0,51.74,1.721,1.721,481870000.0,1476259000.0,3291940000.0,3291940000.0,0.0,0.029,0.1,0.053,0.245,0.0,0.0,1.0,109477427.0,109491000,110359000.0,30.066,13050680000.0,158083000.0,210835000.0,2153283000.0,119.194,-156907000.0
37,PNW,MRT,2012-03-31,2012-03-31,2012-03-31,2021-08-05,-167777000.0,13183914000.0,12979843750.0,904800000.0,12279114000.0,0.248,34.263,-890939000.0,20710000.0,20710000.0,2025945000.0,376133000.0,0.781,2.489,3659506000.0,318308000.0,3341198000.0,3659506000.0,0.0,488973000.0,187811000.0,0.044,2.1,751267000.0,1240240000.0,0.386,1240240000.0,751267000.0,531315000.0,3.17,3.15,3.17,3744917000.0,3768639250.0,3744917000.0,8696187545.0,12.0,7.012,106483000.0,0.974,1.0,1187218000.0,0.369,170198000.0,219952000.0,15494613000.0,14787342750.0,240140000.0,541989000.0,0.0,541989000.0,9322485000.0,1157899000.0,8164586000.0,5233281545.0,-93483000.0,45111000.0,8403000.0,-41992000.0,-222023000.0,-266594000.0,-824311000.0,-15409000.0,997422000.0,0.0,346351000.0,346351000.0,346351000.0,-9847000.0,29782000.0,0.108,428487000.0,758731000.0,265975000.0,0.662,1.397,15.11,15.11,9889009000.0,0.0,47.9,1.629,1.629,340229000.0,1468869000.0,3213163000.0,3213163000.0,0.0,0.027,0.092,0.051,0.234,0.0,0.0,1.0,109254312.0,109299000,109299000.0,29.398,13013716000.0,219187000.0,184964000.0,2151753000.0,119.065,-253099000.0
38,PNW,MRT,2011-12-31,2011-12-31,2011-12-31,2021-08-05,-152163000.0,13111018000.0,12759587750.0,956470000.0,12154548000.0,0.254,35.046,-846254000.0,33583000.0,33583000.0,2061158000.0,366940000.0,0.712,2.402,3496489000.0,477435000.0,3019054000.0,3496489000.0,0.0,493784000.0,188981000.0,0.044,2.1,746714000.0,1240498000.0,0.383,1240498000.0,746714000.0,523077000.0,3.11,3.09,3.11,3821850000.0,3740262750.0,3821850000.0,8618589806.0,12.0,6.948,279329000.0,2.561,1.0,1180221000.0,0.364,170571000.0,223637000.0,15060648000.0,14420360500.0,226387000.0,513733000.0,0.0,513733000.0,9180432000.0,1342705000.0,7837727000.0,5260351806.0,-76605000.0,45111000.0,15841000.0,-201416000.0,-221728000.0,-420181000.0,-782007000.0,-16019000.0,1125583000.0,0.0,339473000.0,339473000.0,339473000.0,-11306000.0,27467000.0,0.105,433713000.0,746508000.0,326987000.0,0.675,1.376,15.496,15.492,9658823000.0,0.0,48.18,1.623,1.621,405674000.0,1534483000.0,3241379000.0,3241379000.0,0.0,0.027,0.091,0.052,0.23,0.0,0.0,1.0,109181233.0,109053000,109864000.0,29.723,12940447000.0,205670000.0,183604000.0,2117947000.0,118.662,-386235000.0
39,PNW,MRT,2011-09-30,2011-09-30,2011-09-30,2021-08-05,-121544000.0,13150363000.0,12580082750.0,1591235000.0,11559128000.0,0.256,35.684,-795081000.0,564712000.0,564712000.0,2070649000.0,359451000.0,0.892,2.349,3922950000.0,876363000.0,3046587000.0,3922950000.0,0.0,492152000.0,184502000.0,0.049,2.1,731976000.0,1224128000.0,0.38,1224128000.0,731976000.0,504994000.0,3.12,3.09,3.12,3894085000.0,3705632000.0,3894085000.0,8265461193.0,11.0,6.752,306382000.0,2.808,1.0,1152177000.0,0.358,176401000.0,226982000.0,14548932000.0,14240805250.0,228521000.0,488551000.0,0.0,488551000.0,9147368000.0,1783268000.0,7364100000.0,4685224193.0,368797000.0,45111000.0,15768000.0,219853000.0,-221454000.0,307000.0,-732973000.0,-17560000.0,1101463000.0,0.0,334259000.0,334259000.0,334259000.0,-13369000.0,25192000.0,0.104,428827000.0,723350000.0,281647000.0,0.673,1.203,14.017,13.763,9625438000.0,0.0,42.94,1.454,1.454,545911000.0,1579240000.0,3222826000.0,3222826000.0,0.0,0.027,0.09,0.051,0.227,0.0,0.0,1.0,109110950.0,109128000,109861000.0,29.533,12973962000.0,175933000.0,170735000.0,2223901000.0,118.888,-192033000.0
40,PNW,MRT,2011-06-30,2011-06-30,2011-06-30,2021-08-05,-142675000.0,12474080000.0,12401363750.0,1036853000.0,11437227000.0,0.259,33.14,-717571000.0,92274000.0,92274000.0,2099585000.0,335705000.0,0.566,2.424,3672511000.0,910816000.0,2761695000.0,3672511000.0,0.0,488543000.0,190817000.0,0.047,2.1,700629000.0,1189172000.0,0.37,1189172000.0,700629000.0,474486000.0,2.93,2.91,2.93,3613705000.0,3661342250.0,3613705000.0,8440823480.0,12.0,7.098,267751000.0,2.455,1.0,1115110000.0,0.347,177845000.0,226143000.0,14045178000.0,14302301750.0,221215000.0,497671000.0,0.0,497671000.0,8758470000.0,1831294000.0,6927176000.0,4859962480.0,41772000.0,0.0,15879000.0,-101629000.0,-222994000.0,-317190000.0,-626360000.0,51208000.0,985322000.0,0.0,312820000.0,312820000.0,312820000.0,-13334000.0,22885000.0,0.097,426503000.0,688607000.0,329031000.0,0.717,1.345,15.536,15.215,9478377000.0,0.0,44.58,1.512,1.512,454423000.0,1323892000.0,3214695000.0,3214695000.0,0.0,0.025,0.085,0.049,0.218,0.0,0.0,1.0,109016655.0,109044000,109718000.0,29.481,12296235000.0,181213000.0,161666000.0,2040033000.0,112.764,-794441000.0
41,PNW,MRT,2011-03-31,2011-03-31,2011-03-31,2021-08-05,-149321000.0,12302890000.0,12322393750.0,958017000.0,11344873000.0,0.261,33.367,-698432000.0,114193000.0,114193000.0,2101882000.0,361432000.0,0.572,2.361,3695054000.0,849575000.0,2845479000.0,3695054000.0,0.0,481983000.0,187599000.0,0.049,2.1,730506000.0,1212489000.0,0.377,1212489000.0,730506000.0,502968000.0,3.2,3.19,3.2,3631411000.0,3627803000.0,3631411000.0,8238807858.0,11.0,6.795,309196000.0,2.841,1.0,1115809000.0,0.347,182855000.0,227538000.0,14026684000.0,14416570250.0,181568000.0,486737000.0,0.0,486737000.0,8574119000.0,1674212000.0,6899907000.0,4654722858.0,110665000.0,100300000.0,266854000.0,-374908000.0,-220858000.0,-338696000.0,-558267000.0,48803000.0,1007628000.0,0.0,340932000.0,340932000.0,340932000.0,-38932000.0,20500000.0,0.106,422810000.0,692999000.0,215968000.0,0.656,1.282,13.653,13.372,9397434000.0,0.0,42.79,1.447,1.447,395822000.0,1351716000.0,3217691000.0,3217691000.0,0.0,0.028,0.094,0.051,0.227,0.0,0.0,1.0,108780623.0,108832000,108832000.0,29.566,12120035000.0,191982000.0,162036000.0,2013153000.0,111.365,-716195000.0
42,PNW,MRT,2010-12-31,2010-12-31,2010-12-31,2021-08-05,-159767000.0,12392998000.0,12230401000.0,1024511000.0,11368487000.0,0.261,34.562,-715620000.0,110188000.0,110188000.0,2052328000.0,370209000.0,0.707,2.34,3694273000.0,648479000.0,3045794000.0,3694273000.0,0.0,472807000.0,189967000.0,0.051,2.1,738617000.0,1211424000.0,0.38,1211424000.0,738617000.0,510922000.0,3.28,3.27,3.28,3683327000.0,3523433500.0,3683327000.0,8012007240.0,11.0,6.614,34837000.0,0.327,1.0,1136871000.0,0.356,184952000.0,227695000.0,14342427000.0,14523267000.0,202989000.0,469886000.0,0.0,469886000.0,8617772000.0,1449704000.0,7168068000.0,4506103240.0,-35190000.0,100300000.0,255971000.0,-243687000.0,-216979000.0,-209747000.0,-575900000.0,47622000.0,750457000.0,0.0,350053000.0,350053000.0,350053000.0,-25358000.0,20156000.0,0.11,421988000.0,714883000.0,236354000.0,0.64,1.223,12.873,12.637,9255911000.0,0.0,41.45,1.413,1.385,419518000.0,1423961000.0,3189199000.0,3189199000.0,0.0,0.029,0.099,0.051,0.232,0.0,0.0,1.0,108711779.0,106573000,107138000.0,29.925,12208046000.0,192483000.0,160869000.0,2034921000.0,114.551,-425193000.0
43,PNW,MRT,2010-09-30,2010-09-30,2010-09-30,2021-08-05,-173260000.0,12435487000.0,12128732500.0,1243332000.0,11192155000.0,0.261,34.216,-697431000.0,195915000.0,195915000.0,2027837000.0,332673000.0,1.285,2.316,3701819000.0,238513000.0,3463306000.0,3701819000.0,0.0,463315000.0,195703000.0,0.051,2.1,787854000.0,1251169000.0,0.396,1251169000.0,787854000.0,561684000.0,2.87,2.85,2.87,3716926000.0,3431629000.0,3716926000.0,8223050496.0,10.0,6.572,168406000.0,1.55,1.0,1132188000.0,0.358,178666000.0,226170000.0,14794918000.0,14567994750.0,196254000.0,453963000.0,0.0,453963000.0,8607258000.0,967807000.0,7639451000.0,4483656496.0,95091000.0,100300000.0,255835000.0,-262697000.0,-213058000.0,-225181000.0,-545565000.0,59938000.0,865837000.0,0.0,312544000.0,312544000.0,312544000.0,135219000.0,20129000.0,0.099,189360000.0,942828000.0,253565000.0,0.732,1.206,14.346,14.38,9347082000.0,0.0,41.27,1.419,1.419,559540000.0,1473683000.0,3160025000.0,3160025000.0,0.0,0.026,0.091,0.054,0.249,0.0,0.0,1.0,108642028.0,108632000,109094000.0,29.089,12256821000.0,221955000.0,249140000.0,2093394000.0,112.829,275525000.0
44,PNW,MRT,2010-06-30,2010-06-30,2010-06-30,2021-08-05,-169180000.0,12158200000.0,11977666500.0,1086786000.0,11071414000.0,0.262,32.412,-714189000.0,50502000.0,50502000.0,2030335000.0,284657000.0,0.886,2.462,3789896000.0,463372000.0,3326524000.0,3789896000.0,0.0,458038000.0,202293000.0,0.058,2.1,732711000.0,1190749000.0,0.38,1190749000.0,732711000.0,501847000.0,2.56,2.55,2.56,3479548000.0,3351563000.0,3479548000.0,8025333174.0,11.0,6.74,352134000.0,3.28,1.0,1102016000.0,0.352,168233000.0,230864000.0,14502252000.0,14477359250.0,201688000.0,424260000.0,0.0,424260000.0,8565197000.0,1227109000.0,7338088000.0,3943143174.0,32907000.0,100300000.0,256207000.0,-628774000.0,-209159000.0,-591967000.0,-441449000.0,20267000.0,1066323000.0,0.0,265276000.0,265276000.0,265276000.0,157001000.0,19381000.0,0.085,192055000.0,909961000.0,318141000.0,0.82,1.133,14.864,14.203,9306893000.0,0.0,36.36,1.259,1.246,440052000.0,1239865000.0,3132351000.0,3132351000.0,0.0,0.022,0.079,0.051,0.234,0.0,0.0,1.0,108447282.0,107355000,107764000.0,29.178,11989967000.0,252319000.0,236571000.0,1927302000.0,111.685,-140323000.0
45,PNW,MRT,2010-03-31,2010-03-31,2010-03-31,2021-08-05,-178250000.0,11934919000.0,11903825500.0,720611000.0,11214308000.0,0.264,31.672,-736437000.0,3528000.0,3528000.0,2073254000.0,237937000.0,0.517,2.677,4085718000.0,779242000.0,3306476000.0,4085718000.0,0.0,452986000.0,204514000.0,0.056,2.1,675053000.0,1128039000.0,0.358,1128039000.0,675053000.0,445209000.0,2.17,2.16,2.17,3213933000.0,3283377250.0,3213933000.0,7484081471.0,11.0,6.635,373359000.0,3.679,1.0,1074890000.0,0.341,169912000.0,229844000.0,14453471000.0,14516652750.0,209025000.0,433399000.0,0.0,433399000.0,8604919000.0,1393726000.0,7211193000.0,3827527471.0,-29276000.0,0.0,3331000.0,-194249000.0,-205301000.0,-405760000.0,-733312000.0,20923000.0,1109796000.0,0.0,218826000.0,218826000.0,218826000.0,191437000.0,19111000.0,0.07,194419000.0,880471000.0,219888000.0,0.968,1.191,17.491,17.387,9316001000.0,0.0,37.73,1.216,1.216,295636000.0,1238940000.0,3148144000.0,3148144000.0,0.0,0.018,0.067,0.047,0.214,0.0,0.0,1.0,101445202.0,101474000,101474000.0,31.024,11765007000.0,162521000.0,226383000.0,1786805000.0,115.941,-673115000.0
46,PNW,MRT,2009-12-31,2009-12-31,2009-12-31,2021-08-05,-131587000.0,11986324000.0,11774537250.0,928737000.0,11057587000.0,0.268,32.781,-711084000.0,145378000.0,145378000.0,2124190000.0,72764000.0,0.837,2.581,3953715000.0,457191000.0,3496524000.0,3953715000.0,0.0,450864000.0,207621000.0,0.057,2.1,434268000.0,885132000.0,0.281,885132000.0,434268000.0,206881000.0,0.68,0.67,0.68,3316109000.0,3270619500.0,3316109000.0,7414913929.0,17.0,8.377,356221000.0,3.521,1.0,1029466000.0,0.326,164380000.0,227387000.0,14521338000.0,14481363250.0,215265000.0,414576000.0,0.0,414576000.0,8558320000.0,1108943000.0,7449377000.0,3704874929.0,40133000.0,0.0,3302000.0,-106167000.0,-205076000.0,-322255000.0,-704917000.0,21579000.0,1067305000.0,0.0,68330000.0,68330000.0,68330000.0,183284000.0,4434000.0,0.022,413338000.0,616128000.0,240637000.0,3.088,1.117,54.22,53.794,9093436000.0,0.0,36.58,1.175,1.173,406733000.0,1298213000.0,3153656000.0,3153656000.0,0.0,0.006,0.021,0.03,0.138,0.0,0.0,1.0,101281436.0,101161000,101264000.0,31.175,11821944000.0,145098000.0,138551000.0,1742205000.0,116.863,-180206000.0
47,PNW,MRT,2009-09-30,2009-09-30,2009-09-30,2021-08-05,-130539000.0,11831223000.0,11682979500.0,1150823000.0,10680400000.0,0.266,33.556,-749652000.0,100824000.0,100824000.0,2037850000.0,76444000.0,1.206,2.475,3810863000.0,290929000.0,3519934000.0,3810863000.0,0.0,452617000.0,205640000.0,0.064,2.1,353265000.0,805882000.0,0.259,805882000.0,353265000.0,119881000.0,0.58,0.58,0.58,3396662000.0,3303087000.0,3396662000.0,7554420117.0,21.0,9.374,85468000.0,0.844,1.0,1072471000.0,0.345,154450000.0,233384000.0,14432376000.0,14290257750.0,227666000.0,399808000.0,0.0,399808000.0,8406060000.0,954436000.0,7451624000.0,3321402117.0,-3704000.0,0.0,-1855000.0,135087000.0,-199510000.0,-84180000.0,-754644000.0,9318000.0,835120000.0,0.0,59639000.0,59639000.0,59639000.0,66818000.0,16805000.0,0.019,623393000.0,449078000.0,208134000.0,3.621,0.978,55.692,56.586,9007257000.0,0.0,32.82,1.068,1.068,536248000.0,1381547000.0,3110321000.0,3110321000.0,0.0,0.005,0.018,0.025,0.114,0.0,0.0,1.0,101200552.0,101223000,101385000.0,30.727,11676773000.0,226387000.0,60242000.0,1861786000.0,115.357,196387000.0
48,PNW,MRT,2009-06-30,2009-06-30,2009-06-30,2021-08-05,-183903000.0,11862836000.0,11588393250.0,1184822000.0,10678014000.0,0.267,31.716,-781297000.0,17595000.0,17595000.0,2111581000.0,37007000.0,0.914,2.69,4250613000.0,721626000.0,3528987000.0,4250613000.0,0.0,445107000.0,76785000.0,0.07,2.1,273252000.0,718359000.0,0.232,718359000.0,273252000.0,51629000.0,0.24,0.24,0.24,3206805000.0,3357167750.0,3206805000.0,7117896978.0,26.0,9.909,-409644000.0,-4.052,1.0,979792000.0,0.317,140411000.0,221623000.0,14659426000.0,14056561750.0,237542000.0,363221000.0,0.0,363221000.0,8626863000.0,1296017000.0,7330846000.0,3047655978.0,-78953000.0,0.0,-168000.0,743278000.0,-201094000.0,526751000.0,-977357000.0,-21267000.0,371653000.0,0.0,24573000.0,24573000.0,24573000.0,54395000.0,12434000.0,0.008,629331000.0,350461000.0,202011000.0,8.75,0.95,124.025,125.625,8943618000.0,0.0,30.15,0.986,0.986,403168000.0,1248086000.0,3091373000.0,3091373000.0,0.0,0.002,0.007,0.019,0.088,0.0,0.0,1.0,101083117.0,101109000,101193000.0,30.575,11722425000.0,266709000.0,27056000.0,1580675000.0,115.938,-111195000.0
49,PNW,MRT,2009-03-31,2009-03-31,2009-03-31,2021-08-05,-214626000.0,11417766000.0,11517181750.0,801564000.0,10616202000.0,0.274,31.32,-811313000.0,32804000.0,32804000.0,2175364000.0,98023000.0,0.776,2.599,4103045000.0,573936000.0,3529109000.0,4103045000.0,0.0,439254000.0,78181000.0,0.079,2.1,303716000.0,742970000.0,0.235,742970000.0,303716000.0,92169000.0,0.89,0.89,0.89,3162902000.0,3492419750.0,3162902000.0,6456788090.0,21.0,8.691,-265240000.0,-2.627,1.0,981934000.0,0.311,143138000.0,211547000.0,14312313000.0,13809418000.0,229985000.0,336091000.0,0.0,336091000.0,8220498000.0,1032556000.0,7187942000.0,2682315090.0,15271000.0,0.0,1687000.0,429914000.0,-202684000.0,218272000.0,-749074000.0,73166000.0,546073000.0,0.0,90088000.0,90088000.0,90088000.0,25156000.0,7935000.0,0.029,637294000.0,344640000.0,170057000.0,2.36,0.848,29.774,29.843,8846287000.0,0.0,26.56,0.85,0.85,299295000.0,1234688000.0,3157298000.0,3157298000.0,0.0,0.008,0.026,0.022,0.096,0.0,0.0,1.0,100990779.0,100986000,100986000.0,31.265,11274628000.0,119694000.0,2081000.0,1421873000.0,111.645,-230992000.0
50,PNW,MRT,2008-12-31,2008-12-31,2008-12-31,2021-08-05,-146698000.0,11620093000.0,11462134500.0,882482000.0,10737611000.0,0.281,34.223,-875285000.0,105245000.0,105245000.0,2219818000.0,259620000.0,0.586,2.358,3879718000.0,848115000.0,3031603000.0,3879718000.0,0.0,431672000.0,210768000.0,0.065,2.1,543038000.0,974710000.0,0.303,974710000.0,543038000.0,337669000.0,2.4,2.4,2.4,3445979000.0,3587744500.0,3445979000.0,6779411909.0,12.0,6.955,-27192000.0,-0.27,1.0,999869000.0,0.311,131722000.0,205369000.0,13756916000.0,13577715750.0,253692000.0,343052000.0,0.0,343052000.0,8126725000.0,1505928000.0,6620797000.0,3239171909.0,48924000.0,0.0,3687000.0,226441000.0,-204247000.0,15990000.0,-815159000.0,73429000.0,848093000.0,0.0,242125000.0,242125000.0,242125000.0,18715000.0,17495000.0,0.075,417222000.0,582647000.0,261029000.0,0.875,0.94,13.378,13.387,8784936000.0,0.0,32.13,1.006,1.005,389388000.0,1444208000.0,3219687000.0,3219687000.0,0.0,0.021,0.067,0.04,0.169,0.0,0.0,1.0,100814563.0,100691000,100965000.0,31.976,11488371000.0,79729000.0,95544000.0,1582020000.0,114.095,-623446000.0
51,PNW,MRT,2008-09-30,2008-09-30,2008-09-30,2021-08-05,-62622000.0,11452878000.0,11347663500.0,999703000.0,10453175000.0,0.28,35.861,-874961000.0,104528000.0,104528000.0,2216134000.0,283886000.0,0.734,2.17,3644768000.0,597364000.0,3047404000.0,3644768000.0,0.0,419879000.0,79093000.0,0.061,2.1,573069000.0,992948000.0,0.313,992948000.0,573069000.0,385159000.0,2.81,2.83,2.81,3612985000.0,3609152500.0,3612985000.0,6845177144.0,12.0,6.894,89442000.0,0.888,1.0,957724000.0,0.302,134190000.0,187910000.0,13497592000.0,13460299750.0,273164000.0,359697000.0,0.0,359697000.0,7839893000.0,1361336000.0,6478557000.0,3466242144.0,60614000.0,0.0,13628000.0,83583000.0,-211178000.0,-111410000.0,-792379000.0,97952000.0,964403000.0,0.0,283886000.0,283886000.0,283886000.0,-22781000.0,0.0,0.089,450226000.0,507498000.0,307410000.0,0.747,0.959,12.21,12.246,8650504000.0,0.0,34.41,1.092,1.092,548669000.0,1535986000.0,3173858000.0,3173858000.0,0.0,0.025,0.079,0.043,0.181,0.0,0.0,1.0,100733570.0,100750000,101018000.0,31.502,11318688000.0,22847000.0,101273000.0,1574468000.0,112.344,-361633000.0
52,PNW,MRT,2008-06-30,2008-06-30,2008-06-30,2021-08-05,175085000.0,11577990000.0,11333445250.0,1035967000.0,10542023000.0,0.292,37.235,-935096000.0,96548000.0,96548000.0,2289351000.0,341008000.0,0.875,2.089,3475483000.0,389298000.0,3086185000.0,3475483000.0,0.0,414960000.0,78687000.0,0.068,2.1,646181000.0,1061141000.0,0.321,1061141000.0,646181000.0,457744000.0,3.39,3.4,3.39,3747813000.0,3598047750.0,3747813000.0,6729065518.0,10.0,6.341,111356000.0,1.106,1.0,1019653000.0,0.308,102355000.0,188437000.0,13670851000.0,13464643000.0,265095000.0,369473000.0,0.0,369473000.0,7830177000.0,1183719000.0,6646458000.0,3096500518.0,73076000.0,0.0,11721000.0,46019000.0,-210955000.0,-149339000.0,-824037000.0,131568000.0,1046452000.0,0.0,341008000.0,341008000.0,341008000.0,-29653000.0,0.0,0.103,448967000.0,570686000.0,309305000.0,0.619,0.826,9.08,9.077,8570859000.0,0.0,30.77,0.936,0.936,501148000.0,1437285000.0,3309004000.0,3309004000.0,0.0,0.03,0.095,0.048,0.195,0.0,0.0,1.0,100633751.0,100653000,100917000.0,32.875,11475635000.0,0.0,116736000.0,1586166000.0,114.012,-147752000.0
53,PNW,MRT,2008-03-31,2008-03-31,2008-03-31,2021-08-05,56440000.0,11197577000.0,11234376250.0,905528000.0,10292049000.0,0.293,35.258,-950722000.0,17533000.0,17533000.0,2288412000.0,286140000.0,0.675,2.159,3650098000.0,535519000.0,3114579000.0,3650098000.0,0.0,409838000.0,78560000.0,0.06,2.1,616032000.0,1025870000.0,0.312,1025870000.0,616032000.0,427564000.0,2.85,2.85,2.85,3544201000.0,3516897750.0,3544201000.0,7100746568.0,12.0,6.922,-261513000.0,-2.602,1.0,998981000.0,0.304,103067000.0,188468000.0,13385504000.0,13356573250.0,283662000.0,371500000.0,0.0,371500000.0,7653376000.0,1341571000.0,6311805000.0,3525508568.0,-103720000.0,0.0,19291000.0,340530000.0,-210737000.0,144542000.0,-937471000.0,37397000.0,689209000.0,0.0,286140000.0,286140000.0,286140000.0,-8355000.0,0.0,0.087,438868000.0,560113000.0,218596000.0,0.737,0.995,12.321,12.309,8440059000.0,0.0,35.08,1.072,1.073,388565000.0,1356255000.0,3287393000.0,3287393000.0,0.0,0.025,0.081,0.046,0.187,0.0,0.0,1.0,100499104.0,100521000,100521000.0,32.704,11094510000.0,0.0,141424000.0,1537656000.0,110.37,-436043000.0
54,PNW,MRT,2007-12-31,2007-12-31,2007-12-31,2021-08-05,-15863000.0,11162209000.0,11187221250.0,906929000.0,10255280000.0,0.294,35.226,-918581000.0,56321000.0,56321000.0,2266846000.0,307143000.0,0.675,2.161,3631559000.0,504434000.0,3127125000.0,3631559000.0,0.0,403896000.0,80010000.0,0.05,2.1,643913000.0,1047809000.0,0.318,1047809000.0,643913000.0,459149000.0,3.06,3.05,3.06,3531611000.0,3493078000.0,3531611000.0,7783604377.0,12.0,7.428,-260645000.0,-2.6,1.0,1027308000.0,0.312,105746000.0,184764000.0,13287252000.0,13266708250.0,276280000.0,379347000.0,0.0,379347000.0,7630598000.0,1344449000.0,6286149000.0,4257329377.0,-30889000.0,0.0,24089000.0,373422000.0,-210473000.0,184529000.0,-873354000.0,70097000.0,657936000.0,0.0,307143000.0,307143000.0,307143000.0,-6707000.0,0.0,0.093,436659000.0,590649000.0,323346000.0,0.686,1.205,13.861,13.859,8330643000.0,0.0,42.41,1.292,1.291,451225000.0,1413741000.0,3294154000.0,3294154000.0,0.0,0.027,0.088,0.049,0.195,0.0,0.0,1.0,100385036.0,100256000,100835000.0,32.857,11056463000.0,31510000.0,152006000.0,1513371000.0,110.282,-437520000.0
55,PNW,MRT,2007-09-30,2007-09-30,2007-09-30,2021-08-05,-23188000.0,11396005000.0,11260654750.0,1068972000.0,10327033000.0,0.293,35.57,-913764000.0,43914000.0,43914000.0,2272654000.0,322711000.0,0.818,2.193,3570189000.0,340839000.0,3229350000.0,3570189000.0,0.0,400078000.0,77382000.0,0.053,2.1,651571000.0,1051649000.0,0.319,1051649000.0,651571000.0,465475000.0,3.22,3.18,3.22,3568566000.0,3471704250.0,3568566000.0,7379064018.0,11.0,7.017,-326011000.0,-3.25,1.0,1026577000.0,0.311,100970000.0,186096000.0,13514965000.0,13215908250.0,177561000.0,0.0,0.0,0.0,7827439000.0,1306345000.0,6521094000.0,3963216018.0,-84308000.0,0.0,33600000.0,179020000.0,-210116000.0,14403000.0,-686464000.0,253677000.0,587753000.0,0.0,322711000.0,322711000.0,322711000.0,-15644000.0,0.0,0.098,433461000.0,593116000.0,305420000.0,0.652,1.111,12.281,12.27,8195339000.0,0.0,39.51,1.201,1.201,630783000.0,1463531000.0,3299231000.0,3299231000.0,0.0,0.029,0.093,0.049,0.197,0.0,0.0,1.0,100309188.0,100324000,100829000.0,32.886,11295035000.0,20165000.0,142764000.0,1589523000.0,112.586,-237373000.0
56,PNW,MRT,2007-06-30,2007-06-30,2007-06-30,2021-08-05,-8053000.0,11181714000.0,11225953250.0,993522000.0,10188192000.0,0.282,34.154,-811768000.0,23472000.0,23472000.0,2182120000.0,298170000.0,0.782,2.266,3439320000.0,206659000.0,3232661000.0,3439320000.0,0.0,396188000.0,74763000.0,0.052,2.075,631060000.0,1027248000.0,0.324,1027248000.0,631060000.0,447715000.0,2.99,2.95,2.99,3423213000.0,3428330750.0,3423213000.0,7192690683.0,11.0,7.002,-184171000.0,-1.838,1.0,988319000.0,0.312,89228000.0,183345000.0,13238572000.0,13044159500.0,171270000.0,0.0,0.0,0.0,7758501000.0,1269762000.0,6488739000.0,3994467683.0,7864000.0,0.0,48568000.0,347765000.0,-207103000.0,203545000.0,-823278000.0,18879000.0,627597000.0,0.0,298170000.0,298170000.0,298170000.0,-8642000.0,0.0,0.094,420434000.0,567885000.0,338725000.0,0.694,1.167,13.397,13.328,8028726000.0,0.0,39.85,1.26,1.26,498943000.0,1307485000.0,3170439000.0,3170439000.0,0.0,0.027,0.087,0.048,0.199,0.0,0.0,1.0,100237583.0,100229000,100779000.0,31.632,11092486000.0,20600000.0,149545000.0,1562255000.0,110.671,-276240000.0
57,PNW,MRT,2007-03-31,2007-03-31,2007-03-31,2021-08-05,47496000.0,11008957000.0,11092949500.0,971102000.0,10037855000.0,0.291,34.474,-776495000.0,121253000.0,121253000.0,2215370000.0,331330000.0,0.89,2.192,3319476000.0,132478000.0,3186998000.0,3319476000.0,0.0,390164000.0,72382000.0,0.042,2.05,667087000.0,1057251000.0,0.327,1057251000.0,667087000.0,489433000.0,3.33,3.29,3.33,3448922000.0,3393759750.0,3448922000.0,8008328555.0,12.0,7.575,-171469000.0,-1.714,1.0,1017195000.0,0.315,90251000.0,177654000.0,13026044000.0,12771808250.0,162213000.0,0.0,0.0,0.0,7560035000.0,1090885000.0,6469150000.0,4825559555.0,-193602000.0,0.0,42096000.0,121744000.0,-204107000.0,-14197000.0,-784431000.0,18880000.0,605026000.0,0.0,331330000.0,331330000.0,331330000.0,-10196000.0,0.0,0.102,419428000.0,597767000.0,226649000.0,0.616,1.399,14.564,14.489,7896078000.0,0.0,48.25,1.493,1.493,366302000.0,1281106000.0,3232565000.0,3232565000.0,0.0,0.03,0.098,0.052,0.206,0.0,0.0,1.0,100011597.0,100045000,100622000.0,32.311,10918706000.0,0.0,158103000.0,1560819000.0,109.138,-119783000.0
58,PNW,MRT,2006-12-31,2006-12-31,2006-12-31,2021-08-05,12268000.0,11455943000.0,11029742250.0,1474662000.0,9981281000.0,0.291,34.663,-737779000.0,87210000.0,87210000.0,2203340000.0,327255000.0,1.011,2.324,3269979000.0,37346000.0,3232633000.0,3269979000.0,0.0,386760000.0,70168000.0,0.04,2.025,658947000.0,1045707000.0,0.326,1045707000.0,658947000.0,483110000.0,3.29,3.27,3.29,3446116000.0,3334212000.0,3446116000.0,8313327452.0,13.0,7.95,-344277000.0,-3.463,1.0,1004414000.0,0.313,96100000.0,175837000.0,13084052000.0,12470606500.0,189621000.0,32700000.0,32700000.0,0.0,8009827000.0,1458560000.0,6551267000.0,5061286452.0,-66793000.0,207620000.0,39548000.0,239683000.0,-201220000.0,108438000.0,-568733000.0,-13821000.0,393502000.0,0.0,327255000.0,327255000.0,327255000.0,-10990000.0,0.0,0.102,414797000.0,589617000.0,346047000.0,0.616,1.469,15.466,15.407,7785828000.0,0.0,50.69,1.578,1.571,496031000.0,1319747000.0,3207754000.0,3207754000.0,0.0,0.03,0.098,0.053,0.205,0.0,0.0,1.0,99847829.0,99417000,100010000.0,32.266,11359843000.0,982000.0,155855000.0,1489733000.0,114.265,16102000.0
59,PNW,MRT,2006-09-30,2006-09-30,2006-09-30,2021-08-05,-53077000.0,11257199000.0,10996417750.0,1761816000.0,9495383000.0,0.306,34.124,-696628000.0,128222000.0,128222000.0,2338388000.0,330123000.0,1.048,2.316,3380263000.0,142840000.0,3237423000.0,3380263000.0,0.0,377479000.0,69088000.0,0.044,2.0,667825000.0,1045304000.0,0.311,1045304000.0,667825000.0,498052000.0,3.32,3.29,3.32,3395072000.0,3328924000.0,3395072000.0,7541145718.0,11.0,7.214,-570118000.0,-5.73,1.0,1024960000.0,0.305,0.0,169773000.0,12827970000.0,12153275500.0,138546000.0,203317000.0,203317000.0,0.0,7862127000.0,1681270000.0,6180857000.0,4481468718.0,-743031000.0,207620000.0,32200000.0,-43167000.0,-198319000.0,-208554000.0,-660987000.0,-153122000.0,126510000.0,0.0,330123000.0,330123000.0,330123000.0,263000.0,0.0,0.098,411153000.0,613807000.0,315027000.0,0.602,1.32,13.575,13.569,7807302000.0,0.0,45.05,1.332,1.333,570571000.0,1353613000.0,3363348000.0,3363348000.0,0.0,0.03,0.099,0.055,0.199,0.0,0.0,1.0,99477663.0,99491000,99973000.0,33.806,11257199000.0,0.0,167929000.0,1602793000.0,113.148,80546000.0
60,PNW,MRT,2006-06-30,2006-06-30,2006-06-30,2021-08-05,-13044000.0,10649699000.0,11199161750.0,1233653000.0,9416046000.0,0.29,33.107,-879493000.0,15608000.0,15608000.0,2219623000.0,249693000.0,0.791,2.242,3075285000.0,259620000.0,2815665000.0,3075285000.0,0.0,384854000.0,66952000.0,0.049,1.975,527376000.0,912230000.0,0.281,912230000.0,527376000.0,359091000.0,2.54,2.52,2.54,3284929000.0,3365282750.0,3284929000.0,6820994043.0,13.0,7.477,-427118000.0,-4.305,1.0,1022866000.0,0.315,0.0,168285000.0,12149167000.0,11882094500.0,138101000.0,0.0,0.0,0.0,7364770000.0,1560209000.0,5804561000.0,3958964043.0,-284795000.0,392666000.0,36009000.0,-434444000.0,-195540000.0,-626810000.0,-110360000.0,391741000.0,452375000.0,0.0,249693000.0,249693000.0,249693000.0,-18792000.0,0.0,0.077,557791000.0,465075000.0,293386000.0,0.778,1.205,15.855,15.713,7745239000.0,0.0,39.91,1.221,1.221,505218000.0,1219094000.0,3242489000.0,3242489000.0,0.0,0.022,0.074,0.044,0.163,0.0,0.0,1.0,99197295.0,99221000,99675000.0,32.679,10649699000.0,0.0,109398000.0,1561213000.0,107.333,-326556000.0
61,PNW,MRT,2006-03-31,2006-03-31,2006-03-31,2021-08-05,29498000.0,10756128000.0,11219988250.0,1409761000.0,9346367000.0,0.274,32.394,-866694000.0,314855000.0,314855000.0,2057150000.0,164274000.0,0.785,2.35,3176885000.0,394658000.0,2782227000.0,3176885000.0,0.0,377120000.0,64242000.0,0.05,1.95,453284000.0,830404000.0,0.27,830404000.0,453284000.0,279389000.0,1.69,1.68,1.69,3210731000.0,3357157500.0,3210731000.0,6732501309.0,15.0,8.108,-295691000.0,-2.983,1.0,1015653000.0,0.331,0.0,173895000.0,11821237000.0,11851966250.0,134495000.0,0.0,0.0,0.0,7545397000.0,1796921000.0,5748476000.0,3877429309.0,142739000.0,207620000.0,290584000.0,30143000.0,-192619000.0,89904000.0,-518168000.0,162004000.0,571003000.0,0.0,164274000.0,164274000.0,164274000.0,40885000.0,0.0,0.053,560974000.0,454679000.0,259149000.0,1.154,1.208,23.603,23.136,7645298000.0,0.0,39.1,1.262,1.261,375134000.0,1106971000.0,3072803000.0,3072803000.0,0.0,0.015,0.049,0.038,0.148,0.0,0.0,1.0,99166990.0,99115000,99449000.0,31.002,10756128000.0,0.0,115115000.0,1561334000.0,108.522,-387160000.0
62,PNW,MRT,2005-12-31,2005-12-31,2005-12-31,2021-08-05,165120000.0,11322645000.0,11035259750.0,1891392000.0,9431253000.0,0.271,35.498,-818578000.0,154003000.0,154003000.0,1934465000.0,176267000.0,0.832,2.306,3009075000.0,400620000.0,2608455000.0,3009075000.0,0.0,381604000.0,60509000.0,0.047,1.925,476228000.0,857832000.0,0.287,857832000.0,476228000.0,303159000.0,1.83,1.82,1.83,3424964000.0,3302735250.0,3424964000.0,6651249502.0,14.0,7.754,-88282000.0,-0.915,1.0,1053490000.0,0.353,90916000.0,173069000.0,11814728000.0,11750444000.0,133394000.0,0.0,0.0,0.0,7897681000.0,2272073000.0,5625608000.0,4093671502.0,-9363000.0,0.0,298168000.0,-245632000.0,-186677000.0,-154567000.0,-585092000.0,245504000.0,730296000.0,0.0,176267000.0,176267000.0,176267000.0,46896000.0,0.0,0.059,564917000.0,488573000.0,377107000.0,1.052,1.195,23.224,22.596,7486167000.0,0.0,41.35,1.37,1.335,497702000.0,1193712000.0,2987955000.0,2987955000.0,0.0,0.016,0.053,0.041,0.159,0.0,0.0,1.0,99000520.0,96484000,96590000.0,30.968,11231729000.0,0.0,126892000.0,1609198000.0,116.41,-380681000.0
63,PNW,MRT,2005-09-30,2005-09-30,2005-09-30,2021-08-05,261710000.0,12068175000.0,10678785250.0,2892951000.0,9175224000.0,0.282,37.018,-844916000.0,871253000.0,871253000.0,1924928000.0,188649000.0,1.004,2.409,3428831000.0,859382000.0,2569449000.0,3428831000.0,0.0,397571000.0,59173000.0,0.043,1.9,496731000.0,894302000.0,0.297,894302000.0,496731000.0,318975000.0,1.99,2.0,1.99,3540507000.0,3184043250.0,3540507000.0,7571034709.0,15.0,8.466,260468000.0,2.723,1.0,1081268000.0,0.36,0.0,177756000.0,11743246000.0,11641928250.0,131885000.0,68721000.0,68721000.0,0.0,8527668000.0,2882507000.0,5645161000.0,4353378709.0,744344000.0,0.0,308833000.0,137512000.0,-180721000.0,255526000.0,-616566000.0,235423000.0,1105384000.0,0.0,188649000.0,188649000.0,188649000.0,48147000.0,0.0,0.063,567437000.0,513831000.0,381331000.0,0.955,1.23,23.077,22.151,7484148000.0,0.0,44.08,1.448,1.402,579952000.0,1221808000.0,3006196000.0,3006196000.0,0.0,0.018,0.059,0.043,0.165,0.0,0.0,1.0,98760860.0,95642000,95755000.0,31.432,12068175000.0,0.0,130326000.0,1750935000.0,126.181,10444000.0
64,PNW,MRT,2005-06-30,2005-06-30,2005-06-30,2021-08-05,50219000.0,10733005000.0,10153636250.0,1851890000.0,8881115000.0,0.285,33.812,-577151000.0,300403000.0,300403000.0,1908572000.0,190312000.0,0.964,2.3,3518059000.0,745601000.0,2772458000.0,3518059000.0,0.0,412029000.0,57480000.0,0.042,1.875,516004000.0,928033000.0,0.32,928033000.0,516004000.0,339516000.0,2.07,2.08,2.07,3252428000.0,3043104750.0,3252428000.0,7356960456.0,14.0,7.927,211467000.0,2.198,1.0,989206000.0,0.341,0.0,176488000.0,12028654000.0,11556248750.0,132226000.0,329719000.0,329719000.0,0.0,7480577000.0,1922007000.0,5558570000.0,4371659456.0,128387000.0,-164356000.0,289360000.0,193687000.0,-174944000.0,332301000.0,-992532000.0,-249427000.0,788618000.0,0.0,190312000.0,190312000.0,190312000.0,66119000.0,0.0,0.066,429128000.0,560078000.0,264252000.0,0.906,1.344,22.971,21.473,7551428000.0,0.0,44.45,1.509,1.476,461307000.0,1164941000.0,2897778000.0,2897778000.0,0.0,0.019,0.063,0.045,0.178,0.0,0.0,1.0,98350044.0,96192000,96299000.0,30.125,10733005000.0,0.0,149204000.0,1563350000.0,111.579,-70117000.0
65,PNW,MRT,2005-03-31,2005-03-31,2005-03-31,2021-08-05,70874000.0,10017214000.0,9905879500.0,1135742000.0,8881472000.0,0.288,32.547,-541971000.0,172116000.0,172116000.0,1907770000.0,236217000.0,0.715,2.347,3157417000.0,581057000.0,2576360000.0,3157417000.0,0.0,430101000.0,56693000.0,0.044,1.85,544796000.0,974897000.0,0.342,974897000.0,544796000.0,375461000.0,2.59,2.59,2.59,2993042000.0,2953637750.0,2993042000.0,7024175780.0,13.0,7.205,246043000.0,2.675,1.0,940249000.0,0.33,0.0,169335000.0,11415148000.0,11477236500.0,131812000.0,100000000.0,100000000.0,0.0,7024172000.0,1587367000.0,5436805000.0,3914361780.0,151398000.0,114068000.0,30940000.0,24100000.0,-169358000.0,-86152000.0,-550464000.0,-114305000.0,788014000.0,0.0,236217000.0,236217000.0,236217000.0,9181000.0,0.0,0.083,435361000.0,504888000.0,194540000.0,0.714,1.308,16.571,16.413,7561527000.0,0.0,42.51,1.374,1.373,339062000.0,1141153000.0,2848019000.0,2848019000.0,0.0,0.024,0.08,0.047,0.191,0.0,0.0,1.0,92080964.0,91962000,92045000.0,30.97,10017214000.0,0.0,139244000.0,1569912000.0,108.928,-451625000.0
66,PNW,MRT,2004-12-31,2004-12-31,2004-12-31,2021-08-05,-22545000.0,9896747000.0,9745424000.0,1137130000.0,8759617000.0,0.29,32.279,-538842000.0,163366000.0,163366000.0,1885336000.0,243195000.0,0.699,2.355,3273180000.0,688195000.0,2584985000.0,3273180000.0,0.0,432161000.0,55558000.0,0.041,1.825,551404000.0,983565000.0,0.348,983565000.0,551404000.0,379337000.0,2.66,2.66,2.66,2950196000.0,2917976250.0,2950196000.0,6986915246.0,13.0,7.104,312050000.0,3.414,1.0,943670000.0,0.334,0.0,172067000.0,11380665000.0,11415809500.0,121845000.0,181175000.0,181175000.0,0.0,6946551000.0,1625896000.0,5320655000.0,4066722246.0,26437000.0,114068000.0,18291000.0,-140738000.0,-166772000.0,-279529000.0,-544926000.0,-100769000.0,850892000.0,0.0,243195000.0,243195000.0,243195000.0,3395000.0,0.0,0.086,447045000.0,496625000.0,373526000.0,0.686,1.378,16.722,16.695,7535487000.0,0.0,44.41,1.438,1.435,456194000.0,1204122000.0,2829006000.0,2829006000.0,0.0,0.025,0.083,0.048,0.195,0.0,0.0,1.0,91572219.0,91397000,91532000.0,30.953,9896747000.0,0.0,136142000.0,1482221000.0,108.283,-488766000.0
67,PNW,MRT,2004-09-30,2004-09-30,2004-09-30,2021-08-05,9538000.0,9967579000.0,9650997750.0,1258767000.0,8708812000.0,0.291,32.584,-520896000.0,373064000.0,373064000.0,1898439000.0,258557000.0,0.846,2.348,3293257000.0,661195000.0,2632062000.0,3293257000.0,0.0,472483000.0,54696000.0,0.043,1.8,556933000.0,1029416000.0,0.366,1029416000.0,556933000.0,382475000.0,2.82,2.82,2.82,2976753000.0,2887872000.0,2976753000.0,6847633776.0,12.0,6.652,397026000.0,4.346,1.0,912511000.0,0.325,0.0,174458000.0,11400528000.0,11411391250.0,121835000.0,0.0,0.0,0.0,6990826000.0,1487244000.0,5503582000.0,3789700776.0,-72992000.0,89970000.0,0.0,-134039000.0,-164356000.0,-282472000.0,-708442000.0,-257600000.0,917922000.0,0.0,258557000.0,258557000.0,258557000.0,-7687000.0,0.0,0.092,441475000.0,471036000.0,315319000.0,0.638,1.273,14.657,14.716,7459790000.0,0.0,41.5,1.348,1.349,544420000.0,1213880000.0,2810950000.0,2810950000.0,0.0,0.027,0.09,0.049,0.198,0.0,0.0,1.0,91318091.0,91357000,91491000.0,30.769,9967579000.0,0.0,123918000.0,1574286000.0,109.106,-228477000.0
68,PNW,MRT,2004-06-30,2004-06-30,2004-06-30,2021-08-05,1571000.0,9741978000.0,9437319500.0,1062220000.0,8679758000.0,0.296,31.699,-587166000.0,271816000.0,271816000.0,1881764000.0,263205000.0,0.977,2.366,3329749000.0,396013000.0,2933736000.0,3329749000.0,0.0,460171000.0,52850000.0,0.044,1.775,559826000.0,1019997000.0,0.365,1019997000.0,559826000.0,377901000.0,2.88,2.87,2.88,2894560000.0,2844527750.0,2894560000.0,6809806280.0,12.0,6.676,403445000.0,4.418,1.0,913023000.0,0.327,0.0,181925000.0,11712605000.0,11300216500.0,121706000.0,0.0,0.0,0.0,6847418000.0,1087306000.0,5760112000.0,3689997280.0,77832000.0,66250000.0,0.0,-145575000.0,-162053000.0,-296111000.0,-616668000.0,-111245000.0,990611000.0,0.0,263205000.0,263205000.0,263205000.0,-8004000.0,0.0,0.094,454679000.0,458344000.0,278006000.0,0.616,1.275,14.019,14.024,7452276000.0,0.0,40.39,1.32,1.32,456232000.0,1147034000.0,2794787000.0,2794787000.0,0.0,0.028,0.093,0.05,0.2,0.0,0.0,1.0,91359180.0,91315000,91400000.0,30.606,9741978000.0,0.0,114696000.0,1477803000.0,106.685,-25086000.0
69,PNW,MRT,2004-03-31,2004-03-31,2004-03-31,2021-08-05,-10213000.0,9375392000.0,9269284000.0,738364000.0,8637028000.0,0.299,31.222,-608273000.0,19194000.0,19194000.0,1830170000.0,246707000.0,0.557,2.289,3139003000.0,676165000.0,2462838000.0,3139003000.0,0.0,463118000.0,50473000.0,0.044,1.75,534054000.0,997172000.0,0.36,997172000.0,534054000.0,351623000.0,2.7,2.69,2.7,2850396000.0,2805194750.0,2850396000.0,6773078617.0,13.0,6.792,337544000.0,3.697,1.0,942336000.0,0.34,0.0,182431000.0,11169440000.0,11208134500.0,120798000.0,0.0,0.0,0.0,6524996000.0,1325761000.0,5199235000.0,3592571617.0,-46571000.0,-25150000.0,0.0,-241696000.0,-159714000.0,-392030000.0,-600358000.0,-11445000.0,945817000.0,0.0,246707000.0,246707000.0,246707000.0,-10685000.0,0.0,0.089,476463000.0,465873000.0,237522000.0,0.648,1.26,14.562,14.574,7496976000.0,0.0,39.35,1.296,1.296,373419000.0,1116776000.0,2772506000.0,2772506000.0,0.0,0.027,0.088,0.048,0.193,0.0,0.0,1.0,91297881.0,91294000,91376000.0,30.369,9375392000.0,0.0,104916000.0,1461220000.0,102.695,-587397000.0
70,PNW,MRT,2003-12-31,2003-12-31,2003-12-31,2021-08-05,-39001000.0,9519042000.0,9114166250.0,974794000.0,8544248000.0,0.303,31.006,-666475000.0,131062000.0,131062000.0,1827158000.0,240579000.0,0.68,2.364,3407580000.0,790995000.0,2616585000.0,3407580000.0,0.0,466900000.0,49783000.0,0.043,1.725,517676000.0,984576000.0,0.357,984576000.0,517676000.0,342781000.0,2.64,2.63,2.64,2829779000.0,2764022250.0,2829779000.0,6830973662.0,13.0,6.938,235548000.0,2.581,1.0,931646000.0,0.338,0.0,174895000.0,11362992000.0,11081739500.0,124466000.0,91850000.0,91850000.0,0.0,6689263000.0,1432568000.0,5256695000.0,3652828662.0,59363000.0,0.0,0.0,115385000.0,-157417000.0,-33851000.0,-808809000.0,-103295000.0,902023000.0,0.0,240579000.0,240579000.0,240579000.0,-15195000.0,0.0,0.087,478968000.0,452678000.0,283021000.0,0.653,1.291,15.183,15.159,7474686000.0,0.0,40.02,1.324,1.324,434072000.0,1127699000.0,2758804000.0,2758804000.0,0.0,0.026,0.087,0.047,0.188,0.0,0.0,1.0,91275079.0,91265000,91405000.0,30.228,9519042000.0,0.0,102202000.0,1408927000.0,104.301,-457774000.0
71,PNW,MRT,2003-09-30,2003-09-30,2003-09-30,2021-08-05,-55576000.0,9112866000.0,9019195000.0,1040335000.0,8072531000.0,0.275,30.715,-706232000.0,201746000.0,201746000.0,1574776000.0,110858000.0,0.779,2.251,3379891000.0,538991000.0,2840900000.0,3379891000.0,0.0,433382000.0,50338000.0,0.048,1.7,379028000.0,812410000.0,0.328,812410000.0,379028000.0,210310000.0,1.16,1.14,1.16,2803376000.0,2728115750.0,2803376000.0,6580465446.0,17.0,8.1,241961000.0,2.651,1.0,904578000.0,0.365,0.0,168718000.0,10955829000.0,11011193250.0,122967000.0,0.0,0.0,0.0,6309490000.0,1335182000.0,4974308000.0,3240135446.0,171937000.0,790000.0,199238000.0,-88890000.0,-152340000.0,-35981000.0,-740275000.0,0.0,948193000.0,0.0,110858000.0,110858000.0,110858000.0,13624000.0,0.0,0.045,475924000.0,428654000.0,322417000.0,1.466,1.156,29.228,30.603,6971467000.0,0.0,35.5,1.307,1.307,528289000.0,1119678000.0,2479354000.0,2479354000.0,0.0,0.012,0.041,0.034,0.153,0.0,0.0,1.0,91271421.0,91271000,91467000.0,27.165,9112866000.0,4094000.0,99452000.0,1426622000.0,99.844,-294847000.0
72,PNW,MRT,2003-06-30,2003-06-30,2003-06-30,2021-08-05,-47494000.0,9069836000.0,8867997500.0,998647000.0,8071189000.0,0.284,29.994,-789787000.0,94184000.0,94184000.0,1572651000.0,101726000.0,0.937,2.314,3434514000.0,301421000.0,3133093000.0,3434514000.0,0.0,433331000.0,47651000.0,0.045,1.675,374350000.0,807681000.0,0.321,807681000.0,374350000.0,217068000.0,1.14,1.13,1.14,2737228000.0,2692904250.0,2737228000.0,6688090004.0,18.0,8.281,187942000.0,2.059,1.0,947091000.0,0.376,0.0,157282000.0,11344277000.0,10954266750.0,124295000.0,0.0,0.0,0.0,6332608000.0,1065889000.0,5266719000.0,3417469004.0,81194000.0,6708000.0,199238000.0,-101908000.0,-147461000.0,-45708000.0,-850827000.0,0.0,977729000.0,0.0,101726000.0,101726000.0,101726000.0,14809000.0,0.0,0.04,508229000.0,438862000.0,309714000.0,1.469,1.249,33.595,32.851,6914285000.0,0.0,37.45,1.356,1.356,456071000.0,1048420000.0,2519742000.0,2519742000.0,0.0,0.011,0.038,0.034,0.149,0.0,0.0,1.0,91254179.0,91258000,91450000.0,27.611,9069836000.0,4094000.0,115342000.0,1352157000.0,99.387,-67242000.0
73,PNW,MRT,2003-03-31,2003-03-31,2003-03-31,2021-08-05,-79798000.0,8754921000.0,8661345750.0,875874000.0,7879047000.0,0.281,29.43,-854388000.0,67289000.0,67289000.0,1485646000.0,120949000.0,0.643,2.26,3337910000.0,693461000.0,2644449000.0,3337910000.0,0.0,428041000.0,45893000.0,0.05,1.65,396435000.0,824476000.0,0.339,824476000.0,396435000.0,246183000.0,1.41,1.41,1.41,2685706000.0,2656181250.0,2685706000.0,6224663438.0,16.0,7.55,52550000.0,0.576,1.0,944310000.0,0.389,0.0,150252000.0,10663860000.0,10821356750.0,124028000.0,0.0,0.0,0.0,6069215000.0,1361682000.0,4707533000.0,3037469438.0,46846000.0,25150000.0,199238000.0,-118636000.0,-142616000.0,-60253000.0,-799839000.0,0.0,906938000.0,0.0,120949000.0,120949000.0,120949000.0,9500000.0,0.0,0.05,489961000.0,454349000.0,300849000.0,1.17,1.131,25.114,23.574,6829504000.0,0.0,33.24,1.25,1.248,397462000.0,1031051000.0,2429956000.0,2429956000.0,0.0,0.014,0.046,0.037,0.163,0.0,0.0,1.0,91379947.0,91256000,91359000.0,26.628,8754921000.0,4094000.0,125234000.0,1317966000.0,95.938,-485808000.0
74,PNW,MRT,2002-12-31,2002-12-31,2002-12-31,2021-08-05,-91284000.0,9139157000.0,8514726500.0,860372000.0,8278785000.0,0.282,31.638,-899987000.0,77566000.0,77566000.0,1410313000.0,149408000.0,0.698,2.402,3252312000.0,508571000.0,2743741000.0,3252312000.0,0.0,422299000.0,42190000.0,0.048,1.625,444843000.0,867142000.0,0.361,867142000.0,444843000.0,301553000.0,1.76,1.76,1.76,2686153000.0,2622110750.0,2686153000.0,6318380802.0,14.0,7.286,-38662000.0,-0.455,1.0,994937000.0,0.414,0.0,143290000.0,11080807000.0,10885746750.0,119837000.0,0.0,0.0,0.0,6453004000.0,1233096000.0,5219908000.0,2889310802.0,48947000.0,0.0,199238000.0,13924000.0,-137721000.0,78065000.0,-890443000.0,0.0,861325000.0,0.0,149408000.0,149408000.0,149408000.0,21410000.0,0.0,0.062,477849000.0,517088000.0,332441000.0,0.923,1.076,19.338,19.369,7079829000.0,0.0,34.09,1.201,1.203,447484000.0,1044537000.0,2405250000.0,2405250000.0,0.0,0.018,0.057,0.041,0.185,0.0,0.0,1.0,84755377.0,84903000,84964000.0,28.329,9139157000.0,4094000.0,152145000.0,1280181000.0,107.642,-372724000.0
75,PNW,MRT,2002-09-30,2002-09-30,2002-09-30,2021-08-05,-32652000.0,8508076000.0,8214787000.0,846722000.0,7661354000.0,0.21,31.41,-1052601000.0,28099000.0,28099000.0,674181000.0,265844000.0,0.7,2.195,3457169000.0,578114000.0,2879055000.0,3457169000.0,0.0,419175000.0,54659000.0,0.058,1.6,572418000.0,991593000.0,0.574,991593000.0,572418000.0,436401000.0,3.13,3.14,3.13,2662530000.0,2575403250.0,2662530000.0,5839377335.0,10.0,5.889,-390593000.0,-4.608,1.0,1052313000.0,0.61,0.0,136017000.0,10728123000.0,10623108500.0,111500000.0,0.0,0.0,0.0,5845546000.0,1209023000.0,4636523000.0,2353395335.0,2627000.0,23308000.0,0.0,481506000.0,-135585000.0,353665000.0,-1013046000.0,0.0,662008000.0,0.0,265844000.0,265844000.0,265844000.0,-7271000.0,0.0,0.154,473353000.0,578960000.0,271297000.0,0.511,0.884,8.853,8.869,6427213000.0,0.0,27.76,1.363,1.363,562475000.0,1161157000.0,1726494000.0,1726494000.0,0.0,0.032,0.103,0.054,0.332,0.0,0.0,1.0,84776489.0,84768000,84797000.0,20.367,8508076000.0,0.0,170557000.0,1327789000.0,100.369,-362301000.0
76,PNW,MRT,2002-06-30,2002-06-30,2002-06-30,2021-08-05,-36462000.0,8243229000.0,8178483500.0,723796000.0,7519433000.0,0.183,30.549,-1082592000.0,13859000.0,13859000.0,386067000.0,314981000.0,0.79,2.182,3499841000.0,375610000.0,3124231000.0,3499841000.0,0.0,418435000.0,35682000.0,0.04,1.575,651641000.0,1070076000.0,0.716,1070076000.0,651641000.0,523783000.0,3.71,3.71,3.71,2590336000.0,2532601000.0,2590336000.0,6753233954.0,10.0,6.311,-593524000.0,-7.0,1.0,1109420000.0,0.742,0.0,127858000.0,10812637000.0,10348443250.0,113405000.0,0.0,0.0,0.0,5652893000.0,916574000.0,4736319000.0,3349865954.0,-100000.0,20420000.0,0.0,684165000.0,-133442000.0,555626000.0,-1044794000.0,0.0,489068000.0,0.0,314981000.0,314981000.0,314981000.0,-7068000.0,0.0,0.211,434414000.0,675006000.0,164293000.0,0.425,1.293,10.635,10.647,6225301000.0,0.0,39.5,2.24,2.24,457768000.0,1094157000.0,1495487000.0,1495487000.0,0.0,0.039,0.124,0.063,0.436,0.0,0.0,1.0,84806733.0,84794000,84926000.0,17.637,8243229000.0,0.0,208802000.0,1227057000.0,97.215,-192778000.0
77,PNW,MRT,2002-03-31,2002-03-31,2002-03-31,2021-08-05,-36749000.0,8168444000.0,8004542750.0,768667000.0,7399777000.0,0.274,30.087,-1085573000.0,20443000.0,20443000.0,1100632000.0,306473000.0,1.182,2.204,3423811000.0,159185000.0,3264626000.0,3423811000.0,0.0,422778000.0,32014000.0,0.034,1.55,640405000.0,1063183000.0,0.484,1063183000.0,640405000.0,514107000.0,3.61,3.61,3.61,2549424000.0,2482315250.0,2549424000.0,7020712381.0,11.0,6.603,-567918000.0,-6.702,1.0,1095151000.0,0.499,0.0,126298000.0,10921420000.0,9896681750.0,107762000.0,0.0,0.0,0.0,5619020000.0,650392000.0,4968628000.0,3844351381.0,-111440000.0,0.0,0.0,614952000.0,-131302000.0,486958000.0,-1116053000.0,0.0,517655000.0,0.0,306473000.0,306473000.0,306473000.0,-506000.0,0.0,0.14,441544000.0,653607000.0,151583000.0,0.429,1.508,12.544,12.562,6055077000.0,0.0,45.35,1.751,1.75,377134000.0,1052719000.0,2195783000.0,2195783000.0,0.0,0.038,0.123,0.065,0.292,0.0,0.0,1.0,84770703.0,84735000,84884000.0,25.914,8168444000.0,0.0,207634000.0,1214378000.0,96.4,118275000.0
78,PNW,MRT,2001-12-31,2001-12-31,2001-12-31,2021-08-05,-64565000.0,7939399000.0,7861414250.0,727405000.0,7211994000.0,0.335,29.502,-1055574000.0,28619000.0,28619000.0,1520467000.0,312166000.0,0.67,2.177,3204980000.0,531902000.0,2673078000.0,3204980000.0,0.0,427903000.0,30232000.0,0.036,1.525,653661000.0,1081564000.0,0.41,1081564000.0,653661000.0,525701000.0,3.68,3.68,3.68,2499323000.0,2456425000.0,2499323000.0,6466312997.0,10.0,5.979,-484531000.0,-5.719,1.0,1114301000.0,0.423,0.0,127960000.0,10030254000.0,9361887250.0,108238000.0,0.0,0.0,0.0,5440076000.0,1085506000.0,4354570000.0,3542306997.0,18256000.0,0.0,0.0,697377000.0,-129199000.0,567130000.0,-1119917000.0,0.0,571043000.0,0.0,312166000.0,312166000.0,312166000.0,0.0,0.0,0.118,438278000.0,676023000.0,269124000.0,0.414,1.417,11.348,11.372,5881537000.0,0.0,41.85,1.344,1.346,443372000.0,1032850000.0,2634768000.0,2634768000.0,0.0,0.04,0.127,0.07,0.248,0.0,0.0,1.0,84642939.0,84718000,84930000.0,31.1,7939399000.0,0.0,213535000.0,1164966000.0,93.716,-358101000.0
79,PNW,MRT,2001-09-30,2001-09-30,2001-09-30,2021-08-05,-66609000.0,8362862000.0,7667310750.0,1178269000.0,7184593000.0,0.41,29.406,-952167000.0,25337000.0,25337000.0,2012431000.0,318672000.0,0.711,2.357,2949343000.0,599666000.0,2349677000.0,2949343000.0,0.0,424678000.0,29468000.0,0.038,1.5,633056000.0,1057734000.0,0.337,1057734000.0,633056000.0,507669000.0,3.76,3.75,3.76,2491321000.0,2427272750.0,2491321000.0,6157148000.0,10.0,5.821,-352967000.0,-4.166,1.0,1128094000.0,0.359,0.0,125387000.0,9629462000.0,8969986500.0,106137000.0,0.0,0.0,0.0,5871541000.0,1657406000.0,4214135000.0,3363437000.0,-62345000.0,0.0,0.0,588465000.0,-127111000.0,451887000.0,-1113432000.0,0.0,599200000.0,0.0,318672000.0,318672000.0,318672000.0,0.0,0.0,0.101,481381000.0,646713000.0,412226000.0,0.399,1.35,10.555,10.559,5620584000.0,0.0,39.7,1.071,1.071,728745000.0,1030904000.0,3140525000.0,3140525000.0,0.0,0.042,0.131,0.071,0.202,0.0,0.0,1.0,84721335.0,84721000,84906000.0,37.069,8362862000.0,5793000.0,188997000.0,1374852000.0,98.711,-479137000.0
80,PNW,MRT,2001-06-30,2001-06-30,2001-06-30,2021-08-05,-51912000.0,7547466000.0,7370290250.0,825797000.0,6721669000.0,0.557,28.193,-862309000.0,13090000.0,13090000.0,3036464000.0,284668000.0,0.618,2.159,2806801000.0,702215000.0,2104586000.0,2806801000.0,0.0,430839000.0,28085000.0,0.031,1.475,575257000.0,1006096000.0,0.245,1006096000.0,575257000.0,443507000.0,3.36,3.36,3.36,2389193000.0,2398400500.0,2389193000.0,6567103051.0,11.0,6.527,-186496000.0,-2.201,1.0,1071034000.0,0.261,0.0,131750000.0,9005591000.0,8716190250.0,105461000.0,0.0,0.0,0.0,5158273000.0,1335586000.0,3822687000.0,4016366051.0,-57310000.0,0.0,0.0,411266000.0,-124999000.0,277098000.0,-1010221000.0,0.0,675813000.0,0.0,284668000.0,284668000.0,284668000.0,0.0,0.0,0.069,480881000.0,590153000.0,196191000.0,0.439,1.681,14.109,14.107,5442155000.0,0.0,47.4,0.978,0.978,416009000.0,912615000.0,4107498000.0,4107498000.0,0.0,0.039,0.119,0.066,0.14,0.0,0.0,1.0,84733461.0,84745000,85044000.0,48.469,7547466000.0,5793000.0,158839000.0,1267842000.0,89.061,-509789000.0
81,PNW,MRT,2001-03-31,2001-03-31,2001-03-31,2021-08-05,37425000.0,7595930000.0,7194360750.0,1072911000.0,6523019000.0,0.496,28.868,-758828000.0,249393000.0,249393000.0,2444432000.0,307712000.0,0.786,2.106,2800130000.0,674891000.0,2125239000.0,2800130000.0,0.0,433444000.0,27080000.0,0.032,1.45,617040000.0,1050484000.0,0.294,1050484000.0,617040000.0,479270000.0,3.63,3.63,3.63,2445863000.0,2373751750.0,2445863000.0,6377413966.0,10.0,6.071,-49517000.0,-0.584,1.0,1125802000.0,0.315,0.0,137770000.0,8782242000.0,8552016750.0,95499000.0,0.0,0.0,0.0,5150067000.0,1364425000.0,3785642000.0,3886449966.0,4579000.0,0.0,0.0,396895000.0,-122864000.0,267703000.0,-972435000.0,0.0,709311000.0,0.0,307712000.0,307712000.0,307712000.0,0.0,0.0,0.086,466011000.0,659791000.0,326387000.0,0.399,1.589,12.63,12.636,5260171000.0,0.0,45.87,1.089,1.089,490707000.0,877547000.0,3570234000.0,3570234000.0,0.0,0.043,0.13,0.072,0.173,0.0,0.0,1.0,84727490.0,84727000,84966000.0,42.138,7595930000.0,5793000.0,171558000.0,1305163000.0,89.652,-291514000.0
82,PNW,MRT,2000-12-31,2000-12-31,2000-12-31,2021-08-05,0.0,7162985000.0,6962852500.0,793913000.0,6369072000.0,0.448,28.12,-658608000.0,10363000.0,10363000.0,2042673000.0,302332000.0,0.666,2.006,2501327000.0,546244000.0,1955083000.0,2501327000.0,0.0,431229000.0,26189000.0,0.03,1.425,641341000.0,1072570000.0,0.344,1072570000.0,641341000.0,496532000.0,3.57,3.56,3.57,2382714000.0,2319767500.0,2382714000.0,6308867974.0,10.0,5.882,54786000.0,0.647,1.0,1076849000.0,0.345,0.0,144809000.0,8462651000.0,8420670250.0,91371000.0,0.0,0.0,0.0,4780271000.0,1191298000.0,3588973000.0,4034767974.0,-10342000.0,0.0,0.0,137456000.0,-120733000.0,12105000.0,-735841000.0,0.0,713394000.0,0.0,302332000.0,302332000.0,302332000.0,0.0,0.0,0.097,432011000.0,644838000.0,375805000.0,0.399,1.693,13.345,13.342,5133193000.0,0.0,47.63,1.293,1.294,588388000.0,849883000.0,3119522000.0,3119522000.0,0.0,0.043,0.13,0.076,0.206,0.0,0.0,1.0,84710644.0,84733000,84935000.0,36.816,7162985000.0,5793000.0,194200000.0,1232286000.0,84.536,-397385000.0
83,PNW,MRT,2000-09-30,2000-09-30,2000-09-30,2021-08-05,0.0,7174780000.0,6824232750.0,1038526000.0,6136254000.0,0.498,28.035,-506874000.0,87682000.0,87682000.0,2352387000.0,304821000.0,1.244,2.02,2361782000.0,6871000.0,2354911000.0,2361782000.0,0.0,455874000.0,25603000.0,0.028,1.4,615292000.0,1071166000.0,0.315,1071166000.0,615292000.0,471639000.0,3.6,3.59,3.6,2375832000.0,2275522250.0,2375832000.0,6633645970.0,11.0,6.193,151353000.0,1.786,1.0,1046070000.0,0.308,0.0,143653000.0,8614277000.0,8417872750.0,88059000.0,0.0,0.0,0.0,4798948000.0,834603000.0,3964345000.0,4312333970.0,63656000.0,0.0,0.0,39170000.0,-118622000.0,-82094000.0,-512477000.0,0.0,658227000.0,0.0,304821000.0,304821000.0,304821000.0,0.0,0.0,0.09,455873000.0,590197000.0,498161000.0,0.389,1.815,14.147,14.136,4947162000.0,0.0,50.89,1.269,1.269,781173000.0,839339000.0,3398457000.0,3398457000.0,0.0,0.045,0.134,0.073,0.181,0.0,0.0,1.0,84738337.0,84745000,85012000.0,40.102,7174780000.0,10081000.0,166818000.0,1340012000.0,84.663,203923000.0
84,PNW,MRT,2000-06-30,2000-06-30,2000-06-30,2021-08-05,0.0,6843748000.0,6709372500.0,715084000.0,6128664000.0,0.4,27.034,-413079000.0,70400000.0,70400000.0,1659295000.0,212466000.0,0.876,1.988,2391712000.0,315761000.0,2075951000.0,2391712000.0,0.0,436849000.0,26476000.0,0.041,1.375,528310000.0,965159000.0,0.359,965159000.0,528310000.0,383477000.0,2.51,2.5,2.51,2290598000.0,2229633250.0,2290598000.0,5142062327.0,10.0,5.328,203329000.0,2.4,1.0,1026076000.0,0.382,0.0,144833000.0,8348897000.0,8303951250.0,91765000.0,0.0,0.0,0.0,4553150000.0,816163000.0,3736987000.0,2870724327.0,37889000.0,0.0,0.0,-15136000.0,-116517000.0,-134438000.0,-444081000.0,0.0,616408000.0,0.0,212466000.0,212466000.0,212466000.0,-38000000.0,0.0,0.079,436849000.0,589227000.0,242838000.0,0.548,1.253,13.511,13.498,4835278000.0,0.0,33.88,1.069,1.069,464615000.0,752946000.0,2685371000.0,2685371000.0,0.0,0.032,0.095,0.064,0.197,0.0,0.0,1.0,84732123.0,84730000,84884000.0,31.693,6843748000.0,9663000.0,171011000.0,1350908000.0,80.771,-101079000.0
85,PNW,MRT,2000-03-31,2000-03-31,2000-03-31,2021-08-05,0.0,6669897000.0,6699490750.0,554857000.0,6115040000.0,0.369,26.319,-365685000.0,127304000.0,127304000.0,1500312000.0,191267000.0,0.811,1.991,2398642000.0,344061000.0,2054581000.0,2398642000.0,0.0,425498000.0,26753000.0,0.048,1.35,493769000.0,919267000.0,0.372,919267000.0,493769000.0,349336000.0,2.26,2.25,2.26,2229926000.0,2199454000.0,2229926000.0,4726776222.0,10.0,5.142,294298000.0,3.473,1.0,972471000.0,0.393,0.0,144433000.0,8256856000.0,8356204500.0,95039000.0,0.0,0.0,0.0,4439971000.0,684379000.0,3755592000.0,2388331222.0,101595000.0,0.0,0.0,-48475000.0,-114431000.0,-171742000.0,-386646000.0,0.0,659983000.0,0.0,191267000.0,191267000.0,191267000.0,-38000000.0,0.0,0.077,425498000.0,546973000.0,133393000.0,0.597,1.071,12.487,12.473,4795649000.0,0.0,28.19,0.966,0.966,259512000.0,692707000.0,2472783000.0,2472783000.0,0.0,0.029,0.087,0.059,0.2,0.0,0.0,1.0,84722640.0,84728000,84834000.0,29.185,6669897000.0,9280000.0,158069000.0,1319134000.0,78.721,-129522000.0
86,PNW,MRT,1999-12-31,1999-12-31,1999-12-31,2021-08-05,0.0,6608506000.0,6725006000.0,498794000.0,6109712000.0,0.36,26.036,-343448000.0,20705000.0,20705000.0,1456226000.0,167887000.0,1.007,1.996,2359150000.0,153098000.0,2206052000.0,2359150000.0,0.0,419842000.0,26098000.0,0.043,1.325,454957000.0,874799000.0,0.361,874799000.0,454957000.0,309479000.0,1.98,1.97,1.98,2205733000.0,2182451000.0,2205733000.0,4883989076.0,11.0,5.583,292152000.0,3.449,1.0,967127000.0,0.399,0.0,145478000.0,8451461000.0,8445917500.0,91846000.0,0.0,0.0,0.0,4402773000.0,495490000.0,3907283000.0,2589605076.0,167000.0,0.0,0.0,-43432000.0,-112311000.0,-264178000.0,-371255000.0,0.0,635600000.0,0.0,167887000.0,167887000.0,167887000.0,-38000000.0,0.0,0.069,419842000.0,547285000.0,186524000.0,0.669,1.174,15.425,15.434,4778515000.0,0.0,30.56,1.069,1.068,317518000.0,668284000.0,2423353000.0,2423353000.0,0.0,0.025,0.077,0.054,0.188,0.0,0.0,1.0,84738386.0,84717000,85009000.0,28.605,6608506000.0,8163000.0,141592000.0,1254365000.0,78.007,3304000.0
87,PNW,MRT,1999-09-30,1999-09-30,1999-09-30,2021-08-05,0.0,6715339000.0,6779016000.0,617517000.0,6097822000.0,0.349,25.865,-334430000.0,24026000.0,24026000.0,1392925000.0,158614000.0,0.726,2.063,2318410000.0,341310000.0,1977100000.0,2318410000.0,0.0,387644000.0,25410000.0,0.036,1.3,474436000.0,862080000.0,0.365,862080000.0,474436000.0,325800000.0,1.87,1.87,1.87,2192276000.0,2171855500.0,2192276000.0,5457433561.0,12.0,6.331,287065000.0,3.387,1.0,970182000.0,0.411,0.0,148636000.0,8158591000.0,8472962500.0,87810000.0,0.0,0.0,0.0,4523063000.0,851132000.0,3671931000.0,3083725561.0,-6100000.0,0.0,0.0,-18473000.0,-110190000.0,-274852000.0,-352743000.0,0.0,621495000.0,0.0,158614000.0,158614000.0,158614000.0,-38000000.0,0.0,0.067,387644000.0,582538000.0,241915000.0,0.695,1.407,19.442,19.455,4738611000.0,0.0,36.38,1.305,1.305,441974000.0,653141000.0,2363107000.0,2363107000.0,0.0,0.023,0.073,0.056,0.201,0.0,0.0,1.0,84764309.0,84759000,84991000.0,27.88,6715339000.0,4058000.0,167186000.0,1373527000.0,79.229,-233615000.0
88,PNW,MRT,1999-06-30,1999-06-30,1999-06-30,2021-08-05,0.0,6804221000.0,6828059250.0,464944000.0,6339277000.0,0.326,25.614,-328292000.0,32511000.0,32511000.0,1246208000.0,262201000.0,0.75,2.136,2406219000.0,241760000.0,2164459000.0,2406219000.0,0.0,387557000.0,25943000.0,0.032,1.275,582967000.0,970524000.0,0.436,970524000.0,582967000.0,434640000.0,3.09,3.08,3.09,2169881000.0,2162998000.0,2169881000.0,5829427629.0,10.0,6.006,343966000.0,4.06,1.0,981639000.0,0.441,0.0,148327000.0,8557910000.0,8547715500.0,88705000.0,0.0,0.0,0.0,4634340000.0,620019000.0,4014321000.0,3414125629.0,870000.0,0.0,0.0,-48277000.0,-108072000.0,-309420000.0,-361968000.0,0.0,672258000.0,0.0,262201000.0,262201000.0,262201000.0,0.0,0.0,0.118,387557000.0,594082000.0,127791000.0,0.413,1.573,13.021,13.026,4727330000.0,0.0,40.25,1.532,1.531,283747000.0,629444000.0,2227847000.0,2227847000.0,0.0,0.038,0.121,0.068,0.262,0.0,0.0,1.0,84822997.0,84716200,85093702.0,26.298,6804221000.0,377475000.0,172439000.0,1497207000.0,80.318,-155075000.0
89,PNW,MRT,1999-03-31,1999-03-31,1999-03-31,2021-08-05,0.0,6771958000.0,6819971250.0,426147000.0,6345811000.0,0.316,25.511,-325761000.0,25709000.0,25709000.0,1202869000.0,242496000.0,0.746,2.132,2441011000.0,270371000.0,2170640000.0,2441011000.0,0.0,383759000.0,28348000.0,0.034,1.25,553962000.0,937721000.0,0.435,937721000.0,553962000.0,404984000.0,2.86,2.84,2.86,2161914000.0,2128408750.0,2161914000.0,5454682336.0,10.0,5.817,242093000.0,2.857,1.0,951649000.0,0.442,0.0,148978000.0,8615708000.0,8538276750.0,84241000.0,0.0,0.0,0.0,4610044000.0,571552000.0,4038492000.0,3079384336.0,3590000.0,0.0,0.0,66834000.0,-105947000.0,-206938000.0,-357326000.0,0.0,567854000.0,0.0,242496000.0,242496000.0,242496000.0,0.0,0.0,0.113,383759000.0,567890000.0,104628000.0,0.437,1.424,12.699,12.72,4713202000.0,0.0,36.38,1.429,1.431,257544000.0,615859000.0,2154518000.0,2154518000.0,0.0,0.036,0.114,0.065,0.257,0.0,0.0,1.0,84644979.0,84746000,85352000.0,25.423,6771958000.0,391668000.0,162488000.0,1477368000.0,79.909,-145405000.0
90,PNW,MRT,1998-12-31,1998-12-31,1998-12-31,2021-08-05,0.0,6824546000.0,6813383750.0,456799000.0,6367747000.0,0.313,25.519,-319142000.0,20538000.0,20538000.0,1183779000.0,242892000.0,0.714,2.155,2395836000.0,346875000.0,2048961000.0,2395836000.0,0.0,379679000.0,28510000.0,0.029,1.225,558034000.0,937713000.0,0.44,937713000.0,558034000.0,407485000.0,2.87,2.85,2.87,2163351000.0,2096122250.0,2163351000.0,5888767525.0,11.0,6.28,286696000.0,3.382,1.0,946807000.0,0.444,0.0,150549000.0,8559641000.0,8559601500.0,83052000.0,0.0,0.0,0.0,4661195000.0,640203000.0,4020992000.0,3590993525.0,-6946000.0,0.0,0.0,-90005000.0,-103849000.0,-272902000.0,-339882000.0,0.0,605838000.0,0.0,242892000.0,242892000.0,242892000.0,0.0,0.0,0.114,379679000.0,567128000.0,155800000.0,0.427,1.66,14.784,14.767,4730563000.0,0.0,42.38,1.685,1.686,301616000.0,612708000.0,2130586000.0,2130586000.0,0.0,0.036,0.116,0.065,0.262,0.0,0.0,1.0,84733212.0,84774000,85346000.0,25.133,6824546000.0,3999000.0,164593000.0,1433401000.0,80.503,-183404000.0
91,PNW,MRT,1998-09-30,1998-09-30,1998-09-30,2021-08-05,0.0,6911512000.0,6819851500.0,571615000.0,6339897000.0,0.306,25.444,-298548000.0,30126000.0,30126000.0,1167507000.0,226316000.0,0.76,2.204,2327900000.0,273427000.0,2054473000.0,2327900000.0,0.0,348983000.0,30820000.0,0.027,1.2,518647000.0,867630000.0,0.416,867630000.0,518647000.0,379687000.0,2.66,2.63,2.66,2156846000.0,2062143500.0,2156846000.0,6212230537.0,12.0,7.16,323131000.0,3.812,1.0,920513000.0,0.441,0.0,138960000.0,8457603000.0,8615431750.0,89199000.0,0.0,0.0,0.0,4754666000.0,751683000.0,4002983000.0,3797202537.0,-17220000.0,0.0,1254000.0,-176041000.0,-101726000.0,-320387000.0,-318512000.0,0.0,621679000.0,0.0,226316000.0,226316000.0,226316000.0,0.0,0.0,0.108,373676000.0,546837000.0,178659000.0,0.451,1.761,16.778,16.846,4687675000.0,0.0,44.81,1.819,1.819,381854000.0,604718000.0,2088020000.0,2088020000.0,0.0,0.033,0.11,0.06,0.248,0.0,0.0,1.0,84740070.0,84769615,85326808.0,24.632,6911512000.0,437871000.0,153371000.0,1547706000.0,81.533,-180068000.0
92,PNW,MRT,1998-06-30,1998-06-30,1998-06-30,2021-08-05,0.0,6771869000.0,,440816000.0,6331053000.0,,23.954,-307253000.0,31641000.0,31641000.0,1084018000.0,223375000.0,0.661,2.333,2446669000.0,371562000.0,2075107000.0,2446669000.0,0.0,353709000.0,31024000.0,0.026,1.175,518059000.0,871768000.0,0.437,871768000.0,518059000.0,370248000.0,2.63,2.6,2.63,2031524000.0,,2031524000.0,6166789810.0,12.0,7.074,334716000.0,3.947,1.0,908742000.0,0.456,0.0,147811000.0,8520155000.0,,89167000.0,0.0,0.0,0.0,4740345000.0,666742000.0,4073603000.0,3816360810.0,6600000.0,0.0,-134000.0,-186994000.0,-99597000.0,-322027000.0,-313342000.0,0.0,641969000.0,0.0,223375000.0,223375000.0,223375000.0,0.0,0.0,0.112,370289000.0,538453000.0,106327000.0,0.447,1.879,17.085,17.11,4682549000.0,0.0,45.0,1.915,1.915,237885000.0,477427000.0,1992760000.0,1992760000.0,0.0,,,,0.26,0.0,0.0,1.0,84808018.0,84810790,85416069.0,23.497,6771869000.0,466002000.0,146873000.0,1463487000.0,79.847,-225926000.0
93,PNW,MRT,1998-03-31,1998-03-31,1998-03-31,2021-08-05,0.0,6745608000.0,,396916000.0,6348692000.0,,23.975,-291595000.0,22119000.0,22119000.0,1076661000.0,241560000.0,1.005,2.318,2372548000.0,89313000.0,2283235000.0,2372548000.0,0.0,360793000.0,30924000.0,0.026,1.15,554688000.0,915481000.0,0.455,915481000.0,554688000.0,397239000.0,2.84,2.81,2.84,2032768000.0,,2032768000.0,6224567638.0,11.0,6.799,390619000.0,4.607,1.0,934385000.0,0.465,0.0,157449000.0,8701007000.0,,83756000.0,0.0,0.0,0.0,4712840000.0,395030000.0,4317810000.0,3768358638.0,-30473000.0,0.0,-79997000.0,-186063000.0,-97554000.0,-397971000.0,-314716000.0,0.0,682214000.0,0.0,241560000.0,241560000.0,241560000.0,0.0,0.0,0.12,368513000.0,565872000.0,80038000.0,0.405,1.854,15.6,15.648,4668691000.0,0.0,44.44,1.874,1.874,189146000.0,479315000.0,2011046000.0,2011046000.0,0.0,,,,0.276,0.0,0.0,1.0,84796549.0,84785309,85332159.0,23.719,6745608000.0,502775000.0,155679000.0,1537560000.0,79.561,1886000.0
94,PNW,MRT,1997-12-31,1997-12-31,1997-12-31,2021-08-05,0.0,6850417000.0,6919853000.0,449100000.0,6401317000.0,0.288,23.712,-307876000.0,27484000.0,27484000.0,1069235000.0,235856000.0,0.858,2.379,2483693000.0,239445000.0,2244248000.0,2483693000.0,0.0,368285000.0,30672000.0,0.027,1.125,549272000.0,917557000.0,0.46,917557000.0,549272000.0,386137000.0,2.76,2.74,2.76,2027436000.0,1998879500.0,2027436000.0,,,,315543000.0,3.69,1.0,925791000.0,0.464,0.0,163135000.0,8782962000.0,8870120000.0,80255000.0,0.0,0.0,0.0,4822981000.0,523664000.0,4299317000.0,3593677747.0,798000.0,0.0,-79997000.0,-65663000.0,-96160000.0,-291918000.0,-330703000.0,0.0,623419000.0,0.0,235856000.0,235856000.0,235856000.0,0.0,0.0,0.118,368285000.0,557506000.0,117429000.0,0.408,1.773,15.237,15.355,4677568000.0,0.0,42.38,1.801,1.816,242066000.0,473665000.0,1995026000.0,1995026000.0,0.0,0.034,0.118,0.062,0.275,0.0,0.0,1.0,84796549.0,85502909,86022709.0,23.333,6850417000.0,516256000.0,150281000.0,1498932000.0,80.119,-74564000.0
95,PNW,MRT,1997-09-30,1997-09-30,1997-09-30,2021-08-05,,,,,,,,,,,,,,,,,,,,,,0.033,1.1,,,,,,,,,,,,,,,,,,1.0,,,,,,,,,,,,,,,,,,,,,,,,,,,,,,,,,,,,,,,,33.63,,,,,,,,,,,,,,1.0,,84747949,,,,,,,,
96,PNW,MRT,1997-06-30,1997-06-30,1997-06-30,2021-08-05,,,,,,,,,,,,,,,,,,,,,,0.036,1.075,,,,,,,,,,,,,,,,,,1.0,,,,,,,,,,,,,,,,,,,,,,,,,,,,,,,,,,,,,,,,30.06,,,,,,,,,,,,,,1.0,,85155688,,,,,,,,
97,PNW,MRT,1997-03-31,1997-03-31,1997-03-31,2021-08-05,,,,,,,,,,,,,,,,,,,,,,0.035,1.05,,,,,,,,,,,,,,,,,,1.0,,,,,,,,,,,,,,,,,,,,,,,,,,,,,,,,,,,,,,,,30.13,,,,,,,,,,,,,,1.0,,87418663,,,,,,,,
98,PNW,MRT,1996-12-31,1996-12-31,1996-12-31,2021-08-05,0.0,6989289000.0,,450269000.0,6539020000.0,,22.533,-258598000.0,26686000.0,26686000.0,974394000.0,181180000.0,0.818,2.547,2545290000.0,173177000.0,2372113000.0,2545290000.0,0.0,299507000.0,34222000.0,0.032,1.025,495349000.0,794856000.0,0.437,794856000.0,495349000.0,309636000.0,2.07,2.06,2.07,1970323000.0,,1970323000.0,,,,307685000.0,3.519,1.0,843366000.0,0.464,0.0,185713000.0,8957278000.0,,88048000.0,0.0,0.0,0.0,5018966000.0,550615000.0,4468351000.0,,-52853000.0,0.0,0.0,-179165000.0,-89614000.0,-341337000.0,-277799000.0,0.0,566283000.0,0.0,181180000.0,181180000.0,181180000.0,9539000.0,0.0,0.1,299507000.0,543859000.0,184095000.0,0.495,,,15.338,4655140000.0,0.0,31.75,,1.527,224707000.0,333969000.0,1817760000.0,1817760000.0,0.0,,,,0.273,0.0,0.0,1.0,,87441515,88021920.0,20.788,6989289000.0,586410000.0,128456000.0,1516104000.0,79.931,-100346000.0
99,PNW,MRT,1995-12-31,1995-12-31,1995-12-31,2021-08-05,,,,,,,,-295772000.0,,,863385000.0,188037000.0,,,,,,,,276288000.0,,0.032,0.925,542270000.0,818558000.0,0.49,818558000.0,542270000.0,316002000.0,2.15,2.14,2.15,,,,,,,260090000.0,2.975,1.0,806413000.0,0.483,,226268000.0,,,,,,,,,,,44820000.0,0.0,0.0,-111689000.0,-80855000.0,-206627000.0,-304415000.0,0.0,555862000.0,0.0,188037000.0,188037000.0,188037000.0,0.0,0.0,0.113,243989000.0,562424000.0,,0.43,,,13.372,,0.0,28.75,,1.505,,,1669798000.0,1669798000.0,0.0,,,,0.325,0.0,0.0,1.0,,87419300,87419300.0,19.101,,,127965000.0,,,
