None,ticker,dimension,calendardate,datekey,reportperiod,lastupdated,accoci,assets,assetsavg,assetsc,assetsnc,assetturnover,bvps,capex,cashneq,cashnequsd,cor,consolinc,currentratio,de,debt,debtc,debtnc,debtusd,deferredrev,depamor,deposits,divyield,dps,ebit,ebitda,ebitdamargin,ebitdausd,ebitusd,ebt,eps,epsdil,epsusd,equity,equityavg,equityusd,ev,evebit,evebitda,fcf,fcfps,fxusd,gp,grossmargin,intangibles,intexp,invcap,invcapavg,inventory,investments,investmentsc,investmentsnc,liabilities,liabilitiesc,liabilitiesnc,marketcap,ncf,ncfbus,ncfcommon,ncfdebt,ncfdiv,ncff,ncfi,ncfinv,ncfo,ncfx,netinc,netinccmn,netinccmnusd,netincdis,netincnci,netmargin,opex,opinc,payables,payoutratio,pb,pe,pe1,ppnenet,prefdivis,price,ps,ps1,receivables,retearn,revenue,revenueusd,rnd,roa,roe,roic,ros,sbcomp,sgna,sharefactor,sharesbas,shareswa,shareswadil,sps,tangibles,taxassets,taxexp,taxliabilities,tbvps,workingcapital
0,HPQ,MRY,2020-12-31,2020-10-31,2020-10-31,2021-09-07,-1243000000.0,34681000000.0,33588500000.0,20648000000.0,14033000000.0,1.686,-1.577,-577000000.0,4864000000.0,4864000000.0,46202000000.0,2844000000.0,0.787,-16.566,6217000000.0,674000000.0,5543000000.0,6217000000.0,0.0,789000000.0,0.0,0.039,0.705,3462000000.0,4251000000.0,0.075,4251000000.0,3462000000.0,3231000000.0,2.01,2.0,2.01,-2228000000.0,-1647750000.0,-2228000000.0,26246001361.0,8.0,6.174,3739000000.0,2.646,1.0,10437000000.0,0.184,6380000000.0,231000000.0,3434000000.0,3365250000.0,5963000000.0,0.0,0.0,0.0,36909000000.0,26220000000.0,10689000000.0,24668001361.0,327000000.0,0.0,-3235000000.0,1259000000.0,-997000000.0,-2973000000.0,-1016000000.0,-276000000.0,4316000000.0,0.0,2844000000.0,2844000000.0,2844000000.0,0.0,0.0,0.05,6975000000.0,3462000000.0,14704000000.0,0.351,-11.072,8.674,8.935,2627000000.0,0.0,17.96,0.436,0.448,5381000000.0,-1961000000.0,56639000000.0,56639000000.0,1478000000.0,0.085,-1.726,1.029,0.061,278000000.0,4906000000.0,1.0,1373496735.0,1413000000.0,1420000000.0,40.084,28301000000.0,0.0,387000000.0,0.0,20.029,-5572000000.0
1,HPQ,MRY,2019-12-31,2019-10-31,2019-10-31,2021-09-07,-1225000000.0,33467000000.0,32577000000.0,20177000000.0,13290000000.0,1.804,-0.787,-671000000.0,4537000000.0,4537000000.0,47586000000.0,3152000000.0,0.798,-29.053,5137000000.0,357000000.0,4780000000.0,5137000000.0,0.0,744000000.0,0.0,0.037,0.64,3877000000.0,4621000000.0,0.079,4621000000.0,3877000000.0,2523000000.0,2.08,2.07,2.08,-1193000000.0,-1412000000.0,-1193000000.0,25879839909.0,7.0,5.6,3983000000.0,2.629,1.0,11170000000.0,0.19,6372000000.0,1354000000.0,2402000000.0,2874500000.0,5734000000.0,0.0,0.0,0.0,34660000000.0,25293000000.0,9367000000.0,25740839909.0,-629000000.0,-458000000.0,-2466000000.0,-1409000000.0,-970000000.0,-4845000000.0,-438000000.0,691000000.0,4654000000.0,0.0,3152000000.0,3152000000.0,3152000000.0,0.0,0.0,0.054,7293000000.0,3877000000.0,14793000000.0,0.308,-21.577,8.167,8.351,2794000000.0,0.0,17.37,0.438,0.448,6031000000.0,-818000000.0,58756000000.0,58756000000.0,1499000000.0,0.097,-2.232,1.349,0.066,297000000.0,5368000000.0,1.0,1481913639.0,1515000000.0,1524000000.0,38.783,27095000000.0,0.0,-629000000.0,0.0,17.884,-5116000000.0
2,HPQ,MRY,2018-12-31,2018-10-31,2018-10-31,2021-09-07,-845000000.0,34622000000.0,34052000000.0,21387000000.0,13235000000.0,1.717,-0.396,-374000000.0,5166000000.0,5166000000.0,47803000000.0,5327000000.0,0.851,-55.182,5987000000.0,1463000000.0,4524000000.0,5987000000.0,0.0,528000000.0,0.0,0.023,0.557,3831000000.0,4359000000.0,0.075,4359000000.0,3831000000.0,3013000000.0,3.3,3.26,3.3,-639000000.0,-1752750000.0,-639000000.0,39188341383.0,10.0,8.99,4154000000.0,2.572,1.0,10669000000.0,0.182,5968000000.0,818000000.0,4344000000.0,5347250000.0,6062000000.0,0.0,0.0,0.0,35261000000.0,25131000000.0,10130000000.0,38199341383.0,-1831000000.0,-1036000000.0,-2505000000.0,-2239000000.0,-899000000.0,-5643000000.0,-716000000.0,480000000.0,4528000000.0,0.0,5327000000.0,5327000000.0,5327000000.0,0.0,0.0,0.091,6838000000.0,3831000000.0,14816000000.0,0.169,-59.78,7.171,7.315,2198000000.0,0.0,24.14,0.653,0.667,5113000000.0,-473000000.0,58472000000.0,58472000000.0,1404000000.0,0.156,-3.039,0.716,0.066,268000000.0,5099000000.0,1.0,1582408508.0,1615000000.0,1634000000.0,36.206,28654000000.0,0.0,-2314000000.0,0.0,17.742,-3744000000.0
3,HPQ,MRY,2017-12-31,2017-10-31,2017-10-31,2021-09-07,-1418000000.0,32913000000.0,30431250000.0,22318000000.0,10595000000.0,1.711,-2.019,-333000000.0,6997000000.0,6997000000.0,42478000000.0,2526000000.0,0.996,-10.658,7819000000.0,1072000000.0,6747000000.0,7819000000.0,0.0,354000000.0,0.0,0.025,0.532,3368000000.0,3722000000.0,0.071,3722000000.0,3368000000.0,3276000000.0,1.5,1.48,1.5,-3408000000.0,-4007250000.0,-3408000000.0,36832981695.0,11.0,9.896,3344000000.0,1.981,1.0,9578000000.0,0.184,5622000000.0,92000000.0,5701000000.0,5072250000.0,5786000000.0,0.0,0.0,0.0,36321000000.0,22412000000.0,13909000000.0,35993981695.0,709000000.0,0.0,-1412000000.0,1007000000.0,-894000000.0,-1251000000.0,-1717000000.0,-1169000000.0,3677000000.0,0.0,2526000000.0,2526000000.0,2526000000.0,0.0,0.0,0.049,6210000000.0,3368000000.0,13279000000.0,0.355,-10.562,14.249,14.367,1878000000.0,0.0,21.55,0.691,0.699,4414000000.0,-2386000000.0,52056000000.0,52056000000.0,1190000000.0,0.083,-0.63,0.664,0.065,224000000.0,4532000000.0,1.0,1670254371.0,1688000000.0,1702000000.0,30.839,27291000000.0,0.0,750000000.0,214000000.0,16.168,-94000000.0
4,HPQ,MRY,2016-12-31,2016-10-31,2016-10-31,2021-09-07,-1438000000.0,28987000000.0,26812750000.0,18468000000.0,10519000000.0,1.799,-2.248,-427000000.0,6288000000.0,6288000000.0,39240000000.0,2496000000.0,0.982,-8.454,6813000000.0,78000000.0,6735000000.0,6813000000.0,919000000.0,332000000.0,0.0,0.034,0.496,3379000000.0,3711000000.0,0.077,3711000000.0,3379000000.0,3591000000.0,1.44,1.43,1.44,-3889000000.0,-4377500000.0,-3889000000.0,25989588632.0,8.0,7.003,2825000000.0,1.633,1.0,8998000000.0,0.187,5622000000.0,-212000000.0,5082000000.0,5254500000.0,4484000000.0,0.0,0.0,0.0,32876000000.0,18808000000.0,14068000000.0,24790588632.0,-11145000000.0,468000000.0,-1129000000.0,-2087000000.0,-858000000.0,-14445000000.0,48000000.0,7000000.0,3252000000.0,0.0,2496000000.0,2496000000.0,2496000000.0,170000000.0,0.0,0.052,5449000000.0,3549000000.0,11103000000.0,0.344,-6.375,9.932,10.062,1736000000.0,0.0,14.49,0.514,0.52,4114000000.0,-3498000000.0,48238000000.0,48238000000.0,1209000000.0,0.093,-0.57,0.643,0.07,182000000.0,3833000000.0,1.0,1710875682.0,1730000000.0,1743000000.0,27.883,23365000000.0,0.0,1095000000.0,231000000.0,13.506,-340000000.0
5,HPQ,MRY,2015-12-31,2015-10-31,2015-10-31,2021-09-07,-6302000000.0,106882000000.0,104043000000.0,51787000000.0,55095000000.0,0.495,15.308,-3179000000.0,7584000000.0,7584000000.0,41524000000.0,4554000000.0,1.227,2.835,8871000000.0,2194000000.0,6677000000.0,8871000000.0,1051000000.0,4061000000.0,0.0,0.025,0.672,4756000000.0,8817000000.0,0.171,8817000000.0,4756000000.0,4368000000.0,2.51,2.48,2.51,27768000000.0,27019500000.0,27768000000.0,56811140392.0,12.0,6.443,3847000000.0,2.121,1.0,9939000000.0,0.193,5680000000.0,388000000.0,60298000000.0,38592000000.0,4288000000.0,0.0,0.0,0.0,78731000000.0,42191000000.0,36540000000.0,48480140392.0,2300000000.0,-2398000000.0,-2903000000.0,4965000000.0,-1250000000.0,808000000.0,-5534000000.0,43000000.0,7026000000.0,0.0,4554000000.0,4554000000.0,4554000000.0,-836000000.0,0.0,0.088,6019000000.0,3920000000.0,10194000000.0,0.268,1.746,10.646,10.741,1492000000.0,0.0,26.96,0.942,0.95,4825000000.0,32089000000.0,51463000000.0,51463000000.0,1191000000.0,0.044,0.169,0.123,0.092,709000000.0,4719000000.0,1.0,1798224792.0,1814000000.0,1836000000.0,28.37,101202000000.0,0.0,-186000000.0,243000000.0,55.789,9596000000.0
6,HPQ,MRY,2014-12-31,2014-10-31,2014-10-31,2021-09-07,-5881000000.0,103206000000.0,103843250000.0,50145000000.0,53061000000.0,0.546,14.204,-3010000000.0,15133000000.0,15133000000.0,45431000000.0,5013000000.0,1.147,2.846,19525000000.0,3486000000.0,16039000000.0,19525000000.0,6143000000.0,4334000000.0,0.0,0.017,0.61,6345000000.0,10679000000.0,0.189,10679000000.0,6345000000.0,5952000000.0,2.66,2.62,2.66,26731000000.0,27794750000.0,26731000000.0,72320958589.0,11.0,6.772,9323000000.0,4.954,1.0,11220000000.0,0.198,33267000000.0,393000000.0,30596000000.0,33389250000.0,6415000000.0,11400000000.0,2946000000.0,8454000000.0,76079000000.0,43735000000.0,32344000000.0,66961958589.0,2970000000.0,-43000000.0,-2431000000.0,-3014000000.0,-1184000000.0,-6571000000.0,-2792000000.0,261000000.0,12333000000.0,0.0,5013000000.0,5013000000.0,5013000000.0,-2089000000.0,0.0,0.088,6964000000.0,4256000000.0,15903000000.0,0.229,2.505,13.358,13.489,11340000000.0,0.0,35.88,1.182,1.192,13832000000.0,29164000000.0,56651000000.0,56651000000.0,1298000000.0,0.048,0.18,0.19,0.112,502000000.0,5361000000.0,1.0,1866275323.0,1882000000.0,1912000000.0,30.101,69939000000.0,0.0,939000000.0,1017000000.0,37.162,6410000000.0
7,HPQ,MRY,2013-12-31,2013-10-31,2013-10-31,2021-09-07,-3778000000.0,105676000000.0,106107750000.0,50364000000.0,55312000000.0,1.058,14.1,-2546000000.0,12163000000.0,12163000000.0,86380000000.0,5113000000.0,1.106,2.861,22587000000.0,5979000000.0,16608000000.0,22587000000.0,6477000000.0,4611000000.0,0.0,0.023,0.554,7131000000.0,11742000000.0,0.105,11742000000.0,7131000000.0,6510000000.0,2.64,2.62,2.64,27269000000.0,24575000000.0,27269000000.0,58331845689.0,8.0,4.968,9062000000.0,4.686,1.0,25918000000.0,0.231,34293000000.0,621000000.0,36286000000.0,38963500000.0,6046000000.0,12700000000.0,3144000000.0,9556000000.0,78020000000.0,45521000000.0,32499000000.0,46834845689.0,862000000.0,-167000000.0,-1244000000.0,-5596000000.0,-1105000000.0,-7943000000.0,-2803000000.0,-90000000.0,11608000000.0,0.0,5113000000.0,5113000000.0,5113000000.0,0.0,0.0,0.046,18787000000.0,7131000000.0,14019000000.0,0.21,1.718,9.16,9.231,11463000000.0,0.0,24.37,0.417,0.42,15876000000.0,25563000000.0,112298000000.0,112298000000.0,3135000000.0,0.048,0.208,0.183,0.064,498000000.0,13267000000.0,1.0,1921823787.0,1934000000.0,1950000000.0,58.065,71383000000.0,0.0,1397000000.0,1203000000.0,36.91,4843000000.0
8,HPQ,MRY,2012-12-31,2012-10-31,2012-10-31,2021-09-07,-5559000000.0,108768000000.0,120152250000.0,50637000000.0,58131000000.0,1.002,11.366,-3089000000.0,11301000000.0,11301000000.0,92385000000.0,-12650000000.0,1.085,3.83,28436000000.0,6647000000.0,21789000000.0,28436000000.0,7494000000.0,5095000000.0,0.0,0.036,0.504,-11057000000.0,-5962000000.0,-0.05,-5962000000.0,-11057000000.0,-11933000000.0,-6.41,-6.41,-6.41,22436000000.0,33621750000.0,22436000000.0,47466333091.0,-4.0,-7.961,7482000000.0,3.79,1.0,27972000000.0,0.232,35584000000.0,876000000.0,43653000000.0,48521500000.0,6317000000.0,13845000000.0,3252000000.0,10593000000.0,85935000000.0,46666000000.0,39269000000.0,27231333091.0,3258000000.0,-54000000.0,-903000000.0,-1954000000.0,-1015000000.0,-3860000000.0,-3453000000.0,-310000000.0,10571000000.0,0.0,-12650000000.0,-12650000000.0,-12650000000.0,0.0,0.0,-0.105,39029000000.0,-11057000000.0,13350000000.0,-0.079,1.214,-2.153,-2.161,11954000000.0,0.0,13.85,0.226,0.227,16407000000.0,21521000000.0,120357000000.0,120357000000.0,3399000000.0,-0.105,-0.376,-0.228,-0.092,623000000.0,13500000000.0,1.0,1966161234.0,1974000000.0,1974000000.0,60.971,73184000000.0,0.0,717000000.0,846000000.0,37.074,3971000000.0
9,HPQ,MRY,2011-12-31,2011-10-31,2011-10-31,2021-09-07,-3498000000.0,129517000000.0,124873500000.0,51021000000.0,78496000000.0,1.019,18.446,-3540000000.0,8043000000.0,8043000000.0,97418000000.0,7074000000.0,1.011,2.343,30634000000.0,8083000000.0,22551000000.0,30634000000.0,7449000000.0,4984000000.0,0.0,0.015,0.4,9677000000.0,14661000000.0,0.115,14661000000.0,9677000000.0,8982000000.0,3.38,3.32,3.38,38625000000.0,40019250000.0,38625000000.0,65616196819.0,7.0,4.476,9099000000.0,4.345,1.0,29827000000.0,0.234,55449000000.0,695000000.0,46217000000.0,42097000000.0,7490000000.0,13917000000.0,3162000000.0,10755000000.0,90513000000.0,50442000000.0,40071000000.0,52873196819.0,-2886000000.0,-10391000000.0,-9221000000.0,8336000000.0,-844000000.0,-1566000000.0,-13959000000.0,-28000000.0,12639000000.0,0.0,7074000000.0,7074000000.0,7074000000.0,0.0,0.0,0.056,20150000000.0,9677000000.0,14750000000.0,0.118,1.369,7.474,7.873,12292000000.0,0.0,26.61,0.416,0.438,18224000000.0,35266000000.0,127245000000.0,127245000000.0,3254000000.0,0.057,0.177,0.23,0.076,522000000.0,13577000000.0,1.0,1986967186.0,2094000000.0,2128000000.0,60.766,74068000000.0,0.0,1908000000.0,1048000000.0,35.372,579000000.0
10,HPQ,MRY,2010-12-31,2010-10-31,2010-10-31,2021-09-07,-3837000000.0,124503000000.0,118533000000.0,54184000000.0,70319000000.0,1.063,17.442,-3531000000.0,10929000000.0,10929000000.0,95852000000.0,8761000000.0,1.097,2.07,22304000000.0,7046000000.0,15258000000.0,22304000000.0,6727000000.0,4820000000.0,0.0,0.008,0.32,11479000000.0,16299000000.0,0.129,16299000000.0,11479000000.0,10974000000.0,3.78,3.69,3.78,40449000000.0,42030750000.0,40449000000.0,100663901973.0,9.0,6.176,8391000000.0,3.618,1.0,30181000000.0,0.239,46331000000.0,505000000.0,40144000000.0,36341250000.0,6466000000.0,15211000000.0,2986000000.0,12225000000.0,83722000000.0,49403000000.0,34319000000.0,95335901973.0,-2350000000.0,-7977000000.0,-8425000000.0,5989000000.0,-771000000.0,-2913000000.0,-11359000000.0,149000000.0,11922000000.0,0.0,8761000000.0,8761000000.0,8761000000.0,0.0,0.0,0.07,18702000000.0,11479000000.0,14365000000.0,0.085,2.357,10.882,11.122,11763000000.0,0.0,42.04,0.756,0.774,18481000000.0,32695000000.0,126033000000.0,126033000000.0,2959000000.0,0.074,0.208,0.316,0.091,374000000.0,12822000000.0,1.0,2267742673.0,2319000000.0,2372000000.0,54.348,78172000000.0,0.0,2213000000.0,802000000.0,33.709,4781000000.0
11,HPQ,MRY,2009-12-31,2009-10-31,2009-10-31,2021-09-07,-3247000000.0,114799000000.0,111005000000.0,52539000000.0,62260000000.0,1.032,16.967,-3200000000.0,13279000000.0,13279000000.0,87489000000.0,7660000000.0,1.222,1.827,15830000000.0,1850000000.0,13980000000.0,15830000000.0,6182000000.0,4780000000.0,0.0,0.007,0.32,10136000000.0,14916000000.0,0.13,14916000000.0,10136000000.0,9415000000.0,3.21,3.14,3.21,40517000000.0,40545250000.0,40517000000.0,116189882487.0,11.0,7.79,10179000000.0,4.263,1.0,27063000000.0,0.236,39709000000.0,721000000.0,34638000000.0,33019250000.0,6128000000.0,14019000000.0,2730000000.0,11289000000.0,74035000000.0,43003000000.0,31032000000.0,112530882487.0,3126000000.0,-391000000.0,-3303000000.0,-2766000000.0,-766000000.0,-6673000000.0,-3580000000.0,11000000.0,13379000000.0,0.0,7660000000.0,7660000000.0,7660000000.0,0.0,0.0,0.067,16927000000.0,10136000000.0,14809000000.0,0.1,2.777,14.691,14.785,11262000000.0,0.0,47.46,0.982,0.989,16537000000.0,29936000000.0,114552000000.0,114552000000.0,2819000000.0,0.069,0.189,0.307,0.088,473000000.0,11648000000.0,1.0,2371067899.0,2388000000.0,2437000000.0,47.97,75090000000.0,0.0,1755000000.0,910000000.0,31.445,9536000000.0
12,HPQ,MRY,2008-12-31,2008-10-31,2008-10-31,2021-09-07,-65000000.0,113331000000.0,97400250000.0,51728000000.0,61603000000.0,1.215,15.683,-2565000000.0,10153000000.0,10153000000.0,89699000000.0,8329000000.0,0.977,1.91,17852000000.0,10176000000.0,7676000000.0,17852000000.0,6287000000.0,3401000000.0,0.0,0.008,0.32,10473000000.0,13874000000.0,0.117,13874000000.0,10473000000.0,10473000000.0,3.35,3.25,3.35,38942000000.0,38383500000.0,38942000000.0,89187690708.0,9.0,6.428,12026000000.0,4.843,1.0,28665000000.0,0.242,40297000000.0,0.0,27794000000.0,24770750000.0,7879000000.0,12875000000.0,2407000000.0,10468000000.0,74389000000.0,52939000000.0,21450000000.0,93751690708.0,-1140000000.0,-11248000000.0,-7810000000.0,6293000000.0,-796000000.0,-2020000000.0,-13711000000.0,102000000.0,14591000000.0,0.0,8329000000.0,8329000000.0,8329000000.0,0.0,0.0,0.07,18192000000.0,10473000000.0,14917000000.0,0.096,2.407,11.256,11.427,10838000000.0,0.0,38.28,0.792,0.803,16928000000.0,24971000000.0,118364000000.0,118364000000.0,3543000000.0,0.086,0.217,0.423,0.088,313000000.0,13326000000.0,1.0,2449103728.0,2483000000.0,2567000000.0,47.67,73034000000.0,0.0,2144000000.0,869000000.0,29.414,-1211000000.0
13,HPQ,MRY,2007-12-31,2007-10-31,2007-10-31,2021-09-07,559000000.0,88699000000.0,84641750000.0,47402000000.0,41297000000.0,1.232,14.649,-2472000000.0,11293000000.0,11293000000.0,78683000000.0,7264000000.0,1.207,1.302,8183000000.0,3186000000.0,4997000000.0,8183000000.0,5025000000.0,2705000000.0,0.0,0.006,0.32,8719000000.0,11424000000.0,0.11,11424000000.0,8719000000.0,9177000000.0,2.76,2.68,2.76,38526000000.0,37498000000.0,38526000000.0,129396221266.0,15.0,11.327,7143000000.0,2.716,1.0,25603000000.0,0.246,25852000000.0,-458000000.0,20477000000.0,18987000000.0,8033000000.0,10306000000.0,2659000000.0,7647000000.0,50173000000.0,39260000000.0,10913000000.0,133234221266.0,-5107000000.0,-6793000000.0,-7784000000.0,2550000000.0,-846000000.0,-5599000000.0,-9123000000.0,142000000.0,9615000000.0,0.0,7264000000.0,7264000000.0,7264000000.0,0.0,0.0,0.07,16884000000.0,8719000000.0,11787000000.0,0.116,3.458,18.342,18.725,7798000000.0,0.0,51.68,1.278,1.303,13420000000.0,21560000000.0,104286000000.0,104286000000.0,3801000000.0,0.086,0.194,0.459,0.084,148000000.0,12430000000.0,1.0,2578061557.0,2630000000.0,2716000000.0,39.652,62847000000.0,0.0,1913000000.0,1891000000.0,23.896,8142000000.0
14,HPQ,MRY,2006-12-31,2006-10-31,2006-10-31,2021-09-07,18000000.0,81981000000.0,78192250000.0,48264000000.0,33717000000.0,1.172,13.711,-1980000000.0,16400000000.0,16400000000.0,69427000000.0,6198000000.0,1.346,1.149,5195000000.0,2705000000.0,2490000000.0,5195000000.0,4309000000.0,2353000000.0,0.0,0.008,0.32,7822000000.0,10175000000.0,0.111,10175000000.0,7822000000.0,7191000000.0,2.23,2.18,2.23,38144000000.0,36838000000.0,38144000000.0,96893232378.0,12.0,9.523,9373000000.0,3.369,1.0,22231000000.0,0.243,20205000000.0,631000000.0,14721000000.0,15232250000.0,7750000000.0,9111000000.0,2462000000.0,6649000000.0,43837000000.0,35850000000.0,7987000000.0,106107232378.0,2489000000.0,-855000000.0,-5241000000.0,-193000000.0,-894000000.0,-6077000000.0,-2787000000.0,48000000.0,11353000000.0,0.0,6198000000.0,6198000000.0,6198000000.0,0.0,0.0,0.068,15671000000.0,6560000000.0,12102000000.0,0.143,2.782,17.12,17.372,6863000000.0,0.0,38.74,1.158,1.176,10873000000.0,20729000000.0,91658000000.0,91658000000.0,3643000000.0,0.079,0.168,0.514,0.085,285000000.0,11266000000.0,1.0,2738957986.0,2782000000.0,2852000000.0,32.947,61776000000.0,0.0,993000000.0,1905000000.0,22.206,12414000000.0
15,HPQ,MRY,2005-12-31,2005-10-31,2005-10-31,2021-09-07,-21000000.0,77317000000.0,76056000000.0,43334000000.0,33983000000.0,1.14,12.913,-1453000000.0,13911000000.0,13911000000.0,66440000000.0,2398000000.0,1.377,1.08,5223000000.0,1831000000.0,3392000000.0,5223000000.0,3815000000.0,2344000000.0,0.0,0.011,0.32,3626000000.0,5970000000.0,0.069,5970000000.0,3626000000.0,3543000000.0,0.83,0.82,0.83,37176000000.0,37615250000.0,37176000000.0,71661320525.0,20.0,12.004,6575000000.0,2.284,1.0,20256000000.0,0.234,20030000000.0,83000000.0,17139000000.0,19342250000.0,6877000000.0,10071000000.0,2569000000.0,7502000000.0,40141000000.0,31460000000.0,8681000000.0,80334320525.0,1248000000.0,-641000000.0,-2353000000.0,-1744000000.0,-926000000.0,-5023000000.0,-1757000000.0,337000000.0,8028000000.0,0.0,2398000000.0,2398000000.0,2398000000.0,0.0,0.0,0.028,16783000000.0,3473000000.0,10223000000.0,0.386,2.161,33.501,33.783,6451000000.0,0.0,28.04,0.927,0.931,9903000000.0,16679000000.0,86696000000.0,86696000000.0,3492000000.0,0.032,0.064,0.187,0.042,104000000.0,11184000000.0,1.0,2864990033.0,2879000000.0,2909000000.0,30.113,57287000000.0,0.0,1145000000.0,2367000000.0,19.898,11874000000.0
16,HPQ,MRY,2004-12-31,2004-10-31,2004-10-31,2021-09-07,-243000000.0,76138000000.0,74687750000.0,42901000000.0,33237000000.0,1.07,12.422,-1679000000.0,12663000000.0,12663000000.0,60811000000.0,3497000000.0,1.501,1.027,7134000000.0,2511000000.0,4623000000.0,7134000000.0,2958000000.0,2395000000.0,0.0,0.013,0.24,4231000000.0,6626000000.0,0.083,6626000000.0,4231000000.0,4196000000.0,1.16,1.15,1.16,37564000000.0,38347750000.0,37564000000.0,49485315340.0,12.0,7.468,3409000000.0,1.127,1.0,19094000000.0,0.239,19931000000.0,35000000.0,22090000000.0,22013000000.0,7071000000.0,9913000000.0,3256000000.0,6657000000.0,38574000000.0,28588000000.0,9986000000.0,56351315340.0,-1525000000.0,-1124000000.0,-2739000000.0,-448000000.0,-972000000.0,-4159000000.0,-2454000000.0,349000000.0,5088000000.0,0.0,3497000000.0,3497000000.0,3497000000.0,0.0,0.0,0.044,14937000000.0,4157000000.0,9377000000.0,0.207,1.5,16.114,16.086,6649000000.0,0.0,18.66,0.705,0.706,10226000000.0,15649000000.0,79905000000.0,79905000000.0,3600000000.0,0.047,0.091,0.192,0.053,48000000.0,10496000000.0,1.0,3019899000.0,3024000000.0,3055000000.0,26.424,56207000000.0,0.0,699000000.0,1709000000.0,18.587,14313000000.0
17,HPQ,MRY,2003-12-31,2003-10-31,2003-10-31,2021-09-07,-203000000.0,74716000000.0,72796750000.0,40954000000.0,33762000000.0,1.004,12.388,-1642000000.0,14188000000.0,14188000000.0,54393000000.0,2539000000.0,1.608,0.979,7574000000.0,1080000000.0,6494000000.0,7574000000.0,2496000000.0,2527000000.0,0.0,0.014,0.32,2909000000.0,5436000000.0,0.074,5436000000.0,2909000000.0,2888000000.0,0.83,0.83,0.83,37746000000.0,36993250000.0,37746000000.0,62901313400.0,22.0,11.571,4415000000.0,1.449,1.0,18668000000.0,0.256,19250000000.0,21000000.0,23383000000.0,23311500000.0,6065000000.0,11459000000.0,3429000000.0,8030000000.0,36970000000.0,25469000000.0,11501000000.0,68026313400.0,2996000000.0,-149000000.0,-269000000.0,-303000000.0,-977000000.0,-1549000000.0,-1512000000.0,279000000.0,6057000000.0,0.0,2539000000.0,2539000000.0,2539000000.0,0.0,0.0,0.035,15772000000.0,2896000000.0,9285000000.0,0.386,1.802,26.793,26.88,6482000000.0,0.0,22.31,0.931,0.93,8921000000.0,13332000000.0,73061000000.0,73061000000.0,3687000000.0,0.035,0.069,0.125,0.04,0.0,10442000000.0,1.0,3049140000.0,3047000000.0,3063000000.0,23.978,55466000000.0,0.0,349000000.0,1599000000.0,18.203,15485000000.0
18,HPQ,MRY,2002-12-31,2002-10-31,2002-10-31,2021-09-07,-401000000.0,70710000000.0,52372500000.0,36075000000.0,34635000000.0,1.08,14.511,-1348000000.0,11192000000.0,11192000000.0,41793000000.0,-903000000.0,1.484,0.95,7828000000.0,1793000000.0,6035000000.0,7828000000.0,3260000000.0,2119000000.0,0.0,0.019,0.3,-969000000.0,1150000000.0,0.02,1150000000.0,-969000000.0,-1021000000.0,-0.36,-0.36,-0.36,36262000000.0,25444000000.0,36262000000.0,45512162800.0,-47.0,39.576,4096000000.0,1.639,1.0,14795000000.0,0.261,19953000000.0,52000000.0,23083000000.0,20650250000.0,5797000000.0,7995000000.0,237000000.0,7758000000.0,34448000000.0,24310000000.0,10138000000.0,48213162800.0,6995000000.0,3557000000.0,-294000000.0,-472000000.0,-801000000.0,-1567000000.0,3118000000.0,909000000.0,5444000000.0,0.0,-903000000.0,-903000000.0,-903000000.0,0.0,0.0,-0.016,15793000000.0,-998000000.0,7012000000.0,-0.833,1.33,-53.392,-43.889,6924000000.0,0.0,15.8,0.852,0.698,11909000000.0,11973000000.0,56588000000.0,56588000000.0,4161000000.0,-0.017,-0.035,-0.047,-0.017,0.0,8763000000.0,1.0,3051466000.0,2499000000.0,2499000000.0,22.644,50757000000.0,0.0,-118000000.0,1529000000.0,20.311,11765000000.0
19,HPQ,MRY,2001-12-31,2001-10-31,2001-10-31,2021-09-07,41000000.0,32584000000.0,32980500000.0,21305000000.0,11279000000.0,1.371,7.207,-1092000000.0,4197000000.0,4197000000.0,33748000000.0,408000000.0,1.526,1.335,5451000000.0,1722000000.0,3729000000.0,5451000000.0,1867000000.0,1369000000.0,0.0,0.025,0.42,690000000.0,2059000000.0,0.046,2059000000.0,690000000.0,519000000.0,0.21,0.21,0.21,13953000000.0,14013750000.0,13953000000.0,35446653653.0,51.0,17.215,1481000000.0,0.765,1.0,11478000000.0,0.254,756000000.0,171000000.0,19118000000.0,20482500000.0,5204000000.0,6265000000.0,139000000.0,6126000000.0,18631000000.0,13964000000.0,4667000000.0,32650653653.0,782000000.0,223000000.0,-886000000.0,277000000.0,-621000000.0,-1230000000.0,-561000000.0,308000000.0,2573000000.0,0.0,408000000.0,408000000.0,408000000.0,0.0,0.0,0.009,10439000000.0,1039000000.0,3791000000.0,2.0,2.34,80.026,80.143,4397000000.0,0.0,16.83,0.722,0.72,6671000000.0,13693000000.0,45226000000.0,45226000000.0,2788000000.0,0.012,0.029,0.034,0.015,16000000.0,6668000000.0,1.0,1940026955.0,1936000000.0,1974000000.0,23.361,31828000000.0,0.0,111000000.0,1818000000.0,16.44,7341000000.0
20,HPQ,MRY,2000-12-31,2000-10-31,2000-10-31,2021-09-07,93000000.0,34009000000.0,33621250000.0,23244000000.0,10765000000.0,1.454,7.18,-1322000000.0,3415000000.0,3415000000.0,35046000000.0,3697000000.0,1.53,1.393,4957000000.0,1555000000.0,3402000000.0,4957000000.0,1759000000.0,1241000000.0,0.0,0.002,0.08,5117000000.0,6358000000.0,0.13,6358000000.0,5117000000.0,4761000000.0,1.87,1.8,1.87,14209000000.0,16893750000.0,14209000000.0,92150000000.0,18.0,14.494,2388000000.0,1.207,1.0,13824000000.0,0.283,0.0,356000000.0,20354000000.0,20241500000.0,5699000000.0,6857000000.0,592000000.0,6265000000.0,19800000000.0,15197000000.0,4603000000.0,91977000000.0,-1996000000.0,448000000.0,-4822000000.0,165000000.0,-638000000.0,-5295000000.0,-1376000000.0,-372000000.0,3710000000.0,0.0,3697000000.0,3697000000.0,3697000000.0,-136000000.0,0.0,0.076,9799000000.0,4025000000.0,5049000000.0,0.043,6.473,24.879,24.866,4500000000.0,0.0,46.5,1.882,1.883,8568000000.0,14097000000.0,48870000000.0,48870000000.0,2627000000.0,0.11,0.219,0.253,0.105,495000000.0,6984000000.0,1.0,1978000000.0,1979000000.0,2077000000.0,24.694,34009000000.0,0.0,1064000000.0,2046000000.0,17.185,8047000000.0
21,HPQ,MRY,1999-12-31,1999-10-31,1999-10-31,2021-09-07,0.0,35297000000.0,34063500000.0,21642000000.0,13655000000.0,1.244,9.066,-592000000.0,5411000000.0,5411000000.0,29888000000.0,3491000000.0,1.511,0.929,4869000000.0,3105000000.0,1764000000.0,4869000000.0,1437000000.0,1146000000.0,0.0,0.0,0.0,4926000000.0,6072000000.0,0.143,6072000000.0,4926000000.0,4581000000.0,1.73,1.67,1.73,18295000000.0,18253000000.0,18295000000.0,73737610000.0,15.0,12.144,2504000000.0,1.241,1.0,12483000000.0,0.295,0.0,345000000.0,20434000000.0,19841000000.0,4863000000.0,5968000000.0,179000000.0,5789000000.0,17002000000.0,14321000000.0,2681000000.0,75599610000.0,1365000000.0,-131000000.0,-1983000000.0,1592000000.0,-650000000.0,-1041000000.0,-628000000.0,48000000.0,3096000000.0,0.0,3491000000.0,3491000000.0,3491000000.0,-387000000.0,0.0,0.082,8665000000.0,3818000000.0,3517000000.0,0.0,4.132,21.656,21.442,4333000000.0,0.0,37.095,1.784,1.767,7847000000.0,18275000000.0,42371000000.0,42371000000.0,2440000000.0,0.102,0.191,0.248,0.116,289000000.0,6225000000.0,1.0,2038000000.0,2018000000.0,2105000000.0,20.997,35297000000.0,0.0,1090000000.0,2152000000.0,17.491,7321000000.0
22,HPQ,MRY,1998-12-31,1998-10-31,1998-10-31,2021-09-07,0.0,31708000000.0,32624250000.0,18507000000.0,13201000000.0,1.208,8.181,-1324000000.0,4046000000.0,4046000000.0,27790000000.0,2945000000.0,1.559,0.874,3308000000.0,1245000000.0,2063000000.0,3308000000.0,1248000000.0,1377000000.0,0.0,0.0,0.0,4196000000.0,5573000000.0,0.141,5573000000.0,4196000000.0,3961000000.0,1.42,1.39,1.42,16919000000.0,16959500000.0,16919000000.0,61631000000.0,15.0,11.059,3436000000.0,1.662,1.0,11629000000.0,0.295,0.0,235000000.0,19096000000.0,20248000000.0,4699000000.0,6755000000.0,1515000000.0,5240000000.0,14789000000.0,11874000000.0,2915000000.0,62660000000.0,974000000.0,89000000.0,-1957000000.0,-1084000000.0,-625000000.0,-3666000000.0,-608000000.0,775000000.0,4760000000.0,0.0,2945000000.0,2945000000.0,2945000000.0,-267000000.0,0.0,0.075,8230000000.0,3399000000.0,2768000000.0,0.0,3.704,21.277,21.215,4877000000.0,0.0,30.125,1.59,1.58,5104000000.0,16909000000.0,39419000000.0,39419000000.0,2380000000.0,0.09,0.174,0.207,0.106,157000000.0,5850000000.0,1.0,2080000000.0,2068000000.0,2144000000.0,19.061,31708000000.0,0.0,1016000000.0,2796000000.0,15.333,6633000000.0
23,HPQ,MRY,1997-12-31,1997-10-31,1997-10-31,2021-09-07,0.0,31749000000.0,28808000000.0,20947000000.0,10802000000.0,1.231,7.873,-1514000000.0,3072000000.0,3072000000.0,24524000000.0,3119000000.0,1.867,0.965,4384000000.0,1226000000.0,3158000000.0,4384000000.0,1152000000.0,1144000000.0,0.0,0.0,0.0,4387000000.0,5531000000.0,0.156,5531000000.0,4387000000.0,4172000000.0,1.52,1.475,1.52,16155000000.0,15069750000.0,16155000000.0,64250200000.0,15.0,11.616,1872000000.0,0.912,1.0,10941000000.0,0.309,0.0,215000000.0,21842000000.0,19179250000.0,6763000000.0,7110000000.0,2620000000.0,4490000000.0,15594000000.0,11219000000.0,4375000000.0,64095200000.0,187000000.0,0.0,-305000000.0,-285000000.0,-532000000.0,-1122000000.0,-2572000000.0,-1055000000.0,3386000000.0,0.0,3119000000.0,3119000000.0,3119000000.0,-604000000.0,0.0,0.088,7536000000.0,3405000000.0,3185000000.0,0.0,3.968,20.55,20.273,6312000000.0,0.0,30.815,1.807,1.783,6142000000.0,14968000000.0,35465000000.0,35465000000.0,2191000000.0,0.108,0.207,0.229,0.124,0.0,5345000000.0,1.0,2080000000.0,2052000000.0,2114000000.0,17.283,31749000000.0,0.0,1053000000.0,1515000000.0,15.472,9728000000.0
24,HPQ,MRY,1996-12-31,1996-10-31,1996-10-31,2021-09-07,0.0,27699000000.0,26923500000.0,17991000000.0,9708000000.0,1.427,6.594,-1885000000.0,2885000000.0,2885000000.0,25499000000.0,2586000000.0,1.694,1.061,4704000000.0,2125000000.0,2579000000.0,4704000000.0,951000000.0,1297000000.0,0.0,0.0,0.0,4021000000.0,5318000000.0,0.138,5318000000.0,4021000000.0,3694000000.0,1.27,1.23,1.27,13438000000.0,12892750000.0,13438000000.0,48419400000.0,12.0,9.105,1571000000.0,0.771,1.0,12921000000.0,0.336,0.0,327000000.0,18895000000.0,18155000000.0,6401000000.0,4614000000.0,442000000.0,4172000000.0,14261000000.0,10623000000.0,3638000000.0,45002400000.0,912000000.0,0.0,-726000000.0,811000000.0,-450000000.0,-369000000.0,-2175000000.0,-312000000.0,3456000000.0,0.0,2586000000.0,2586000000.0,2586000000.0,0.0,0.0,0.067,9195000000.0,3726000000.0,2375000000.0,0.0,3.349,17.402,17.37,5536000000.0,0.0,22.06,1.171,1.17,7126000000.0,12424000000.0,38420000000.0,38420000000.0,2718000000.0,0.096,0.201,0.221,0.105,0.0,6477000000.0,1.0,2040000000.0,2038000000.0,2104000000.0,18.852,27699000000.0,0.0,1108000000.0,1514000000.0,13.591,7368000000.0
25,HPQ,MRY,1995-12-31,1995-10-31,1995-10-31,2021-09-07,0.0,24427000000.0,22138000000.0,16239000000.0,8188000000.0,1.424,5.627,-1307000000.0,1973000000.0,1973000000.0,20014000000.0,2433000000.0,1.484,1.063,3877000000.0,3214000000.0,663000000.0,3877000000.0,782000000.0,1139000000.0,0.0,0.0,0.0,3838000000.0,4977000000.0,0.158,4977000000.0,3838000000.0,3632000000.0,1.155,1.155,1.155,11839000000.0,11112750000.0,11839000000.0,48723916000.0,13.0,9.79,306000000.0,0.145,1.0,11505000000.0,0.365,0.0,206000000.0,15387000000.0,14096500000.0,6013000000.0,4120000000.0,643000000.0,3477000000.0,12588000000.0,10944000000.0,1644000000.0,47402916000.0,616000000.0,0.0,-325000000.0,857000000.0,-358000000.0,178000000.0,-1175000000.0,170000000.0,1613000000.0,0.0,2433000000.0,2433000000.0,2433000000.0,0.0,0.0,0.077,7937000000.0,3568000000.0,2422000000.0,0.0,4.004,19.483,20.048,4711000000.0,0.0,23.155,1.504,1.546,6735000000.0,10458000000.0,31519000000.0,31519000000.0,2302000000.0,0.11,0.219,0.272,0.122,0.0,5635000000.0,1.0,2047200000.0,2104000000.0,2104000000.0,14.981,24427000000.0,0.0,1199000000.0,1494000000.0,11.61,5295000000.0
26,HPQ,MRY,1994-12-31,1994-10-31,1994-10-31,2021-09-07,0.0,19567000000.0,18305250000.0,12509000000.0,7058000000.0,1.365,4.768,-966000000.0,1357000000.0,1357000000.0,15490000000.0,1599000000.0,1.52,0.971,3016000000.0,2469000000.0,547000000.0,3016000000.0,598000000.0,1006000000.0,0.0,0.0,0.0,2578000000.0,3584000000.0,0.143,3584000000.0,2578000000.0,2423000000.0,0.77,0.77,0.77,9926000000.0,9337000000.0,9926000000.0,26384096000.0,10.0,7.362,1258000000.0,0.604,1.0,9501000000.0,0.38,0.0,155000000.0,12996000000.0,12294750000.0,4273000000.0,3851000000.0,1121000000.0,2730000000.0,9641000000.0,8230000000.0,1411000000.0,24881096000.0,468000000.0,-62000000.0,-25000000.0,155000000.0,-280000000.0,-146000000.0,-1610000000.0,-651000000.0,2224000000.0,0.0,1599000000.0,1599000000.0,1599000000.0,0.0,0.0,0.064,6952000000.0,2549000000.0,1466000000.0,0.0,2.507,15.56,15.89,4328000000.0,0.0,12.235,0.996,1.019,5028000000.0,8893000000.0,24991000000.0,24991000000.0,2027000000.0,0.087,0.171,0.21,0.103,0.0,4925000000.0,1.0,2033600000.0,2082000000.0,2082000000.0,12.003,19567000000.0,0.0,824000000.0,1245000000.0,9.398,4279000000.0
27,HPQ,MRY,1993-12-31,1993-10-31,1993-10-31,2021-09-07,0.0,16736000000.0,15218000000.0,10236000000.0,6500000000.0,1.335,4.205,-1190000000.0,889000000.0,889000000.0,12123000000.0,1177000000.0,1.49,0.966,2857000000.0,2190000000.0,667000000.0,2857000000.0,507000000.0,846000000.0,0.0,0.0,0.0,1904000000.0,2750000000.0,0.135,2750000000.0,1904000000.0,1783000000.0,0.583,0.583,0.583,8511000000.0,8005000000.0,8511000000.0,,,,-48000000.0,-0.024,1.0,8194000000.0,0.403,0.0,121000000.0,11836000000.0,10805000000.0,3691000000.0,755000000.0,755000000.0,0.0,8225000000.0,6868000000.0,1357000000.0,18632602929.0,248000000.0,-86000000.0,-6000000.0,966000000.0,-228000000.0,710000000.0,-1604000000.0,-351000000.0,1142000000.0,0.0,1177000000.0,1177000000.0,1177000000.0,0.0,0.0,0.058,6315000000.0,1879000000.0,1223000000.0,0.0,2.189,15.831,15.785,4180000000.0,0.0,9.203,0.917,0.917,4208000000.0,7574000000.0,20317000000.0,20317000000.0,1761000000.0,0.077,0.147,0.176,0.094,0.0,4554000000.0,1.0,2024732728.0,2024000000.0,2024000000.0,10.038,16736000000.0,0.0,606000000.0,922000000.0,8.269,3368000000.0
28,HPQ,MRY,1992-12-31,1992-10-31,1992-10-31,2021-09-07,0.0,13700000000.0,,7679000000.0,6021000000.0,,,-849000000.0,641000000.0,641000000.0,9158000000.0,549000000.0,1.507,0.827,1809000000.0,1384000000.0,425000000.0,1809000000.0,449000000.0,673000000.0,0.0,0.0,0.0,1089000000.0,1762000000.0,0.107,1762000000.0,1089000000.0,993000000.0,0.273,0.273,0.273,7499000000.0,,7499000000.0,,,,439000000.0,,1.0,7252000000.0,0.442,0.0,96000000.0,9774000000.0,,2605000000.0,394000000.0,394000000.0,0.0,6201000000.0,5094000000.0,1107000000.0,,16000000.0,-411000000.0,-237000000.0,416000000.0,-183000000.0,-6000000.0,-1266000000.0,52000000.0,1288000000.0,0.0,549000000.0,549000000.0,549000000.0,0.0,0.0,0.033,5848000000.0,1404000000.0,925000000.0,0.0,,,26.044,3649000000.0,0.0,7.11,,,3497000000.0,6625000000.0,16410000000.0,16410000000.0,1620000000.0,,,,0.066,0.0,4228000000.0,1.0,,,,,13700000000.0,0.0,444000000.0,539000000.0,,2585000000.0
29,HPQ,MRY,1991-12-31,1991-10-31,1991-10-31,2021-09-07,,,,,,,,-699000000.0,,,7858000000.0,755000000.0,,,,,,,,624000000.0,,0.0,0.0,1257000000.0,1881000000.0,0.13,1881000000.0,1257000000.0,1127000000.0,0.378,0.378,0.378,,,,,,,853000000.0,,1.0,6636000000.0,0.458,,130000000.0,,,,,,,,,,,-452000000.0,0.0,172000000.0,-647000000.0,-120000000.0,-590000000.0,-1414000000.0,-715000000.0,1552000000.0,0.0,755000000.0,755000000.0,755000000.0,0.0,0.0,0.052,5426000000.0,1210000000.0,,0.0,,,16.66,,0.0,6.298,,,,,14494000000.0,14494000000.0,1463000000.0,,,,0.087,0.0,3963000000.0,1.0,,,,,,,372000000.0,,,
0,HPQ,MRQ,2021-06-30,2021-07-31,2021-07-31,2021-09-07,-1133000000.0,35523000000.0,,20603000000.0,14920000000.0,,-3.327,-158000000.0,3439000000.0,3439000000.0,11901000000.0,1108000000.0,0.745,-10.011,7112000000.0,214000000.0,6898000000.0,7112000000.0,0.0,196000000.0,0.0,0.026,0.194,1381000000.0,1577000000.0,0.103,1577000000.0,1381000000.0,1326000000.0,0.94,0.92,0.94,-3942000000.0,,-3942000000.0,37395246227.0,7.0,6.407,935000000.0,0.789,1.0,3388000000.0,0.222,6628000000.0,55000000.0,4901000000.0,,8165000000.0,0.0,0.0,0.0,39465000000.0,27667000000.0,11798000000.0,34680246227.0,15000000.0,-412000000.0,-1499000000.0,948000000.0,-230000000.0,-781000000.0,-297000000.0,-2000000.0,1093000000.0,0.0,1108000000.0,1108000000.0,1108000000.0,0.0,0.0,0.072,2007000000.0,1381000000.0,15898000000.0,0.206,-8.798,8.517,8.856,2500000000.0,0.0,28.87,0.559,0.551,4908000000.0,-3871000000.0,15289000000.0,15289000000.0,477000000.0,,,,,69000000.0,1408000000.0,1.0,1201255498.0,1185000000.0,1199000000.0,12.902,28895000000.0,0.0,218000000.0,0.0,24.384,-7064000000.0
1,HPQ,MRQ,2021-03-31,2021-04-30,2021-04-30,2021-09-07,-1320000000.0,34549000000.0,,20091000000.0,14458000000.0,,-2.723,-121000000.0,3424000000.0,3424000000.0,12437000000.0,1228000000.0,0.717,-11.282,6139000000.0,1222000000.0,4917000000.0,6139000000.0,0.0,186000000.0,0.0,0.022,0.194,1362000000.0,1548000000.0,0.097,1548000000.0,1362000000.0,1336000000.0,1.0,0.98,1.0,-3360000000.0,,-3360000000.0,44740893194.0,10.0,8.545,1325000000.0,1.074,1.0,3440000000.0,0.217,6524000000.0,26000000.0,2711000000.0,,7502000000.0,0.0,0.0,0.0,37909000000.0,28029000000.0,9880000000.0,42723893194.0,-736000000.0,-170000000.0,-1607000000.0,-24000000.0,-239000000.0,-1870000000.0,-312000000.0,-12000000.0,1446000000.0,0.0,1228000000.0,1228000000.0,1228000000.0,0.0,0.0,0.077,2078000000.0,1362000000.0,15228000000.0,0.194,-12.715,11.553,12.011,2538000000.0,0.0,34.11,0.7,0.689,4990000000.0,-3070000000.0,15877000000.0,15877000000.0,514000000.0,,,,,76000000.0,1483000000.0,1.0,1252532782.0,1234000000.0,1247000000.0,12.866,28025000000.0,0.0,108000000.0,0.0,22.711,-7938000000.0
2,HPQ,MRQ,2020-12-31,2021-01-31,2021-01-31,2021-09-07,-1473000000.0,34737000000.0,,20438000000.0,14299000000.0,,-2.518,-131000000.0,4160000000.0,4160000000.0,12322000000.0,1068000000.0,0.733,-11.738,6177000000.0,1238000000.0,4939000000.0,6177000000.0,0.0,203000000.0,0.0,0.03,0.194,1321000000.0,1524000000.0,0.097,1524000000.0,1321000000.0,1296000000.0,0.83,0.83,0.83,-3235000000.0,,-3235000000.0,32742747834.0,8.0,6.949,891000000.0,0.693,1.0,3324000000.0,0.212,6404000000.0,25000000.0,2470000000.0,,6668000000.0,0.0,0.0,0.0,37972000000.0,27880000000.0,10092000000.0,31389747834.0,-704000000.0,0.0,-1431000000.0,-42000000.0,-250000000.0,-1723000000.0,-3000000.0,273000000.0,1022000000.0,0.0,1068000000.0,1068000000.0,1068000000.0,0.0,0.0,0.068,2003000000.0,1321000000.0,14960000000.0,0.234,-9.703,9.706,10.27,2546000000.0,0.0,24.34,0.544,0.542,5273000000.0,-2759000000.0,15646000000.0,15646000000.0,471000000.0,,,,,115000000.0,1376000000.0,1.0,1289636312.0,1285000000.0,1293000000.0,12.176,28333000000.0,0.0,228000000.0,0.0,22.049,-7442000000.0
3,HPQ,MRQ,2020-09-30,2020-10-31,2020-10-31,2021-09-07,-1243000000.0,34681000000.0,,20648000000.0,14033000000.0,,-1.654,-116000000.0,4864000000.0,4864000000.0,12579000000.0,668000000.0,0.787,-16.566,6217000000.0,674000000.0,5543000000.0,6217000000.0,0.0,196000000.0,0.0,0.039,0.176,992000000.0,1188000000.0,0.078,1188000000.0,992000000.0,776000000.0,0.49,0.49,0.49,-2228000000.0,,-2228000000.0,26246001361.0,8.0,6.174,1758000000.0,1.305,1.0,2679000000.0,0.176,6380000000.0,216000000.0,3434000000.0,,5963000000.0,0.0,0.0,0.0,36909000000.0,26220000000.0,10689000000.0,24668001361.0,185000000.0,0.0,-1343000000.0,-23000000.0,-238000000.0,-1604000000.0,-85000000.0,-46000000.0,1874000000.0,0.0,668000000.0,668000000.0,668000000.0,0.0,0.0,0.044,1687000000.0,992000000.0,14704000000.0,0.359,-11.072,8.674,8.935,2627000000.0,0.0,17.96,0.436,0.448,5381000000.0,-1961000000.0,15258000000.0,15258000000.0,381000000.0,,,,,57000000.0,1244000000.0,1.0,1373496735.0,1347000000.0,1357000000.0,11.327,28301000000.0,0.0,108000000.0,0.0,21.01,-5572000000.0
4,HPQ,MRQ,2020-06-30,2020-07-31,2020-07-31,2021-09-07,-1605000000.0,34244000000.0,,20269000000.0,13975000000.0,,-1.402,-117000000.0,4679000000.0,4679000000.0,11901000000.0,734000000.0,0.81,-18.243,6257000000.0,276000000.0,5981000000.0,6257000000.0,0.0,197000000.0,0.0,0.039,0.176,779000000.0,976000000.0,0.068,976000000.0,779000000.0,751000000.0,0.52,0.52,0.52,-1986000000.0,,-1986000000.0,26576641476.0,8.0,6.31,1550000000.0,1.094,1.0,2393000000.0,0.167,6386000000.0,28000000.0,4410000000.0,,5896000000.0,0.0,0.0,0.0,36230000000.0,25026000000.0,11204000000.0,25138641476.0,625000000.0,36000000.0,-966000000.0,726000000.0,-251000000.0,-491000000.0,-551000000.0,-230000000.0,1667000000.0,0.0,734000000.0,734000000.0,734000000.0,0.0,0.0,0.051,1614000000.0,779000000.0,14276000000.0,0.338,-12.658,9.804,9.821,2658000000.0,0.0,17.58,0.443,0.439,5269000000.0,-1353000000.0,14294000000.0,14294000000.0,359000000.0,,,,,49000000.0,1156000000.0,1.0,1429956853.0,1417000000.0,1423000000.0,10.088,27858000000.0,0.0,17000000.0,0.0,19.66,-4757000000.0
5,HPQ,MRQ,2020-03-31,2020-04-30,2020-04-30,2021-09-07,-1050000000.0,33773000000.0,,19660000000.0,14113000000.0,,-0.518,-146000000.0,4054000000.0,4054000000.0,9976000000.0,764000000.0,0.778,-46.455,5492000000.0,1551000000.0,3941000000.0,5492000000.0,0.0,198000000.0,0.0,0.043,0.176,826000000.0,1024000000.0,0.082,1024000000.0,826000000.0,826000000.0,0.53,0.53,0.53,-743000000.0,,-743000000.0,22881192272.0,6.0,5.079,-656000000.0,-0.457,1.0,2493000000.0,0.2,6370000000.0,0.0,3565000000.0,,6354000000.0,0.0,0.0,0.0,34516000000.0,25276000000.0,9240000000.0,22231192272.0,-151000000.0,-36000000.0,-119000000.0,612000000.0,-252000000.0,241000000.0,118000000.0,300000000.0,-510000000.0,0.0,764000000.0,764000000.0,764000000.0,0.0,0.0,0.061,1667000000.0,826000000.0,14195000000.0,0.332,-29.921,7.388,7.529,2714000000.0,0.0,15.51,0.389,0.39,5146000000.0,-633000000.0,12469000000.0,12469000000.0,338000000.0,,,,,63000000.0,1216000000.0,1.0,1433345730.0,1435000000.0,1440000000.0,8.689,27403000000.0,0.0,62000000.0,0.0,19.096,-5616000000.0
6,HPQ,MRQ,2019-12-31,2020-01-31,2020-01-31,2021-09-07,-1208000000.0,31656000000.0,,17477000000.0,14179000000.0,,-1.124,-198000000.0,4205000000.0,4205000000.0,11746000000.0,678000000.0,0.732,-20.373,4855000000.0,923000000.0,3932000000.0,4855000000.0,0.0,198000000.0,0.0,0.031,0.176,865000000.0,1063000000.0,0.073,1063000000.0,865000000.0,878000000.0,0.47,0.46,0.47,-1634000000.0,,-1634000000.0,31581957159.0,8.0,6.881,1087000000.0,0.748,1.0,2872000000.0,0.196,6387000000.0,-13000000.0,2052000000.0,,4946000000.0,0.0,0.0,0.0,33290000000.0,23867000000.0,9423000000.0,30981957159.0,-332000000.0,0.0,-807000000.0,-56000000.0,-256000000.0,-1119000000.0,-498000000.0,-300000000.0,1285000000.0,0.0,678000000.0,678000000.0,678000000.0,0.0,0.0,0.046,2007000000.0,865000000.0,12808000000.0,0.374,-18.961,10.235,10.451,2756000000.0,0.0,21.32,0.528,0.528,4857000000.0,-1306000000.0,14618000000.0,14618000000.0,400000000.0,,,,,109000000.0,1290000000.0,1.0,1453187484.0,1454000000.0,1460000000.0,10.054,25269000000.0,0.0,200000000.0,0.0,17.379,-6390000000.0
7,HPQ,MRQ,2019-09-30,2019-10-31,2019-10-31,2021-09-07,-1225000000.0,33467000000.0,,20177000000.0,13290000000.0,,-0.808,-196000000.0,4537000000.0,4537000000.0,12483000000.0,388000000.0,0.798,-29.053,5137000000.0,357000000.0,4780000000.0,5137000000.0,0.0,205000000.0,0.0,0.037,0.16,944000000.0,1149000000.0,0.075,1149000000.0,944000000.0,492000000.0,0.27,0.27,0.27,-1193000000.0,,-1193000000.0,25879839909.0,7.0,5.6,392000000.0,0.266,1.0,2924000000.0,0.19,6372000000.0,452000000.0,2402000000.0,,5734000000.0,0.0,0.0,0.0,34660000000.0,25293000000.0,9367000000.0,25740839909.0,-382000000.0,-31000000.0,-464000000.0,-43000000.0,-236000000.0,-743000000.0,-227000000.0,0.0,588000000.0,0.0,388000000.0,388000000.0,388000000.0,0.0,0.0,0.025,1980000000.0,944000000.0,14793000000.0,0.593,-21.577,8.167,8.351,2794000000.0,0.0,17.37,0.438,0.448,6031000000.0,-818000000.0,15407000000.0,15407000000.0,389000000.0,,,,,64000000.0,1405000000.0,1.0,1481913639.0,1476000000.0,1485000000.0,10.438,27095000000.0,0.0,104000000.0,0.0,18.357,-5116000000.0
8,HPQ,MRQ,2019-06-30,2019-07-31,2019-07-31,2021-09-07,-863000000.0,32405000000.0,,19683000000.0,12722000000.0,,-0.755,-172000000.0,4919000000.0,4919000000.0,11698000000.0,1179000000.0,0.801,-29.652,5058000000.0,328000000.0,4730000000.0,5058000000.0,0.0,190000000.0,0.0,0.029,0.16,1079000000.0,1269000000.0,0.087,1269000000.0,1079000000.0,248000000.0,0.79,0.78,0.79,-1131000000.0,,-1131000000.0,33175378083.0,8.0,7.203,2171000000.0,1.448,1.0,2905000000.0,0.199,6330000000.0,831000000.0,1635000000.0,,5716000000.0,0.0,0.0,0.0,33536000000.0,24579000000.0,8957000000.0,31692378083.0,1363000000.0,-23000000.0,-591000000.0,-36000000.0,-240000000.0,-791000000.0,-189000000.0,6000000.0,2343000000.0,0.0,1179000000.0,1179000000.0,1179000000.0,0.0,0.0,0.081,1826000000.0,1079000000.0,14648000000.0,0.203,-28.022,7.519,7.679,2462000000.0,0.0,21.04,0.54,0.537,5295000000.0,-1068000000.0,14603000000.0,14603000000.0,413000000.0,,,,,60000000.0,1376000000.0,1.0,1506291734.0,1499000000.0,1508000000.0,9.742,26075000000.0,0.0,-931000000.0,144000000.0,17.395,-4896000000.0
9,HPQ,MRQ,2019-03-31,2019-04-30,2019-04-30,2021-09-07,-900000000.0,31946000000.0,,18285000000.0,13661000000.0,,-0.973,-114000000.0,3556000000.0,3556000000.0,11307000000.0,782000000.0,0.788,-22.484,5039000000.0,290000000.0,4749000000.0,5039000000.0,0.0,181000000.0,0.0,0.03,0.16,928000000.0,1109000000.0,0.079,1109000000.0,928000000.0,883000000.0,0.51,0.51,0.51,-1487000000.0,,-1487000000.0,32346463360.0,8.0,7.209,747000000.0,0.489,1.0,2729000000.0,0.194,6349000000.0,45000000.0,3877000000.0,,5394000000.0,0.0,0.0,0.0,33433000000.0,23203000000.0,10230000000.0,30710463360.0,189000000.0,0.0,-691000000.0,-39000000.0,-245000000.0,-968000000.0,296000000.0,410000000.0,861000000.0,0.0,782000000.0,782000000.0,782000000.0,0.0,0.0,0.056,1801000000.0,928000000.0,13839000000.0,0.314,-20.653,7.842,7.98,2412000000.0,0.0,19.95,0.523,0.52,5414000000.0,-1325000000.0,14036000000.0,14036000000.0,353000000.0,,,,,66000000.0,1339000000.0,1.0,1539371597.0,1529000000.0,1536000000.0,9.18,25597000000.0,0.0,101000000.0,206000000.0,16.741,-4918000000.0
10,HPQ,MRQ,2018-12-31,2019-01-31,2019-01-31,2021-09-07,-1087000000.0,32490000000.0,,18936000000.0,13554000000.0,,-1.181,-189000000.0,3367000000.0,3367000000.0,12098000000.0,803000000.0,0.783,-18.686,5003000000.0,297000000.0,4706000000.0,5003000000.0,0.0,168000000.0,0.0,0.026,0.16,926000000.0,1094000000.0,0.074,1094000000.0,926000000.0,900000000.0,0.52,0.51,0.52,-1837000000.0,,-1837000000.0,35044483989.0,9.0,7.945,673000000.0,0.433,1.0,2612000000.0,0.178,6343000000.0,26000000.0,3584000000.0,,5649000000.0,0.0,0.0,0.0,34327000000.0,24199000000.0,10128000000.0,34223483989.0,-1799000000.0,-404000000.0,-720000000.0,-1291000000.0,-249000000.0,-2343000000.0,-318000000.0,275000000.0,862000000.0,0.0,803000000.0,803000000.0,803000000.0,0.0,0.0,0.055,1686000000.0,926000000.0,14572000000.0,0.308,-18.63,8.164,8.345,2312000000.0,0.0,22.03,0.583,0.584,5113000000.0,-1431000000.0,14710000000.0,14710000000.0,344000000.0,,,,,107000000.0,1248000000.0,1.0,1553494507.0,1556000000.0,1567000000.0,9.454,26147000000.0,0.0,97000000.0,268000000.0,16.804,-5263000000.0
11,HPQ,MRQ,2018-09-30,2018-10-31,2018-10-31,2021-09-07,-845000000.0,34622000000.0,,21387000000.0,13235000000.0,,-0.405,-125000000.0,5166000000.0,5166000000.0,12669000000.0,1451000000.0,0.851,-55.182,5987000000.0,1463000000.0,4524000000.0,5987000000.0,0.0,140000000.0,0.0,0.023,0.139,994000000.0,1134000000.0,0.074,1134000000.0,994000000.0,1007000000.0,0.92,0.9,0.92,-639000000.0,,-639000000.0,39188341383.0,10.0,8.99,843000000.0,0.534,1.0,2697000000.0,0.176,5968000000.0,-13000000.0,4344000000.0,,6062000000.0,0.0,0.0,0.0,35261000000.0,25131000000.0,10130000000.0,38199341383.0,-1029000000.0,0.0,-546000000.0,-1285000000.0,-219000000.0,-2084000000.0,87000000.0,212000000.0,968000000.0,0.0,1451000000.0,1451000000.0,1451000000.0,0.0,0.0,0.094,1703000000.0,994000000.0,14816000000.0,0.151,-59.78,7.171,7.315,2198000000.0,0.0,24.14,0.653,0.667,5113000000.0,-473000000.0,15366000000.0,15366000000.0,354000000.0,,,,,65000000.0,1263000000.0,1.0,1582408508.0,1579000000.0,1601000000.0,9.731,28654000000.0,0.0,-444000000.0,0.0,18.147,-3744000000.0
12,HPQ,MRQ,2018-06-30,2018-07-31,2018-07-31,2021-09-07,-1330000000.0,34254000000.0,,21776000000.0,12478000000.0,,-1.104,-117000000.0,6195000000.0,6195000000.0,11898000000.0,880000000.0,0.854,-20.385,7184000000.0,2681000000.0,4503000000.0,7184000000.0,1099000000.0,132000000.0,0.0,0.024,0.139,1018000000.0,1150000000.0,0.079,1150000000.0,1018000000.0,1018000000.0,0.55,0.54,0.55,-1767000000.0,,-1767000000.0,39034631570.0,11.0,9.626,1397000000.0,0.873,1.0,2688000000.0,0.184,5930000000.0,0.0,3807000000.0,,6091000000.0,0.0,0.0,0.0,36021000000.0,25506000000.0,10515000000.0,37170631570.0,1948000000.0,-16000000.0,-696000000.0,1022000000.0,-223000000.0,135000000.0,299000000.0,227000000.0,1514000000.0,0.0,880000000.0,880000000.0,880000000.0,0.0,0.0,0.06,1670000000.0,1018000000.0,14245000000.0,0.253,-21.036,8.195,8.332,2112000000.0,0.0,23.08,0.652,0.648,4615000000.0,-1039000000.0,14586000000.0,14586000000.0,347000000.0,,,,,55000000.0,1289000000.0,1.0,1610512633.0,1601000000.0,1618000000.0,9.111,28324000000.0,0.0,138000000.0,265000000.0,17.691,-3730000000.0
13,HPQ,MRQ,2018-03-31,2018-04-30,2018-04-30,2021-09-07,-1314000000.0,32087000000.0,,19433000000.0,12654000000.0,,-1.143,-113000000.0,4247000000.0,4247000000.0,11301000000.0,1058000000.0,0.84,-18.223,6111000000.0,1617000000.0,4494000000.0,6111000000.0,1062000000.0,127000000.0,0.0,0.025,0.139,906000000.0,1033000000.0,0.074,1033000000.0,906000000.0,83000000.0,0.65,0.64,0.65,-1863000000.0,,-1863000000.0,37667122231.0,11.0,9.536,937000000.0,0.575,1.0,2702000000.0,0.193,5941000000.0,823000000.0,4883000000.0,,5557000000.0,0.0,0.0,0.0,33950000000.0,23127000000.0,10823000000.0,35273122231.0,-1228000000.0,0.0,-763000000.0,-1911000000.0,-227000000.0,-2899000000.0,621000000.0,170000000.0,1050000000.0,0.0,1058000000.0,1058000000.0,1058000000.0,0.0,0.0,0.076,1796000000.0,906000000.0,13054000000.0,0.214,-18.934,8.105,8.171,2061000000.0,0.0,21.49,0.635,0.631,4605000000.0,-1075000000.0,14003000000.0,14003000000.0,356000000.0,,,,,63000000.0,1318000000.0,1.0,1641373766.0,1630000000.0,1646000000.0,8.591,26146000000.0,0.0,-975000000.0,300000000.0,16.04,-3694000000.0
14,HPQ,MRQ,2017-12-31,2018-01-31,2018-01-31,2021-09-07,-1829000000.0,35245000000.0,,21217000000.0,14028000000.0,,-1.662,-19000000.0,5475000000.0,5475000000.0,11935000000.0,1938000000.0,0.909,-13.854,7869000000.0,1529000000.0,6340000000.0,7869000000.0,1039000000.0,129000000.0,0.0,0.023,0.139,913000000.0,1042000000.0,0.072,1042000000.0,913000000.0,905000000.0,1.17,1.16,1.17,-2742000000.0,,-2742000000.0,39188725985.0,11.0,10.248,977000000.0,0.592,1.0,2582000000.0,0.178,5935000000.0,8000000.0,8355000000.0,,5655000000.0,0.0,0.0,0.0,37987000000.0,23349000000.0,14638000000.0,38366725985.0,-1522000000.0,-1020000000.0,-500000000.0,-65000000.0,-230000000.0,-795000000.0,-1723000000.0,-129000000.0,996000000.0,0.0,1938000000.0,1938000000.0,1938000000.0,0.0,0.0,0.133,1669000000.0,913000000.0,12848000000.0,0.119,-13.992,9.958,10.095,2026000000.0,0.0,23.32,0.712,0.714,4396000000.0,-1346000000.0,14517000000.0,14517000000.0,347000000.0,,,,,85000000.0,1229000000.0,1.0,1645228387.0,1650000000.0,1669000000.0,8.798,29310000000.0,0.0,-1033000000.0,213000000.0,17.764,-2132000000.0
15,HPQ,MRQ,2017-09-30,2017-10-31,2017-10-31,2021-09-07,-1418000000.0,32913000000.0,,22318000000.0,10595000000.0,,-2.041,-165000000.0,6997000000.0,6997000000.0,11407000000.0,660000000.0,0.996,-10.658,7819000000.0,1072000000.0,6747000000.0,7819000000.0,0.0,91000000.0,0.0,0.025,0.133,739000000.0,830000000.0,0.06,830000000.0,739000000.0,848000000.0,0.4,0.39,0.4,-3408000000.0,,-3408000000.0,36832981695.0,11.0,9.896,515000000.0,0.308,1.0,2520000000.0,0.181,5622000000.0,-109000000.0,5701000000.0,,5786000000.0,0.0,0.0,0.0,36321000000.0,22412000000.0,13909000000.0,35993981695.0,30000000.0,0.0,-513000000.0,21000000.0,-221000000.0,-656000000.0,6000000.0,-133000000.0,680000000.0,0.0,660000000.0,660000000.0,660000000.0,0.0,0.0,0.047,1781000000.0,739000000.0,13279000000.0,0.333,-10.562,14.249,14.367,1878000000.0,0.0,21.55,0.691,0.699,4414000000.0,-2386000000.0,13927000000.0,13927000000.0,291000000.0,,,,,55000000.0,1328000000.0,1.0,1670254371.0,1670000000.0,1693000000.0,8.34,27291000000.0,0.0,188000000.0,214000000.0,16.342,-94000000.0
16,HPQ,MRQ,2017-06-30,2017-07-31,2017-07-31,2021-09-07,-2118000000.0,31934000000.0,,21443000000.0,10491000000.0,,-2.581,-61000000.0,6967000000.0,6967000000.0,10633000000.0,696000000.0,0.972,-8.36,7806000000.0,1062000000.0,6744000000.0,7806000000.0,997000000.0,90000000.0,0.0,0.027,0.133,955000000.0,1045000000.0,0.08,1045000000.0,955000000.0,899000000.0,0.41,0.41,0.41,-4339000000.0,,-4339000000.0,32748698290.0,10.0,9.054,1714000000.0,1.02,1.0,2427000000.0,0.186,5622000000.0,56000000.0,5091000000.0,,5184000000.0,0.0,0.0,0.0,36273000000.0,22060000000.0,14213000000.0,32151698290.0,744000000.0,0.0,-278000000.0,951000000.0,-222000000.0,451000000.0,-1482000000.0,-1035000000.0,1775000000.0,0.0,696000000.0,696000000.0,696000000.0,0.0,0.0,0.053,1472000000.0,955000000.0,12804000000.0,0.324,-7.41,13.635,13.841,1707000000.0,0.0,19.1,0.635,0.634,4233000000.0,-2526000000.0,13060000000.0,13060000000.0,289000000.0,,,,,46000000.0,1097000000.0,1.0,1683334989.0,1681000000.0,1695000000.0,7.769,26312000000.0,0.0,203000000.0,199000000.0,15.653,-617000000.0
17,HPQ,MRQ,2017-03-31,2017-04-30,2017-04-30,2021-09-07,-1714000000.0,28686000000.0,,18302000000.0,10384000000.0,,-2.343,-75000000.0,6223000000.0,6223000000.0,10002000000.0,559000000.0,0.984,-8.253,6820000000.0,110000000.0,6710000000.0,6820000000.0,980000000.0,89000000.0,0.0,0.027,0.133,818000000.0,907000000.0,0.073,907000000.0,818000000.0,754000000.0,0.33,0.33,0.33,-3955000000.0,,-3955000000.0,32326413670.0,10.0,8.704,380000000.0,0.225,1.0,2383000000.0,0.192,5622000000.0,64000000.0,5057000000.0,,4756000000.0,0.0,0.0,0.0,32641000000.0,18604000000.0,14037000000.0,31869413670.0,-108000000.0,0.0,-201000000.0,22000000.0,-224000000.0,-408000000.0,-155000000.0,-1000000.0,455000000.0,0.0,559000000.0,559000000.0,559000000.0,0.0,0.0,0.045,1565000000.0,818000000.0,11079000000.0,0.403,-8.058,13.035,13.161,1661000000.0,0.0,18.82,0.644,0.642,3771000000.0,-2779000000.0,12385000000.0,12385000000.0,314000000.0,,,,,48000000.0,1090000000.0,1.0,1693380110.0,1688000000.0,1709000000.0,7.337,23064000000.0,0.0,195000000.0,221000000.0,13.664,-302000000.0
18,HPQ,MRQ,2016-12-31,2017-01-31,2017-01-31,2021-09-07,-1669000000.0,28192000000.0,,17775000000.0,10417000000.0,,-2.539,-32000000.0,6331000000.0,6331000000.0,10436000000.0,611000000.0,0.956,-7.515,6788000000.0,100000000.0,6688000000.0,6788000000.0,952000000.0,84000000.0,0.0,0.034,0.133,856000000.0,940000000.0,0.074,940000000.0,856000000.0,775000000.0,0.36,0.36,0.36,-4327000000.0,,-4327000000.0,26215038182.0,8.0,7.081,735000000.0,0.431,1.0,2248000000.0,0.177,5622000000.0,81000000.0,4440000000.0,,4555000000.0,0.0,0.0,0.0,32519000000.0,18587000000.0,13932000000.0,25667038182.0,43000000.0,0.0,-420000000.0,13000000.0,-227000000.0,-638000000.0,-86000000.0,0.0,767000000.0,0.0,611000000.0,611000000.0,611000000.0,0.0,0.0,0.048,1392000000.0,856000000.0,10951000000.0,0.369,-5.932,10.206,10.238,1730000000.0,0.0,15.05,0.527,0.527,3478000000.0,-3339000000.0,12684000000.0,12684000000.0,296000000.0,,,,,75000000.0,1017000000.0,1.0,1705451042.0,1704000000.0,1721000000.0,7.444,22570000000.0,0.0,164000000.0,267000000.0,13.245,-812000000.0
19,HPQ,MRQ,2016-09-30,2016-10-31,2016-10-31,2021-09-07,-1438000000.0,28987000000.0,,18468000000.0,10519000000.0,,-2.268,-140000000.0,6288000000.0,6288000000.0,10221000000.0,492000000.0,0.982,-8.454,6813000000.0,78000000.0,6735000000.0,6813000000.0,919000000.0,83000000.0,0.0,0.034,0.124,642000000.0,725000000.0,0.058,725000000.0,642000000.0,989000000.0,0.28,0.28,0.28,-3889000000.0,,-3889000000.0,25989588632.0,8.0,7.003,564000000.0,0.329,1.0,2291000000.0,0.183,5622000000.0,-347000000.0,5082000000.0,,4484000000.0,0.0,0.0,0.0,32876000000.0,18808000000.0,14068000000.0,24790588632.0,652000000.0,308000000.0,1000000.0,-5000000.0,-212000000.0,-216000000.0,164000000.0,-4000000.0,704000000.0,0.0,492000000.0,492000000.0,492000000.0,21000000.0,0.0,0.039,1628000000.0,663000000.0,11103000000.0,0.443,-6.375,9.932,10.062,1736000000.0,0.0,14.49,0.514,0.52,4114000000.0,-3498000000.0,12512000000.0,12512000000.0,318000000.0,,,,,42000000.0,1075000000.0,1.0,1710875682.0,1715000000.0,1731000000.0,7.296,23365000000.0,0.0,497000000.0,231000000.0,13.624,-340000000.0
20,HPQ,MRQ,2016-06-30,2016-07-31,2016-07-31,2021-09-07,-947000000.0,27224000000.0,,17402000000.0,9822000000.0,,-2.295,-81000000.0,5636000000.0,5636000000.0,9720000000.0,783000000.0,0.961,-7.934,6835000000.0,75000000.0,6760000000.0,6835000000.0,877000000.0,85000000.0,0.0,0.039,0.124,1057000000.0,1142000000.0,0.096,1142000000.0,1057000000.0,1021000000.0,0.46,0.45,0.46,-3926000000.0,,-3926000000.0,26101597780.0,8.0,5.675,990000000.0,0.579,1.0,2172000000.0,0.183,5618000000.0,36000000.0,4691000000.0,,3961000000.0,0.0,0.0,0.0,31150000000.0,18114000000.0,13036000000.0,23965597780.0,1000000000.0,99000000.0,-29000000.0,33000000.0,-212000000.0,-210000000.0,139000000.0,121000000.0,1071000000.0,0.0,783000000.0,783000000.0,783000000.0,60000000.0,0.0,0.066,1055000000.0,1117000000.0,10402000000.0,0.27,-6.104,7.203,7.413,1607000000.0,0.0,14.01,0.499,0.499,4008000000.0,-3982000000.0,11892000000.0,11892000000.0,298000000.0,,,,,39000000.0,719000000.0,1.0,1710606551.0,1711000000.0,1725000000.0,6.95,21606000000.0,0.0,238000000.0,162000000.0,12.628,-712000000.0
21,HPQ,MRQ,2016-03-31,2016-04-30,2016-04-30,2021-09-07,-4504000000.0,25523000000.0,,15385000000.0,10138000000.0,,-2.783,-86000000.0,4636000000.0,4636000000.0,9338000000.0,629000000.0,0.912,-6.333,6772000000.0,64000000.0,6708000000.0,6772000000.0,885000000.0,85000000.0,0.0,0.049,0.124,810000000.0,895000000.0,0.077,895000000.0,810000000.0,805000000.0,0.37,0.36,0.37,-4786000000.0,,-4786000000.0,24356206131.0,7.0,4.318,1493000000.0,0.868,1.0,2250000000.0,0.194,5672000000.0,5000000.0,5125000000.0,,3547000000.0,0.0,0.0,0.0,30309000000.0,16862000000.0,13447000000.0,21312206131.0,948000000.0,61000000.0,-301000000.0,10000000.0,-213000000.0,-487000000.0,-144000000.0,-119000000.0,1579000000.0,0.0,629000000.0,629000000.0,629000000.0,31000000.0,0.0,0.054,1409000000.0,841000000.0,9099000000.0,0.335,-4.453,6.272,6.458,1572000000.0,0.0,12.27,0.44,0.435,3884000000.0,-1266000000.0,11588000000.0,11588000000.0,301000000.0,,,,,40000000.0,1002000000.0,1.0,1736936115.0,1720000000.0,1731000000.0,6.737,19851000000.0,0.0,176000000.0,136000000.0,11.541,-1477000000.0
22,HPQ,MRQ,2015-12-31,2016-01-31,2016-01-31,2021-09-07,-1122000000.0,25517000000.0,,15155000000.0,10362000000.0,,-2.764,-120000000.0,3688000000.0,3688000000.0,9961000000.0,592000000.0,0.904,-6.198,6732000000.0,49000000.0,6683000000.0,6732000000.0,863000000.0,79000000.0,0.0,0.065,0.124,870000000.0,949000000.0,0.077,949000000.0,870000000.0,776000000.0,0.33,0.33,0.33,-4909000000.0,,-4909000000.0,24630847634.0,6.0,3.507,-222000000.0,-0.125,1.0,2285000000.0,0.187,5680000000.0,94000000.0,6120000000.0,,4052000000.0,0.0,0.0,0.0,30426000000.0,16761000000.0,13665000000.0,17398847634.0,-13745000000.0,0.0,-800000000.0,-2125000000.0,-221000000.0,-13532000000.0,-111000000.0,9000000.0,-102000000.0,0.0,592000000.0,592000000.0,592000000.0,58000000.0,0.0,0.048,1357000000.0,928000000.0,9041000000.0,0.376,-3.544,4.603,4.646,1529000000.0,0.0,9.71,0.349,0.346,4114000000.0,-5026000000.0,12246000000.0,12246000000.0,292000000.0,,,,,61000000.0,1037000000.0,1.0,1791848366.0,1776000000.0,1785000000.0,6.895,19837000000.0,0.0,184000000.0,182000000.0,11.169,-1606000000.0
23,HPQ,MRQ,2015-09-30,2015-10-31,2015-10-31,2021-09-07,-6302000000.0,106882000000.0,,51787000000.0,55095000000.0,,15.384,-847000000.0,7584000000.0,7584000000.0,9900000000.0,1323000000.0,1.227,2.835,8871000000.0,2194000000.0,6677000000.0,8871000000.0,1051000000.0,1007000000.0,0.0,0.025,0.176,606000000.0,1613000000.0,0.132,1613000000.0,606000000.0,507000000.0,0.73,0.73,0.73,27768000000.0,,27768000000.0,56811140392.0,12.0,6.443,2298000000.0,1.273,1.0,2366000000.0,0.193,5680000000.0,99000000.0,60298000000.0,,4288000000.0,0.0,0.0,0.0,78731000000.0,42191000000.0,36540000000.0,48480140392.0,262000000.0,63000000.0,-624000000.0,-1019000000.0,-337000000.0,-2076000000.0,-807000000.0,-23000000.0,3145000000.0,0.0,1323000000.0,1323000000.0,1323000000.0,192000000.0,0.0,0.108,1568000000.0,798000000.0,10194000000.0,0.241,1.746,10.646,10.741,1492000000.0,0.0,26.96,0.942,0.95,4825000000.0,32089000000.0,12266000000.0,12266000000.0,282000000.0,,,,,357000000.0,1211000000.0,1.0,1798224792.0,1805000000.0,1818000000.0,6.796,101202000000.0,0.0,-816000000.0,243000000.0,56.068,9596000000.0
24,HPQ,MRQ,2015-06-30,2015-07-31,2015-07-31,2021-09-07,-5848000000.0,107033000000.0,,51998000000.0,55035000000.0,,14.978,-817000000.0,17171000000.0,17171000000.0,10036000000.0,854000000.0,1.06,2.944,25502000000.0,11034000000.0,14468000000.0,25502000000.0,6277000000.0,1023000000.0,0.0,0.021,0.176,1161000000.0,2184000000.0,0.177,2184000000.0,1161000000.0,1071000000.0,0.47,0.47,0.47,27035000000.0,,27035000000.0,61421786594.0,12.0,6.571,856000000.0,0.474,1.0,2326000000.0,0.188,35274000000.0,90000000.0,31057000000.0,,6700000000.0,11537000000.0,2804000000.0,8733000000.0,79590000000.0,49033000000.0,30557000000.0,55131786594.0,2403000000.0,-2322000000.0,-272000000.0,4434000000.0,-318000000.0,3818000000.0,-3088000000.0,51000000.0,1673000000.0,0.0,854000000.0,854000000.0,854000000.0,-154000000.0,0.0,0.069,1319000000.0,1007000000.0,15549000000.0,0.374,2.039,12.088,12.257,11028000000.0,0.0,30.52,4.307,4.304,12753000000.0,30764000000.0,12362000000.0,12362000000.0,300000000.0,,,,,154000000.0,1058000000.0,1.0,1806415026.0,1805000000.0,1828000000.0,6.849,71759000000.0,0.0,217000000.0,629000000.0,39.756,2965000000.0
25,HPQ,MRQ,2015-03-31,2015-04-30,2015-04-30,2021-09-07,-6002000000.0,101396000000.0,,48883000000.0,52513000000.0,,14.756,-698000000.0,14768000000.0,14768000000.0,10415000000.0,1011000000.0,1.132,2.773,21058000000.0,5594000000.0,15464000000.0,21058000000.0,6055000000.0,1003000000.0,0.0,0.019,0.16,1275000000.0,2278000000.0,0.176,2278000000.0,1275000000.0,1197000000.0,0.56,0.55,0.56,26768000000.0,,26768000000.0,66066911328.0,12.0,6.828,766000000.0,0.422,1.0,2562000000.0,0.197,32947000000.0,78000000.0,31553000000.0,,6227000000.0,11394000000.0,2842000000.0,8552000000.0,74227000000.0,43186000000.0,31041000000.0,59924911328.0,1849000000.0,-138000000.0,-617000000.0,2085000000.0,-291000000.0,1186000000.0,-801000000.0,35000000.0,1464000000.0,0.0,1011000000.0,1011000000.0,1011000000.0,-278000000.0,0.0,0.078,1565000000.0,997000000.0,14923000000.0,0.286,2.239,12.772,12.929,11014000000.0,0.0,32.97,2.138,2.134,12320000000.0,30565000000.0,12977000000.0,12977000000.0,305000000.0,,,,,120000000.0,1228000000.0,1.0,1817558730.0,1814000000.0,1836000000.0,7.154,68449000000.0,0.0,186000000.0,1144000000.0,37.734,5697000000.0
26,HPQ,MRQ,2014-12-31,2015-01-31,2015-01-31,2021-09-07,-5675000000.0,100861000000.0,,48198000000.0,52663000000.0,,14.461,-817000000.0,12919000000.0,12919000000.0,11173000000.0,1366000000.0,1.133,2.79,19061000000.0,3509000000.0,15552000000.0,19061000000.0,6241000000.0,1028000000.0,0.0,0.017,0.16,1714000000.0,2742000000.0,0.198,2742000000.0,1714000000.0,1593000000.0,0.75,0.73,0.75,26507000000.0,,26507000000.0,70657382407.0,12.0,6.855,-73000000.0,-0.04,1.0,2685000000.0,0.194,33014000000.0,121000000.0,31460000000.0,,6575000000.0,11526000000.0,2907000000.0,8619000000.0,73957000000.0,42529000000.0,31428000000.0,66265382407.0,-2214000000.0,-1000000.0,-1390000000.0,-535000000.0,-304000000.0,-2120000000.0,-838000000.0,-20000000.0,744000000.0,0.0,1366000000.0,1366000000.0,1366000000.0,-596000000.0,0.0,0.099,1567000000.0,1118000000.0,14873000000.0,0.213,2.5,13.376,13.583,11030000000.0,0.0,36.13,1.565,1.564,12295000000.0,29626000000.0,13858000000.0,13858000000.0,304000000.0,,,,,78000000.0,1222000000.0,1.0,1834081993.0,1833000000.0,1861000000.0,7.56,67847000000.0,0.0,227000000.0,1565000000.0,37.014,5669000000.0
27,HPQ,MRQ,2014-09-30,2014-10-31,2014-10-31,2021-09-07,-5881000000.0,103206000000.0,,50145000000.0,53061000000.0,,14.364,-815000000.0,15133000000.0,15133000000.0,-17983000000.0,1330000000.0,1.147,2.846,19525000000.0,3486000000.0,16039000000.0,19525000000.0,6143000000.0,1075000000.0,0.0,0.017,0.16,1068000000.0,2143000000.0,-0.081,2143000000.0,1068000000.0,1157000000.0,0.71,0.69,0.71,26731000000.0,,26731000000.0,72320958589.0,11.0,6.772,1886000000.0,1.013,1.0,-8414000000.0,0.319,33267000000.0,-89000000.0,30596000000.0,,6415000000.0,11400000000.0,2946000000.0,8454000000.0,76079000000.0,43735000000.0,32344000000.0,66961958589.0,659000000.0,-23000000.0,-696000000.0,-252000000.0,-309000000.0,-1248000000.0,-794000000.0,44000000.0,2701000000.0,0.0,1330000000.0,1330000000.0,1330000000.0,-2089000000.0,0.0,-0.05,-7393000000.0,-1021000000.0,15903000000.0,0.225,2.505,13.358,13.489,11340000000.0,0.0,35.88,1.182,1.192,13832000000.0,29164000000.0,-26397000000.0,-26397000000.0,-1273000000.0,,,,,119000000.0,-4628000000.0,1.0,1866275323.0,1861000000.0,1909000000.0,-14.184,69939000000.0,0.0,-173000000.0,1017000000.0,37.581,6410000000.0
28,HPQ,MRQ,2014-06-30,2014-07-31,2014-07-31,2021-09-07,-3610000000.0,103170000000.0,,49287000000.0,53883000000.0,,15.245,-928000000.0,14474000000.0,14474000000.0,20974000000.0,985000000.0,1.16,2.605,19833000000.0,2705000000.0,17128000000.0,19833000000.0,6434000000.0,1055000000.0,0.0,0.017,0.16,1458000000.0,2513000000.0,0.091,2513000000.0,1458000000.0,1313000000.0,0.53,0.52,0.53,28509000000.0,,28509000000.0,74128827378.0,10.0,6.402,2719000000.0,1.454,1.0,6611000000.0,0.24,33468000000.0,145000000.0,32585000000.0,,6249000000.0,12111000000.0,3130000000.0,8981000000.0,74268000000.0,42476000000.0,31792000000.0,66638827378.0,-622000000.0,0.0,-470000000.0,-2712000000.0,-299000000.0,-3465000000.0,-804000000.0,124000000.0,3647000000.0,0.0,985000000.0,985000000.0,985000000.0,0.0,0.0,0.036,5153000000.0,1458000000.0,15141000000.0,0.302,2.337,13.074,13.287,11434000000.0,0.0,35.61,0.594,0.594,14198000000.0,27984000000.0,27585000000.0,27585000000.0,887000000.0,,,,,116000000.0,3388000000.0,1.0,1871351513.0,1870000000.0,1899000000.0,14.751,69702000000.0,0.0,328000000.0,1228000000.0,37.274,6811000000.0
29,HPQ,MRQ,2014-03-31,2014-04-30,2014-04-30,2021-09-07,-3829000000.0,103972000000.0,,49883000000.0,54089000000.0,,14.913,-720000000.0,15096000000.0,15096000000.0,20704000000.0,1273000000.0,1.153,2.675,22586000000.0,5396000000.0,17190000000.0,22586000000.0,6416000000.0,1087000000.0,0.0,0.018,0.145,1822000000.0,2909000000.0,0.107,2909000000.0,1822000000.0,1648000000.0,0.67,0.66,0.67,28185000000.0,,28185000000.0,71079694177.0,9.0,5.885,2275000000.0,1.204,1.0,6605000000.0,0.242,33696000000.0,174000000.0,34486000000.0,,5840000000.0,12155000000.0,3112000000.0,9043000000.0,75390000000.0,43280000000.0,32110000000.0,62652694177.0,-1069000000.0,-20000000.0,-783000000.0,-2012000000.0,-298000000.0,-3087000000.0,-977000000.0,-237000000.0,2995000000.0,0.0,1273000000.0,1273000000.0,1273000000.0,0.0,0.0,0.047,4783000000.0,1822000000.0,13521000000.0,0.216,2.223,11.387,11.519,11350000000.0,0.0,33.06,0.56,0.559,14288000000.0,27658000000.0,27309000000.0,27309000000.0,873000000.0,,,,,124000000.0,3391000000.0,1.0,1895120816.0,1890000000.0,1916000000.0,14.449,70276000000.0,0.0,375000000.0,1263000000.0,37.183,6603000000.0
30,HPQ,MRQ,2013-12-31,2014-01-31,2014-01-31,2021-09-07,-3667000000.0,105025000000.0,,50684000000.0,54341000000.0,,14.554,-547000000.0,16165000000.0,16165000000.0,21736000000.0,1425000000.0,1.162,2.77,24592000000.0,6621000000.0,17971000000.0,24592000000.0,6754000000.0,1117000000.0,0.0,0.02,0.145,1997000000.0,3114000000.0,0.111,3114000000.0,1997000000.0,1834000000.0,0.75,0.74,0.75,27754000000.0,,27754000000.0,65778534392.0,9.0,5.509,2443000000.0,1.281,1.0,6418000000.0,0.228,33951000000.0,163000000.0,35890000000.0,,6004000000.0,12185000000.0,3054000000.0,9131000000.0,76876000000.0,43611000000.0,33265000000.0,55354534392.0,4002000000.0,0.0,-482000000.0,1962000000.0,-278000000.0,1229000000.0,-217000000.0,330000000.0,2990000000.0,0.0,1425000000.0,1425000000.0,1425000000.0,0.0,0.0,0.051,4421000000.0,1997000000.0,12640000000.0,0.193,1.994,10.432,10.507,11259000000.0,0.0,29.0,0.494,0.493,13492000000.0,26436000000.0,28154000000.0,28154000000.0,811000000.0,,,,,143000000.0,3210000000.0,1.0,1908777048.0,1907000000.0,1935000000.0,14.764,71074000000.0,0.0,409000000.0,1224000000.0,37.27,7073000000.0
31,HPQ,MRQ,2013-09-30,2013-10-31,2013-10-31,2021-09-07,-3778000000.0,105676000000.0,,50364000000.0,55312000000.0,,14.21,-773000000.0,12163000000.0,12163000000.0,22437000000.0,1414000000.0,1.106,2.861,22587000000.0,5979000000.0,16608000000.0,22587000000.0,6477000000.0,1120000000.0,0.0,0.023,0.145,1923000000.0,3043000000.0,0.104,3043000000.0,1923000000.0,1820000000.0,0.73,0.73,0.73,27269000000.0,,27269000000.0,58331845689.0,8.0,4.968,2043000000.0,1.065,1.0,6694000000.0,0.23,34293000000.0,103000000.0,36286000000.0,,6046000000.0,12700000000.0,3144000000.0,9556000000.0,78020000000.0,45521000000.0,32499000000.0,46834845689.0,-1088000000.0,0.0,-470000000.0,-2207000000.0,-284000000.0,-2960000000.0,-944000000.0,-171000000.0,2816000000.0,0.0,1414000000.0,1414000000.0,1414000000.0,0.0,0.0,0.049,4771000000.0,1923000000.0,14019000000.0,0.199,1.718,9.16,9.231,11463000000.0,0.0,24.37,0.417,0.42,15876000000.0,25563000000.0,29131000000.0,29131000000.0,729000000.0,,,,,101000000.0,3351000000.0,1.0,1921823787.0,1919000000.0,1944000000.0,15.18,71383000000.0,0.0,406000000.0,1203000000.0,37.198,4843000000.0
32,HPQ,MRQ,2013-06-30,2013-07-31,2013-07-31,2021-09-07,-5433000000.0,105800000000.0,,49958000000.0,55842000000.0,,12.754,-647000000.0,13251000000.0,13251000000.0,20859000000.0,1390000000.0,1.086,3.285,24748000000.0,7624000000.0,17124000000.0,24748000000.0,6571000000.0,1158000000.0,0.0,0.021,0.145,1855000000.0,3013000000.0,0.111,3013000000.0,1855000000.0,1709000000.0,0.72,0.71,0.72,24603000000.0,,24603000000.0,63076207348.0,-49.0,18.487,2027000000.0,1.051,1.0,6367000000.0,0.234,34601000000.0,146000000.0,36684000000.0,,6540000000.0,9913000000.0,0.0,9913000000.0,80822000000.0,46012000000.0,34810000000.0,49525207348.0,11000000.0,0.0,64000000.0,-1787000000.0,-280000000.0,-2002000000.0,-661000000.0,-14000000.0,2674000000.0,0.0,1390000000.0,1390000000.0,1390000000.0,0.0,0.0,0.051,4512000000.0,1855000000.0,13293000000.0,0.201,2.013,-15.697,-16.357,11328000000.0,0.0,25.68,0.438,0.438,17449000000.0,24149000000.0,27226000000.0,27226000000.0,797000000.0,,,,,106000000.0,3274000000.0,1.0,1928551688.0,1929000000.0,1948000000.0,14.114,71199000000.0,0.0,319000000.0,979000000.0,36.91,3946000000.0
33,HPQ,MRQ,2013-03-31,2013-04-30,2013-04-30,2021-09-07,-5522000000.0,106254000000.0,,49571000000.0,56683000000.0,,12.162,-620000000.0,13240000000.0,13240000000.0,21055000000.0,1077000000.0,1.11,3.498,26791000000.0,6928000000.0,19863000000.0,26791000000.0,6757000000.0,1170000000.0,0.0,0.026,0.132,1601000000.0,2771000000.0,0.1,2771000000.0,1601000000.0,1408000000.0,0.56,0.55,0.56,23533000000.0,,23533000000.0,55684801350.0,-5.0,-7.812,2936000000.0,1.517,1.0,6527000000.0,0.237,35002000000.0,193000000.0,40145000000.0,,5999000000.0,10205000000.0,0.0,10205000000.0,82322000000.0,44658000000.0,37664000000.0,40046801350.0,651000000.0,-167000000.0,-640000000.0,-1428000000.0,-283000000.0,-2351000000.0,-554000000.0,233000000.0,3556000000.0,0.0,1077000000.0,1077000000.0,1077000000.0,0.0,0.0,0.039,4926000000.0,1601000000.0,12313000000.0,0.236,1.702,-2.988,-3.038,11476000000.0,0.0,20.6,0.347,0.345,17818000000.0,23319000000.0,27582000000.0,27582000000.0,815000000.0,,,,,107000000.0,3342000000.0,1.0,1944019483.0,1935000000.0,1947000000.0,14.254,71252000000.0,0.0,331000000.0,1015000000.0,36.823,4913000000.0
34,HPQ,MRQ,2012-12-31,2013-01-31,2013-01-31,2021-09-07,-5672000000.0,106701000000.0,,49552000000.0,57149000000.0,,11.723,-506000000.0,12589000000.0,12589000000.0,22029000000.0,1232000000.0,1.116,3.643,28227000000.0,6475000000.0,21752000000.0,28227000000.0,7603000000.0,1163000000.0,0.0,0.031,0.132,1752000000.0,2915000000.0,0.103,2915000000.0,1752000000.0,1573000000.0,0.63,0.63,0.63,22895000000.0,,22895000000.0,49298924322.0,-4.0,-7.713,2056000000.0,1.053,1.0,6330000000.0,0.223,35214000000.0,179000000.0,42739000000.0,,6374000000.0,13565000000.0,3316000000.0,10249000000.0,83411000000.0,44386000000.0,39025000000.0,32163924322.0,1288000000.0,0.0,-198000000.0,-174000000.0,-258000000.0,-630000000.0,-644000000.0,-138000000.0,2562000000.0,0.0,1232000000.0,1232000000.0,1232000000.0,0.0,0.0,0.043,4578000000.0,1752000000.0,11660000000.0,0.21,1.405,-2.496,-2.524,11686000000.0,0.0,16.51,0.271,0.272,14236000000.0,22239000000.0,28359000000.0,28359000000.0,794000000.0,,,,,184000000.0,3300000000.0,1.0,1948148051.0,1953000000.0,1956000000.0,14.521,71487000000.0,0.0,341000000.0,851000000.0,36.604,5166000000.0
35,HPQ,MRQ,2012-09-30,2012-10-31,2012-10-31,2021-09-07,-5559000000.0,108768000000.0,,50637000000.0,58131000000.0,,11.418,-577000000.0,11301000000.0,11301000000.0,22711000000.0,-6854000000.0,1.085,3.83,28436000000.0,6647000000.0,21789000000.0,28436000000.0,7494000000.0,1201000000.0,0.0,0.036,0.132,-6488000000.0,-5287000000.0,-0.176,-5287000000.0,-6488000000.0,-6676000000.0,-3.48,-3.48,-3.48,22436000000.0,,22436000000.0,47466333091.0,-4.0,-7.961,3482000000.0,1.772,1.0,7248000000.0,0.242,35584000000.0,188000000.0,43653000000.0,,6317000000.0,13845000000.0,3252000000.0,10593000000.0,85935000000.0,46666000000.0,39269000000.0,27231333091.0,1792000000.0,0.0,-118000000.0,-1279000000.0,-260000000.0,-1657000000.0,-610000000.0,-33000000.0,4059000000.0,0.0,-6854000000.0,-6854000000.0,-6854000000.0,0.0,0.0,-0.229,13736000000.0,-6488000000.0,13350000000.0,-0.038,1.214,-2.153,-2.161,11954000000.0,0.0,13.85,0.226,0.227,16407000000.0,21521000000.0,29959000000.0,29959000000.0,909000000.0,,,,,141000000.0,3227000000.0,1.0,1966161234.0,1965000000.0,1965000000.0,15.246,73184000000.0,0.0,178000000.0,846000000.0,37.244,3971000000.0
36,HPQ,MRQ,2012-06-30,2012-07-31,2012-07-31,2021-09-07,-3276000000.0,117556000000.0,,50237000000.0,67319000000.0,,16.033,-773000000.0,9509000000.0,9509000000.0,22820000000.0,-8857000000.0,1.118,2.707,29744000000.0,5681000000.0,24063000000.0,29744000000.0,7598000000.0,1306000000.0,0.0,0.027,0.132,-8833000000.0,-7527000000.0,-0.254,-7527000000.0,-8833000000.0,-9057000000.0,-4.49,-4.49,-4.49,31601000000.0,,31601000000.0,57732226442.0,-15.0,41.774,2073000000.0,1.052,1.0,6849000000.0,0.231,44771000000.0,224000000.0,48101000000.0,,7292000000.0,13595000000.0,3116000000.0,10479000000.0,85546000000.0,44919000000.0,40627000000.0,35966226442.0,1198000000.0,6000000.0,-289000000.0,-274000000.0,-260000000.0,-823000000.0,-825000000.0,-58000000.0,2846000000.0,0.0,-8857000000.0,-8857000000.0,-8857000000.0,0.0,0.0,-0.299,15682000000.0,-8833000000.0,12554000000.0,-0.029,1.138,-6.472,-6.561,12069000000.0,0.0,18.24,0.294,0.293,15686000000.0,28379000000.0,29669000000.0,29669000000.0,854000000.0,,,,,150000000.0,3366000000.0,1.0,1971832590.0,1971000000.0,1971000000.0,15.053,72785000000.0,0.0,-200000000.0,712000000.0,36.928,5318000000.0
37,HPQ,MRQ,2012-03-31,2012-04-30,2012-04-30,2021-09-07,-3066000000.0,127689000000.0,,49689000000.0,78000000000.0,,20.863,-952000000.0,8311000000.0,8311000000.0,23541000000.0,1593000000.0,1.161,2.083,30077000000.0,4252000000.0,25825000000.0,30077000000.0,7582000000.0,1285000000.0,0.0,0.019,0.12,2222000000.0,3507000000.0,0.114,3507000000.0,2222000000.0,1979000000.0,0.8,0.8,0.8,41288000000.0,,41288000000.0,71746008694.0,9.0,5.67,1521000000.0,0.769,1.0,7152000000.0,0.233,54746000000.0,243000000.0,51910000000.0,,7306000000.0,14157000000.0,3139000000.0,11018000000.0,85992000000.0,42799000000.0,43193000000.0,48959008694.0,198000000.0,0.0,-29000000.0,-729000000.0,-251000000.0,-1008000000.0,-1267000000.0,-315000000.0,2473000000.0,0.0,1593000000.0,1593000000.0,1593000000.0,0.0,0.0,0.052,4930000000.0,2222000000.0,12900000000.0,0.15,1.186,9.368,9.343,12236000000.0,0.0,24.76,0.395,0.395,16609000000.0,37758000000.0,30693000000.0,30693000000.0,850000000.0,,,,,168000000.0,3540000000.0,1.0,1977342839.0,1979000000.0,1987000000.0,15.509,72943000000.0,0.0,386000000.0,871000000.0,36.859,6890000000.0
38,HPQ,MRQ,2011-12-31,2012-01-31,2012-01-31,2021-09-07,-3507000000.0,126596000000.0,,48749000000.0,77847000000.0,,19.769,-787000000.0,8113000000.0,8113000000.0,23313000000.0,1468000000.0,1.101,2.222,30900000000.0,5438000000.0,25462000000.0,30900000000.0,7530000000.0,1303000000.0,0.0,0.016,0.12,2042000000.0,3345000000.0,0.111,3345000000.0,2042000000.0,1821000000.0,0.74,0.73,0.74,39162000000.0,,39162000000.0,78104257246.0,9.0,5.847,406000000.0,0.205,1.0,6723000000.0,0.224,54668000000.0,221000000.0,50422000000.0,,7271000000.0,14180000000.0,3123000000.0,11057000000.0,87024000000.0,44293000000.0,42731000000.0,55513257246.0,70000000.0,-60000000.0,-467000000.0,328000000.0,-244000000.0,-372000000.0,-751000000.0,96000000.0,1193000000.0,0.0,1468000000.0,1468000000.0,1468000000.0,0.0,0.0,0.049,4681000000.0,2042000000.0,12375000000.0,0.162,1.418,9.35,9.582,12122000000.0,0.0,27.98,0.444,0.444,15892000000.0,36183000000.0,30036000000.0,30036000000.0,786000000.0,,,,,164000000.0,3367000000.0,1.0,1984033497.0,1981000000.0,1998000000.0,15.162,71928000000.0,0.0,353000000.0,929000000.0,36.309,4456000000.0
39,HPQ,MRQ,2011-09-30,2011-10-31,2011-10-31,2021-09-07,-3498000000.0,129517000000.0,,51021000000.0,78496000000.0,,19.419,-1168000000.0,8043000000.0,8043000000.0,25304000000.0,239000000.0,1.011,2.343,30634000000.0,8083000000.0,22551000000.0,30634000000.0,7449000000.0,1262000000.0,0.0,0.015,0.12,795000000.0,2057000000.0,0.064,2057000000.0,795000000.0,394000000.0,0.17,0.16,0.17,38625000000.0,,38625000000.0,65616196819.0,7.0,4.476,1232000000.0,0.619,1.0,6818000000.0,0.212,55449000000.0,401000000.0,46217000000.0,,7490000000.0,13917000000.0,3162000000.0,10755000000.0,90513000000.0,50442000000.0,40071000000.0,52873196819.0,-4910000000.0,-10211000000.0,-449000000.0,4841000000.0,-239000000.0,4156000000.0,-11466000000.0,-87000000.0,2400000000.0,0.0,239000000.0,239000000.0,239000000.0,0.0,0.0,0.007,6023000000.0,795000000.0,14750000000.0,0.706,1.369,7.474,7.873,12292000000.0,0.0,26.61,0.416,0.438,18224000000.0,35266000000.0,32122000000.0,32122000000.0,829000000.0,,,,,207000000.0,3605000000.0,1.0,1986967186.0,1989000000.0,2029000000.0,16.15,74068000000.0,0.0,155000000.0,1048000000.0,37.239,579000000.0
40,HPQ,MRQ,2011-06-30,2011-07-31,2011-07-31,2021-09-07,-3274000000.0,124917000000.0,,56279000000.0,68638000000.0,,18.901,-979000000.0,12953000000.0,12953000000.0,23901000000.0,1926000000.0,1.15,2.207,25696000000.0,6666000000.0,19030000000.0,25696000000.0,7390000000.0,1225000000.0,0.0,0.01,0.12,2520000000.0,3745000000.0,0.12,3745000000.0,2520000000.0,2399000000.0,0.94,0.93,0.94,38823000000.0,,38823000000.0,83128057305.0,7.0,4.843,2228000000.0,1.085,1.0,7288000000.0,0.234,45501000000.0,121000000.0,43221000000.0,,7427000000.0,14345000000.0,3167000000.0,11178000000.0,85699000000.0,48938000000.0,36761000000.0,72948057305.0,215000000.0,66000000.0,-4570000000.0,2731000000.0,-248000000.0,-2081000000.0,-911000000.0,2000000.0,3207000000.0,0.0,1926000000.0,1926000000.0,1926000000.0,0.0,0.0,0.062,4768000000.0,2520000000.0,14489000000.0,0.128,1.879,7.783,8.141,11959000000.0,0.0,35.17,0.568,0.563,18121000000.0,35099000000.0,31189000000.0,31189000000.0,812000000.0,,,,,142000000.0,3430000000.0,1.0,2074155738.0,2054000000.0,2080000000.0,15.185,79416000000.0,0.0,473000000.0,788000000.0,38.664,7341000000.0
41,HPQ,MRQ,2011-03-31,2011-04-30,2011-04-30,2021-09-07,-3592000000.0,125127000000.0,,56075000000.0,69052000000.0,,19.267,-1010000000.0,12738000000.0,12738000000.0,23832000000.0,2304000000.0,1.092,2.012,22918000000.0,8406000000.0,14512000000.0,22918000000.0,7397000000.0,1242000000.0,0.0,0.008,0.08,2968000000.0,4210000000.0,0.133,4210000000.0,2968000000.0,2892000000.0,1.07,1.05,1.07,41423000000.0,,41423000000.0,97826897417.0,8.0,5.771,2952000000.0,1.373,1.0,7800000000.0,0.247,45842000000.0,76000000.0,38095000000.0,,6778000000.0,14499000000.0,3179000000.0,11320000000.0,83332000000.0,51370000000.0,31962000000.0,87357897417.0,2804000000.0,-232000000.0,-2342000000.0,2495000000.0,-182000000.0,61000000.0,-1219000000.0,23000000.0,3962000000.0,0.0,2304000000.0,2304000000.0,2304000000.0,0.0,0.0,0.073,4832000000.0,2968000000.0,14222000000.0,0.075,2.109,9.475,9.751,11890000000.0,0.0,40.37,0.683,0.678,18621000000.0,35152000000.0,31632000000.0,31632000000.0,815000000.0,,,,,57000000.0,3425000000.0,1.0,2163931073.0,2150000000.0,2184000000.0,14.713,79285000000.0,0.0,588000000.0,848000000.0,36.877,4705000000.0
42,HPQ,MRQ,2010-12-31,2011-01-31,2011-01-31,2021-09-07,-3698000000.0,119933000000.0,,51404000000.0,68529000000.0,,18.885,-383000000.0,9934000000.0,9934000000.0,24381000000.0,2605000000.0,1.179,1.902,20403000000.0,3381000000.0,17022000000.0,20403000000.0,6927000000.0,1255000000.0,0.0,0.007,0.08,3394000000.0,4649000000.0,0.144,4649000000.0,3394000000.0,3297000000.0,1.19,1.17,1.19,41206000000.0,,41206000000.0,111455546121.0,9.0,6.641,2687000000.0,1.231,1.0,7921000000.0,0.245,45937000000.0,97000000.0,40855000000.0,,6747000000.0,13999000000.0,2982000000.0,11017000000.0,78386000000.0,43610000000.0,34776000000.0,100080546121.0,-995000000.0,-14000000.0,-1860000000.0,-1731000000.0,-175000000.0,-3702000000.0,-363000000.0,34000000.0,3070000000.0,0.0,2605000000.0,2605000000.0,2605000000.0,0.0,0.0,0.081,4527000000.0,3394000000.0,13453000000.0,0.067,2.429,10.979,11.394,11575000000.0,0.0,45.69,0.787,0.784,16552000000.0,34005000000.0,32302000000.0,32302000000.0,798000000.0,,,,,116000000.0,3117000000.0,1.0,2190425610.0,2182000000.0,2226000000.0,14.804,73996000000.0,0.0,692000000.0,789000000.0,33.912,7794000000.0
43,HPQ,MRQ,2010-09-30,2010-10-31,2010-10-31,2021-09-07,-3837000000.0,124503000000.0,,54184000000.0,70319000000.0,,17.977,-983000000.0,10929000000.0,10929000000.0,24891000000.0,2538000000.0,1.097,2.07,22304000000.0,7046000000.0,15258000000.0,22304000000.0,6727000000.0,1264000000.0,0.0,0.008,0.08,3295000000.0,4559000000.0,0.137,4559000000.0,3295000000.0,3214000000.0,1.12,1.09,1.12,40449000000.0,,40449000000.0,100663901973.0,9.0,6.176,2168000000.0,0.964,1.0,8387000000.0,0.252,46331000000.0,81000000.0,40144000000.0,,6466000000.0,15211000000.0,2986000000.0,12225000000.0,83722000000.0,49403000000.0,34319000000.0,95335901973.0,-3789000000.0,-4085000000.0,-3853000000.0,2149000000.0,-181000000.0,-1874000000.0,-5066000000.0,2000000.0,3151000000.0,0.0,2538000000.0,2538000000.0,2538000000.0,0.0,0.0,0.076,5092000000.0,3295000000.0,14365000000.0,0.071,2.357,10.882,11.122,11763000000.0,0.0,42.04,0.756,0.774,18481000000.0,32695000000.0,33278000000.0,33278000000.0,814000000.0,,,,,110000000.0,3568000000.0,1.0,2267742673.0,2250000000.0,2294000000.0,14.79,78172000000.0,0.0,676000000.0,802000000.0,34.743,4781000000.0
44,HPQ,MRQ,2010-06-30,2010-07-31,2010-07-31,2021-09-07,-2940000000.0,120017000000.0,,54365000000.0,65652000000.0,,18.318,-1045000000.0,14718000000.0,14718000000.0,23365000000.0,1773000000.0,1.103,1.815,20046000000.0,7842000000.0,12204000000.0,20046000000.0,6583000000.0,1210000000.0,0.0,0.007,0.08,2323000000.0,3533000000.0,0.115,3533000000.0,2323000000.0,2189000000.0,0.76,0.75,0.76,42535000000.0,,42535000000.0,111011204311.0,10.0,6.892,2228000000.0,0.96,1.0,7364000000.0,0.24,42494000000.0,134000000.0,33563000000.0,,7206000000.0,14485000000.0,2804000000.0,11681000000.0,77182000000.0,49288000000.0,27894000000.0,107480204311.0,587000000.0,-1380000000.0,-2327000000.0,2179000000.0,-205000000.0,-333000000.0,-2353000000.0,72000000.0,3273000000.0,0.0,1773000000.0,1773000000.0,1773000000.0,0.0,0.0,0.058,5041000000.0,2323000000.0,14885000000.0,0.105,2.527,12.447,12.545,11477000000.0,0.0,46.04,0.87,0.865,15621000000.0,31784000000.0,30729000000.0,30729000000.0,742000000.0,,,,,146000000.0,3191000000.0,1.0,2334496184.0,2322000000.0,2376000000.0,13.234,77523000000.0,0.0,416000000.0,947000000.0,33.386,5077000000.0
45,HPQ,MRQ,2010-03-31,2010-04-30,2010-04-30,2021-09-07,-2756000000.0,115994000000.0,,51695000000.0,64299000000.0,,18.555,-794000000.0,14131000000.0,14131000000.0,23569000000.0,2200000000.0,1.223,1.659,17662000000.0,3934000000.0,13728000000.0,17662000000.0,6526000000.0,1184000000.0,0.0,0.006,0.08,2858000000.0,4042000000.0,0.131,4042000000.0,2858000000.0,2767000000.0,0.94,0.91,0.94,43511000000.0,,43511000000.0,124198485549.0,11.0,7.779,2297000000.0,0.98,1.0,7280000000.0,0.236,41331000000.0,91000000.0,35923000000.0,,6436000000.0,14560000000.0,2834000000.0,11726000000.0,72182000000.0,42271000000.0,29911000000.0,121874485549.0,584000000.0,-2519000000.0,-851000000.0,1634000000.0,-196000000.0,722000000.0,-3229000000.0,84000000.0,3091000000.0,0.0,2200000000.0,2200000000.0,2200000000.0,0.0,0.0,0.071,4422000000.0,2858000000.0,13350000000.0,0.085,2.801,14.283,14.396,11242000000.0,0.0,51.97,1.012,1.012,14753000000.0,31631000000.0,30849000000.0,30849000000.0,722000000.0,,,,,65000000.0,3096000000.0,1.0,2345093045.0,2345000000.0,2406000000.0,13.155,74663000000.0,0.0,567000000.0,1043000000.0,31.839,9424000000.0
46,HPQ,MRQ,2009-12-31,2010-01-31,2010-01-31,2021-09-07,-2944000000.0,113618000000.0,,51697000000.0,61921000000.0,,17.654,-709000000.0,13547000000.0,13547000000.0,24027000000.0,2250000000.0,1.265,1.723,15871000000.0,1862000000.0,14009000000.0,15871000000.0,6412000000.0,1162000000.0,0.0,0.007,0.08,3003000000.0,4165000000.0,0.134,4165000000.0,3003000000.0,2804000000.0,0.95,0.93,0.95,41628000000.0,,41628000000.0,113832430970.0,11.0,7.406,1698000000.0,0.72,1.0,7150000000.0,0.229,39334000000.0,199000000.0,35735000000.0,,6630000000.0,14248000000.0,2825000000.0,11423000000.0,71727000000.0,40873000000.0,30854000000.0,111281430970.0,268000000.0,7000000.0,-1394000000.0,27000000.0,-189000000.0,-1428000000.0,-711000000.0,-9000000.0,2407000000.0,0.0,2250000000.0,2250000000.0,2250000000.0,0.0,0.0,0.072,4147000000.0,3003000000.0,13557000000.0,0.084,2.673,13.817,13.885,11164000000.0,0.0,47.07,0.952,0.949,14503000000.0,30391000000.0,31177000000.0,31177000000.0,681000000.0,,,,,53000000.0,2967000000.0,1.0,2364168918.0,2358000000.0,2427000000.0,13.222,74284000000.0,0.0,554000000.0,983000000.0,31.503,10824000000.0
47,HPQ,MRQ,2009-09-30,2009-10-31,2009-10-31,2021-09-07,-3247000000.0,114799000000.0,,52539000000.0,62260000000.0,,17.117,-852000000.0,13279000000.0,13279000000.0,23440000000.0,2412000000.0,1.222,1.827,15830000000.0,1850000000.0,13980000000.0,15830000000.0,6182000000.0,1234000000.0,0.0,0.007,0.08,3133000000.0,4367000000.0,0.142,4367000000.0,3133000000.0,3001000000.0,1.02,0.99,1.02,40517000000.0,,40517000000.0,116189882487.0,11.0,7.79,2581000000.0,1.09,1.0,7337000000.0,0.238,39709000000.0,132000000.0,34638000000.0,,6128000000.0,14019000000.0,2730000000.0,11289000000.0,74035000000.0,43003000000.0,31032000000.0,112530882487.0,-242000000.0,-43000000.0,-1201000000.0,-1497000000.0,-190000000.0,-2793000000.0,-882000000.0,13000000.0,3433000000.0,0.0,2412000000.0,2412000000.0,2412000000.0,0.0,0.0,0.078,4204000000.0,3133000000.0,14809000000.0,0.078,2.777,14.691,14.785,11262000000.0,0.0,47.46,0.982,0.989,16537000000.0,29936000000.0,30777000000.0,30777000000.0,698000000.0,,,,,39000000.0,3001000000.0,1.0,2371067899.0,2367000000.0,2422000000.0,13.003,75090000000.0,0.0,589000000.0,910000000.0,31.724,9536000000.0
48,HPQ,MRQ,2009-06-30,2009-07-31,2009-07-31,2021-09-07,-796000000.0,111072000000.0,,48842000000.0,62230000000.0,,17.437,-940000000.0,13521000000.0,13521000000.0,21031000000.0,1671000000.0,1.168,1.674,17180000000.0,3288000000.0,13892000000.0,17180000000.0,6458000000.0,1179000000.0,0.0,0.007,0.08,2213000000.0,3392000000.0,0.123,3392000000.0,2213000000.0,2036000000.0,0.7,0.69,0.7,41535000000.0,,41535000000.0,109154165730.0,11.0,7.568,2916000000.0,1.224,1.0,6554000000.0,0.238,40179000000.0,177000000.0,32742000000.0,,5850000000.0,13455000000.0,2598000000.0,10857000000.0,69537000000.0,41810000000.0,27727000000.0,103325165730.0,670000000.0,0.0,-556000000.0,-1488000000.0,-191000000.0,-2196000000.0,-990000000.0,-50000000.0,3856000000.0,0.0,1671000000.0,1671000000.0,1671000000.0,0.0,0.0,0.061,4341000000.0,2213000000.0,12778000000.0,0.114,2.488,14.039,14.197,11194000000.0,0.0,43.3,0.88,0.879,14735000000.0,28509000000.0,27585000000.0,27585000000.0,667000000.0,,,,,111000000.0,2874000000.0,1.0,2386262488.0,2382000000.0,2436000000.0,11.581,70893000000.0,0.0,365000000.0,786000000.0,29.762,7032000000.0
49,HPQ,MRQ,2009-03-31,2009-04-30,2009-04-30,2021-09-07,-926000000.0,108515000000.0,,47186000000.0,61329000000.0,,16.935,-744000000.0,12851000000.0,12851000000.0,20945000000.0,1721000000.0,1.135,1.677,18680000000.0,5702000000.0,12978000000.0,18680000000.0,6342000000.0,1153000000.0,0.0,0.009,0.08,2293000000.0,3446000000.0,0.126,3446000000.0,2293000000.0,2113000000.0,0.72,0.71,0.72,40542000000.0,,40542000000.0,95499136244.0,9.0,6.669,4220000000.0,1.763,1.0,6438000000.0,0.235,40112000000.0,180000000.0,32649000000.0,,5746000000.0,12827000000.0,2417000000.0,10410000000.0,67973000000.0,41583000000.0,26390000000.0,86230136244.0,1662000000.0,-3000000.0,-607000000.0,-1773000000.0,-192000000.0,-2557000000.0,-745000000.0,2000000.0,4964000000.0,0.0,1721000000.0,1721000000.0,1721000000.0,0.0,0.0,0.063,4145000000.0,2293000000.0,11421000000.0,0.111,2.127,11.175,11.35,10807000000.0,0.0,35.98,0.732,0.731,14666000000.0,27594000000.0,27383000000.0,27383000000.0,716000000.0,,,,,176000000.0,2880000000.0,1.0,2396613014.0,2394000000.0,2438000000.0,11.438,68403000000.0,0.0,392000000.0,546000000.0,28.573,5603000000.0
50,HPQ,MRQ,2008-12-31,2009-01-31,2009-01-31,2021-09-07,-580000000.0,109634000000.0,,48881000000.0,60753000000.0,,16.426,-664000000.0,11189000000.0,11189000000.0,22073000000.0,1856000000.0,1.04,1.769,20458000000.0,10199000000.0,10259000000.0,20458000000.0,6591000000.0,1214000000.0,0.0,0.009,0.08,2497000000.0,3711000000.0,0.129,3711000000.0,2497000000.0,2265000000.0,0.77,0.75,0.77,39587000000.0,,39587000000.0,91661996391.0,9.0,6.445,462000000.0,0.192,1.0,6734000000.0,0.234,39868000000.0,232000000.0,32048000000.0,,7629000000.0,12493000000.0,2382000000.0,10111000000.0,70047000000.0,46987000000.0,23060000000.0,83962996391.0,1036000000.0,-345000000.0,-939000000.0,1992000000.0,-193000000.0,873000000.0,-963000000.0,46000000.0,1126000000.0,0.0,1856000000.0,1856000000.0,1856000000.0,0.0,0.0,0.064,4237000000.0,2497000000.0,11231000000.0,0.104,2.121,10.428,10.595,10774000000.0,0.0,34.75,0.707,0.706,14769000000.0,26165000000.0,28807000000.0,28807000000.0,738000000.0,,,,,147000000.0,2893000000.0,1.0,2416201335.0,2410000000.0,2464000000.0,11.953,69766000000.0,0.0,409000000.0,699000000.0,28.949,1894000000.0
51,HPQ,MRQ,2008-09-30,2008-10-31,2008-10-31,2021-09-07,-65000000.0,113331000000.0,,51728000000.0,61603000000.0,,15.953,-870000000.0,10153000000.0,10153000000.0,25853000000.0,2112000000.0,0.977,1.91,17852000000.0,10176000000.0,7676000000.0,17852000000.0,6287000000.0,1133000000.0,0.0,0.008,0.08,2741000000.0,3874000000.0,0.115,3874000000.0,2741000000.0,2643000000.0,0.86,0.84,0.86,38942000000.0,,38942000000.0,89187690708.0,9.0,6.428,2406000000.0,0.986,1.0,7750000000.0,0.231,40297000000.0,98000000.0,27794000000.0,,7879000000.0,12875000000.0,2407000000.0,10468000000.0,74389000000.0,52939000000.0,21450000000.0,93751690708.0,-4630000000.0,-9770000000.0,-1437000000.0,4311000000.0,-196000000.0,2758000000.0,-10664000000.0,-24000000.0,3276000000.0,0.0,2112000000.0,2112000000.0,2112000000.0,0.0,0.0,0.063,5009000000.0,2741000000.0,14917000000.0,0.093,2.407,11.256,11.427,10838000000.0,0.0,38.28,0.792,0.803,16928000000.0,24971000000.0,33603000000.0,33603000000.0,829000000.0,,,,,77000000.0,3506000000.0,1.0,2449103728.0,2441000000.0,2537000000.0,13.766,73034000000.0,0.0,531000000.0,869000000.0,29.92,-1211000000.0
52,HPQ,MRQ,2008-06-30,2008-07-31,2008-07-31,2021-09-07,596000000.0,95894000000.0,,51036000000.0,44858000000.0,,15.655,-573000000.0,14783000000.0,14783000000.0,21197000000.0,2027000000.0,1.218,1.491,10219000000.0,3591000000.0,6628000000.0,10219000000.0,5664000000.0,759000000.0,0.0,0.007,0.08,2529000000.0,3288000000.0,0.117,3288000000.0,2529000000.0,2552000000.0,0.82,0.8,0.82,38495000000.0,,38495000000.0,107293358861.0,11.0,8.55,2790000000.0,1.135,1.0,6835000000.0,0.244,26581000000.0,-23000000.0,22849000000.0,,8160000000.0,12964000000.0,2658000000.0,10306000000.0,57399000000.0,41900000000.0,15499000000.0,110485358861.0,3192000000.0,-213000000.0,-1121000000.0,1870000000.0,-197000000.0,602000000.0,-773000000.0,13000000.0,3363000000.0,0.0,2027000000.0,2027000000.0,2027000000.0,0.0,0.0,0.072,4306000000.0,2529000000.0,14021000000.0,0.098,2.87,13.183,13.535,7971000000.0,0.0,44.8,0.977,0.974,13754000000.0,23727000000.0,28032000000.0,28032000000.0,895000000.0,,,,,90000000.0,3193000000.0,1.0,2466191046.0,2459000000.0,2533000000.0,11.4,69313000000.0,0.0,525000000.0,806000000.0,28.187,9136000000.0
53,HPQ,MRQ,2008-03-31,2008-04-30,2008-04-30,2021-09-07,583000000.0,91804000000.0,,47049000000.0,44755000000.0,,15.428,-599000000.0,11591000000.0,11591000000.0,21205000000.0,2057000000.0,1.267,1.406,8399000000.0,711000000.0,7688000000.0,8399000000.0,5446000000.0,760000000.0,0.0,0.007,0.08,2590000000.0,3350000000.0,0.119,3350000000.0,2590000000.0,2593000000.0,0.83,0.8,0.83,38153000000.0,,38153000000.0,111674576947.0,12.0,9.005,4166000000.0,1.685,1.0,7057000000.0,0.25,26531000000.0,-3000000.0,24935000000.0,,7678000000.0,12963000000.0,2645000000.0,10318000000.0,53651000000.0,37146000000.0,16505000000.0,114266576947.0,1688000000.0,-1001000000.0,-2482000000.0,1100000000.0,-197000000.0,-1504000000.0,-1573000000.0,27000000.0,4765000000.0,0.0,2057000000.0,2057000000.0,2057000000.0,0.0,0.0,0.073,4467000000.0,2590000000.0,12425000000.0,0.096,2.995,14.051,14.621,7906000000.0,0.0,46.35,1.035,1.038,13558000000.0,23049000000.0,28262000000.0,28262000000.0,921000000.0,,,,,77000000.0,3331000000.0,1.0,2465298316.0,2473000000.0,2557000000.0,11.428,65273000000.0,0.0,536000000.0,798000000.0,26.394,9903000000.0
54,HPQ,MRQ,2007-12-31,2008-01-31,2008-01-31,2021-09-07,614000000.0,88572000000.0,,44626000000.0,43946000000.0,,14.822,-523000000.0,9903000000.0,9903000000.0,21444000000.0,2133000000.0,1.217,1.334,7311000000.0,2212000000.0,5099000000.0,7311000000.0,5314000000.0,749000000.0,0.0,0.007,0.08,2613000000.0,3362000000.0,0.118,3362000000.0,2613000000.0,2685000000.0,0.83,0.8,0.83,37944000000.0,,37944000000.0,109419536329.0,12.0,9.074,2664000000.0,1.041,1.0,7023000000.0,0.247,25817000000.0,-72000000.0,23505000000.0,,7938000000.0,12959000000.0,2634000000.0,10325000000.0,50628000000.0,36658000000.0,13970000000.0,112529536329.0,-1390000000.0,-264000000.0,-2770000000.0,-988000000.0,-206000000.0,-3876000000.0,-701000000.0,86000000.0,3187000000.0,0.0,2133000000.0,2133000000.0,2133000000.0,0.0,0.0,0.075,4410000000.0,2613000000.0,11162000000.0,0.096,2.966,14.335,14.525,7804000000.0,0.0,43.72,1.045,1.039,12384000000.0,22132000000.0,28467000000.0,28467000000.0,898000000.0,,,,,69000000.0,3296000000.0,1.0,2573868626.0,2560000000.0,2655000000.0,11.12,62755000000.0,0.0,552000000.0,420000000.0,24.514,7968000000.0
55,HPQ,MRQ,2007-09-30,2007-10-31,2007-10-31,2021-09-07,559000000.0,88699000000.0,,47402000000.0,41297000000.0,,14.956,-748000000.0,11293000000.0,11293000000.0,21100000000.0,2164000000.0,1.207,1.302,8183000000.0,3186000000.0,4997000000.0,8183000000.0,5025000000.0,699000000.0,0.0,0.006,0.08,1850000000.0,2549000000.0,0.09,2549000000.0,1850000000.0,2699000000.0,0.83,0.81,0.83,38526000000.0,,38526000000.0,129396221266.0,15.0,11.327,2861000000.0,1.111,1.0,7193000000.0,0.254,25852000000.0,-849000000.0,20477000000.0,,8033000000.0,10306000000.0,2659000000.0,7647000000.0,50173000000.0,39260000000.0,10913000000.0,133234221266.0,-1157000000.0,-1900000000.0,-1330000000.0,-498000000.0,-206000000.0,-1893000000.0,-2873000000.0,-225000000.0,3609000000.0,0.0,2164000000.0,2164000000.0,2164000000.0,0.0,0.0,0.076,4561000000.0,2632000000.0,11787000000.0,0.096,3.458,18.342,18.725,7798000000.0,0.0,51.68,1.278,1.303,13420000000.0,21560000000.0,28293000000.0,28293000000.0,918000000.0,,,,,27000000.0,3476000000.0,1.0,2578061557.0,2576000000.0,2662000000.0,10.983,62847000000.0,0.0,535000000.0,1891000000.0,24.397,8142000000.0
56,HPQ,MRQ,2007-06-30,2007-07-31,2007-07-31,2021-09-07,79000000.0,85141000000.0,,45361000000.0,39780000000.0,,14.207,-548000000.0,12450000000.0,12450000000.0,19164000000.0,1778000000.0,1.216,1.305,8612000000.0,3667000000.0,4945000000.0,8612000000.0,4983000000.0,685000000.0,0.0,0.007,0.08,2456000000.0,3141000000.0,0.124,3141000000.0,2456000000.0,2286000000.0,0.68,0.66,0.68,36937000000.0,,36937000000.0,116648451648.0,13.0,9.893,1319000000.0,0.507,1.0,6213000000.0,0.245,24309000000.0,170000000.0,19689000000.0,,8006000000.0,10508000000.0,2516000000.0,7992000000.0,48204000000.0,37305000000.0,10899000000.0,120547451648.0,214000000.0,-57000000.0,-1334000000.0,292000000.0,-209000000.0,-1086000000.0,-567000000.0,38000000.0,1867000000.0,0.0,1778000000.0,1778000000.0,1778000000.0,0.0,0.0,0.07,4097000000.0,2116000000.0,11673000000.0,0.118,3.264,17.735,18.122,7479000000.0,0.0,46.03,1.199,1.19,11845000000.0,20506000000.0,25377000000.0,25377000000.0,917000000.0,,,,,-21000000.0,3002000000.0,1.0,2618888804.0,2600000000.0,2697000000.0,9.76,60832000000.0,0.0,508000000.0,1816000000.0,23.397,8056000000.0
57,HPQ,MRQ,2007-03-31,2007-04-30,2007-04-30,2021-09-07,-26000000.0,83413000000.0,,43874000000.0,39539000000.0,,13.831,-597000000.0,12236000000.0,12236000000.0,19283000000.0,1775000000.0,1.189,1.286,8337000000.0,4360000000.0,3977000000.0,8337000000.0,4900000000.0,678000000.0,0.0,0.008,0.08,2328000000.0,3006000000.0,0.118,3006000000.0,2328000000.0,2228000000.0,0.67,0.65,0.67,36486000000.0,,36486000000.0,108503459893.0,12.0,9.682,3564000000.0,1.351,1.0,6251000000.0,0.245,24449000000.0,100000000.0,18152000000.0,,7278000000.0,10357000000.0,2606000000.0,7751000000.0,46927000000.0,36913000000.0,10014000000.0,112785459893.0,2179000000.0,-372000000.0,-3605000000.0,2480000000.0,-213000000.0,-1263000000.0,-719000000.0,250000000.0,4161000000.0,0.0,1775000000.0,1775000000.0,1775000000.0,0.0,0.0,0.07,4123000000.0,2128000000.0,11505000000.0,0.119,3.091,17.639,17.856,7339000000.0,0.0,42.14,1.162,1.145,11577000000.0,20629000000.0,25534000000.0,25534000000.0,922000000.0,,,,,79000000.0,3044000000.0,1.0,2676446604.0,2638000000.0,2731000000.0,9.679,58964000000.0,0.0,453000000.0,1744000000.0,22.352,6961000000.0
58,HPQ,MRQ,2006-12-31,2007-01-31,2007-01-31,2021-09-07,8000000.0,81314000000.0,,42519000000.0,38795000000.0,,14.064,-579000000.0,10057000000.0,10057000000.0,19136000000.0,1547000000.0,1.213,1.137,5775000000.0,3337000000.0,2438000000.0,5775000000.0,4750000000.0,643000000.0,0.0,0.007,0.08,2085000000.0,2728000000.0,0.109,2728000000.0,2085000000.0,1964000000.0,0.57,0.55,0.57,38043000000.0,,38043000000.0,106551576689.0,13.0,9.89,-601000000.0,-0.222,1.0,5946000000.0,0.237,24358000000.0,121000000.0,17630000000.0,,8380000000.0,10209000000.0,2817000000.0,7392000000.0,43271000000.0,35044000000.0,8227000000.0,117756576689.0,-6343000000.0,-4464000000.0,-1515000000.0,276000000.0,-218000000.0,-1357000000.0,-4964000000.0,79000000.0,-22000000.0,0.0,1547000000.0,1547000000.0,1547000000.0,0.0,0.0,0.062,4103000000.0,1843000000.0,11360000000.0,0.14,3.095,18.066,18.262,7045000000.0,0.0,43.28,1.252,1.244,10403000000.0,20604000000.0,25082000000.0,25082000000.0,1044000000.0,,,,,63000000.0,2908000000.0,1.0,2720808149.0,2705000000.0,2801000000.0,9.272,56956000000.0,0.0,417000000.0,1673000000.0,21.056,7475000000.0
59,HPQ,MRQ,2006-09-30,2006-10-31,2006-10-31,2021-09-07,18000000.0,81981000000.0,,48264000000.0,33717000000.0,,13.967,-868000000.0,16400000000.0,16400000000.0,18593000000.0,1697000000.0,1.346,1.149,5195000000.0,2705000000.0,2490000000.0,5195000000.0,4309000000.0,596000000.0,0.0,0.008,0.08,2320000000.0,2916000000.0,0.119,2916000000.0,2320000000.0,2105000000.0,0.62,0.61,0.62,38144000000.0,,38144000000.0,96893232378.0,12.0,9.523,2376000000.0,0.87,1.0,5962000000.0,0.243,20205000000.0,215000000.0,14721000000.0,,7750000000.0,9111000000.0,2462000000.0,6649000000.0,43837000000.0,35850000000.0,7987000000.0,106107232378.0,419000000.0,-32000000.0,-194000000.0,-1623000000.0,-219000000.0,-1944000000.0,-881000000.0,19000000.0,3244000000.0,0.0,1697000000.0,1697000000.0,1697000000.0,0.0,0.0,0.069,4061000000.0,1901000000.0,12102000000.0,0.129,2.782,17.12,17.372,6863000000.0,0.0,38.74,1.158,1.176,10873000000.0,20729000000.0,24555000000.0,24555000000.0,870000000.0,,,,,49000000.0,2886000000.0,1.0,2738957986.0,2731000000.0,2798000000.0,8.991,61776000000.0,0.0,408000000.0,1905000000.0,22.62,12414000000.0
60,HPQ,MRQ,2006-06-30,2006-07-31,2006-07-31,2021-09-07,29000000.0,79192000000.0,,44325000000.0,34867000000.0,,13.132,-389000000.0,15981000000.0,15981000000.0,16472000000.0,1375000000.0,1.267,1.179,6767000000.0,4316000000.0,2451000000.0,6767000000.0,4212000000.0,598000000.0,0.0,0.01,0.08,1959000000.0,2557000000.0,0.117,2557000000.0,1959000000.0,1738000000.0,0.5,0.48,0.5,36348000000.0,,36348000000.0,79997750883.0,14.0,9.743,2240000000.0,0.809,1.0,5418000000.0,0.248,20344000000.0,221000000.0,14652000000.0,,7464000000.0,10729000000.0,2575000000.0,8154000000.0,42844000000.0,34982000000.0,7862000000.0,89014750883.0,1949000000.0,-63000000.0,-1758000000.0,1705000000.0,-222000000.0,-239000000.0,-441000000.0,11000000.0,2629000000.0,0.0,1375000000.0,1375000000.0,1375000000.0,0.0,0.0,0.063,3908000000.0,1510000000.0,10695000000.0,0.16,2.449,18.103,18.234,6369000000.0,0.0,31.91,0.989,0.981,9631000000.0,19522000000.0,21890000000.0,21890000000.0,920000000.0,,,,,91000000.0,2830000000.0,1.0,2789556593.0,2768000000.0,2839000000.0,7.908,58848000000.0,0.0,363000000.0,1848000000.0,21.26,9343000000.0
61,HPQ,MRQ,2006-03-31,2006-04-30,2006-04-30,2021-09-07,-28000000.0,77183000000.0,,42208000000.0,34975000000.0,,13.191,-401000000.0,14032000000.0,14032000000.0,16970000000.0,1899000000.0,1.3,1.083,5015000000.0,2609000000.0,2406000000.0,5015000000.0,4101000000.0,596000000.0,0.0,0.01,0.08,1977000000.0,2573000000.0,0.114,2573000000.0,1977000000.0,1820000000.0,0.68,0.66,0.68,37054000000.0,,37054000000.0,84952907408.0,17.0,11.489,3233000000.0,1.151,1.0,5584000000.0,0.248,20430000000.0,157000000.0,15279000000.0,,6768000000.0,10746000000.0,2552000000.0,8194000000.0,40129000000.0,32457000000.0,7672000000.0,91838907408.0,2098000000.0,-107000000.0,-813000000.0,-57000000.0,-226000000.0,-1038000000.0,-498000000.0,10000000.0,3634000000.0,0.0,1899000000.0,1899000000.0,1899000000.0,0.0,0.0,0.084,3927000000.0,1657000000.0,10077000000.0,0.118,2.479,25.405,25.367,6351000000.0,0.0,32.47,1.033,1.026,9783000000.0,18793000000.0,22554000000.0,22554000000.0,932000000.0,,,,,66000000.0,2858000000.0,1.0,2828423388.0,2809000000.0,2887000000.0,8.029,56753000000.0,0.0,-79000000.0,1906000000.0,20.204,9751000000.0
62,HPQ,MRQ,2005-12-31,2006-01-31,2006-01-31,2021-09-07,-5000000.0,74413000000.0,,39178000000.0,35235000000.0,,12.688,-322000000.0,11934000000.0,11934000000.0,17392000000.0,1227000000.0,1.277,1.078,5048000000.0,2632000000.0,2416000000.0,5048000000.0,3824000000.0,563000000.0,0.0,0.01,0.08,1566000000.0,2129000000.0,0.094,2129000000.0,1566000000.0,1528000000.0,0.43,0.42,0.43,35806000000.0,,35806000000.0,79790043021.0,19.0,12.444,1524000000.0,0.54,1.0,5267000000.0,0.232,20573000000.0,38000000.0,16277000000.0,,6731000000.0,10870000000.0,2554000000.0,8316000000.0,38607000000.0,30677000000.0,7930000000.0,88478043021.0,-1977000000.0,-653000000.0,-2476000000.0,-218000000.0,-227000000.0,-2856000000.0,-967000000.0,8000000.0,1846000000.0,0.0,1227000000.0,1227000000.0,1227000000.0,0.0,0.0,0.054,3775000000.0,1492000000.0,8932000000.0,0.186,2.471,32.99,33.527,6346000000.0,0.0,31.18,1.007,1.001,8679000000.0,17111000000.0,22659000000.0,22659000000.0,921000000.0,,,,,79000000.0,2692000000.0,1.0,2837653721.0,2822000000.0,2893000000.0,8.029,53840000000.0,0.0,301000000.0,2273000000.0,19.079,8501000000.0
63,HPQ,MRQ,2005-09-30,2005-10-31,2005-10-31,2021-09-07,-21000000.0,77317000000.0,,43334000000.0,33983000000.0,,13.049,-446000000.0,13911000000.0,13911000000.0,17532000000.0,416000000.0,1.377,1.08,5223000000.0,1831000000.0,3392000000.0,5223000000.0,3815000000.0,545000000.0,0.0,0.011,0.08,407000000.0,952000000.0,0.042,952000000.0,407000000.0,381000000.0,0.14,0.14,0.14,37176000000.0,,37176000000.0,71661320525.0,20.0,12.004,1440000000.0,0.505,1.0,5381000000.0,0.235,20030000000.0,26000000.0,17139000000.0,,6877000000.0,10071000000.0,2569000000.0,7502000000.0,40141000000.0,31460000000.0,8681000000.0,80334320525.0,-534000000.0,-302000000.0,-1036000000.0,-521000000.0,-229000000.0,-1786000000.0,-634000000.0,114000000.0,1886000000.0,0.0,416000000.0,416000000.0,416000000.0,0.0,0.0,0.018,5040000000.0,341000000.0,10223000000.0,0.571,2.161,33.501,33.783,6451000000.0,0.0,28.04,0.927,0.931,9903000000.0,16679000000.0,22913000000.0,22913000000.0,861000000.0,,,,,28000000.0,2786000000.0,1.0,2864990033.0,2849000000.0,2879000000.0,8.042,57287000000.0,0.0,-35000000.0,2367000000.0,20.108,11874000000.0
64,HPQ,MRQ,2005-06-30,2005-07-31,2005-07-31,2021-09-07,-166000000.0,75416000000.0,,41702000000.0,33714000000.0,,13.013,-208000000.0,14445000000.0,14445000000.0,15942000000.0,73000000.0,1.429,1.017,5772000000.0,2375000000.0,3397000000.0,5772000000.0,3615000000.0,588000000.0,0.0,0.013,0.08,1152000000.0,1740000000.0,0.084,1740000000.0,1152000000.0,1033000000.0,0.03,0.03,0.03,37386000000.0,,37386000000.0,63850333564.0,14.0,9.238,2002000000.0,0.697,1.0,4817000000.0,0.232,19853000000.0,119000000.0,17715000000.0,,6644000000.0,10108000000.0,2677000000.0,7431000000.0,38030000000.0,29175000000.0,8855000000.0,71061333564.0,83000000.0,-7000000.0,-414000000.0,-1289000000.0,-231000000.0,-1934000000.0,-193000000.0,22000000.0,2210000000.0,0.0,73000000.0,73000000.0,73000000.0,0.0,0.0,0.004,3897000000.0,920000000.0,9070000000.0,2.667,1.901,23.124,23.448,6430000000.0,0.0,24.62,0.834,0.83,8764000000.0,16407000000.0,20759000000.0,20759000000.0,863000000.0,,,,,32000000.0,2761000000.0,1.0,2886325490.0,2873000000.0,2907000000.0,7.226,55563000000.0,0.0,960000000.0,2600000000.0,19.34,12527000000.0
65,HPQ,MRQ,2005-03-31,2005-04-30,2005-04-30,2021-09-07,-175000000.0,76348000000.0,,42476000000.0,33872000000.0,,13.227,-380000000.0,14362000000.0,14362000000.0,16429000000.0,966000000.0,1.495,1.0,7151000000.0,2754000000.0,4397000000.0,7151000000.0,3524000000.0,599000000.0,0.0,0.016,0.08,992000000.0,1591000000.0,0.074,1591000000.0,992000000.0,1079000000.0,0.33,0.33,0.33,38173000000.0,,38173000000.0,53180989377.0,13.0,8.217,1994000000.0,0.691,1.0,5141000000.0,0.238,19897000000.0,-87000000.0,20825000000.0,,6464000000.0,10147000000.0,2841000000.0,7306000000.0,38175000000.0,28415000000.0,9760000000.0,59271989377.0,1060000000.0,-325000000.0,-528000000.0,-34000000.0,-233000000.0,-795000000.0,-519000000.0,186000000.0,2374000000.0,0.0,966000000.0,966000000.0,966000000.0,0.0,0.0,0.045,3978000000.0,1163000000.0,8583000000.0,0.242,1.553,16.529,16.917,6669000000.0,0.0,20.47,0.712,0.709,9266000000.0,16950000000.0,21570000000.0,21570000000.0,890000000.0,,,,,31000000.0,2933000000.0,1.0,2895553951.0,2886000000.0,2917000000.0,7.474,56451000000.0,0.0,113000000.0,1361000000.0,19.56,14061000000.0
66,HPQ,MRQ,2004-12-31,2005-01-31,2005-01-31,2021-09-07,-163000000.0,75143000000.0,,41715000000.0,33428000000.0,,12.973,-419000000.0,13302000000.0,13302000000.0,16537000000.0,943000000.0,1.513,0.992,7211000000.0,2803000000.0,4408000000.0,7211000000.0,3150000000.0,612000000.0,0.0,0.016,0.08,1075000000.0,1687000000.0,0.079,1687000000.0,1075000000.0,1050000000.0,0.32,0.32,0.32,37726000000.0,,37726000000.0,51478680133.0,12.0,7.835,1139000000.0,0.392,1.0,4917000000.0,0.229,19789000000.0,25000000.0,21690000000.0,,7120000000.0,10057000000.0,3108000000.0,6949000000.0,37417000000.0,27573000000.0,9844000000.0,57007680133.0,639000000.0,-7000000.0,-375000000.0,100000000.0,-233000000.0,-508000000.0,-411000000.0,15000000.0,1558000000.0,0.0,943000000.0,943000000.0,943000000.0,0.0,0.0,0.044,3868000000.0,1049000000.0,8234000000.0,0.25,1.511,16.269,16.744,6690000000.0,0.0,19.59,0.697,0.696,8665000000.0,16011000000.0,21454000000.0,21454000000.0,878000000.0,,,,,13000000.0,2704000000.0,1.0,2910039823.0,2908000000.0,2936000000.0,7.378,55354000000.0,0.0,107000000.0,1438000000.0,19.035,14142000000.0
67,HPQ,MRQ,2004-09-30,2004-10-31,2004-10-31,2021-09-07,-243000000.0,76138000000.0,,42901000000.0,33237000000.0,,12.661,-640000000.0,12663000000.0,12663000000.0,16393000000.0,1091000000.0,1.501,1.027,7134000000.0,2511000000.0,4623000000.0,7134000000.0,2958000000.0,602000000.0,0.0,0.013,0.08,1292000000.0,1894000000.0,0.089,1894000000.0,1292000000.0,1290000000.0,0.37,0.37,0.37,37564000000.0,,37564000000.0,49485315340.0,12.0,7.468,1347000000.0,0.454,1.0,4996000000.0,0.234,19931000000.0,2000000.0,22090000000.0,,7071000000.0,9913000000.0,3256000000.0,6657000000.0,38574000000.0,28588000000.0,9986000000.0,56351315340.0,-1322000000.0,-277000000.0,-2173000000.0,-54000000.0,-240000000.0,-2467000000.0,-842000000.0,75000000.0,1987000000.0,0.0,1091000000.0,1091000000.0,1091000000.0,0.0,0.0,0.051,3707000000.0,1289000000.0,9377000000.0,0.216,1.5,16.114,16.086,6649000000.0,0.0,18.66,0.705,0.706,10226000000.0,15649000000.0,21389000000.0,21389000000.0,910000000.0,,,,,48000000.0,2632000000.0,1.0,3019899000.0,2967000000.0,2989000000.0,7.209,56207000000.0,0.0,199000000.0,1709000000.0,18.944,14313000000.0
68,HPQ,MRQ,2004-06-30,2004-07-31,2004-07-31,2021-09-07,-145000000.0,74381000000.0,,40712000000.0,33669000000.0,,12.746,-361000000.0,13985000000.0,13985000000.0,14545000000.0,586000000.0,1.52,0.921,7119000000.0,2212000000.0,4907000000.0,7119000000.0,4236000000.0,602000000.0,0.0,0.012,0.08,698000000.0,1300000000.0,0.069,1300000000.0,698000000.0,678000000.0,0.19,0.19,0.19,38711000000.0,,38711000000.0,54046422650.0,14.0,8.479,-42000000.0,-0.014,1.0,4344000000.0,0.23,19746000000.0,20000000.0,20991000000.0,,6745000000.0,7989000000.0,311000000.0,7678000000.0,35670000000.0,26778000000.0,8892000000.0,61444422650.0,-669000000.0,-61000000.0,-259000000.0,-111000000.0,-244000000.0,-614000000.0,-374000000.0,48000000.0,319000000.0,0.0,586000000.0,586000000.0,586000000.0,0.0,0.0,0.031,3687000000.0,657000000.0,8483000000.0,0.421,1.587,18.802,18.832,6245000000.0,0.0,20.15,0.784,0.781,11388000000.0,14569000000.0,18889000000.0,18889000000.0,877000000.0,,,,,0.0,2621000000.0,1.0,3049351000.0,3037000000.0,3057000000.0,6.22,54635000000.0,0.0,92000000.0,1388000000.0,17.99,13934000000.0
69,HPQ,MRQ,2004-03-31,2004-04-30,2004-04-30,2021-09-07,-156000000.0,74924000000.0,,40603000000.0,34321000000.0,,12.766,-385000000.0,14654000000.0,14654000000.0,15182000000.0,884000000.0,1.573,0.929,7256000000.0,803000000.0,6453000000.0,7256000000.0,4279000000.0,626000000.0,0.0,0.012,0.08,1063000000.0,1689000000.0,0.084,1689000000.0,1063000000.0,1065000000.0,0.29,0.29,0.29,38848000000.0,,38848000000.0,53920574400.0,15.0,9.021,2249000000.0,0.739,1.0,4931000000.0,0.245,19830000000.0,-2000000.0,21882000000.0,,6273000000.0,8463000000.0,354000000.0,8109000000.0,36076000000.0,25814000000.0,10262000000.0,60115574400.0,1078000000.0,-562000000.0,-321000000.0,-52000000.0,-244000000.0,-617000000.0,-939000000.0,8000000.0,2634000000.0,0.0,884000000.0,884000000.0,884000000.0,0.0,0.0,0.044,3863000000.0,1068000000.0,8268000000.0,0.276,1.547,20.18,20.102,6382000000.0,0.0,19.7,0.782,0.78,11546000000.0,14577000000.0,20113000000.0,20113000000.0,924000000.0,,,,,0.0,2665000000.0,1.0,3051552000.0,3043000000.0,3081000000.0,6.61,55094000000.0,0.0,181000000.0,1484000000.0,18.105,14789000000.0
70,HPQ,MRQ,2003-12-31,2004-01-31,2004-01-31,2021-09-07,-150000000.0,73308000000.0,,39543000000.0,33765000000.0,,12.547,-293000000.0,13576000000.0,13576000000.0,14691000000.0,936000000.0,1.6,0.916,7381000000.0,837000000.0,6544000000.0,7381000000.0,3956000000.0,565000000.0,0.0,0.01,0.0,1174000000.0,1739000000.0,0.089,1739000000.0,1174000000.0,1163000000.0,0.31,0.3,0.31,38268000000.0,,38268000000.0,65918926570.0,21.0,11.966,-145000000.0,-0.048,1.0,4823000000.0,0.247,19314000000.0,11000000.0,23089000000.0,,6487000000.0,8476000000.0,364000000.0,8112000000.0,35040000000.0,24710000000.0,10330000000.0,72532926570.0,-612000000.0,-224000000.0,14000000.0,-231000000.0,-244000000.0,-461000000.0,-299000000.0,218000000.0,148000000.0,0.0,936000000.0,936000000.0,936000000.0,0.0,0.0,0.048,3680000000.0,1143000000.0,6970000000.0,0.0,1.895,26.337,26.143,6339000000.0,0.0,23.79,0.971,0.971,11415000000.0,13706000000.0,19514000000.0,19514000000.0,889000000.0,,,,,0.0,2578000000.0,1.0,3048883000.0,3050000000.0,3088000000.0,6.398,53994000000.0,0.0,227000000.0,1561000000.0,17.703,14833000000.0
71,HPQ,MRQ,2003-09-30,2003-10-31,2003-10-31,2021-09-07,-203000000.0,74716000000.0,,40954000000.0,33762000000.0,,12.4,-365000000.0,14188000000.0,14188000000.0,15339000000.0,862000000.0,1.608,0.979,7574000000.0,1080000000.0,6494000000.0,7574000000.0,2496000000.0,601000000.0,0.0,0.014,0.08,1045000000.0,1646000000.0,0.083,1646000000.0,1045000000.0,1065000000.0,0.28,0.28,0.28,37746000000.0,,37746000000.0,62901313400.0,22.0,11.571,2018000000.0,0.663,1.0,4514000000.0,0.227,19250000000.0,-20000000.0,23383000000.0,,6065000000.0,11459000000.0,3429000000.0,8030000000.0,36970000000.0,25469000000.0,11501000000.0,68026313400.0,1277000000.0,-78000000.0,-161000000.0,-266000000.0,-244000000.0,-671000000.0,-435000000.0,8000000.0,2383000000.0,0.0,862000000.0,862000000.0,862000000.0,0.0,0.0,0.043,3441000000.0,1073000000.0,9285000000.0,0.286,1.802,26.793,26.88,6482000000.0,0.0,22.31,0.931,0.93,8921000000.0,13332000000.0,19853000000.0,19853000000.0,943000000.0,,,,,0.0,2137000000.0,1.0,3049140000.0,3044000000.0,3063000000.0,6.522,55466000000.0,0.0,203000000.0,1599000000.0,18.221,15485000000.0
72,HPQ,MRQ,2003-06-30,2003-07-31,2003-07-31,2021-09-07,-354000000.0,71539000000.0,,37248000000.0,34291000000.0,,12.095,-386000000.0,12911000000.0,12911000000.0,12810000000.0,297000000.0,1.546,0.941,7786000000.0,1278000000.0,6508000000.0,7786000000.0,3684000000.0,606000000.0,0.0,0.014,0.08,297000000.0,903000000.0,0.052,903000000.0,297000000.0,287000000.0,0.1,0.1,0.1,36866000000.0,,36866000000.0,59627877970.0,25.0,11.873,82000000.0,0.027,1.0,4538000000.0,0.262,19248000000.0,10000000.0,23069000000.0,,6142000000.0,8732000000.0,252000000.0,8480000000.0,34673000000.0,24097000000.0,10576000000.0,64632877970.0,-565000000.0,-12000000.0,31000000.0,-569000000.0,-244000000.0,-782000000.0,-251000000.0,147000000.0,468000000.0,0.0,297000000.0,297000000.0,297000000.0,0.0,0.0,0.017,4237000000.0,301000000.0,7557000000.0,0.8,1.753,31.269,27.855,6563000000.0,0.0,21.17,0.907,0.906,10854000000.0,12673000000.0,17348000000.0,17348000000.0,895000000.0,,,,,0.0,2785000000.0,1.0,3053041000.0,3048000000.0,3071000000.0,5.692,52291000000.0,0.0,-10000000.0,1523000000.0,17.156,13151000000.0
73,HPQ,MRQ,2003-03-31,2003-04-30,2003-04-30,2021-09-07,-474000000.0,72839000000.0,,38439000000.0,34400000000.0,,12.108,-464000000.0,13476000000.0,13476000000.0,13103000000.0,659000000.0,1.527,0.974,8471000000.0,1745000000.0,6726000000.0,8471000000.0,3610000000.0,630000000.0,0.0,0.018,0.08,591000000.0,1221000000.0,0.068,1221000000.0,591000000.0,611000000.0,0.22,0.22,0.22,36892000000.0,,36892000000.0,46334261000.0,-120.0,19.65,2095000000.0,0.688,1.0,4880000000.0,0.271,19463000000.0,-20000000.0,23192000000.0,,5743000000.0,8499000000.0,254000000.0,8245000000.0,35947000000.0,25179000000.0,10768000000.0,49755261000.0,835000000.0,0.0,-187000000.0,-796000000.0,-244000000.0,-1227000000.0,-497000000.0,-33000000.0,2559000000.0,0.0,659000000.0,659000000.0,659000000.0,0.0,0.0,0.037,4237000000.0,643000000.0,7052000000.0,0.364,1.349,-192.105,-1630.0,6692000000.0,0.0,16.3,0.706,0.705,11278000000.0,12863000000.0,17983000000.0,17983000000.0,941000000.0,,,,,0.0,2795000000.0,1.0,3052470000.0,3047000000.0,3059000000.0,5.902,53376000000.0,0.0,-48000000.0,1597000000.0,17.518,13260000000.0
74,HPQ,MRQ,2002-12-31,2003-01-31,2003-01-31,2021-09-07,-474000000.0,72093000000.0,,37663000000.0,34430000000.0,,11.965,-427000000.0,12641000000.0,12641000000.0,13141000000.0,721000000.0,1.495,0.977,9220000000.0,3033000000.0,6187000000.0,9220000000.0,3450000000.0,690000000.0,0.0,0.017,0.08,976000000.0,1666000000.0,0.093,1666000000.0,976000000.0,925000000.0,0.24,0.24,0.24,36469000000.0,,36469000000.0,49778403485.0,-90.0,25.672,220000000.0,0.072,1.0,4736000000.0,0.265,19873000000.0,51000000.0,23602000000.0,,6091000000.0,7915000000.0,223000000.0,7692000000.0,35624000000.0,25197000000.0,10427000000.0,53142403485.0,1449000000.0,-59000000.0,48000000.0,1328000000.0,-245000000.0,1131000000.0,-329000000.0,157000000.0,647000000.0,0.0,721000000.0,721000000.0,721000000.0,0.0,0.0,0.04,3857000000.0,879000000.0,6334000000.0,0.333,1.457,-79.793,-174.1,6865000000.0,0.0,17.41,0.842,0.841,11431000000.0,12205000000.0,17877000000.0,17877000000.0,908000000.0,,,,,0.0,2725000000.0,1.0,3052406863.0,3048000000.0,3065000000.0,5.865,52220000000.0,0.0,204000000.0,1582000000.0,17.133,12466000000.0
75,HPQ,MRQ,2002-09-30,2002-10-31,2002-10-31,2021-09-07,-401000000.0,70710000000.0,,36075000000.0,34635000000.0,,14.511,-393000000.0,11192000000.0,11192000000.0,13381000000.0,390000000.0,1.484,0.95,7828000000.0,1793000000.0,6035000000.0,7828000000.0,3260000000.0,709000000.0,0.0,0.019,0.06,523000000.0,1232000000.0,0.068,1232000000.0,523000000.0,455000000.0,0.2,0.2,0.2,36262000000.0,,36262000000.0,45512162800.0,-47.0,39.576,1109000000.0,0.444,1.0,4667000000.0,0.259,19953000000.0,68000000.0,23083000000.0,,5797000000.0,7995000000.0,237000000.0,7758000000.0,34448000000.0,24310000000.0,10138000000.0,48213162800.0,100000000.0,0.0,-107000000.0,-656000000.0,-245000000.0,-1008000000.0,-394000000.0,-1000000.0,1502000000.0,0.0,390000000.0,390000000.0,390000000.0,0.0,0.0,0.022,4228000000.0,439000000.0,7012000000.0,0.3,1.33,-53.392,-43.889,6924000000.0,0.0,15.8,0.852,0.698,11909000000.0,11973000000.0,18048000000.0,18048000000.0,978000000.0,,,,,0.0,2818000000.0,1.0,3051466000.0,2499000000.0,2499000000.0,7.222,50757000000.0,0.0,65000000.0,1529000000.0,20.311,11765000000.0
76,HPQ,MRQ,2002-06-30,2002-07-31,2002-07-31,2021-09-07,-41000000.0,70912000000.0,,36358000000.0,34554000000.0,,11.982,-468000000.0,11092000000.0,11092000000.0,12461000000.0,-2029000000.0,1.459,0.951,8391000000.0,2003000000.0,6388000000.0,8391000000.0,3322000000.0,714000000.0,0.0,0.023,0.08,-2475000000.0,-1761000000.0,-0.106,-1761000000.0,-2475000000.0,-2495000000.0,-0.67,-0.67,-0.67,36341000000.0,,36341000000.0,40699277600.0,-32.0,79.028,-310000000.0,-0.102,1.0,4075000000.0,0.246,20262000000.0,20000000.0,23037000000.0,,5568000000.0,7320000000.0,137000000.0,7183000000.0,34571000000.0,24912000000.0,9659000000.0,43380277600.0,2351000000.0,3539000000.0,-197000000.0,-517000000.0,-245000000.0,-959000000.0,3152000000.0,81000000.0,158000000.0,0.0,-2029000000.0,-2029000000.0,-2029000000.0,0.0,0.0,-0.123,6551000000.0,-2476000000.0,6699000000.0,-0.119,1.194,-36.271,-58.958,7109000000.0,0.0,14.15,0.878,0.868,11443000000.0,11584000000.0,16536000000.0,16536000000.0,1737000000.0,,,,,0.0,2677000000.0,1.0,3065744000.0,3033000000.0,3033000000.0,5.452,50650000000.0,0.0,-466000000.0,2160000000.0,16.7,11446000000.0
77,HPQ,MRQ,2002-03-31,2002-04-30,2002-04-30,2021-09-07,-5000000.0,34280000000.0,,23855000000.0,10425000000.0,,7.653,-228000000.0,8741000000.0,8741000000.0,7595000000.0,252000000.0,1.725,1.291,6060000000.0,1618000000.0,4442000000.0,6060000000.0,1943000000.0,381000000.0,0.0,0.019,0.08,421000000.0,802000000.0,0.076,802000000.0,421000000.0,375000000.0,0.13,0.13,0.13,14961000000.0,,14961000000.0,32229991500.0,23.0,11.449,1835000000.0,0.939,1.0,3026000000.0,0.285,0.0,46000000.0,17767000000.0,,4017000000.0,6267000000.0,147000000.0,6120000000.0,19319000000.0,13832000000.0,5487000000.0,33222991500.0,1758000000.0,18000000.0,25000000.0,23000000.0,-155000000.0,-107000000.0,-198000000.0,12000000.0,2063000000.0,0.0,252000000.0,252000000.0,252000000.0,0.0,0.0,0.024,2612000000.0,414000000.0,3584000000.0,0.615,2.221,34.752,34.898,4305000000.0,0.0,17.1,0.77,0.774,6152000000.0,14101000000.0,10621000000.0,10621000000.0,697000000.0,,,,,0.0,1645000000.0,1.0,1942865000.0,1955000000.0,1973000000.0,5.433,34280000000.0,0.0,123000000.0,1688000000.0,17.535,10023000000.0
78,HPQ,MRQ,2001-12-31,2002-01-31,2002-01-31,2021-09-07,139000000.0,33588000000.0,,23236000000.0,10352000000.0,,7.322,-259000000.0,6983000000.0,6983000000.0,8356000000.0,484000000.0,1.674,1.363,5990000000.0,1462000000.0,4528000000.0,5990000000.0,1873000000.0,315000000.0,0.0,0.014,0.08,654000000.0,969000000.0,0.085,969000000.0,654000000.0,644000000.0,0.25,0.25,0.25,14212000000.0,,14212000000.0,44178155010.0,44.0,18.469,1462000000.0,0.753,1.0,3027000000.0,0.266,0.0,10000000.0,18714000000.0,,4458000000.0,6122000000.0,158000000.0,5964000000.0,19376000000.0,13881000000.0,5495000000.0,42924155010.0,2786000000.0,0.0,-15000000.0,678000000.0,-156000000.0,507000000.0,558000000.0,817000000.0,1721000000.0,0.0,484000000.0,484000000.0,484000000.0,0.0,0.0,0.043,2402000000.0,625000000.0,3602000000.0,0.32,3.02,57.156,58.184,4388000000.0,0.0,22.11,0.971,0.971,6365000000.0,13850000000.0,11383000000.0,11383000000.0,691000000.0,,,,,0.0,1623000000.0,1.0,1941391000.0,1941000000.0,1963000000.0,5.865,33588000000.0,0.0,160000000.0,1835000000.0,17.304,9355000000.0
79,HPQ,MRQ,2001-09-30,2001-10-31,2001-10-31,2021-09-07,41000000.0,32584000000.0,,21305000000.0,11279000000.0,,7.196,-112000000.0,4197000000.0,4197000000.0,8330000000.0,97000000.0,1.526,1.335,5451000000.0,1722000000.0,3729000000.0,5451000000.0,1867000000.0,363000000.0,0.0,0.025,0.08,142000000.0,505000000.0,0.046,505000000.0,142000000.0,149000000.0,0.05,0.05,0.05,13953000000.0,,13953000000.0,35446653653.0,51.0,17.215,1605000000.0,0.828,1.0,2546000000.0,0.234,756000000.0,-7000000.0,19118000000.0,,5204000000.0,6265000000.0,139000000.0,6126000000.0,18631000000.0,13964000000.0,4667000000.0,32650653653.0,1470000000.0,60000000.0,-162000000.0,-203000000.0,-155000000.0,-520000000.0,273000000.0,325000000.0,1717000000.0,0.0,97000000.0,97000000.0,97000000.0,0.0,0.0,0.009,2824000000.0,-278000000.0,3791000000.0,1.6,2.34,80.026,80.143,4397000000.0,0.0,16.83,0.722,0.72,6671000000.0,13693000000.0,10876000000.0,10876000000.0,698000000.0,,,,,16000000.0,1394000000.0,1.0,1940026955.0,1939000000.0,1968000000.0,5.609,31828000000.0,0.0,52000000.0,1818000000.0,16.415,7341000000.0
80,HPQ,MRQ,2001-06-30,2001-07-31,2001-07-31,2021-09-07,40000000.0,32374000000.0,,20962000000.0,11412000000.0,,7.164,-365000000.0,2727000000.0,2727000000.0,7620000000.0,123000000.0,1.503,1.334,5523000000.0,2012000000.0,3511000000.0,5523000000.0,1879000000.0,374000000.0,0.0,0.017,0.08,165000000.0,539000000.0,0.052,539000000.0,165000000.0,123000000.0,0.06,0.06,0.06,13869000000.0,,13869000000.0,50385735067.0,26.0,15.333,-197000000.0,-0.102,1.0,2664000000.0,0.259,0.0,42000000.0,21220000000.0,,5489000000.0,7312000000.0,513000000.0,6799000000.0,18505000000.0,13950000000.0,4555000000.0,47927735067.0,-879000000.0,0.0,-1000000.0,-581000000.0,-156000000.0,-738000000.0,-309000000.0,56000000.0,168000000.0,0.0,123000000.0,123000000.0,123000000.0,0.0,0.0,0.012,2460000000.0,204000000.0,3238000000.0,1.333,3.456,38.871,39.774,4613000000.0,0.0,24.66,1.005,1.001,7053000000.0,13792000000.0,10284000000.0,10284000000.0,682000000.0,,,,,0.0,1729000000.0,1.0,1943541568.0,1936000000.0,1967000000.0,5.312,32374000000.0,0.0,0.0,2067000000.0,16.722,7012000000.0
81,HPQ,MRQ,2001-03-31,2001-04-30,2001-04-30,2021-09-07,85000000.0,33585000000.0,,22744000000.0,10841000000.0,,7.285,-294000000.0,3606000000.0,3606000000.0,8738000000.0,47000000.0,1.452,1.382,6064000000.0,3221000000.0,2843000000.0,6064000000.0,1988000000.0,346000000.0,0.0,0.012,0.08,33000000.0,379000000.0,0.032,379000000.0,33000000.0,-6000000.0,0.02,0.02,0.02,14097000000.0,,14097000000.0,58295629835.0,18.0,13.027,917000000.0,0.474,1.0,2930000000.0,0.251,0.0,39000000.0,20377000000.0,,5704000000.0,6832000000.0,563000000.0,6269000000.0,19488000000.0,15666000000.0,3822000000.0,55234629835.0,1309000000.0,0.0,-177000000.0,728000000.0,-155000000.0,396000000.0,-298000000.0,-4000000.0,1211000000.0,0.0,47000000.0,47000000.0,47000000.0,0.0,0.0,0.004,2987000000.0,-57000000.0,3888000000.0,4.0,3.918,25.619,26.083,4572000000.0,0.0,28.43,1.122,1.117,7882000000.0,13993000000.0,11668000000.0,11668000000.0,706000000.0,,,,,0.0,1881000000.0,1.0,1942829048.0,1935000000.0,1987000000.0,6.03,33585000000.0,0.0,-53000000.0,1365000000.0,17.357,7078000000.0
82,HPQ,MRQ,2000-12-31,2001-01-31,2001-01-31,2021-09-07,17000000.0,33379000000.0,,22639000000.0,10740000000.0,,7.324,-321000000.0,2297000000.0,2297000000.0,9059000000.0,141000000.0,1.487,1.361,5358000000.0,2321000000.0,3037000000.0,5358000000.0,1902000000.0,286000000.0,0.0,0.007,0.18,350000000.0,636000000.0,0.051,636000000.0,350000000.0,253000000.0,0.07,0.07,0.07,14136000000.0,,14136000000.0,72756312398.0,17.0,12.983,-844000000.0,-0.437,1.0,3339000000.0,0.269,0.0,97000000.0,21215000000.0,,6095000000.0,6732000000.0,555000000.0,6177000000.0,19243000000.0,15225000000.0,4018000000.0,71214312398.0,-1118000000.0,163000000.0,-546000000.0,333000000.0,-155000000.0,-368000000.0,-227000000.0,-69000000.0,-523000000.0,0.0,141000000.0,141000000.0,141000000.0,0.0,0.0,0.011,2569000000.0,770000000.0,4094000000.0,2.571,5.038,23.395,23.929,4563000000.0,0.0,36.85,1.436,1.434,8193000000.0,14100000000.0,12398000000.0,12398000000.0,704000000.0,,,,,0.0,1763000000.0,1.0,1932545791.0,1930000000.0,1996000000.0,6.424,33379000000.0,0.0,112000000.0,1762000000.0,17.295,7414000000.0
83,HPQ,MRQ,2000-09-30,2000-10-31,2000-10-31,2021-09-07,93000000.0,34009000000.0,,23244000000.0,10765000000.0,,7.268,-409000000.0,3415000000.0,3415000000.0,9794000000.0,922000000.0,1.53,1.393,4957000000.0,1555000000.0,3402000000.0,4957000000.0,1759000000.0,334000000.0,0.0,0.002,0.08,1398000000.0,1732000000.0,0.13,1732000000.0,1398000000.0,1198000000.0,0.47,0.46,0.47,14209000000.0,,14209000000.0,92150000000.0,18.0,14.494,491000000.0,0.251,1.0,3557000000.0,0.266,0.0,200000000.0,20354000000.0,,5699000000.0,6857000000.0,592000000.0,6265000000.0,19800000000.0,15197000000.0,4603000000.0,91977000000.0,-1427000000.0,448000000.0,-1700000000.0,-25000000.0,-157000000.0,-1882000000.0,-446000000.0,-274000000.0,900000000.0,0.0,922000000.0,922000000.0,922000000.0,0.0,0.0,0.069,2466000000.0,1091000000.0,5049000000.0,0.17,6.473,24.879,24.866,4500000000.0,0.0,46.5,1.882,1.883,8568000000.0,14097000000.0,13351000000.0,13351000000.0,686000000.0,,,,,495000000.0,1592000000.0,1.0,1978000000.0,1955000000.0,2050000000.0,6.829,34009000000.0,0.0,276000000.0,2046000000.0,17.396,8047000000.0
84,HPQ,MRQ,2000-06-30,2000-07-31,2000-07-31,2021-09-07,51000000.0,32457000000.0,,21913000000.0,10544000000.0,,7.398,-369000000.0,4842000000.0,4842000000.0,8308000000.0,1046000000.0,1.611,1.221,5015000000.0,1625000000.0,3390000000.0,5015000000.0,1737000000.0,343000000.0,0.0,0.0,0.0,1385000000.0,1728000000.0,0.146,1728000000.0,1385000000.0,1325000000.0,0.53,0.51,0.53,14611000000.0,,14611000000.0,107796100000.0,22.0,17.906,428000000.0,0.217,1.0,3510000000.0,0.297,0.0,60000000.0,19024000000.0,,5563000000.0,8477000000.0,2331000000.0,6146000000.0,17846000000.0,13606000000.0,4240000000.0,108972100000.0,1164000000.0,0.0,-1372000000.0,2523000000.0,-160000000.0,991000000.0,-519000000.0,-199000000.0,797000000.0,0.0,1046000000.0,1046000000.0,1046000000.0,-17000000.0,0.0,0.089,2418000000.0,1092000000.0,4404000000.0,0.0,7.458,30.827,30.702,0.0,0.0,54.65,2.324,2.302,5640000000.0,14135000000.0,11818000000.0,11818000000.0,663000000.0,,,,,0.0,1755000000.0,1.0,1994000000.0,1975000000.0,2089000000.0,5.984,32457000000.0,0.0,279000000.0,1211000000.0,16.434,8307000000.0
85,HPQ,MRQ,2000-03-31,2000-04-30,2000-04-30,2021-09-07,124000000.0,34108000000.0,,20002000000.0,14106000000.0,,9.783,-281000000.0,3678000000.0,3678000000.0,8595000000.0,935000000.0,1.663,0.754,2502000000.0,647000000.0,1855000000.0,2502000000.0,1534000000.0,289000000.0,0.0,0.0,0.0,1219000000.0,1508000000.0,0.125,1508000000.0,1219000000.0,1179000000.0,0.47,0.45,0.47,19449000000.0,,19449000000.0,134065000000.0,29.0,23.199,597000000.0,0.3,1.0,3433000000.0,0.285,0.0,40000000.0,20902000000.0,,4985000000.0,8191000000.0,2221000000.0,5970000000.0,14659000000.0,12030000000.0,2629000000.0,135000000000.0,693000000.0,0.0,-1037000000.0,469000000.0,-160000000.0,-728000000.0,-158000000.0,91000000.0,878000000.0,0.0,935000000.0,935000000.0,935000000.0,-119000000.0,0.0,0.078,2543000000.0,890000000.0,3873000000.0,0.0,6.941,40.395,40.419,0.0,0.0,67.5,2.975,2.957,5509000000.0,18529000000.0,12028000000.0,12028000000.0,671000000.0,,,,,0.0,1872000000.0,1.0,2000000000.0,1988000000.0,2084000000.0,6.05,34108000000.0,0.0,244000000.0,1490000000.0,17.157,7972000000.0
86,HPQ,MRQ,1999-12-31,2000-01-31,2000-01-31,2021-09-07,143000000.0,33911000000.0,,19331000000.0,14580000000.0,,9.668,-263000000.0,2985000000.0,2985000000.0,8349000000.0,794000000.0,1.573,0.757,2050000000.0,515000000.0,1535000000.0,2050000000.0,1534000000.0,275000000.0,0.0,0.0,0.0,1115000000.0,1390000000.0,0.119,1390000000.0,1115000000.0,1059000000.0,0.4,0.38,0.4,19306000000.0,,19306000000.0,107919646522.0,23.0,18.486,872000000.0,0.437,1.0,3324000000.0,0.285,0.0,56000000.0,20686000000.0,,5100000000.0,8077000000.0,2094000000.0,5983000000.0,14605000000.0,12290000000.0,2315000000.0,108461646522.0,-2426000000.0,0.0,-713000000.0,-2802000000.0,-161000000.0,-3676000000.0,-253000000.0,10000000.0,1135000000.0,0.0,794000000.0,794000000.0,794000000.0,0.0,0.0,0.068,2372000000.0,952000000.0,3850000000.0,0.0,5.618,32.62,32.719,0.0,0.0,54.15,2.476,2.468,5435000000.0,18272000000.0,11673000000.0,11673000000.0,607000000.0,,,,,0.0,1765000000.0,1.0,2002985162.0,1997000000.0,2086000000.0,5.845,33911000000.0,0.0,265000000.0,2092000000.0,16.981,7041000000.0
87,HPQ,MRQ,1999-09-30,1999-10-31,1999-10-31,2021-09-07,0.0,35297000000.0,,21642000000.0,13655000000.0,,9.12,-142000000.0,5411000000.0,5411000000.0,8270000000.0,760000000.0,1.511,0.929,4869000000.0,3105000000.0,1764000000.0,4869000000.0,1437000000.0,181000000.0,0.0,0.0,0.0,1213000000.0,1394000000.0,0.123,1394000000.0,1213000000.0,1005000000.0,0.38,0.365,0.38,18295000000.0,,18295000000.0,73737610000.0,15.0,12.144,598000000.0,0.298,1.0,3093000000.0,0.272,0.0,208000000.0,20434000000.0,,4863000000.0,5968000000.0,179000000.0,5789000000.0,17002000000.0,14321000000.0,2681000000.0,75599610000.0,-641000000.0,-131000000.0,-1640000000.0,673000000.0,-162000000.0,-1129000000.0,-141000000.0,-16000000.0,740000000.0,0.0,760000000.0,760000000.0,760000000.0,0.0,0.0,0.067,2054000000.0,1039000000.0,3517000000.0,0.0,4.132,21.656,21.442,4333000000.0,0.0,37.095,1.784,1.767,7847000000.0,18275000000.0,11363000000.0,11363000000.0,612000000.0,,,,,289000000.0,1442000000.0,1.0,2038000000.0,2006000000.0,2096000000.0,5.665,35297000000.0,0.0,245000000.0,2152000000.0,17.596,7321000000.0
88,HPQ,MRQ,1999-06-30,1999-07-31,1999-07-31,2021-09-07,0.0,34070000000.0,,20685000000.0,13385000000.0,,9.41,-211000000.0,6052000000.0,6052000000.0,7251000000.0,853000000.0,1.675,0.792,4190000000.0,2366000000.0,1824000000.0,4190000000.0,1409000000.0,339000000.0,0.0,0.0,0.0,1148000000.0,1487000000.0,0.144,1487000000.0,1148000000.0,1103000000.0,0.42,0.405,0.42,19009000000.0,,19009000000.0,104277100000.0,22.0,17.106,346000000.0,0.171,1.0,3067000000.0,0.297,0.0,45000000.0,19859000000.0,,5040000000.0,7406000000.0,1940000000.0,5466000000.0,15061000000.0,12349000000.0,2712000000.0,106061100000.0,1158000000.0,0.0,55000000.0,1052000000.0,-163000000.0,944000000.0,-315000000.0,51000000.0,557000000.0,0.0,853000000.0,853000000.0,853000000.0,-157000000.0,0.0,0.083,2280000000.0,787000000.0,2986000000.0,0.0,5.58,30.823,30.885,4497000000.0,0.0,52.35,2.568,2.56,4880000000.0,18715000000.0,10318000000.0,10318000000.0,619000000.0,,,,,0.0,1661000000.0,1.0,2026000000.0,2020000000.0,2112000000.0,5.108,34070000000.0,0.0,250000000.0,1425000000.0,16.866,8336000000.0
89,HPQ,MRQ,1999-03-31,1999-04-30,1999-04-30,2021-09-07,0.0,34019000000.0,,22229000000.0,11790000000.0,,9.009,-166000000.0,4894000000.0,4894000000.0,7299000000.0,918000000.0,1.727,0.869,3110000000.0,1380000000.0,1730000000.0,3110000000.0,1593000000.0,326000000.0,0.0,0.0,0.0,1241000000.0,1567000000.0,0.15,1567000000.0,1241000000.0,1196000000.0,0.455,0.44,0.455,18198000000.0,,18198000000.0,79365200000.0,18.0,14.147,1401000000.0,0.694,1.0,3156000000.0,0.302,0.0,45000000.0,19360000000.0,,6310000000.0,7719000000.0,1919000000.0,5800000000.0,15821000000.0,12875000000.0,2946000000.0,80063200000.0,1200000000.0,0.0,-312000000.0,193000000.0,-163000000.0,-282000000.0,-139000000.0,-4000000.0,1567000000.0,0.0,918000000.0,918000000.0,918000000.0,-152000000.0,0.0,0.088,2261000000.0,895000000.0,3124000000.0,0.0,4.4,24.95,25.041,5990000000.0,0.0,39.44,1.993,1.983,5919000000.0,18188000000.0,10455000000.0,10455000000.0,633000000.0,,,,,0.0,1628000000.0,1.0,2030000000.0,2020000000.0,2102000000.0,5.176,34019000000.0,0.0,278000000.0,1882000000.0,16.841,9354000000.0
90,HPQ,MRQ,1998-12-31,1999-01-31,1999-01-31,2021-09-07,0.0,32868000000.0,,20940000000.0,11928000000.0,,8.66,-73000000.0,3694000000.0,3694000000.0,7068000000.0,960000000.0,1.681,0.877,2996000000.0,1288000000.0,1708000000.0,2996000000.0,1605000000.0,300000000.0,0.0,0.0,0.0,1324000000.0,1624000000.0,0.159,1624000000.0,1324000000.0,1277000000.0,0.475,0.46,0.475,17510000000.0,,17510000000.0,78825381240.0,19.0,14.314,159000000.0,0.079,1.0,3167000000.0,0.309,0.0,47000000.0,19711000000.0,,6302000000.0,7573000000.0,1784000000.0,5789000000.0,15358000000.0,12459000000.0,2899000000.0,79563381240.0,-352000000.0,0.0,-86000000.0,-326000000.0,-162000000.0,-574000000.0,-33000000.0,17000000.0,232000000.0,0.0,960000000.0,960000000.0,960000000.0,-78000000.0,0.0,0.094,2070000000.0,1097000000.0,2835000000.0,0.0,4.544,26.735,27.028,6139000000.0,0.0,39.19,1.906,1.898,5790000000.0,17446000000.0,10235000000.0,10235000000.0,576000000.0,,,,,0.0,1494000000.0,1.0,2030196000.0,2022000000.0,2098000000.0,5.062,32868000000.0,0.0,317000000.0,1903000000.0,16.255,8481000000.0
91,HPQ,MRQ,1998-09-30,1998-10-31,1998-10-31,2021-09-07,0.0,31708000000.0,,18507000000.0,13201000000.0,,8.302,-341000000.0,4046000000.0,4046000000.0,7284000000.0,710000000.0,1.559,0.874,3308000000.0,1245000000.0,2063000000.0,3308000000.0,1248000000.0,402000000.0,0.0,0.0,0.0,1016000000.0,1418000000.0,0.138,1418000000.0,1016000000.0,961000000.0,0.345,0.345,0.345,16919000000.0,,16919000000.0,61631000000.0,15.0,11.059,1336000000.0,0.656,1.0,3012000000.0,0.293,0.0,55000000.0,19096000000.0,,4699000000.0,6755000000.0,1515000000.0,5240000000.0,14789000000.0,11874000000.0,2915000000.0,62660000000.0,-1265000000.0,89000000.0,-1205000000.0,-1011000000.0,-168000000.0,-2385000000.0,-896000000.0,-561000000.0,1677000000.0,0.0,710000000.0,710000000.0,710000000.0,49000000.0,0.0,0.069,2085000000.0,927000000.0,2768000000.0,0.0,3.704,21.277,21.215,4877000000.0,0.0,30.125,1.59,1.58,5104000000.0,16909000000.0,10296000000.0,10296000000.0,604000000.0,,,,,157000000.0,1481000000.0,1.0,2080000000.0,2038000000.0,2090000000.0,5.052,31708000000.0,0.0,251000000.0,2796000000.0,15.558,6633000000.0
92,HPQ,MRQ,1998-06-30,1998-07-31,1998-07-31,2021-09-07,0.0,33295000000.0,,21927000000.0,11368000000.0,,8.365,-199000000.0,5311000000.0,5311000000.0,6507000000.0,621000000.0,1.749,0.923,4282000000.0,2093000000.0,2189000000.0,4282000000.0,1374000000.0,106000000.0,0.0,0.0,0.0,895000000.0,1001000000.0,0.109,1001000000.0,895000000.0,841000000.0,0.3,0.29,0.3,17316000000.0,,17316000000.0,56935000000.0,13.0,10.878,35000000.0,0.017,1.0,2675000000.0,0.291,0.0,54000000.0,19729000000.0,,6770000000.0,5073000000.0,176000000.0,4897000000.0,15979000000.0,12537000000.0,3442000000.0,57720000000.0,924000000.0,0.0,-216000000.0,694000000.0,-166000000.0,329000000.0,212000000.0,469000000.0,234000000.0,0.0,621000000.0,621000000.0,621000000.0,-67000000.0,0.0,0.068,2002000000.0,673000000.0,2824000000.0,0.0,3.333,18.981,18.942,6471000000.0,0.0,27.75,1.543,1.536,8030000000.0,16323000000.0,9182000000.0,9182000000.0,585000000.0,,,,,0.0,1417000000.0,1.0,2080000000.0,2070000000.0,2152000000.0,4.436,33295000000.0,0.0,220000000.0,1900000000.0,16.085,9390000000.0
93,HPQ,MRQ,1998-03-31,1998-04-30,1998-04-30,2021-09-07,0.0,32787000000.0,,21661000000.0,11126000000.0,,8.286,-486000000.0,4387000000.0,4387000000.0,8224000000.0,685000000.0,1.829,0.904,3602000000.0,1154000000.0,2448000000.0,3602000000.0,1325000000.0,458000000.0,0.0,0.0,0.0,1006000000.0,1464000000.0,0.122,1464000000.0,1006000000.0,947000000.0,0.33,0.325,0.33,17219000000.0,,17219000000.0,79448400000.0,19.0,14.251,1219000000.0,0.587,1.0,3816000000.0,0.317,0.0,59000000.0,20158000000.0,,6700000000.0,5380000000.0,650000000.0,4730000000.0,15568000000.0,11844000000.0,3724000000.0,77641400000.0,1654000000.0,0.0,-43000000.0,-922000000.0,-145000000.0,-1126000000.0,1075000000.0,1547000000.0,1705000000.0,0.0,685000000.0,685000000.0,685000000.0,0.0,0.0,0.057,2944000000.0,872000000.0,3084000000.0,0.0,4.509,25.565,25.727,6396000000.0,0.0,37.69,2.007,2.025,8366000000.0,16035000000.0,12040000000.0,12040000000.0,880000000.0,,,,,0.0,2064000000.0,1.0,2060000000.0,2078000000.0,2156000000.0,5.794,32787000000.0,0.0,262000000.0,1796000000.0,15.778,9817000000.0
94,HPQ,MRQ,1997-12-31,1998-01-31,1998-01-31,2021-09-07,0.0,32707000000.0,,21852000000.0,10855000000.0,,7.892,-298000000.0,2733000000.0,2733000000.0,7837000000.0,929000000.0,1.747,0.996,4540000000.0,1959000000.0,2581000000.0,4540000000.0,1273000000.0,411000000.0,0.0,0.0,0.0,1394000000.0,1805000000.0,0.153,1805000000.0,1394000000.0,1327000000.0,0.445,0.43,0.445,16384000000.0,,16384000000.0,63853994690.0,14.0,11.314,846000000.0,0.408,1.0,3979000000.0,0.337,0.0,67000000.0,22009000000.0,,7093000000.0,6757000000.0,2177000000.0,4580000000.0,16323000000.0,12505000000.0,3818000000.0,62541994690.0,-339000000.0,0.0,-493000000.0,155000000.0,-146000000.0,-484000000.0,-999000000.0,-680000000.0,1144000000.0,0.0,929000000.0,929000000.0,929000000.0,0.0,0.0,0.079,2675000000.0,1304000000.0,2992000000.0,0.0,3.817,19.943,19.78,6275000000.0,0.0,30.065,1.691,1.688,8401000000.0,15350000000.0,11816000000.0,11816000000.0,803000000.0,,,,,0.0,1872000000.0,1.0,2080226000.0,2076000000.0,2152000000.0,5.692,32707000000.0,0.0,398000000.0,1990000000.0,15.755,9347000000.0
95,HPQ,MRQ,1997-09-30,1997-10-31,1997-10-31,2021-09-07,0.0,31749000000.0,,20947000000.0,10802000000.0,,7.782,-170000000.0,3072000000.0,3072000000.0,4034000000.0,806000000.0,1.867,0.965,4384000000.0,1226000000.0,3158000000.0,4384000000.0,1152000000.0,39000000.0,0.0,0.0,0.0,925000000.0,964000000.0,0.221,964000000.0,925000000.0,868000000.0,0.39,0.375,0.39,16155000000.0,,16155000000.0,64250200000.0,15.0,11.616,-219000000.0,-0.105,1.0,325000000.0,0.075,0.0,57000000.0,21842000000.0,,6763000000.0,7110000000.0,2620000000.0,4490000000.0,15594000000.0,11219000000.0,4375000000.0,64095200000.0,-18000000.0,0.0,13000000.0,1650000000.0,-145000000.0,1518000000.0,-1572000000.0,-1382000000.0,-49000000.0,0.0,806000000.0,806000000.0,806000000.0,-604000000.0,0.0,0.185,128000000.0,197000000.0,3185000000.0,0.0,3.968,20.55,20.273,6312000000.0,0.0,30.815,1.807,1.783,6142000000.0,14968000000.0,4359000000.0,4359000000.0,-29000000.0,,,,,0.0,157000000.0,1.0,2080000000.0,2076000000.0,2150000000.0,2.1,31749000000.0,0.0,62000000.0,1515000000.0,15.293,9728000000.0
96,HPQ,MRQ,1997-06-30,1997-07-31,1997-07-31,2021-09-07,0.0,28482000000.0,,17858000000.0,10624000000.0,,7.385,-487000000.0,2680000000.0,2680000000.0,7053000000.0,617000000.0,1.843,0.87,2835000000.0,340000000.0,2495000000.0,2835000000.0,1135000000.0,408000000.0,0.0,0.0,0.0,934000000.0,1342000000.0,0.128,1342000000.0,934000000.0,881000000.0,0.3,0.29,0.3,15227000000.0,,15227000000.0,71066000000.0,16.0,12.006,-228000000.0,-0.111,1.0,3418000000.0,0.326,0.0,53000000.0,18948000000.0,,6447000000.0,4712000000.0,115000000.0,4597000000.0,13255000000.0,9689000000.0,3566000000.0,71400000000.0,-9000000.0,0.0,-87000000.0,3000000.0,-143000000.0,-225000000.0,-453000000.0,34000000.0,259000000.0,0.0,617000000.0,617000000.0,617000000.0,0.0,0.0,0.059,2593000000.0,825000000.0,2579000000.0,0.0,4.689,24.113,23.569,6027000000.0,0.0,35.0,1.731,1.749,7217000000.0,14166000000.0,10471000000.0,10471000000.0,777000000.0,,,,,0.0,1816000000.0,1.0,2040000000.0,2062000000.0,2120000000.0,5.078,28482000000.0,0.0,264000000.0,1698000000.0,13.813,8169000000.0
97,HPQ,MRQ,1997-03-31,1997-04-30,1997-04-30,2021-09-07,0.0,27845000000.0,,17648000000.0,10197000000.0,,7.269,-490000000.0,3099000000.0,3099000000.0,6743000000.0,784000000.0,1.854,0.883,2765000000.0,270000000.0,2495000000.0,2765000000.0,1118000000.0,362000000.0,0.0,0.0,0.0,1171000000.0,1533000000.0,0.148,1533000000.0,1171000000.0,1120000000.0,0.385,0.375,0.385,14785000000.0,,14785000000.0,53725000000.0,13.0,9.563,876000000.0,0.431,1.0,3597000000.0,0.348,0.0,51000000.0,17994000000.0,,6255000000.0,4520000000.0,149000000.0,4371000000.0,13060000000.0,9517000000.0,3543000000.0,53550000000.0,310000000.0,0.0,-165000000.0,-198000000.0,-122000000.0,-486000000.0,-570000000.0,-79000000.0,1366000000.0,0.0,784000000.0,784000000.0,784000000.0,0.0,0.0,0.076,2495000000.0,1102000000.0,2473000000.0,0.0,3.622,19.339,18.953,5826000000.0,0.0,26.25,1.343,1.339,6875000000.0,13770000000.0,10340000000.0,10340000000.0,744000000.0,,,,,0.0,1751000000.0,1.0,2040000000.0,2034000000.0,2092000000.0,5.084,27845000000.0,0.0,336000000.0,1900000000.0,13.69,8131000000.0
98,HPQ,MRQ,1996-12-31,1997-01-31,1997-01-31,2021-09-07,0.0,27156000000.0,,17186000000.0,9970000000.0,,6.938,-367000000.0,2789000000.0,2789000000.0,6694000000.0,912000000.0,1.829,0.924,2964000000.0,380000000.0,2584000000.0,2964000000.0,1100000000.0,335000000.0,0.0,0.0,0.0,1357000000.0,1692000000.0,0.164,1692000000.0,1357000000.0,1303000000.0,0.45,0.435,0.45,14112000000.0,,14112000000.0,55349236150.0,13.0,10.084,1443000000.0,0.709,1.0,3601000000.0,0.35,0.0,54000000.0,17933000000.0,,6232000000.0,4406000000.0,70000000.0,4336000000.0,13044000000.0,9398000000.0,3646000000.0,53530236150.0,-96000000.0,0.0,-66000000.0,-1740000000.0,-122000000.0,-1929000000.0,23000000.0,372000000.0,1810000000.0,0.0,912000000.0,912000000.0,912000000.0,0.0,0.0,0.089,2320000000.0,1281000000.0,2223000000.0,0.0,3.793,19.767,19.565,5634000000.0,0.0,26.315,1.358,1.358,6841000000.0,13092000000.0,10295000000.0,10295000000.0,699000000.0,,,,,0.0,1621000000.0,1.0,2034210000.0,2034000000.0,2094000000.0,5.061,27156000000.0,0.0,391000000.0,2050000000.0,13.351,7788000000.0
99,HPQ,MRQ,1996-09-30,1996-10-31,1996-10-31,2021-09-07,0.0,27699000000.0,,17991000000.0,9708000000.0,,7.327,-634000000.0,2885000000.0,2885000000.0,6819000000.0,648000000.0,1.694,1.061,4704000000.0,2125000000.0,2579000000.0,4704000000.0,951000000.0,366000000.0,0.0,0.0,0.0,986000000.0,1352000000.0,0.133,1352000000.0,986000000.0,886000000.0,0.35,0.31,0.35,13438000000.0,,13438000000.0,48419400000.0,12.0,9.105,780000000.0,0.425,1.0,3328000000.0,0.328,0.0,100000000.0,18895000000.0,,6401000000.0,4614000000.0,442000000.0,4172000000.0,14261000000.0,10623000000.0,3638000000.0,45002400000.0,1028000000.0,0.0,-191000000.0,-566000000.0,-123000000.0,-884000000.0,498000000.0,1127000000.0,1414000000.0,0.0,648000000.0,648000000.0,648000000.0,0.0,0.0,0.064,2449000000.0,879000000.0,2375000000.0,0.0,3.349,17.402,17.37,5536000000.0,0.0,22.06,1.171,1.17,7126000000.0,12424000000.0,10147000000.0,10147000000.0,707000000.0,,,,,0.0,1742000000.0,1.0,2040000000.0,1834000000.0,2098000000.0,5.533,27699000000.0,0.0,238000000.0,1514000000.0,15.103,7368000000.0
100,HPQ,MRQ,1996-06-30,1996-07-31,1996-07-31,2021-09-07,0.0,27324000000.0,,18253000000.0,9071000000.0,,6.12,-479000000.0,1857000000.0,1857000000.0,6194000000.0,425000000.0,1.599,1.12,5274000000.0,3303000000.0,1971000000.0,5274000000.0,982000000.0,341000000.0,0.0,0.0,0.0,700000000.0,1041000000.0,0.114,1041000000.0,700000000.0,616000000.0,0.2,0.2,0.2,12889000000.0,,12889000000.0,47777600000.0,12.0,8.956,243000000.0,0.115,1.0,2911000000.0,0.32,0.0,84000000.0,19324000000.0,,6893000000.0,5715000000.0,1857000000.0,3858000000.0,14435000000.0,11417000000.0,3018000000.0,44985600000.0,-44000000.0,0.0,-298000000.0,582000000.0,-122000000.0,165000000.0,-931000000.0,-470000000.0,722000000.0,0.0,425000000.0,425000000.0,425000000.0,0.0,0.0,0.047,2300000000.0,611000000.0,2109000000.0,0.0,3.49,17.196,17.742,5213000000.0,0.0,22.0,1.205,1.241,6546000000.0,11784000000.0,9105000000.0,9105000000.0,708000000.0,,,,,0.0,1592000000.0,1.0,2044800000.0,2106000000.0,2106000000.0,4.323,27324000000.0,0.0,191000000.0,1517000000.0,12.974,6836000000.0
101,HPQ,MRQ,1996-03-31,1996-04-30,1996-04-30,2021-09-07,0.0,26918000000.0,,18104000000.0,8814000000.0,,6.162,-481000000.0,1901000000.0,1901000000.0,6498000000.0,723000000.0,1.546,1.07,4693000000.0,3500000000.0,1193000000.0,4693000000.0,961000000.0,301000000.0,0.0,0.0,0.0,1103000000.0,1404000000.0,0.142,1404000000.0,1103000000.0,1030000000.0,0.345,0.345,0.345,13002000000.0,,13002000000.0,56061212000.0,13.0,10.199,221000000.0,0.105,1.0,3382000000.0,0.342,0.0,73000000.0,17999000000.0,,6735000000.0,5184000000.0,1387000000.0,3797000000.0,13916000000.0,11711000000.0,2205000000.0,53988212000.0,-557000000.0,0.0,-14000000.0,170000000.0,-102000000.0,51000000.0,-1310000000.0,-834000000.0,702000000.0,0.0,723000000.0,723000000.0,723000000.0,0.0,0.0,0.073,2341000000.0,1041000000.0,2181000000.0,0.0,4.152,19.511,20.129,5017000000.0,0.0,26.47,1.502,1.553,7025000000.0,12114000000.0,9880000000.0,9880000000.0,691000000.0,,,,,0.0,1650000000.0,1.0,2039600000.0,2110000000.0,2110000000.0,4.682,26918000000.0,0.0,307000000.0,1543000000.0,12.757,6393000000.0
102,HPQ,MRQ,1995-12-31,1996-01-31,1996-01-31,2021-09-07,0.0,25753000000.0,,17496000000.0,8257000000.0,,5.818,-291000000.0,2458000000.0,2458000000.0,5988000000.0,790000000.0,1.532,1.104,4531000000.0,3437000000.0,1094000000.0,4531000000.0,925000000.0,289000000.0,0.0,0.0,0.0,1232000000.0,1521000000.0,0.164,1521000000.0,1232000000.0,1162000000.0,0.375,0.375,0.375,12242000000.0,,12242000000.0,45353254896.0,11.0,8.622,327000000.0,0.155,1.0,3300000000.0,0.355,0.0,70000000.0,16402000000.0,,6788000000.0,4304000000.0,838000000.0,3466000000.0,13511000000.0,11424000000.0,2087000000.0,43449254896.0,485000000.0,0.0,-223000000.0,625000000.0,-103000000.0,299000000.0,-432000000.0,-135000000.0,618000000.0,0.0,790000000.0,790000000.0,790000000.0,0.0,0.0,0.085,2105000000.0,1195000000.0,2160000000.0,0.0,3.549,16.577,17.018,4791000000.0,0.0,21.188,1.297,1.331,6479000000.0,11392000000.0,9288000000.0,9288000000.0,612000000.0,,,,,0.0,1493000000.0,1.0,2050702296.0,2104000000.0,2104000000.0,4.414,25753000000.0,0.0,372000000.0,1671000000.0,12.24,6072000000.0
103,HPQ,MRQ,1995-09-30,1995-10-31,1995-10-31,2021-09-07,0.0,24427000000.0,,16239000000.0,8188000000.0,,5.627,-475000000.0,1973000000.0,1973000000.0,5906000000.0,678000000.0,1.484,1.063,3877000000.0,3214000000.0,663000000.0,3877000000.0,782000000.0,317000000.0,0.0,0.0,0.0,1052000000.0,1369000000.0,0.151,1369000000.0,1052000000.0,992000000.0,0.32,0.32,0.32,11839000000.0,,11839000000.0,48723916000.0,13.0,9.79,-303000000.0,-0.144,1.0,3142000000.0,0.347,0.0,60000000.0,15387000000.0,,6013000000.0,4120000000.0,643000000.0,3477000000.0,12588000000.0,10944000000.0,1644000000.0,47402916000.0,-106000000.0,0.0,-199000000.0,473000000.0,-102000000.0,176000000.0,-454000000.0,1000000.0,172000000.0,0.0,678000000.0,678000000.0,678000000.0,0.0,0.0,0.075,2205000000.0,937000000.0,2422000000.0,0.0,4.004,19.483,20.048,4711000000.0,0.0,23.155,1.504,1.546,6735000000.0,10458000000.0,9048000000.0,9048000000.0,624000000.0,,,,,0.0,1581000000.0,1.0,2047200000.0,2104000000.0,2104000000.0,4.3,24427000000.0,0.0,314000000.0,1494000000.0,11.61,5295000000.0
104,HPQ,MRQ,1995-06-30,1995-07-31,1995-07-31,2021-09-07,0.0,22626000000.0,,14872000000.0,7754000000.0,,5.362,-311000000.0,2079000000.0,2079000000.0,4907000000.0,576000000.0,1.537,1.002,3400000000.0,2735000000.0,665000000.0,3400000000.0,791000000.0,283000000.0,0.0,0.0,0.0,920000000.0,1203000000.0,0.155,1203000000.0,920000000.0,867000000.0,0.275,0.275,0.275,11303000000.0,,11303000000.0,40715620000.0,11.0,8.745,-461000000.0,-0.219,1.0,2832000000.0,0.366,0.0,53000000.0,14269000000.0,,5488000000.0,746000000.0,746000000.0,0.0,11323000000.0,9678000000.0,1645000000.0,39835620000.0,143000000.0,0.0,-50000000.0,587000000.0,-103000000.0,432000000.0,-139000000.0,208000000.0,-150000000.0,0.0,576000000.0,576000000.0,576000000.0,0.0,0.0,0.074,2008000000.0,824000000.0,1941000000.0,0.0,3.524,17.855,18.196,4495000000.0,0.0,19.47,1.352,1.393,5698000000.0,10290000000.0,7739000000.0,7739000000.0,587000000.0,,,,,0.0,1421000000.0,1.0,2046000000.0,2108000000.0,2108000000.0,3.671,22626000000.0,0.0,291000000.0,1389000000.0,10.733,5194000000.0
105,HPQ,MRQ,1995-03-31,1995-04-30,1995-04-30,2021-09-07,0.0,21312000000.0,,13855000000.0,7457000000.0,,5.207,-253000000.0,1936000000.0,1936000000.0,4654000000.0,577000000.0,1.583,0.945,2816000000.0,2151000000.0,665000000.0,2816000000.0,805000000.0,266000000.0,0.0,0.0,0.0,901000000.0,1167000000.0,0.157,1167000000.0,901000000.0,854000000.0,0.275,0.275,0.275,10956000000.0,,10956000000.0,34942424000.0,11.0,8.168,408000000.0,0.194,1.0,2774000000.0,0.373,0.0,47000000.0,13439000000.0,,4616000000.0,1060000000.0,1060000000.0,0.0,10356000000.0,8753000000.0,1603000000.0,33734424000.0,270000000.0,0.0,8000000.0,-60000000.0,-77000000.0,-127000000.0,-264000000.0,11000000.0,661000000.0,0.0,577000000.0,577000000.0,577000000.0,0.0,0.0,0.078,1899000000.0,875000000.0,1782000000.0,0.0,3.079,16.85,17.219,4418000000.0,0.0,16.53,1.214,1.252,5449000000.0,9919000000.0,7428000000.0,7428000000.0,556000000.0,,,,,0.0,1343000000.0,1.0,2040800000.0,2104000000.0,2104000000.0,3.53,21312000000.0,0.0,277000000.0,1259000000.0,10.129,5102000000.0
106,HPQ,MRQ,1994-12-31,1995-01-31,1995-01-31,2021-09-07,0.0,20187000000.0,,12971000000.0,7216000000.0,,4.939,-268000000.0,1666000000.0,1666000000.0,4547000000.0,602000000.0,1.601,0.95,2874000000.0,2041000000.0,833000000.0,2874000000.0,716000000.0,273000000.0,0.0,0.0,0.0,965000000.0,1238000000.0,0.169,1238000000.0,965000000.0,919000000.0,0.287,0.287,0.287,10353000000.0,,10353000000.0,27435292662.0,9.0,6.869,662000000.0,0.316,1.0,2757000000.0,0.377,0.0,46000000.0,13291000000.0,,4401000000.0,1171000000.0,1171000000.0,0.0,9834000000.0,8104000000.0,1730000000.0,25776292662.0,309000000.0,0.0,-84000000.0,-143000000.0,-76000000.0,-303000000.0,-318000000.0,-50000000.0,930000000.0,0.0,602000000.0,602000000.0,602000000.0,0.0,0.0,0.082,1825000000.0,932000000.0,1470000000.0,0.0,2.49,14.062,14.276,4383000000.0,0.0,12.562,0.969,0.989,4998000000.0,9343000000.0,7304000000.0,7304000000.0,535000000.0,,,,,0.0,1290000000.0,1.0,2051844192.0,2096000000.0,2096000000.0,3.485,20187000000.0,0.0,317000000.0,1334000000.0,9.631,4867000000.0
107,HPQ,MRQ,1994-09-30,1994-10-31,1994-10-31,2021-09-07,0.0,19567000000.0,,12509000000.0,7058000000.0,,4.754,-373000000.0,1357000000.0,1357000000.0,4356000000.0,476000000.0,1.52,0.971,3016000000.0,2469000000.0,547000000.0,3016000000.0,598000000.0,282000000.0,0.0,0.0,0.0,766000000.0,1048000000.0,0.15,1048000000.0,766000000.0,721000000.0,0.233,0.233,0.233,9926000000.0,,9926000000.0,26384096000.0,10.0,7.362,436000000.0,0.209,1.0,2646000000.0,0.378,0.0,45000000.0,12996000000.0,,4273000000.0,3851000000.0,1121000000.0,2730000000.0,9641000000.0,8230000000.0,1411000000.0,24881096000.0,-259000000.0,-62000000.0,-23000000.0,-107000000.0,-76000000.0,-202000000.0,-866000000.0,-460000000.0,809000000.0,0.0,476000000.0,476000000.0,476000000.0,0.0,0.0,0.068,1876000000.0,770000000.0,1466000000.0,0.0,2.507,15.56,15.89,4328000000.0,0.0,12.235,0.996,1.019,5028000000.0,8893000000.0,7002000000.0,7002000000.0,542000000.0,,,,,0.0,1334000000.0,1.0,2033600000.0,2088000000.0,2088000000.0,3.353,19567000000.0,0.0,245000000.0,1245000000.0,9.371,4279000000.0
108,HPQ,MRQ,1994-06-30,1994-07-31,1994-07-31,2021-09-07,0.0,18503000000.0,,11909000000.0,6594000000.0,,4.512,-232000000.0,1616000000.0,1616000000.0,3774000000.0,347000000.0,1.553,0.964,3119000000.0,2547000000.0,572000000.0,3119000000.0,637000000.0,258000000.0,0.0,0.0,0.0,567000000.0,825000000.0,0.136,825000000.0,567000000.0,526000000.0,0.165,0.165,0.165,9421000000.0,,9421000000.0,21106052000.0,9.0,6.488,31000000.0,0.015,1.0,2279000000.0,0.377,0.0,41000000.0,12337000000.0,,4301000000.0,859000000.0,859000000.0,0.0,9082000000.0,7669000000.0,1413000000.0,19762052000.0,65000000.0,0.0,-46000000.0,224000000.0,-77000000.0,101000000.0,-299000000.0,-68000000.0,263000000.0,0.0,347000000.0,347000000.0,347000000.0,0.0,0.0,0.057,1736000000.0,543000000.0,1272000000.0,0.0,2.098,13.907,14.144,4186000000.0,0.0,9.703,0.835,0.856,4471000000.0,8417000000.0,6053000000.0,6053000000.0,517000000.0,,,,,0.0,1219000000.0,1.0,2036800000.0,2088000000.0,2088000000.0,2.899,18503000000.0,0.0,179000000.0,1051000000.0,8.862,4240000000.0
109,HPQ,MRQ,1994-03-31,1994-04-30,1994-04-30,2021-09-07,0.0,17950000000.0,,11433000000.0,6517000000.0,,4.433,-181000000.0,1551000000.0,1551000000.0,3890000000.0,408000000.0,1.577,0.939,2895000000.0,2234000000.0,661000000.0,2895000000.0,0.0,239000000.0,0.0,0.0,0.0,644000000.0,883000000.0,0.141,883000000.0,644000000.0,609000000.0,0.195,0.195,0.195,9257000000.0,,9257000000.0,21972225000.0,10.0,7.134,434000000.0,0.208,1.0,2364000000.0,0.378,0.0,35000000.0,12044000000.0,,4022000000.0,863000000.0,863000000.0,0.0,8693000000.0,7250000000.0,1443000000.0,20295225000.0,256000000.0,0.0,73000000.0,-78000000.0,-64000000.0,-68000000.0,-291000000.0,-109000000.0,615000000.0,0.0,408000000.0,408000000.0,408000000.0,0.0,0.0,0.065,1726000000.0,638000000.0,2902000000.0,0.0,2.192,15.089,15.338,4168000000.0,0.0,10.031,0.899,0.927,4295000000.0,8223000000.0,6254000000.0,6254000000.0,502000000.0,,,,,0.0,1224000000.0,1.0,2023200000.0,2088000000.0,2088000000.0,2.995,17950000000.0,0.0,201000000.0,1007000000.0,8.597,4183000000.0
110,HPQ,MRQ,1993-12-31,1994-01-31,1994-01-31,2021-09-07,0.0,17201000000.0,,10758000000.0,6443000000.0,,4.22,-180000000.0,1295000000.0,1295000000.0,3470000000.0,368000000.0,1.52,0.967,2972000000.0,2301000000.0,671000000.0,2972000000.0,0.0,227000000.0,0.0,0.0,0.0,601000000.0,828000000.0,0.146,828000000.0,601000000.0,567000000.0,0.177,0.177,0.177,8744000000.0,,8744000000.0,23544058133.0,11.0,7.959,357000000.0,0.172,1.0,2212000000.0,0.389,0.0,34000000.0,11802000000.0,,4062000000.0,769000000.0,769000000.0,0.0,8457000000.0,7076000000.0,1381000000.0,21576058133.0,406000000.0,0.0,-29000000.0,116000000.0,-63000000.0,23000000.0,-154000000.0,-14000000.0,537000000.0,0.0,368000000.0,368000000.0,368000000.0,0.0,0.0,0.065,1614000000.0,598000000.0,2801000000.0,0.0,2.468,16.804,16.888,4179000000.0,0.0,10.656,1.007,1.031,3905000000.0,7816000000.0,5682000000.0,5682000000.0,466000000.0,,,,,0.0,1148000000.0,1.0,2024732728.0,2072000000.0,2072000000.0,2.742,17201000000.0,0.0,199000000.0,1065000000.0,8.302,3682000000.0
111,HPQ,MRQ,1993-09-30,1993-10-31,1993-10-31,2021-09-07,0.0,16736000000.0,,10236000000.0,6500000000.0,,4.205,-403000000.0,889000000.0,889000000.0,3494000000.0,298000000.0,1.49,0.966,2857000000.0,2190000000.0,667000000.0,2857000000.0,507000000.0,236000000.0,0.0,0.0,0.0,481000000.0,717000000.0,0.126,717000000.0,481000000.0,451000000.0,0.149,0.149,0.149,8511000000.0,,8511000000.0,,,,-264000000.0,-0.13,1.0,2193000000.0,0.386,0.0,30000000.0,11836000000.0,,3691000000.0,755000000.0,755000000.0,0.0,8225000000.0,6868000000.0,1357000000.0,18632602929.0,-57000000.0,-86000000.0,-97000000.0,507000000.0,-63000000.0,344000000.0,-540000000.0,-37000000.0,139000000.0,0.0,298000000.0,298000000.0,298000000.0,0.0,0.0,0.052,1716000000.0,477000000.0,1223000000.0,0.0,2.189,15.831,15.785,4180000000.0,0.0,9.203,0.917,0.917,4208000000.0,7574000000.0,5687000000.0,5687000000.0,485000000.0,,,,,0.0,1231000000.0,1.0,2024732728.0,2024000000.0,2024000000.0,2.81,16736000000.0,0.0,153000000.0,922000000.0,8.269,3368000000.0
112,HPQ,MRQ,1993-06-30,1993-07-31,1993-07-31,2021-09-07,,,,,,,,-365000000.0,,,2968000000.0,271000000.0,,,,,,,,224000000.0,,0.0,0.0,428000000.0,652000000.0,0.131,652000000.0,428000000.0,397000000.0,0.133,0.133,0.133,,,,,,,-219000000.0,-0.108,1.0,1993000000.0,0.402,,31000000.0,,,,,,,,,,,-158000000.0,0.0,22000000.0,315000000.0,-64000000.0,263000000.0,-567000000.0,-224000000.0,146000000.0,0.0,271000000.0,271000000.0,271000000.0,0.0,0.0,0.055,1566000000.0,427000000.0,,0.0,,,,,0.0,9.0,,,,,4961000000.0,4961000000.0,446000000.0,,,,,0.0,1120000000.0,1.0,,2032000000.0,2032000000.0,2.441,,,126000000.0,,,
113,HPQ,MRQ,1993-03-31,1993-04-30,1993-04-30,2021-09-07,,,,,,,,-224000000.0,,,2997000000.0,347000000.0,,,,,,,,199000000.0,,0.0,0.0,562000000.0,761000000.0,0.149,761000000.0,562000000.0,534000000.0,0.172,0.172,0.172,,,,,,,202000000.0,0.1,1.0,2099000000.0,0.412,,28000000.0,,,,,,,,,,,80000000.0,0.0,14000000.0,-121000000.0,-51000000.0,-161000000.0,-185000000.0,30000000.0,426000000.0,0.0,347000000.0,347000000.0,347000000.0,0.0,0.0,0.068,1545000000.0,554000000.0,,0.0,,,,,0.0,9.36,,,,,5096000000.0,5096000000.0,431000000.0,,,,,0.0,1114000000.0,1.0,,2024000000.0,2024000000.0,2.518,,,187000000.0,,,
114,HPQ,MRQ,1992-12-31,1993-01-31,1993-01-31,2021-09-07,,,,,,,,-198000000.0,,,2664000000.0,261000000.0,,,,,,,,187000000.0,,0.0,0.0,433000000.0,620000000.0,0.136,620000000.0,433000000.0,401000000.0,0.129,0.129,0.129,,,,,,,233000000.0,0.116,1.0,1909000000.0,0.417,,32000000.0,,,,,,,,,,,383000000.0,0.0,55000000.0,265000000.0,-50000000.0,264000000.0,-312000000.0,-120000000.0,431000000.0,0.0,261000000.0,261000000.0,261000000.0,0.0,0.0,0.057,1488000000.0,421000000.0,,0.0,,,,,0.0,9.0,,,,,4573000000.0,4573000000.0,399000000.0,,,,,0.0,1089000000.0,1.0,,2016000000.0,2016000000.0,2.268,,,140000000.0,,,
115,HPQ,MRQ,1992-09-30,1992-10-31,1992-10-31,2021-09-07,0.0,13700000000.0,,7679000000.0,6021000000.0,,,,641000000.0,641000000.0,,,1.507,0.827,1809000000.0,1384000000.0,425000000.0,1809000000.0,449000000.0,,0.0,0.0,0.0,,,,,,,,,,7499000000.0,,7499000000.0,,,,,,1.0,,,0.0,,9774000000.0,,2605000000.0,394000000.0,394000000.0,0.0,6201000000.0,5094000000.0,1107000000.0,,,,,,,,,,,,,,,,,,,,925000000.0,,,,26.044,3649000000.0,,7.11,,,3497000000.0,6625000000.0,,,,,,,,,,1.0,,,,,13700000000.0,0.0,,539000000.0,,2585000000.0
0,HPQ,MRT,2021-06-30,2021-07-31,2021-07-31,2021-09-07,-1133000000.0,35523000000.0,34872500000.0,20603000000.0,14920000000.0,1.78,-3.327,-526000000.0,3439000000.0,3439000000.0,49239000000.0,4072000000.0,0.745,-10.011,7112000000.0,214000000.0,6898000000.0,7112000000.0,0.0,781000000.0,0.0,0.026,0.758,5056000000.0,5837000000.0,0.094,5837000000.0,5056000000.0,4734000000.0,3.26,3.22,3.26,-3942000000.0,-3191250000.0,-3942000000.0,37395246227.0,7.0,6.407,4909000000.0,4.143,1.0,12831000000.0,0.207,6628000000.0,322000000.0,4901000000.0,3379000000.0,8165000000.0,0.0,0.0,0.0,39465000000.0,27667000000.0,11798000000.0,34680246227.0,-1240000000.0,-582000000.0,-5880000000.0,859000000.0,-957000000.0,-5978000000.0,-697000000.0,213000000.0,5435000000.0,0.0,4072000000.0,4072000000.0,4072000000.0,0.0,0.0,0.066,7775000000.0,5056000000.0,15898000000.0,0.233,-8.798,8.517,8.856,2500000000.0,0.0,28.87,0.559,0.551,4908000000.0,-3871000000.0,62070000000.0,62070000000.0,1843000000.0,0.117,-1.276,1.496,0.081,317000000.0,5511000000.0,1.0,1201255498.0,1185000000.0,1199000000.0,52.38,28895000000.0,0.0,662000000.0,0.0,24.384,-7064000000.0
1,HPQ,MRT,2021-03-31,2021-04-30,2021-04-30,2021-09-07,-1320000000.0,34549000000.0,34552750000.0,20091000000.0,14458000000.0,1.768,-2.723,-485000000.0,3424000000.0,3424000000.0,49239000000.0,3698000000.0,0.717,-11.282,6139000000.0,1222000000.0,4917000000.0,6139000000.0,0.0,782000000.0,0.0,0.022,0.74,4454000000.0,5236000000.0,0.086,5236000000.0,4454000000.0,4159000000.0,2.84,2.82,2.84,-3360000000.0,-2702250000.0,-3360000000.0,44740893194.0,10.0,8.545,5524000000.0,4.476,1.0,11836000000.0,0.194,6524000000.0,295000000.0,2711000000.0,3256250000.0,7502000000.0,0.0,0.0,0.0,37909000000.0,28029000000.0,9880000000.0,42723893194.0,-630000000.0,-134000000.0,-5347000000.0,637000000.0,-978000000.0,-5688000000.0,-951000000.0,-15000000.0,6009000000.0,0.0,3698000000.0,3698000000.0,3698000000.0,0.0,0.0,0.061,7382000000.0,4454000000.0,15228000000.0,0.261,-12.715,11.553,12.011,2538000000.0,0.0,34.11,0.7,0.689,4990000000.0,-3070000000.0,61075000000.0,61075000000.0,1725000000.0,0.107,-1.368,1.368,0.073,297000000.0,5259000000.0,1.0,1252532782.0,1234000000.0,1247000000.0,49.494,28025000000.0,0.0,461000000.0,0.0,22.711,-7938000000.0
2,HPQ,MRT,2020-12-31,2021-01-31,2021-01-31,2021-09-07,-1473000000.0,34737000000.0,34358750000.0,20438000000.0,14299000000.0,1.678,-2.518,-510000000.0,4160000000.0,4160000000.0,46778000000.0,3234000000.0,0.733,-11.738,6177000000.0,1238000000.0,4939000000.0,6177000000.0,0.0,794000000.0,0.0,0.03,0.722,3918000000.0,4712000000.0,0.082,4712000000.0,3918000000.0,3649000000.0,2.37,2.37,2.37,-3235000000.0,-2048000000.0,-3235000000.0,32742747834.0,8.0,6.949,3543000000.0,2.757,1.0,10889000000.0,0.189,6404000000.0,269000000.0,2470000000.0,3469750000.0,6668000000.0,0.0,0.0,0.0,37972000000.0,27880000000.0,10092000000.0,31389747834.0,-45000000.0,0.0,-3859000000.0,1273000000.0,-991000000.0,-3577000000.0,-521000000.0,297000000.0,4053000000.0,0.0,3234000000.0,3234000000.0,3234000000.0,0.0,0.0,0.056,6971000000.0,3918000000.0,14960000000.0,0.305,-9.703,9.706,10.27,2546000000.0,0.0,24.34,0.544,0.542,5273000000.0,-2759000000.0,57667000000.0,57667000000.0,1549000000.0,0.094,-1.579,1.129,0.068,284000000.0,4992000000.0,1.0,1289636312.0,1285000000.0,1293000000.0,44.877,28333000000.0,0.0,415000000.0,0.0,22.049,-7442000000.0
3,HPQ,MRT,2020-09-30,2020-10-31,2020-10-31,2021-09-07,-1243000000.0,34681000000.0,33588500000.0,20648000000.0,14033000000.0,1.686,-1.577,-577000000.0,4864000000.0,4864000000.0,46202000000.0,2844000000.0,0.787,-16.566,6217000000.0,674000000.0,5543000000.0,6217000000.0,0.0,789000000.0,0.0,0.039,0.705,3462000000.0,4251000000.0,0.075,4251000000.0,3462000000.0,3231000000.0,2.01,2.0,2.01,-2228000000.0,-1647750000.0,-2228000000.0,26246001361.0,8.0,6.174,3739000000.0,2.646,1.0,10437000000.0,0.184,6380000000.0,231000000.0,3434000000.0,3365250000.0,5963000000.0,0.0,0.0,0.0,36909000000.0,26220000000.0,10689000000.0,24668001361.0,327000000.0,0.0,-3235000000.0,1259000000.0,-997000000.0,-2973000000.0,-1016000000.0,-276000000.0,4316000000.0,0.0,2844000000.0,2844000000.0,2844000000.0,0.0,0.0,0.05,6975000000.0,3462000000.0,14704000000.0,0.351,-11.072,8.674,8.935,2627000000.0,0.0,17.96,0.436,0.448,5381000000.0,-1961000000.0,56639000000.0,56639000000.0,1478000000.0,0.085,-1.726,1.029,0.061,278000000.0,4906000000.0,1.0,1373496735.0,1413000000.0,1420000000.0,40.084,28301000000.0,0.0,387000000.0,0.0,20.029,-5572000000.0
4,HPQ,MRT,2020-06-30,2020-07-31,2020-07-31,2021-09-07,-1605000000.0,34244000000.0,33285000000.0,20269000000.0,13975000000.0,1.706,-1.402,-657000000.0,4679000000.0,4679000000.0,46106000000.0,2564000000.0,0.81,-18.243,6257000000.0,276000000.0,5981000000.0,6257000000.0,0.0,798000000.0,0.0,0.039,0.689,3414000000.0,4212000000.0,0.074,4212000000.0,3414000000.0,2947000000.0,1.79,1.78,1.79,-1986000000.0,-1389000000.0,-1986000000.0,26576641476.0,8.0,6.31,2373000000.0,1.675,1.0,10682000000.0,0.188,6386000000.0,467000000.0,4410000000.0,3107250000.0,5896000000.0,0.0,0.0,0.0,36230000000.0,25026000000.0,11204000000.0,25138641476.0,-240000000.0,-31000000.0,-2356000000.0,1239000000.0,-995000000.0,-2112000000.0,-1158000000.0,-230000000.0,3030000000.0,0.0,2564000000.0,2564000000.0,2564000000.0,0.0,0.0,0.045,7268000000.0,3414000000.0,14276000000.0,0.385,-12.658,9.804,9.821,2658000000.0,0.0,17.58,0.443,0.439,5269000000.0,-1353000000.0,56788000000.0,56788000000.0,1486000000.0,0.077,-1.846,1.099,0.06,285000000.0,5067000000.0,1.0,1429956853.0,1417000000.0,1423000000.0,40.076,27858000000.0,0.0,383000000.0,0.0,19.66,-4757000000.0
5,HPQ,MRT,2020-03-31,2020-04-30,2020-04-30,2021-09-07,-1050000000.0,33773000000.0,32825250000.0,19660000000.0,14113000000.0,1.739,-0.518,-712000000.0,4054000000.0,4054000000.0,45903000000.0,3009000000.0,0.778,-46.455,5492000000.0,1551000000.0,3941000000.0,5492000000.0,0.0,791000000.0,0.0,0.043,0.673,3714000000.0,4505000000.0,0.079,4505000000.0,3714000000.0,2444000000.0,2.06,2.04,2.06,-743000000.0,-1175250000.0,-743000000.0,22881192272.0,6.0,5.079,2994000000.0,2.086,1.0,11194000000.0,0.196,6370000000.0,1270000000.0,3565000000.0,2413500000.0,6354000000.0,0.0,0.0,0.0,34516000000.0,25276000000.0,9240000000.0,22231192272.0,498000000.0,-90000000.0,-1981000000.0,477000000.0,-984000000.0,-2412000000.0,-796000000.0,6000000.0,3706000000.0,0.0,3009000000.0,3009000000.0,3009000000.0,0.0,0.0,0.053,7480000000.0,3714000000.0,14195000000.0,0.327,-29.921,7.388,7.529,2714000000.0,0.0,15.51,0.389,0.39,5146000000.0,-633000000.0,57097000000.0,57097000000.0,1540000000.0,0.092,-2.56,1.539,0.065,296000000.0,5287000000.0,1.0,1433345730.0,1435000000.0,1440000000.0,39.789,27403000000.0,0.0,-565000000.0,0.0,19.096,-5616000000.0
6,HPQ,MRT,2019-12-31,2020-01-31,2020-01-31,2021-09-07,-1208000000.0,31656000000.0,32368500000.0,17477000000.0,14179000000.0,1.812,-1.124,-680000000.0,4205000000.0,4205000000.0,47234000000.0,3027000000.0,0.732,-20.373,4855000000.0,923000000.0,3932000000.0,4855000000.0,0.0,774000000.0,0.0,0.031,0.656,3816000000.0,4590000000.0,0.078,4590000000.0,3816000000.0,2501000000.0,2.04,2.02,2.04,-1634000000.0,-1361250000.0,-1634000000.0,31581957159.0,8.0,6.881,4397000000.0,3.024,1.0,11430000000.0,0.195,6387000000.0,1315000000.0,2052000000.0,2491500000.0,4946000000.0,0.0,0.0,0.0,33290000000.0,23867000000.0,9423000000.0,30981957159.0,838000000.0,-54000000.0,-2553000000.0,-174000000.0,-977000000.0,-3621000000.0,-618000000.0,116000000.0,5077000000.0,0.0,3027000000.0,3027000000.0,3027000000.0,0.0,0.0,0.052,7614000000.0,3816000000.0,12808000000.0,0.322,-18.961,10.235,10.451,2756000000.0,0.0,21.32,0.528,0.528,4857000000.0,-1306000000.0,58664000000.0,58664000000.0,1555000000.0,0.094,-2.224,1.532,0.065,299000000.0,5410000000.0,1.0,1453187484.0,1454000000.0,1460000000.0,40.347,25269000000.0,0.0,-526000000.0,0.0,17.379,-6390000000.0
7,HPQ,MRT,2019-09-30,2019-10-31,2019-10-31,2021-09-07,-1225000000.0,33467000000.0,32577000000.0,20177000000.0,13290000000.0,1.804,-0.787,-671000000.0,4537000000.0,4537000000.0,47586000000.0,3152000000.0,0.798,-29.053,5137000000.0,357000000.0,4780000000.0,5137000000.0,0.0,744000000.0,0.0,0.037,0.64,3877000000.0,4621000000.0,0.079,4621000000.0,3877000000.0,2523000000.0,2.08,2.07,2.08,-1193000000.0,-1412000000.0,-1193000000.0,25879839909.0,7.0,5.6,3983000000.0,2.629,1.0,11170000000.0,0.19,6372000000.0,1354000000.0,2402000000.0,2874500000.0,5734000000.0,0.0,0.0,0.0,34660000000.0,25293000000.0,9367000000.0,25740839909.0,-629000000.0,-458000000.0,-2466000000.0,-1409000000.0,-970000000.0,-4845000000.0,-438000000.0,691000000.0,4654000000.0,0.0,3152000000.0,3152000000.0,3152000000.0,0.0,0.0,0.054,7293000000.0,3877000000.0,14793000000.0,0.308,-21.577,8.167,8.351,2794000000.0,0.0,17.37,0.438,0.448,6031000000.0,-818000000.0,58756000000.0,58756000000.0,1499000000.0,0.097,-2.232,1.349,0.066,297000000.0,5368000000.0,1.0,1481913639.0,1515000000.0,1524000000.0,38.783,27095000000.0,0.0,-629000000.0,0.0,17.884,-5116000000.0
8,HPQ,MRT,2019-06-30,2019-07-31,2019-07-31,2021-09-07,-863000000.0,32405000000.0,32865750000.0,19683000000.0,12722000000.0,1.787,-0.755,-600000000.0,4919000000.0,4919000000.0,47772000000.0,4215000000.0,0.801,-29.652,5058000000.0,328000000.0,4730000000.0,5058000000.0,0.0,679000000.0,0.0,0.029,0.62,3927000000.0,4606000000.0,0.078,4606000000.0,3927000000.0,3038000000.0,2.74,2.7,2.74,-1131000000.0,-1273500000.0,-1131000000.0,33175378083.0,8.0,7.203,4434000000.0,2.958,1.0,10943000000.0,0.186,6330000000.0,889000000.0,1635000000.0,3360000000.0,5716000000.0,0.0,0.0,0.0,33536000000.0,24579000000.0,8957000000.0,31692378083.0,-1276000000.0,-427000000.0,-2548000000.0,-2651000000.0,-953000000.0,-6186000000.0,-124000000.0,903000000.0,5034000000.0,0.0,4215000000.0,4215000000.0,4215000000.0,0.0,0.0,0.072,7016000000.0,3927000000.0,14648000000.0,0.226,-28.022,7.519,7.679,2462000000.0,0.0,21.04,0.54,0.537,5295000000.0,-1068000000.0,58715000000.0,58715000000.0,1464000000.0,0.128,-3.31,1.169,0.067,298000000.0,5226000000.0,1.0,1506291734.0,1499000000.0,1508000000.0,39.169,26075000000.0,0.0,-1177000000.0,144000000.0,17.395,-4896000000.0
9,HPQ,MRT,2019-03-31,2019-04-30,2019-04-30,2021-09-07,-900000000.0,31946000000.0,33328000000.0,18285000000.0,13661000000.0,1.761,-0.973,-545000000.0,3556000000.0,3556000000.0,47972000000.0,3916000000.0,0.788,-22.484,5039000000.0,290000000.0,4749000000.0,5039000000.0,0.0,621000000.0,0.0,0.03,0.599,3866000000.0,4487000000.0,0.076,4487000000.0,3866000000.0,3808000000.0,2.5,2.46,2.5,-1487000000.0,-1432500000.0,-1487000000.0,32346463360.0,8.0,7.209,3660000000.0,2.394,1.0,10726000000.0,0.183,6349000000.0,58000000.0,3877000000.0,3903000000.0,5394000000.0,0.0,0.0,0.0,33433000000.0,23203000000.0,10230000000.0,30710463360.0,-691000000.0,-420000000.0,-2653000000.0,-1593000000.0,-936000000.0,-5260000000.0,364000000.0,1124000000.0,4205000000.0,0.0,3916000000.0,3916000000.0,3916000000.0,0.0,0.0,0.067,6860000000.0,3866000000.0,13839000000.0,0.24,-20.653,7.842,7.98,2412000000.0,0.0,19.95,0.523,0.52,5414000000.0,-1325000000.0,58698000000.0,58698000000.0,1398000000.0,0.117,-2.734,0.991,0.066,293000000.0,5139000000.0,1.0,1539371597.0,1529000000.0,1536000000.0,38.39,25597000000.0,0.0,-108000000.0,206000000.0,16.741,-4918000000.0
10,HPQ,MRT,2018-12-31,2019-01-31,2019-01-31,2021-09-07,-1087000000.0,32490000000.0,33363250000.0,18936000000.0,13554000000.0,1.758,-1.181,-544000000.0,3367000000.0,3367000000.0,47966000000.0,4192000000.0,0.783,-18.686,5003000000.0,297000000.0,4706000000.0,5003000000.0,0.0,567000000.0,0.0,0.026,0.578,3844000000.0,4411000000.0,0.075,4411000000.0,3844000000.0,3008000000.0,2.64,2.59,2.64,-1837000000.0,-1526500000.0,-1837000000.0,35044483989.0,9.0,7.945,3850000000.0,2.474,1.0,10699000000.0,0.182,6343000000.0,836000000.0,3584000000.0,4154500000.0,5649000000.0,0.0,0.0,0.0,34327000000.0,24199000000.0,10128000000.0,34223483989.0,-2108000000.0,-420000000.0,-2725000000.0,-3465000000.0,-918000000.0,-7191000000.0,689000000.0,884000000.0,4394000000.0,0.0,4192000000.0,4192000000.0,4192000000.0,0.0,0.0,0.071,6855000000.0,3844000000.0,14572000000.0,0.219,-18.63,8.164,8.345,2312000000.0,0.0,22.03,0.583,0.584,5113000000.0,-1431000000.0,58665000000.0,58665000000.0,1401000000.0,0.126,-2.746,0.925,0.066,290000000.0,5118000000.0,1.0,1553494507.0,1556000000.0,1567000000.0,37.702,26147000000.0,0.0,-1184000000.0,268000000.0,16.804,-5263000000.0
11,HPQ,MRT,2018-09-30,2018-10-31,2018-10-31,2021-09-07,-845000000.0,34622000000.0,34052000000.0,21387000000.0,13235000000.0,1.717,-0.396,-374000000.0,5166000000.0,5166000000.0,47803000000.0,5327000000.0,0.851,-55.182,5987000000.0,1463000000.0,4524000000.0,5987000000.0,0.0,528000000.0,0.0,0.023,0.557,3831000000.0,4359000000.0,0.075,4359000000.0,3831000000.0,3013000000.0,3.3,3.26,3.3,-639000000.0,-1752750000.0,-639000000.0,39188341383.0,10.0,8.99,4154000000.0,2.572,1.0,10669000000.0,0.182,5968000000.0,818000000.0,4344000000.0,5347250000.0,6062000000.0,0.0,0.0,0.0,35261000000.0,25131000000.0,10130000000.0,38199341383.0,-1831000000.0,-1036000000.0,-2505000000.0,-2239000000.0,-899000000.0,-5643000000.0,-716000000.0,480000000.0,4528000000.0,0.0,5327000000.0,5327000000.0,5327000000.0,0.0,0.0,0.091,6838000000.0,3831000000.0,14816000000.0,0.169,-59.78,7.171,7.315,2198000000.0,0.0,24.14,0.653,0.667,5113000000.0,-473000000.0,58472000000.0,58472000000.0,1404000000.0,0.156,-3.039,0.716,0.066,268000000.0,5099000000.0,1.0,1582408508.0,1615000000.0,1634000000.0,36.206,28654000000.0,0.0,-2314000000.0,0.0,17.742,-3744000000.0
12,HPQ,MRT,2018-06-30,2018-07-31,2018-07-31,2021-09-07,-1330000000.0,34254000000.0,33624750000.0,21776000000.0,12478000000.0,1.696,-1.104,-414000000.0,6195000000.0,6195000000.0,46541000000.0,4536000000.0,0.854,-20.385,7184000000.0,2681000000.0,4503000000.0,7184000000.0,1099000000.0,479000000.0,0.0,0.024,0.55,3576000000.0,4055000000.0,0.071,4055000000.0,3576000000.0,2854000000.0,2.77,2.73,2.77,-1767000000.0,-2445000000.0,-1767000000.0,39034631570.0,11.0,9.626,3826000000.0,2.39,1.0,10492000000.0,0.184,5930000000.0,722000000.0,3807000000.0,5686500000.0,6091000000.0,0.0,0.0,0.0,36021000000.0,25506000000.0,10515000000.0,37170631570.0,-772000000.0,-1036000000.0,-2472000000.0,-933000000.0,-901000000.0,-4215000000.0,-797000000.0,135000000.0,4240000000.0,0.0,4536000000.0,4536000000.0,4536000000.0,0.0,0.0,0.08,6916000000.0,3576000000.0,14245000000.0,0.199,-21.036,8.195,8.332,2112000000.0,0.0,23.08,0.652,0.648,4615000000.0,-1039000000.0,57033000000.0,57033000000.0,1341000000.0,0.135,-1.855,0.629,0.063,258000000.0,5164000000.0,1.0,1610512633.0,1601000000.0,1618000000.0,35.623,28324000000.0,0.0,-1682000000.0,265000000.0,17.691,-3730000000.0
13,HPQ,MRT,2018-03-31,2018-04-30,2018-04-30,2021-09-07,-1314000000.0,32087000000.0,33044750000.0,19433000000.0,12654000000.0,1.68,-1.143,-358000000.0,4247000000.0,4247000000.0,45276000000.0,4352000000.0,0.84,-18.223,6111000000.0,1617000000.0,4494000000.0,6111000000.0,1062000000.0,437000000.0,0.0,0.025,0.544,3513000000.0,3950000000.0,0.071,3950000000.0,3513000000.0,2735000000.0,2.63,2.6,2.63,-1863000000.0,-3088000000.0,-1863000000.0,37667122231.0,11.0,9.536,4143000000.0,2.542,1.0,10231000000.0,0.184,5941000000.0,778000000.0,4883000000.0,6007500000.0,5557000000.0,0.0,0.0,0.0,33950000000.0,23127000000.0,10823000000.0,35273122231.0,-1976000000.0,-1020000000.0,-2054000000.0,-1004000000.0,-900000000.0,-3899000000.0,-2578000000.0,-1127000000.0,4501000000.0,0.0,4352000000.0,4352000000.0,4352000000.0,0.0,0.0,0.078,6718000000.0,3513000000.0,13054000000.0,0.207,-18.934,8.105,8.171,2061000000.0,0.0,21.49,0.635,0.631,4605000000.0,-1075000000.0,55507000000.0,55507000000.0,1283000000.0,0.132,-1.409,0.585,0.063,249000000.0,4972000000.0,1.0,1641373766.0,1630000000.0,1646000000.0,34.053,26146000000.0,0.0,-1617000000.0,300000000.0,16.04,-3694000000.0
14,HPQ,MRT,2017-12-31,2018-01-31,2018-01-31,2021-09-07,-1829000000.0,35245000000.0,32194500000.0,21217000000.0,14028000000.0,1.674,-1.662,-320000000.0,5475000000.0,5475000000.0,43977000000.0,3853000000.0,0.909,-13.854,7869000000.0,1529000000.0,6340000000.0,7869000000.0,1039000000.0,399000000.0,0.0,0.023,0.538,3425000000.0,3824000000.0,0.071,3824000000.0,3425000000.0,3406000000.0,2.31,2.29,2.31,-2742000000.0,-3611000000.0,-2742000000.0,39188725985.0,11.0,10.248,3586000000.0,2.173,1.0,9912000000.0,0.184,5935000000.0,19000000.0,8355000000.0,6051000000.0,5655000000.0,0.0,0.0,0.0,37987000000.0,23349000000.0,14638000000.0,38366725985.0,-856000000.0,-1020000000.0,-1492000000.0,929000000.0,-897000000.0,-1408000000.0,-3354000000.0,-1298000000.0,3906000000.0,0.0,3853000000.0,3853000000.0,3853000000.0,0.0,0.0,0.071,6487000000.0,3425000000.0,12848000000.0,0.233,-13.992,9.958,10.095,2026000000.0,0.0,23.32,0.712,0.714,4396000000.0,-1346000000.0,53889000000.0,53889000000.0,1241000000.0,0.12,-1.067,0.566,0.064,234000000.0,4744000000.0,1.0,1645228387.0,1650000000.0,1669000000.0,32.66,29310000000.0,0.0,-447000000.0,213000000.0,17.764,-2132000000.0
15,HPQ,MRT,2017-09-30,2017-10-31,2017-10-31,2021-09-07,-1418000000.0,32913000000.0,30431250000.0,22318000000.0,10595000000.0,1.711,-2.019,-333000000.0,6997000000.0,6997000000.0,42478000000.0,2526000000.0,0.996,-10.658,7819000000.0,1072000000.0,6747000000.0,7819000000.0,0.0,354000000.0,0.0,0.025,0.532,3368000000.0,3722000000.0,0.071,3722000000.0,3368000000.0,3276000000.0,1.5,1.48,1.5,-3408000000.0,-4007250000.0,-3408000000.0,36832981695.0,11.0,9.896,3344000000.0,1.981,1.0,9578000000.0,0.184,5622000000.0,92000000.0,5701000000.0,5072250000.0,5786000000.0,0.0,0.0,0.0,36321000000.0,22412000000.0,13909000000.0,35993981695.0,709000000.0,0.0,-1412000000.0,1007000000.0,-894000000.0,-1251000000.0,-1717000000.0,-1169000000.0,3677000000.0,0.0,2526000000.0,2526000000.0,2526000000.0,0.0,0.0,0.049,6210000000.0,3368000000.0,13279000000.0,0.355,-10.562,14.249,14.367,1878000000.0,0.0,21.55,0.691,0.699,4414000000.0,-2386000000.0,52056000000.0,52056000000.0,1190000000.0,0.083,-0.63,0.664,0.065,224000000.0,4532000000.0,1.0,1670254371.0,1688000000.0,1702000000.0,30.839,27291000000.0,0.0,750000000.0,214000000.0,16.168,-94000000.0
16,HPQ,MRT,2017-06-30,2017-07-31,2017-07-31,2021-09-07,-2118000000.0,31934000000.0,29449750000.0,21443000000.0,10491000000.0,1.72,-2.581,-308000000.0,6967000000.0,6967000000.0,41292000000.0,2358000000.0,0.972,-8.36,7806000000.0,1062000000.0,6744000000.0,7806000000.0,997000000.0,346000000.0,0.0,0.027,0.523,3271000000.0,3617000000.0,0.071,3617000000.0,3271000000.0,3417000000.0,1.38,1.38,1.38,-4339000000.0,-4127500000.0,-4339000000.0,32748698290.0,10.0,9.054,3393000000.0,2.018,1.0,9349000000.0,0.185,5622000000.0,-146000000.0,5091000000.0,4917500000.0,5184000000.0,0.0,0.0,0.0,36273000000.0,22060000000.0,14213000000.0,32151698290.0,1331000000.0,308000000.0,-898000000.0,981000000.0,-885000000.0,-811000000.0,-1559000000.0,-1040000000.0,3701000000.0,0.0,2358000000.0,2358000000.0,2358000000.0,21000000.0,0.0,0.047,6057000000.0,3292000000.0,12804000000.0,0.379,-7.41,13.635,13.841,1707000000.0,0.0,19.1,0.635,0.634,4233000000.0,-2526000000.0,50641000000.0,50641000000.0,1217000000.0,0.08,-0.571,0.665,0.065,211000000.0,4279000000.0,1.0,1683334989.0,1681000000.0,1695000000.0,30.126,26312000000.0,0.0,1059000000.0,199000000.0,15.653,-617000000.0
17,HPQ,MRT,2017-03-31,2017-04-30,2017-04-30,2021-09-07,-1714000000.0,28686000000.0,28272250000.0,18302000000.0,10384000000.0,1.75,-2.343,-328000000.0,6223000000.0,6223000000.0,40379000000.0,2445000000.0,0.984,-8.253,6820000000.0,110000000.0,6710000000.0,6820000000.0,980000000.0,341000000.0,0.0,0.027,0.514,3373000000.0,3714000000.0,0.075,3714000000.0,3373000000.0,3539000000.0,1.43,1.42,1.43,-3955000000.0,-4024250000.0,-3955000000.0,32326413670.0,10.0,8.704,2669000000.0,1.581,1.0,9094000000.0,0.184,5622000000.0,-166000000.0,5057000000.0,4817500000.0,4756000000.0,0.0,0.0,0.0,32641000000.0,18604000000.0,14037000000.0,31869413670.0,1587000000.0,407000000.0,-649000000.0,63000000.0,-875000000.0,-1472000000.0,62000000.0,116000000.0,2997000000.0,0.0,2445000000.0,2445000000.0,2445000000.0,81000000.0,0.0,0.049,5640000000.0,3454000000.0,11079000000.0,0.359,-8.058,13.035,13.161,1661000000.0,0.0,18.82,0.644,0.642,3771000000.0,-2779000000.0,49473000000.0,49473000000.0,1226000000.0,0.086,-0.608,0.7,0.068,204000000.0,3901000000.0,1.0,1693380110.0,1688000000.0,1709000000.0,29.309,23064000000.0,0.0,1094000000.0,221000000.0,13.664,-302000000.0
18,HPQ,MRT,2016-12-31,2017-01-31,2017-01-31,2021-09-07,-1669000000.0,28192000000.0,27481500000.0,17775000000.0,10417000000.0,1.771,-2.539,-339000000.0,6331000000.0,6331000000.0,39715000000.0,2515000000.0,0.956,-7.515,6788000000.0,100000000.0,6688000000.0,6788000000.0,952000000.0,337000000.0,0.0,0.034,0.505,3365000000.0,3702000000.0,0.076,3702000000.0,3365000000.0,3590000000.0,1.47,1.45,1.47,-4327000000.0,-4232000000.0,-4327000000.0,26215038182.0,8.0,7.081,3782000000.0,2.219,1.0,8961000000.0,0.184,5622000000.0,-225000000.0,4440000000.0,4834500000.0,4555000000.0,0.0,0.0,0.0,32519000000.0,18587000000.0,13932000000.0,25667038182.0,2643000000.0,468000000.0,-749000000.0,51000000.0,-864000000.0,-1551000000.0,73000000.0,-2000000.0,4121000000.0,0.0,2515000000.0,2515000000.0,2515000000.0,112000000.0,0.0,0.052,5484000000.0,3477000000.0,10951000000.0,0.344,-5.932,10.206,10.238,1730000000.0,0.0,15.05,0.527,0.527,3478000000.0,-3339000000.0,48676000000.0,48676000000.0,1213000000.0,0.092,-0.594,0.696,0.069,196000000.0,3813000000.0,1.0,1705451042.0,1704000000.0,1721000000.0,28.566,22570000000.0,0.0,1075000000.0,267000000.0,13.245,-812000000.0
19,HPQ,MRT,2016-09-30,2016-10-31,2016-10-31,2021-09-07,-1438000000.0,28987000000.0,26812750000.0,18468000000.0,10519000000.0,1.799,-2.248,-427000000.0,6288000000.0,6288000000.0,39240000000.0,2496000000.0,0.982,-8.454,6813000000.0,78000000.0,6735000000.0,6813000000.0,919000000.0,332000000.0,0.0,0.034,0.496,3379000000.0,3711000000.0,0.077,3711000000.0,3379000000.0,3591000000.0,1.44,1.43,1.44,-3889000000.0,-4377500000.0,-3889000000.0,25989588632.0,8.0,7.003,2825000000.0,1.633,1.0,8998000000.0,0.187,5622000000.0,-212000000.0,5082000000.0,5254500000.0,4484000000.0,0.0,0.0,0.0,32876000000.0,18808000000.0,14068000000.0,24790588632.0,-11145000000.0,468000000.0,-1129000000.0,-2087000000.0,-858000000.0,-14445000000.0,48000000.0,7000000.0,3252000000.0,0.0,2496000000.0,2496000000.0,2496000000.0,170000000.0,0.0,0.052,5449000000.0,3549000000.0,11103000000.0,0.344,-6.375,9.932,10.062,1736000000.0,0.0,14.49,0.514,0.52,4114000000.0,-3498000000.0,48238000000.0,48238000000.0,1209000000.0,0.093,-0.57,0.643,0.07,182000000.0,3833000000.0,1.0,1710875682.0,1730000000.0,1743000000.0,27.883,23365000000.0,0.0,1095000000.0,231000000.0,13.506,-340000000.0
20,HPQ,MRT,2016-06-30,2016-07-31,2016-07-31,2021-09-07,-947000000.0,27224000000.0,46286500000.0,17402000000.0,9822000000.0,1.037,-2.295,-1134000000.0,5636000000.0,5636000000.0,38919000000.0,3327000000.0,0.961,-7.934,6835000000.0,75000000.0,6760000000.0,6835000000.0,877000000.0,1256000000.0,0.0,0.039,0.548,3343000000.0,4599000000.0,0.096,4599000000.0,3343000000.0,3109000000.0,1.89,1.87,1.89,-3926000000.0,3536750000.0,-3926000000.0,26101597780.0,8.0,5.675,4559000000.0,2.665,1.0,9073000000.0,0.189,5618000000.0,234000000.0,4691000000.0,19058500000.0,3961000000.0,0.0,0.0,0.0,31150000000.0,18114000000.0,13036000000.0,23965597780.0,-11535000000.0,223000000.0,-1754000000.0,-3101000000.0,-983000000.0,-16305000000.0,-923000000.0,-12000000.0,5693000000.0,0.0,3327000000.0,3327000000.0,3327000000.0,341000000.0,0.0,0.069,5389000000.0,3684000000.0,10402000000.0,0.29,-6.104,7.203,7.413,1607000000.0,0.0,14.01,0.499,0.499,4008000000.0,-3982000000.0,47992000000.0,47992000000.0,1173000000.0,0.072,0.941,0.175,0.07,497000000.0,3969000000.0,1.0,1710606551.0,1711000000.0,1725000000.0,28.049,21606000000.0,0.0,-218000000.0,162000000.0,12.628,-712000000.0
21,HPQ,MRT,2016-03-31,2016-04-30,2016-04-30,2021-09-07,-4504000000.0,25523000000.0,66238750000.0,15385000000.0,10138000000.0,0.732,-2.783,-1870000000.0,4636000000.0,4636000000.0,39235000000.0,3398000000.0,0.912,-6.333,6772000000.0,64000000.0,6708000000.0,6772000000.0,885000000.0,2194000000.0,0.0,0.049,0.6,3447000000.0,5641000000.0,0.116,5641000000.0,3447000000.0,3159000000.0,1.9,1.89,1.9,-4786000000.0,11277000000.0,-4786000000.0,24356206131.0,7.0,4.318,4425000000.0,2.573,1.0,9227000000.0,0.19,5672000000.0,288000000.0,5125000000.0,25650000000.0,3547000000.0,0.0,0.0,0.0,30309000000.0,16862000000.0,13447000000.0,21312206131.0,-10132000000.0,-2198000000.0,-1997000000.0,1300000000.0,-1089000000.0,-12277000000.0,-4150000000.0,-82000000.0,6295000000.0,0.0,3398000000.0,3398000000.0,3398000000.0,127000000.0,0.0,0.07,5653000000.0,3574000000.0,9099000000.0,0.316,-4.453,6.272,6.458,1572000000.0,0.0,12.27,0.44,0.435,3884000000.0,-1266000000.0,48462000000.0,48462000000.0,1175000000.0,0.051,0.301,0.134,0.071,612000000.0,4308000000.0,1.0,1736936115.0,1720000000.0,1731000000.0,28.176,19851000000.0,0.0,-239000000.0,136000000.0,11.541,-1477000000.0
22,HPQ,MRT,2015-12-31,2016-01-31,2016-01-31,2021-09-07,-1122000000.0,25517000000.0,85207000000.0,15155000000.0,10362000000.0,0.585,-2.764,-2482000000.0,3688000000.0,3688000000.0,40312000000.0,3780000000.0,0.904,-6.198,6732000000.0,49000000.0,6683000000.0,6732000000.0,863000000.0,3112000000.0,0.0,0.065,0.636,3912000000.0,7024000000.0,0.141,7024000000.0,3912000000.0,3551000000.0,2.09,2.08,2.09,-4909000000.0,19165500000.0,-4909000000.0,24630847634.0,6.0,3.507,3698000000.0,2.082,1.0,9539000000.0,0.191,5680000000.0,361000000.0,6120000000.0,32257000000.0,4052000000.0,0.0,0.0,0.0,30426000000.0,16761000000.0,13665000000.0,17398847634.0,-9231000000.0,-2397000000.0,-2313000000.0,3375000000.0,-1167000000.0,-10604000000.0,-4807000000.0,72000000.0,6180000000.0,0.0,3780000000.0,3780000000.0,3780000000.0,-182000000.0,0.0,0.076,5809000000.0,3730000000.0,9041000000.0,0.304,-3.544,4.603,4.646,1529000000.0,0.0,9.71,0.349,0.346,4114000000.0,-5026000000.0,49851000000.0,49851000000.0,1179000000.0,0.044,0.197,0.121,0.078,692000000.0,4534000000.0,1.0,1791848366.0,1776000000.0,1785000000.0,28.069,19837000000.0,0.0,-229000000.0,182000000.0,11.169,-1606000000.0
23,HPQ,MRT,2015-09-30,2015-10-31,2015-10-31,2021-09-07,-6302000000.0,106882000000.0,104043000000.0,51787000000.0,55095000000.0,0.495,15.308,-3179000000.0,7584000000.0,7584000000.0,41524000000.0,4554000000.0,1.227,2.835,8871000000.0,2194000000.0,6677000000.0,8871000000.0,1051000000.0,4061000000.0,0.0,0.025,0.672,4756000000.0,8817000000.0,0.171,8817000000.0,4756000000.0,4368000000.0,2.51,2.48,2.51,27768000000.0,27019500000.0,27768000000.0,56811140392.0,12.0,6.443,3847000000.0,2.121,1.0,9939000000.0,0.193,5680000000.0,388000000.0,60298000000.0,38592000000.0,4288000000.0,0.0,0.0,0.0,78731000000.0,42191000000.0,36540000000.0,48480140392.0,2300000000.0,-2398000000.0,-2903000000.0,4965000000.0,-1250000000.0,808000000.0,-5534000000.0,43000000.0,7026000000.0,0.0,4554000000.0,4554000000.0,4554000000.0,-836000000.0,0.0,0.088,6019000000.0,3920000000.0,10194000000.0,0.268,1.746,10.646,10.741,1492000000.0,0.0,26.96,0.942,0.95,4825000000.0,32089000000.0,51463000000.0,51463000000.0,1191000000.0,0.044,0.169,0.123,0.092,709000000.0,4719000000.0,1.0,1798224792.0,1814000000.0,1836000000.0,28.37,101202000000.0,0.0,-186000000.0,243000000.0,55.789,9596000000.0
24,HPQ,MRT,2015-06-30,2015-07-31,2015-07-31,2021-09-07,-5848000000.0,107033000000.0,103124000000.0,51998000000.0,55035000000.0,0.124,14.978,-3147000000.0,17171000000.0,17171000000.0,13641000000.0,4561000000.0,1.06,2.944,25502000000.0,11034000000.0,14468000000.0,25502000000.0,6277000000.0,4129000000.0,0.0,0.021,0.656,5218000000.0,9347000000.0,0.73,9347000000.0,5218000000.0,5018000000.0,2.49,2.44,2.49,27035000000.0,26760250000.0,27035000000.0,61421786594.0,12.0,6.571,3435000000.0,1.903,1.0,-841000000.0,-0.066,35274000000.0,200000000.0,31057000000.0,31166500000.0,6700000000.0,11537000000.0,2804000000.0,8733000000.0,79590000000.0,49033000000.0,30557000000.0,55131786594.0,2697000000.0,-2484000000.0,-2975000000.0,5732000000.0,-1222000000.0,1636000000.0,-5521000000.0,110000000.0,6582000000.0,0.0,4561000000.0,4561000000.0,4561000000.0,-3117000000.0,0.0,0.356,-2942000000.0,2101000000.0,15549000000.0,0.263,2.039,12.088,12.257,11028000000.0,0.0,30.52,4.307,4.304,12753000000.0,30764000000.0,12800000000.0,12800000000.0,-364000000.0,0.044,0.17,0.167,0.408,471000000.0,-1120000000.0,1.0,1806415026.0,1805000000.0,1828000000.0,7.091,71759000000.0,0.0,457000000.0,629000000.0,39.756,2965000000.0
25,HPQ,MRT,2015-03-31,2015-04-30,2015-04-30,2021-09-07,-6002000000.0,101396000000.0,102158250000.0,48883000000.0,52513000000.0,0.274,14.756,-3258000000.0,14768000000.0,14768000000.0,24579000000.0,4692000000.0,1.132,2.773,21058000000.0,5594000000.0,15464000000.0,21058000000.0,6055000000.0,4161000000.0,0.0,0.019,0.64,5515000000.0,9676000000.0,0.345,9676000000.0,5515000000.0,5260000000.0,2.55,2.49,2.55,26768000000.0,27128750000.0,26768000000.0,66066911328.0,12.0,6.828,5298000000.0,2.921,1.0,3444000000.0,0.123,32947000000.0,255000000.0,31553000000.0,31548500000.0,6227000000.0,11394000000.0,2842000000.0,8552000000.0,74227000000.0,43186000000.0,31041000000.0,59924911328.0,-328000000.0,-162000000.0,-3173000000.0,-1414000000.0,-1203000000.0,-5647000000.0,-3237000000.0,183000000.0,8556000000.0,0.0,4692000000.0,4692000000.0,4692000000.0,-2963000000.0,0.0,0.167,892000000.0,2552000000.0,14923000000.0,0.251,2.239,12.772,12.929,11014000000.0,0.0,32.97,2.138,2.134,12320000000.0,30565000000.0,28023000000.0,28023000000.0,223000000.0,0.046,0.173,0.175,0.197,433000000.0,1210000000.0,1.0,1817558730.0,1814000000.0,1836000000.0,15.448,68449000000.0,0.0,568000000.0,1144000000.0,37.734,5697000000.0
26,HPQ,MRT,2014-12-31,2015-01-31,2015-01-31,2021-09-07,-5675000000.0,100861000000.0,102802250000.0,48198000000.0,52663000000.0,0.412,14.461,-3280000000.0,12919000000.0,12919000000.0,34868000000.0,4954000000.0,1.133,2.79,19061000000.0,3509000000.0,15552000000.0,19061000000.0,6241000000.0,4245000000.0,0.0,0.017,0.625,6062000000.0,10307000000.0,0.243,10307000000.0,6062000000.0,5711000000.0,2.66,2.6,2.66,26507000000.0,27483000000.0,26507000000.0,70657382407.0,12.0,6.855,6807000000.0,3.714,1.0,7487000000.0,0.177,33014000000.0,351000000.0,31460000000.0,32281750000.0,6575000000.0,11526000000.0,2907000000.0,8619000000.0,73957000000.0,42529000000.0,31428000000.0,66265382407.0,-3246000000.0,-44000000.0,-3339000000.0,-5511000000.0,-1210000000.0,-9920000000.0,-3413000000.0,-89000000.0,10087000000.0,0.0,4954000000.0,4954000000.0,4954000000.0,-2685000000.0,0.0,0.117,4110000000.0,3377000000.0,14873000000.0,0.235,2.5,13.376,13.583,11030000000.0,0.0,36.13,1.565,1.564,12295000000.0,29626000000.0,42355000000.0,42355000000.0,791000000.0,0.048,0.18,0.188,0.143,437000000.0,3373000000.0,1.0,1834081993.0,1833000000.0,1861000000.0,23.107,67847000000.0,0.0,757000000.0,1565000000.0,37.014,5669000000.0
27,HPQ,MRT,2014-09-30,2014-10-31,2014-10-31,2021-09-07,-5881000000.0,103206000000.0,103843250000.0,50145000000.0,53061000000.0,0.546,14.204,-3010000000.0,15133000000.0,15133000000.0,45431000000.0,5013000000.0,1.147,2.846,19525000000.0,3486000000.0,16039000000.0,19525000000.0,6143000000.0,4334000000.0,0.0,0.017,0.61,6345000000.0,10679000000.0,0.189,10679000000.0,6345000000.0,5952000000.0,2.66,2.62,2.66,26731000000.0,27794750000.0,26731000000.0,72320958589.0,11.0,6.772,9323000000.0,4.954,1.0,11220000000.0,0.198,33267000000.0,393000000.0,30596000000.0,33389250000.0,6415000000.0,11400000000.0,2946000000.0,8454000000.0,76079000000.0,43735000000.0,32344000000.0,66961958589.0,2970000000.0,-43000000.0,-2431000000.0,-3014000000.0,-1184000000.0,-6571000000.0,-2792000000.0,261000000.0,12333000000.0,0.0,5013000000.0,5013000000.0,5013000000.0,-2089000000.0,0.0,0.088,6964000000.0,4256000000.0,15903000000.0,0.229,2.505,13.358,13.489,11340000000.0,0.0,35.88,1.182,1.192,13832000000.0,29164000000.0,56651000000.0,56651000000.0,1298000000.0,0.048,0.18,0.19,0.112,502000000.0,5361000000.0,1.0,1866275323.0,1882000000.0,1912000000.0,30.101,69939000000.0,0.0,939000000.0,1017000000.0,37.162,6410000000.0
28,HPQ,MRT,2014-06-30,2014-07-31,2014-07-31,2021-09-07,-3610000000.0,103170000000.0,104460750000.0,49287000000.0,53883000000.0,1.074,15.245,-2968000000.0,14474000000.0,14474000000.0,85851000000.0,5097000000.0,1.16,2.605,19833000000.0,2705000000.0,17128000000.0,19833000000.0,6434000000.0,4379000000.0,0.0,0.017,0.596,7200000000.0,11579000000.0,0.103,11579000000.0,7200000000.0,6615000000.0,2.68,2.65,2.68,28509000000.0,27929250000.0,28509000000.0,74128827378.0,10.0,6.402,9480000000.0,5.07,1.0,26328000000.0,0.235,33468000000.0,585000000.0,32585000000.0,34811750000.0,6249000000.0,12111000000.0,3130000000.0,8981000000.0,74268000000.0,42476000000.0,31792000000.0,66638827378.0,1223000000.0,-20000000.0,-2205000000.0,-4969000000.0,-1159000000.0,-8283000000.0,-2942000000.0,46000000.0,12448000000.0,0.0,5097000000.0,5097000000.0,5097000000.0,0.0,0.0,0.045,19128000000.0,7200000000.0,15141000000.0,0.222,2.337,13.074,13.287,11434000000.0,0.0,35.61,0.594,0.594,14198000000.0,27984000000.0,112179000000.0,112179000000.0,3300000000.0,0.049,0.182,0.207,0.064,484000000.0,13340000000.0,1.0,1871351513.0,1870000000.0,1899000000.0,59.989,69702000000.0,0.0,1518000000.0,1228000000.0,37.274,6811000000.0
29,HPQ,MRT,2014-03-31,2014-04-30,2014-04-30,2021-09-07,-3829000000.0,103972000000.0,105118250000.0,49883000000.0,54089000000.0,1.064,14.913,-2687000000.0,15096000000.0,15096000000.0,85736000000.0,5502000000.0,1.153,2.675,22586000000.0,5396000000.0,17190000000.0,22586000000.0,6416000000.0,4482000000.0,0.0,0.018,0.581,7597000000.0,12079000000.0,0.108,12079000000.0,7597000000.0,7011000000.0,2.87,2.84,2.87,28185000000.0,26952750000.0,28185000000.0,71079694177.0,9.0,5.885,8788000000.0,4.65,1.0,26084000000.0,0.233,33696000000.0,586000000.0,34486000000.0,35836500000.0,5840000000.0,12155000000.0,3112000000.0,9043000000.0,75390000000.0,43280000000.0,32110000000.0,62652694177.0,1856000000.0,-20000000.0,-1671000000.0,-4044000000.0,-1140000000.0,-6820000000.0,-2799000000.0,-92000000.0,11475000000.0,0.0,5502000000.0,5502000000.0,5502000000.0,0.0,0.0,0.049,18487000000.0,7597000000.0,13521000000.0,0.202,2.223,11.387,11.519,11350000000.0,0.0,33.06,0.56,0.559,14288000000.0,27658000000.0,111820000000.0,111820000000.0,3210000000.0,0.052,0.204,0.212,0.068,474000000.0,13226000000.0,1.0,1895120816.0,1890000000.0,1916000000.0,59.164,70276000000.0,0.0,1509000000.0,1263000000.0,37.183,6603000000.0
30,HPQ,MRT,2013-12-31,2014-01-31,2014-01-31,2021-09-07,-3667000000.0,105025000000.0,105688750000.0,50684000000.0,54341000000.0,1.061,14.554,-2587000000.0,16165000000.0,16165000000.0,86087000000.0,5306000000.0,1.162,2.77,24592000000.0,6621000000.0,17971000000.0,24592000000.0,6754000000.0,4565000000.0,0.0,0.02,0.568,7376000000.0,11941000000.0,0.107,11941000000.0,7376000000.0,6771000000.0,2.76,2.73,2.76,27754000000.0,25789750000.0,27754000000.0,65778534392.0,9.0,5.509,9449000000.0,4.955,1.0,26006000000.0,0.232,33951000000.0,605000000.0,35890000000.0,37251250000.0,6004000000.0,12185000000.0,3054000000.0,9131000000.0,76876000000.0,43611000000.0,33265000000.0,55354534392.0,3576000000.0,-167000000.0,-1528000000.0,-3460000000.0,-1125000000.0,-6084000000.0,-2376000000.0,378000000.0,12036000000.0,0.0,5306000000.0,5306000000.0,5306000000.0,0.0,0.0,0.047,18630000000.0,7376000000.0,12640000000.0,0.206,1.994,10.432,10.507,11259000000.0,0.0,29.0,0.494,0.493,13492000000.0,26436000000.0,112093000000.0,112093000000.0,3152000000.0,0.05,0.206,0.198,0.066,457000000.0,13177000000.0,1.0,1908777048.0,1907000000.0,1935000000.0,58.78,71074000000.0,0.0,1465000000.0,1224000000.0,37.27,7073000000.0
31,HPQ,MRT,2013-09-30,2013-10-31,2013-10-31,2021-09-07,-3778000000.0,105676000000.0,106107750000.0,50364000000.0,55312000000.0,1.058,14.1,-2546000000.0,12163000000.0,12163000000.0,86380000000.0,5113000000.0,1.106,2.861,22587000000.0,5979000000.0,16608000000.0,22587000000.0,6477000000.0,4611000000.0,0.0,0.023,0.554,7131000000.0,11742000000.0,0.105,11742000000.0,7131000000.0,6510000000.0,2.64,2.62,2.64,27269000000.0,24575000000.0,27269000000.0,58331845689.0,8.0,4.968,9062000000.0,4.686,1.0,25918000000.0,0.231,34293000000.0,621000000.0,36286000000.0,38963500000.0,6046000000.0,12700000000.0,3144000000.0,9556000000.0,78020000000.0,45521000000.0,32499000000.0,46834845689.0,862000000.0,-167000000.0,-1244000000.0,-5596000000.0,-1105000000.0,-7943000000.0,-2803000000.0,-90000000.0,11608000000.0,0.0,5113000000.0,5113000000.0,5113000000.0,0.0,0.0,0.046,18787000000.0,7131000000.0,14019000000.0,0.21,1.718,9.16,9.231,11463000000.0,0.0,24.37,0.417,0.42,15876000000.0,25563000000.0,112298000000.0,112298000000.0,3135000000.0,0.048,0.208,0.183,0.064,498000000.0,13267000000.0,1.0,1921823787.0,1934000000.0,1950000000.0,58.065,71383000000.0,0.0,1397000000.0,1203000000.0,36.91,4843000000.0
32,HPQ,MRT,2013-06-30,2013-07-31,2013-07-31,2021-09-07,-5433000000.0,105800000000.0,106880750000.0,49958000000.0,55842000000.0,1.058,12.754,-2350000000.0,13251000000.0,13251000000.0,86654000000.0,-3155000000.0,1.086,3.285,24748000000.0,7624000000.0,17124000000.0,24748000000.0,6571000000.0,4692000000.0,0.0,0.021,0.541,-1280000000.0,3412000000.0,0.03,3412000000.0,-1280000000.0,-1986000000.0,-1.57,-1.59,-1.57,24603000000.0,23366750000.0,24603000000.0,63076207348.0,-49.0,18.487,10501000000.0,5.444,1.0,26472000000.0,0.234,34601000000.0,706000000.0,36684000000.0,40805250000.0,6540000000.0,9913000000.0,0.0,9913000000.0,80822000000.0,46012000000.0,34810000000.0,49525207348.0,3742000000.0,-167000000.0,-892000000.0,-4668000000.0,-1081000000.0,-6640000000.0,-2469000000.0,48000000.0,12851000000.0,0.0,-3155000000.0,-3155000000.0,-3155000000.0,0.0,0.0,-0.028,27752000000.0,-1280000000.0,13293000000.0,-0.345,2.013,-15.697,-16.357,11328000000.0,0.0,25.68,0.438,0.438,17449000000.0,24149000000.0,113126000000.0,113126000000.0,3315000000.0,-0.03,-0.135,-0.031,-0.011,538000000.0,13143000000.0,1.0,1928551688.0,1929000000.0,1948000000.0,58.645,71199000000.0,0.0,1169000000.0,979000000.0,36.91,3946000000.0
33,HPQ,MRT,2013-03-31,2013-04-30,2013-04-30,2021-09-07,-5522000000.0,106254000000.0,109819750000.0,49571000000.0,56683000000.0,1.052,12.162,-2476000000.0,13240000000.0,13240000000.0,88615000000.0,-13402000000.0,1.11,3.498,26791000000.0,6928000000.0,19863000000.0,26791000000.0,6757000000.0,4840000000.0,0.0,0.026,0.528,-11968000000.0,-7128000000.0,-0.062,-7128000000.0,-11968000000.0,-12752000000.0,-6.78,-6.79,-6.78,23533000000.0,25116250000.0,23533000000.0,55684801350.0,-5.0,-7.812,10547000000.0,5.451,1.0,26954000000.0,0.233,35002000000.0,784000000.0,40145000000.0,43659500000.0,5999000000.0,10205000000.0,0.0,10205000000.0,82322000000.0,44658000000.0,37664000000.0,40046801350.0,4929000000.0,-161000000.0,-1245000000.0,-3155000000.0,-1061000000.0,-5461000000.0,-2633000000.0,4000000.0,13023000000.0,0.0,-13402000000.0,-13402000000.0,-13402000000.0,0.0,0.0,-0.116,38922000000.0,-11968000000.0,12313000000.0,-0.078,1.702,-2.988,-3.038,11476000000.0,0.0,20.6,0.347,0.345,17818000000.0,23319000000.0,115569000000.0,115569000000.0,3372000000.0,-0.122,-0.534,-0.274,-0.104,582000000.0,13235000000.0,1.0,1944019483.0,1935000000.0,1947000000.0,59.726,71252000000.0,0.0,650000000.0,1015000000.0,36.823,4913000000.0
34,HPQ,MRT,2012-12-31,2013-01-31,2013-01-31,2021-09-07,-5672000000.0,106701000000.0,115178500000.0,49552000000.0,57149000000.0,1.03,11.723,-2808000000.0,12589000000.0,12589000000.0,91101000000.0,-12886000000.0,1.116,3.643,28227000000.0,6475000000.0,21752000000.0,28227000000.0,7603000000.0,4955000000.0,0.0,0.031,0.516,-11347000000.0,-6392000000.0,-0.054,-6392000000.0,-11347000000.0,-12181000000.0,-6.54,-6.54,-6.54,22895000000.0,29555000000.0,22895000000.0,49298924322.0,-4.0,-7.713,9132000000.0,4.676,1.0,27579000000.0,0.232,35214000000.0,834000000.0,42739000000.0,46600750000.0,6374000000.0,13565000000.0,3316000000.0,10249000000.0,83411000000.0,44386000000.0,39025000000.0,32163924322.0,4476000000.0,6000000.0,-634000000.0,-2456000000.0,-1029000000.0,-4118000000.0,-3346000000.0,-544000000.0,11940000000.0,0.0,-12886000000.0,-12886000000.0,-12886000000.0,0.0,0.0,-0.109,38926000000.0,-11347000000.0,11660000000.0,-0.079,1.405,-2.496,-2.524,11686000000.0,0.0,16.51,0.271,0.272,14236000000.0,22239000000.0,118680000000.0,118680000000.0,3407000000.0,-0.112,-0.436,-0.243,-0.096,643000000.0,13433000000.0,1.0,1948148051.0,1953000000.0,1956000000.0,60.768,71487000000.0,0.0,705000000.0,851000000.0,36.604,5166000000.0
35,HPQ,MRT,2012-09-30,2012-10-31,2012-10-31,2021-09-07,-5559000000.0,108768000000.0,120152250000.0,50637000000.0,58131000000.0,1.002,11.366,-3089000000.0,11301000000.0,11301000000.0,92385000000.0,-12650000000.0,1.085,3.83,28436000000.0,6647000000.0,21789000000.0,28436000000.0,7494000000.0,5095000000.0,0.0,0.036,0.504,-11057000000.0,-5962000000.0,-0.05,-5962000000.0,-11057000000.0,-11933000000.0,-6.41,-6.41,-6.41,22436000000.0,33621750000.0,22436000000.0,47466333091.0,-4.0,-7.961,7482000000.0,3.79,1.0,27972000000.0,0.232,35584000000.0,876000000.0,43653000000.0,48521500000.0,6317000000.0,13845000000.0,3252000000.0,10593000000.0,85935000000.0,46666000000.0,39269000000.0,27231333091.0,3258000000.0,-54000000.0,-903000000.0,-1954000000.0,-1015000000.0,-3860000000.0,-3453000000.0,-310000000.0,10571000000.0,0.0,-12650000000.0,-12650000000.0,-12650000000.0,0.0,0.0,-0.105,39029000000.0,-11057000000.0,13350000000.0,-0.079,1.214,-2.153,-2.161,11954000000.0,0.0,13.85,0.226,0.227,16407000000.0,21521000000.0,120357000000.0,120357000000.0,3399000000.0,-0.105,-0.376,-0.228,-0.092,623000000.0,13500000000.0,1.0,1966161234.0,1974000000.0,1974000000.0,60.971,73184000000.0,0.0,717000000.0,846000000.0,37.074,3971000000.0
36,HPQ,MRT,2012-06-30,2012-07-31,2012-07-31,2021-09-07,-3276000000.0,117556000000.0,125339500000.0,50237000000.0,67319000000.0,0.978,16.033,-3680000000.0,9509000000.0,9509000000.0,94978000000.0,-5557000000.0,1.118,2.707,29744000000.0,5681000000.0,24063000000.0,29744000000.0,7598000000.0,5156000000.0,0.0,0.027,0.492,-3774000000.0,1382000000.0,0.011,1382000000.0,-3774000000.0,-4863000000.0,-2.78,-2.8,-2.78,31601000000.0,37669000000.0,31601000000.0,57732226442.0,-15.0,41.774,5232000000.0,2.654,1.0,27542000000.0,0.225,44771000000.0,1089000000.0,48101000000.0,49162500000.0,7292000000.0,13595000000.0,3116000000.0,10479000000.0,85546000000.0,44919000000.0,40627000000.0,35966226442.0,-3444000000.0,-10265000000.0,-1234000000.0,4166000000.0,-994000000.0,1953000000.0,-14309000000.0,-364000000.0,8912000000.0,0.0,-5557000000.0,-5557000000.0,-5557000000.0,0.0,0.0,-0.045,31316000000.0,-3774000000.0,12554000000.0,-0.177,1.138,-6.472,-6.561,12069000000.0,0.0,18.24,0.294,0.293,15686000000.0,28379000000.0,122520000000.0,122520000000.0,3319000000.0,-0.044,-0.148,-0.077,-0.031,689000000.0,13878000000.0,1.0,1971832590.0,1971000000.0,1971000000.0,62.161,72785000000.0,0.0,694000000.0,712000000.0,36.928,5318000000.0
37,HPQ,MRT,2012-03-31,2012-04-30,2012-04-30,2021-09-07,-3066000000.0,127689000000.0,127179750000.0,49689000000.0,78000000000.0,0.975,20.863,-3886000000.0,8311000000.0,8311000000.0,96059000000.0,5226000000.0,1.161,2.083,30077000000.0,4252000000.0,25825000000.0,30077000000.0,7582000000.0,5075000000.0,0.0,0.019,0.48,7579000000.0,12654000000.0,0.102,12654000000.0,7579000000.0,6593000000.0,2.65,2.62,2.65,41288000000.0,39474500000.0,41288000000.0,71746008694.0,9.0,5.67,5387000000.0,2.722,1.0,27981000000.0,0.226,54746000000.0,986000000.0,51910000000.0,47942500000.0,7306000000.0,14157000000.0,3139000000.0,11018000000.0,85992000000.0,42799000000.0,43193000000.0,48959008694.0,-4427000000.0,-10205000000.0,-5515000000.0,7171000000.0,-982000000.0,695000000.0,-14395000000.0,-304000000.0,9273000000.0,0.0,5226000000.0,5226000000.0,5226000000.0,0.0,0.0,0.042,20402000000.0,7579000000.0,12900000000.0,0.181,1.186,9.368,9.343,12236000000.0,0.0,24.76,0.395,0.395,16609000000.0,37758000000.0,124040000000.0,124040000000.0,3277000000.0,0.041,0.132,0.158,0.061,681000000.0,13942000000.0,1.0,1977342839.0,1979000000.0,1987000000.0,62.678,72943000000.0,0.0,1367000000.0,871000000.0,36.859,6890000000.0
38,HPQ,MRT,2011-12-31,2012-01-31,2012-01-31,2021-09-07,-3507000000.0,126596000000.0,126539250000.0,48749000000.0,77847000000.0,0.988,19.769,-3944000000.0,8113000000.0,8113000000.0,96350000000.0,5937000000.0,1.101,2.222,30900000000.0,5438000000.0,25462000000.0,30900000000.0,7530000000.0,5032000000.0,0.0,0.016,0.44,8325000000.0,13357000000.0,0.107,13357000000.0,8325000000.0,7506000000.0,2.92,2.87,2.92,39162000000.0,39508250000.0,39162000000.0,78104257246.0,9.0,5.847,6818000000.0,3.442,1.0,28629000000.0,0.229,54668000000.0,819000000.0,50422000000.0,44488750000.0,7271000000.0,14180000000.0,3123000000.0,11057000000.0,87024000000.0,44293000000.0,42731000000.0,55513257246.0,-1821000000.0,-10437000000.0,-7828000000.0,10395000000.0,-913000000.0,1764000000.0,-14347000000.0,34000000.0,10762000000.0,0.0,5937000000.0,5937000000.0,5937000000.0,0.0,0.0,0.048,20304000000.0,8325000000.0,12375000000.0,0.151,1.418,9.35,9.582,12122000000.0,0.0,27.98,0.444,0.444,15892000000.0,36183000000.0,124979000000.0,124979000000.0,3242000000.0,0.047,0.15,0.187,0.067,570000000.0,13827000000.0,1.0,1984033497.0,1981000000.0,1998000000.0,63.089,71928000000.0,0.0,1569000000.0,929000000.0,36.309,4456000000.0
39,HPQ,MRT,2011-09-30,2011-10-31,2011-10-31,2021-09-07,-3498000000.0,129517000000.0,124873500000.0,51021000000.0,78496000000.0,1.019,18.446,-3540000000.0,8043000000.0,8043000000.0,97418000000.0,7074000000.0,1.011,2.343,30634000000.0,8083000000.0,22551000000.0,30634000000.0,7449000000.0,4984000000.0,0.0,0.015,0.4,9677000000.0,14661000000.0,0.115,14661000000.0,9677000000.0,8982000000.0,3.38,3.32,3.38,38625000000.0,40019250000.0,38625000000.0,65616196819.0,7.0,4.476,9099000000.0,4.345,1.0,29827000000.0,0.234,55449000000.0,695000000.0,46217000000.0,42097000000.0,7490000000.0,13917000000.0,3162000000.0,10755000000.0,90513000000.0,50442000000.0,40071000000.0,52873196819.0,-2886000000.0,-10391000000.0,-9221000000.0,8336000000.0,-844000000.0,-1566000000.0,-13959000000.0,-28000000.0,12639000000.0,0.0,7074000000.0,7074000000.0,7074000000.0,0.0,0.0,0.056,20150000000.0,9677000000.0,14750000000.0,0.118,1.369,7.474,7.873,12292000000.0,0.0,26.61,0.416,0.438,18224000000.0,35266000000.0,127245000000.0,127245000000.0,3254000000.0,0.057,0.177,0.23,0.076,522000000.0,13577000000.0,1.0,1986967186.0,2094000000.0,2128000000.0,60.766,74068000000.0,0.0,1908000000.0,1048000000.0,35.372,579000000.0
40,HPQ,MRT,2011-06-30,2011-07-31,2011-07-31,2021-09-07,-3274000000.0,124917000000.0,123620000000.0,56279000000.0,68638000000.0,1.039,18.901,-3355000000.0,12953000000.0,12953000000.0,97005000000.0,9373000000.0,1.15,2.207,25696000000.0,6666000000.0,19030000000.0,25696000000.0,7390000000.0,4986000000.0,0.0,0.01,0.36,12177000000.0,17163000000.0,0.134,17163000000.0,12177000000.0,11802000000.0,4.32,4.24,4.32,38823000000.0,40475250000.0,38823000000.0,83128057305.0,7.0,4.843,10035000000.0,4.886,1.0,31396000000.0,0.245,45501000000.0,375000000.0,43221000000.0,40578750000.0,7427000000.0,14345000000.0,3167000000.0,11178000000.0,85699000000.0,48938000000.0,36761000000.0,72948057305.0,-1765000000.0,-4265000000.0,-12625000000.0,5644000000.0,-786000000.0,-7596000000.0,-7559000000.0,61000000.0,13390000000.0,0.0,9373000000.0,9373000000.0,9373000000.0,0.0,0.0,0.073,19219000000.0,12177000000.0,14489000000.0,0.083,1.879,7.783,8.141,11959000000.0,0.0,35.17,0.568,0.563,18121000000.0,35099000000.0,128401000000.0,128401000000.0,3239000000.0,0.076,0.232,0.3,0.095,425000000.0,13540000000.0,1.0,2074155738.0,2054000000.0,2080000000.0,62.513,79416000000.0,0.0,2429000000.0,788000000.0,38.664,7341000000.0
41,HPQ,MRT,2011-03-31,2011-04-30,2011-04-30,2021-09-07,-3592000000.0,125127000000.0,122395000000.0,56075000000.0,69052000000.0,1.045,19.267,-3421000000.0,12738000000.0,12738000000.0,96469000000.0,9220000000.0,1.092,2.012,22918000000.0,8406000000.0,14512000000.0,22918000000.0,7397000000.0,4971000000.0,0.0,0.008,0.32,11980000000.0,16951000000.0,0.132,16951000000.0,11980000000.0,11592000000.0,4.14,4.06,4.14,41423000000.0,41403250000.0,41423000000.0,97826897417.0,8.0,5.771,10035000000.0,4.667,1.0,31472000000.0,0.246,45842000000.0,388000000.0,38095000000.0,38164250000.0,6778000000.0,14499000000.0,3179000000.0,11320000000.0,83332000000.0,51370000000.0,31962000000.0,87357897417.0,-1393000000.0,-5711000000.0,-10382000000.0,5092000000.0,-743000000.0,-5848000000.0,-9001000000.0,131000000.0,13456000000.0,0.0,9220000000.0,9220000000.0,9220000000.0,0.0,0.0,0.072,19492000000.0,11980000000.0,14222000000.0,0.077,2.109,9.475,9.751,11890000000.0,0.0,40.37,0.683,0.678,18621000000.0,35152000000.0,127941000000.0,127941000000.0,3169000000.0,0.075,0.223,0.314,0.094,429000000.0,13301000000.0,1.0,2163931073.0,2150000000.0,2184000000.0,59.507,79285000000.0,0.0,2372000000.0,848000000.0,36.877,4705000000.0
42,HPQ,MRT,2010-12-31,2011-01-31,2011-01-31,2021-09-07,-3698000000.0,119933000000.0,120111750000.0,51404000000.0,68529000000.0,1.059,18.885,-3205000000.0,9934000000.0,9934000000.0,96206000000.0,9116000000.0,1.179,1.902,20403000000.0,3381000000.0,17022000000.0,20403000000.0,6927000000.0,4913000000.0,0.0,0.007,0.32,11870000000.0,16783000000.0,0.132,16783000000.0,11870000000.0,11467000000.0,4.01,3.92,4.01,41206000000.0,41925250000.0,41206000000.0,111455546121.0,9.0,6.641,9380000000.0,4.299,1.0,30952000000.0,0.243,45937000000.0,403000000.0,40855000000.0,37621250000.0,6747000000.0,13999000000.0,2982000000.0,11017000000.0,78386000000.0,43610000000.0,34776000000.0,100080546121.0,-3613000000.0,-7998000000.0,-8891000000.0,4231000000.0,-757000000.0,-5187000000.0,-11011000000.0,192000000.0,12585000000.0,0.0,9116000000.0,9116000000.0,9116000000.0,0.0,0.0,0.072,19082000000.0,11870000000.0,13453000000.0,0.08,2.429,10.979,11.394,11575000000.0,0.0,45.69,0.787,0.784,16552000000.0,34005000000.0,127158000000.0,127158000000.0,3076000000.0,0.076,0.217,0.316,0.093,437000000.0,12972000000.0,1.0,2190425610.0,2182000000.0,2226000000.0,58.276,73996000000.0,0.0,2351000000.0,789000000.0,33.912,7794000000.0
43,HPQ,MRT,2010-09-30,2010-10-31,2010-10-31,2021-09-07,-3837000000.0,124503000000.0,118533000000.0,54184000000.0,70319000000.0,1.063,17.442,-3531000000.0,10929000000.0,10929000000.0,95852000000.0,8761000000.0,1.097,2.07,22304000000.0,7046000000.0,15258000000.0,22304000000.0,6727000000.0,4820000000.0,0.0,0.008,0.32,11479000000.0,16299000000.0,0.129,16299000000.0,11479000000.0,10974000000.0,3.78,3.69,3.78,40449000000.0,42030750000.0,40449000000.0,100663901973.0,9.0,6.176,8391000000.0,3.618,1.0,30181000000.0,0.239,46331000000.0,505000000.0,40144000000.0,36341250000.0,6466000000.0,15211000000.0,2986000000.0,12225000000.0,83722000000.0,49403000000.0,34319000000.0,95335901973.0,-2350000000.0,-7977000000.0,-8425000000.0,5989000000.0,-771000000.0,-2913000000.0,-11359000000.0,149000000.0,11922000000.0,0.0,8761000000.0,8761000000.0,8761000000.0,0.0,0.0,0.07,18702000000.0,11479000000.0,14365000000.0,0.085,2.357,10.882,11.122,11763000000.0,0.0,42.04,0.756,0.774,18481000000.0,32695000000.0,126033000000.0,126033000000.0,2959000000.0,0.074,0.208,0.316,0.091,374000000.0,12822000000.0,1.0,2267742673.0,2319000000.0,2372000000.0,54.348,78172000000.0,0.0,2213000000.0,802000000.0,33.709,4781000000.0
44,HPQ,MRT,2010-06-30,2010-07-31,2010-07-31,2021-09-07,-2940000000.0,120017000000.0,116107000000.0,54365000000.0,65652000000.0,1.064,18.318,-3400000000.0,14718000000.0,14718000000.0,94401000000.0,8635000000.0,1.103,1.815,20046000000.0,7842000000.0,12204000000.0,20046000000.0,6583000000.0,4790000000.0,0.0,0.007,0.32,11317000000.0,16107000000.0,0.13,16107000000.0,11317000000.0,10761000000.0,3.67,3.58,3.67,42535000000.0,42047750000.0,42535000000.0,111011204311.0,10.0,6.892,8804000000.0,3.792,1.0,29131000000.0,0.236,42494000000.0,556000000.0,33563000000.0,34964750000.0,7206000000.0,14485000000.0,2804000000.0,11681000000.0,77182000000.0,49288000000.0,27894000000.0,107480204311.0,1197000000.0,-3935000000.0,-5773000000.0,2343000000.0,-780000000.0,-3832000000.0,-7175000000.0,160000000.0,12204000000.0,0.0,8635000000.0,8635000000.0,8635000000.0,0.0,0.0,0.07,17814000000.0,11317000000.0,14885000000.0,0.087,2.527,12.447,12.545,11477000000.0,0.0,46.04,0.87,0.865,15621000000.0,31784000000.0,123532000000.0,123532000000.0,2843000000.0,0.074,0.205,0.324,0.092,303000000.0,12255000000.0,1.0,2334496184.0,2322000000.0,2376000000.0,53.201,77523000000.0,0.0,2126000000.0,947000000.0,33.386,5077000000.0
45,HPQ,MRT,2010-03-31,2010-04-30,2010-04-30,2021-09-07,-2756000000.0,115994000000.0,113870750000.0,51695000000.0,64299000000.0,1.057,18.555,-3295000000.0,14131000000.0,14131000000.0,92067000000.0,8533000000.0,1.223,1.659,17662000000.0,3934000000.0,13728000000.0,17662000000.0,6526000000.0,4759000000.0,0.0,0.006,0.32,11207000000.0,15966000000.0,0.133,15966000000.0,11207000000.0,10608000000.0,3.61,3.52,3.61,43511000000.0,41797750000.0,43511000000.0,124198485549.0,11.0,7.779,9492000000.0,4.048,1.0,28321000000.0,0.235,41331000000.0,599000000.0,35923000000.0,34759500000.0,6436000000.0,14560000000.0,2834000000.0,11726000000.0,72182000000.0,42271000000.0,29911000000.0,121874485549.0,1280000000.0,-2555000000.0,-4002000000.0,-1324000000.0,-766000000.0,-5695000000.0,-5812000000.0,38000000.0,12787000000.0,0.0,8533000000.0,8533000000.0,8533000000.0,0.0,0.0,0.071,17114000000.0,11207000000.0,13350000000.0,0.089,2.801,14.283,14.396,11242000000.0,0.0,51.97,1.012,1.012,14753000000.0,31631000000.0,120388000000.0,120388000000.0,2768000000.0,0.075,0.204,0.322,0.093,268000000.0,11938000000.0,1.0,2345093045.0,2345000000.0,2406000000.0,51.338,74663000000.0,0.0,2075000000.0,1043000000.0,31.839,9424000000.0
46,HPQ,MRT,2009-12-31,2010-01-31,2010-01-31,2021-09-07,-2944000000.0,113618000000.0,112001000000.0,51697000000.0,61921000000.0,1.044,17.654,-3245000000.0,13547000000.0,13547000000.0,89443000000.0,8054000000.0,1.265,1.723,15871000000.0,1862000000.0,14009000000.0,15871000000.0,6412000000.0,4728000000.0,0.0,0.007,0.32,10642000000.0,15370000000.0,0.131,15370000000.0,10642000000.0,9954000000.0,3.39,3.32,3.39,41628000000.0,41055500000.0,41628000000.0,113832430970.0,11.0,7.406,11415000000.0,4.841,1.0,27479000000.0,0.235,39334000000.0,688000000.0,35735000000.0,33941000000.0,6630000000.0,14248000000.0,2825000000.0,11423000000.0,71727000000.0,40873000000.0,30854000000.0,111281430970.0,2358000000.0,-39000000.0,-3758000000.0,-4731000000.0,-762000000.0,-8974000000.0,-3328000000.0,-44000000.0,14660000000.0,0.0,8054000000.0,8054000000.0,8054000000.0,0.0,0.0,0.069,16837000000.0,10642000000.0,13557000000.0,0.094,2.673,13.817,13.885,11164000000.0,0.0,47.07,0.952,0.949,14503000000.0,30391000000.0,116922000000.0,116922000000.0,2762000000.0,0.072,0.196,0.314,0.091,379000000.0,11722000000.0,1.0,2364168918.0,2358000000.0,2427000000.0,49.585,74284000000.0,0.0,1900000000.0,983000000.0,31.503,10824000000.0
47,HPQ,MRT,2009-09-30,2009-10-31,2009-10-31,2021-09-07,-3247000000.0,114799000000.0,111005000000.0,52539000000.0,62260000000.0,1.032,16.967,-3200000000.0,13279000000.0,13279000000.0,87489000000.0,7660000000.0,1.222,1.827,15830000000.0,1850000000.0,13980000000.0,15830000000.0,6182000000.0,4780000000.0,0.0,0.007,0.32,10136000000.0,14916000000.0,0.13,14916000000.0,10136000000.0,9415000000.0,3.21,3.14,3.21,40517000000.0,40545250000.0,40517000000.0,116189882487.0,11.0,7.79,10179000000.0,4.263,1.0,27063000000.0,0.236,39709000000.0,721000000.0,34638000000.0,33019250000.0,6128000000.0,14019000000.0,2730000000.0,11289000000.0,74035000000.0,43003000000.0,31032000000.0,112530882487.0,3126000000.0,-391000000.0,-3303000000.0,-2766000000.0,-766000000.0,-6673000000.0,-3580000000.0,11000000.0,13379000000.0,0.0,7660000000.0,7660000000.0,7660000000.0,0.0,0.0,0.067,16927000000.0,10136000000.0,14809000000.0,0.1,2.777,14.691,14.785,11262000000.0,0.0,47.46,0.982,0.989,16537000000.0,29936000000.0,114552000000.0,114552000000.0,2819000000.0,0.069,0.189,0.307,0.088,473000000.0,11648000000.0,1.0,2371067899.0,2388000000.0,2437000000.0,47.97,75090000000.0,0.0,1755000000.0,910000000.0,31.445,9536000000.0
48,HPQ,MRT,2009-06-30,2009-07-31,2009-07-31,2021-09-07,-796000000.0,111072000000.0,110638000000.0,48842000000.0,62230000000.0,1.061,17.437,-3218000000.0,13521000000.0,13521000000.0,89902000000.0,7360000000.0,1.168,1.674,17180000000.0,3288000000.0,13892000000.0,17180000000.0,6458000000.0,4679000000.0,0.0,0.007,0.32,9744000000.0,14423000000.0,0.123,14423000000.0,9744000000.0,9057000000.0,3.05,2.99,3.05,41535000000.0,40151500000.0,41535000000.0,109154165730.0,11.0,7.568,10004000000.0,4.2,1.0,27476000000.0,0.234,40179000000.0,687000000.0,32742000000.0,31308250000.0,5850000000.0,13455000000.0,2598000000.0,10857000000.0,69537000000.0,41810000000.0,27727000000.0,103325165730.0,-1262000000.0,-10118000000.0,-3539000000.0,3042000000.0,-772000000.0,-1122000000.0,-13362000000.0,-26000000.0,13222000000.0,0.0,7360000000.0,7360000000.0,7360000000.0,0.0,0.0,0.063,17732000000.0,9744000000.0,12778000000.0,0.105,2.488,14.039,14.197,11194000000.0,0.0,43.3,0.88,0.879,14735000000.0,28509000000.0,117378000000.0,117378000000.0,2950000000.0,0.067,0.183,0.311,0.083,511000000.0,12153000000.0,1.0,2386262488.0,2382000000.0,2436000000.0,49.277,70893000000.0,0.0,1697000000.0,786000000.0,29.762,7032000000.0
49,HPQ,MRT,2009-03-31,2009-04-30,2009-04-30,2021-09-07,-926000000.0,108515000000.0,106843500000.0,47186000000.0,61329000000.0,1.103,16.935,-2851000000.0,12851000000.0,12851000000.0,90068000000.0,7716000000.0,1.135,1.677,18680000000.0,5702000000.0,12978000000.0,18680000000.0,6342000000.0,4259000000.0,0.0,0.009,0.32,10060000000.0,14319000000.0,0.122,14319000000.0,10060000000.0,9573000000.0,3.17,3.1,3.17,40542000000.0,39391500000.0,40542000000.0,95499136244.0,9.0,6.669,9878000000.0,4.126,1.0,27757000000.0,0.236,40112000000.0,487000000.0,32649000000.0,28835000000.0,5746000000.0,12827000000.0,2417000000.0,10410000000.0,67973000000.0,41583000000.0,26390000000.0,86230136244.0,1260000000.0,-10331000000.0,-4104000000.0,6400000000.0,-778000000.0,1676000000.0,-13145000000.0,37000000.0,12729000000.0,0.0,7716000000.0,7716000000.0,7716000000.0,0.0,0.0,0.065,17697000000.0,10060000000.0,11421000000.0,0.101,2.127,11.175,11.35,10807000000.0,0.0,35.98,0.732,0.731,14666000000.0,27594000000.0,117825000000.0,117825000000.0,3178000000.0,0.072,0.196,0.349,0.085,490000000.0,12472000000.0,1.0,2396613014.0,2394000000.0,2438000000.0,49.217,68403000000.0,0.0,1857000000.0,546000000.0,28.573,5603000000.0
50,HPQ,MRT,2008-12-31,2009-01-31,2009-01-31,2021-09-07,-580000000.0,109634000000.0,102665750000.0,48881000000.0,60753000000.0,1.156,16.426,-2706000000.0,11189000000.0,11189000000.0,90328000000.0,8052000000.0,1.04,1.769,20458000000.0,10199000000.0,10259000000.0,20458000000.0,6591000000.0,3866000000.0,0.0,0.009,0.32,10357000000.0,14223000000.0,0.12,14223000000.0,10357000000.0,10053000000.0,3.28,3.19,3.28,39587000000.0,38794250000.0,39587000000.0,91661996391.0,9.0,6.445,9824000000.0,4.076,1.0,28376000000.0,0.239,39868000000.0,304000000.0,32048000000.0,26906500000.0,7629000000.0,12493000000.0,2382000000.0,10111000000.0,70047000000.0,46987000000.0,23060000000.0,83962996391.0,1286000000.0,-11329000000.0,-5979000000.0,9273000000.0,-783000000.0,2729000000.0,-13973000000.0,62000000.0,12530000000.0,0.0,8052000000.0,8052000000.0,8052000000.0,0.0,0.0,0.068,18019000000.0,10357000000.0,11231000000.0,0.098,2.121,10.428,10.595,10774000000.0,0.0,34.75,0.707,0.706,14769000000.0,26165000000.0,118704000000.0,118704000000.0,3383000000.0,0.078,0.208,0.385,0.087,391000000.0,12923000000.0,1.0,2416201335.0,2410000000.0,2464000000.0,49.255,69766000000.0,0.0,2001000000.0,699000000.0,28.949,1894000000.0
51,HPQ,MRT,2008-09-30,2008-10-31,2008-10-31,2021-09-07,-65000000.0,113331000000.0,97400250000.0,51728000000.0,61603000000.0,1.215,15.683,-2565000000.0,10153000000.0,10153000000.0,89699000000.0,8329000000.0,0.977,1.91,17852000000.0,10176000000.0,7676000000.0,17852000000.0,6287000000.0,3401000000.0,0.0,0.008,0.32,10473000000.0,13874000000.0,0.117,13874000000.0,10473000000.0,10473000000.0,3.35,3.25,3.35,38942000000.0,38383500000.0,38942000000.0,89187690708.0,9.0,6.428,12026000000.0,4.843,1.0,28665000000.0,0.242,40297000000.0,0.0,27794000000.0,24770750000.0,7879000000.0,12875000000.0,2407000000.0,10468000000.0,74389000000.0,52939000000.0,21450000000.0,93751690708.0,-1140000000.0,-11248000000.0,-7810000000.0,6293000000.0,-796000000.0,-2020000000.0,-13711000000.0,102000000.0,14591000000.0,0.0,8329000000.0,8329000000.0,8329000000.0,0.0,0.0,0.07,18192000000.0,10473000000.0,14917000000.0,0.096,2.407,11.256,11.427,10838000000.0,0.0,38.28,0.792,0.803,16928000000.0,24971000000.0,118364000000.0,118364000000.0,3543000000.0,0.086,0.217,0.423,0.088,313000000.0,13326000000.0,1.0,2449103728.0,2483000000.0,2567000000.0,47.67,73034000000.0,0.0,2144000000.0,869000000.0,29.414,-1211000000.0
52,HPQ,MRT,2008-06-30,2008-07-31,2008-07-31,2021-09-07,596000000.0,95894000000.0,91242250000.0,51036000000.0,44858000000.0,1.239,15.655,-2443000000.0,14783000000.0,14783000000.0,84946000000.0,8381000000.0,1.218,1.491,10219000000.0,3591000000.0,6628000000.0,10219000000.0,5664000000.0,2967000000.0,0.0,0.007,0.32,9582000000.0,12549000000.0,0.111,12549000000.0,9582000000.0,10529000000.0,3.31,3.21,3.31,38495000000.0,38279500000.0,38495000000.0,107293358861.0,11.0,8.55,12481000000.0,5.076,1.0,28108000000.0,0.249,26581000000.0,-947000000.0,22849000000.0,22941500000.0,8160000000.0,12964000000.0,2658000000.0,10306000000.0,57399000000.0,41900000000.0,15499000000.0,110485358861.0,2333000000.0,-3378000000.0,-7703000000.0,1484000000.0,-806000000.0,-6671000000.0,-5920000000.0,-99000000.0,14924000000.0,0.0,8381000000.0,8381000000.0,8381000000.0,0.0,0.0,0.074,17744000000.0,10364000000.0,14021000000.0,0.097,2.87,13.183,13.535,7971000000.0,0.0,44.8,0.977,0.974,13754000000.0,23727000000.0,113054000000.0,113054000000.0,3632000000.0,0.092,0.219,0.418,0.085,263000000.0,13296000000.0,1.0,2466191046.0,2459000000.0,2533000000.0,45.976,69313000000.0,0.0,2148000000.0,806000000.0,28.187,9136000000.0
53,HPQ,MRT,2008-03-31,2008-04-30,2008-04-30,2021-09-07,583000000.0,91804000000.0,88554000000.0,47049000000.0,44755000000.0,1.247,15.428,-2418000000.0,11591000000.0,11591000000.0,82913000000.0,8132000000.0,1.267,1.406,8399000000.0,711000000.0,7688000000.0,8399000000.0,5446000000.0,2893000000.0,0.0,0.007,0.32,9509000000.0,12402000000.0,0.112,12402000000.0,9509000000.0,10263000000.0,3.17,3.07,3.17,38153000000.0,37890000000.0,38153000000.0,111674576947.0,12.0,9.005,11010000000.0,4.452,1.0,27486000000.0,0.249,26531000000.0,-754000000.0,24935000000.0,22151500000.0,7678000000.0,12963000000.0,2645000000.0,10318000000.0,53651000000.0,37146000000.0,16505000000.0,114266576947.0,-645000000.0,-3222000000.0,-7916000000.0,-94000000.0,-818000000.0,-8359000000.0,-5714000000.0,-74000000.0,13428000000.0,0.0,8132000000.0,8132000000.0,8132000000.0,0.0,0.0,0.074,17535000000.0,9951000000.0,12425000000.0,0.101,2.995,14.051,14.621,7906000000.0,0.0,46.35,1.035,1.038,13558000000.0,23049000000.0,110399000000.0,110399000000.0,3654000000.0,0.092,0.215,0.429,0.086,152000000.0,13105000000.0,1.0,2465298316.0,2473000000.0,2557000000.0,44.642,65273000000.0,0.0,2131000000.0,798000000.0,26.394,9903000000.0
54,HPQ,MRT,2007-12-31,2008-01-31,2008-01-31,2021-09-07,614000000.0,88572000000.0,86456250000.0,44626000000.0,43946000000.0,1.245,14.822,-2416000000.0,9903000000.0,9903000000.0,80991000000.0,7850000000.0,1.217,1.334,7311000000.0,2212000000.0,5099000000.0,7311000000.0,5314000000.0,2811000000.0,0.0,0.007,0.32,9247000000.0,12058000000.0,0.112,12058000000.0,9247000000.0,9898000000.0,3.01,2.92,3.01,37944000000.0,37473250000.0,37944000000.0,109419536329.0,12.0,9.074,10408000000.0,4.066,1.0,26680000000.0,0.248,25817000000.0,-651000000.0,23505000000.0,20455750000.0,7938000000.0,12959000000.0,2634000000.0,10325000000.0,50628000000.0,36658000000.0,13970000000.0,112529536329.0,-154000000.0,-2593000000.0,-9039000000.0,1286000000.0,-834000000.0,-8118000000.0,-4860000000.0,149000000.0,12824000000.0,0.0,7850000000.0,7850000000.0,7850000000.0,0.0,0.0,0.073,17191000000.0,9489000000.0,11162000000.0,0.106,2.966,14.335,14.525,7804000000.0,0.0,43.72,1.045,1.039,12384000000.0,22132000000.0,107671000000.0,107671000000.0,3655000000.0,0.091,0.209,0.452,0.086,154000000.0,12818000000.0,1.0,2573868626.0,2560000000.0,2655000000.0,42.059,62755000000.0,0.0,2048000000.0,420000000.0,24.514,7968000000.0
55,HPQ,MRT,2007-09-30,2007-10-31,2007-10-31,2021-09-07,559000000.0,88699000000.0,84641750000.0,47402000000.0,41297000000.0,1.232,14.649,-2472000000.0,11293000000.0,11293000000.0,78683000000.0,7264000000.0,1.207,1.302,8183000000.0,3186000000.0,4997000000.0,8183000000.0,5025000000.0,2705000000.0,0.0,0.006,0.32,8719000000.0,11424000000.0,0.11,11424000000.0,8719000000.0,9177000000.0,2.76,2.68,2.76,38526000000.0,37498000000.0,38526000000.0,129396221266.0,15.0,11.327,7143000000.0,2.716,1.0,25603000000.0,0.246,25852000000.0,-458000000.0,20477000000.0,18987000000.0,8033000000.0,10306000000.0,2659000000.0,7647000000.0,50173000000.0,39260000000.0,10913000000.0,133234221266.0,-5107000000.0,-6793000000.0,-7784000000.0,2550000000.0,-846000000.0,-5599000000.0,-9123000000.0,142000000.0,9615000000.0,0.0,7264000000.0,7264000000.0,7264000000.0,0.0,0.0,0.07,16884000000.0,8719000000.0,11787000000.0,0.116,3.458,18.342,18.725,7798000000.0,0.0,51.68,1.278,1.303,13420000000.0,21560000000.0,104286000000.0,104286000000.0,3801000000.0,0.086,0.194,0.459,0.084,148000000.0,12430000000.0,1.0,2578061557.0,2630000000.0,2716000000.0,39.652,62847000000.0,0.0,1913000000.0,1891000000.0,23.896,8142000000.0
56,HPQ,MRT,2007-06-30,2007-07-31,2007-07-31,2021-09-07,79000000.0,85141000000.0,82962250000.0,45361000000.0,39780000000.0,1.212,14.207,-2592000000.0,12450000000.0,12450000000.0,76176000000.0,6797000000.0,1.216,1.305,8612000000.0,3667000000.0,4945000000.0,8612000000.0,4983000000.0,2602000000.0,0.0,0.007,0.32,9189000000.0,11791000000.0,0.117,11791000000.0,9189000000.0,8583000000.0,2.54,2.47,2.54,36937000000.0,37402500000.0,36937000000.0,116648451648.0,13.0,9.893,6658000000.0,2.561,1.0,24372000000.0,0.242,24309000000.0,606000000.0,19689000000.0,17548000000.0,8006000000.0,10508000000.0,2516000000.0,7992000000.0,48204000000.0,37305000000.0,10899000000.0,120547451648.0,-3531000000.0,-4925000000.0,-6648000000.0,1425000000.0,-859000000.0,-5650000000.0,-7131000000.0,386000000.0,9250000000.0,0.0,6797000000.0,6797000000.0,6797000000.0,0.0,0.0,0.068,16384000000.0,7988000000.0,11673000000.0,0.126,3.264,17.735,18.122,7479000000.0,0.0,46.03,1.199,1.19,11845000000.0,20506000000.0,100548000000.0,100548000000.0,3753000000.0,0.082,0.182,0.524,0.091,170000000.0,11840000000.0,1.0,2618888804.0,2600000000.0,2697000000.0,38.672,60832000000.0,0.0,1786000000.0,1816000000.0,23.397,8056000000.0
57,HPQ,MRT,2007-03-31,2007-04-30,2007-04-30,2021-09-07,-26000000.0,83413000000.0,81475000000.0,43874000000.0,39539000000.0,1.191,13.831,-2433000000.0,12236000000.0,12236000000.0,73484000000.0,6394000000.0,1.189,1.286,8337000000.0,4360000000.0,3977000000.0,8337000000.0,4900000000.0,2515000000.0,0.0,0.008,0.32,8692000000.0,11207000000.0,0.115,11207000000.0,8692000000.0,8035000000.0,2.36,2.29,2.36,36486000000.0,37255250000.0,36486000000.0,108503459893.0,12.0,9.682,7579000000.0,2.873,1.0,23577000000.0,0.243,24449000000.0,657000000.0,18152000000.0,16288750000.0,7278000000.0,10357000000.0,2606000000.0,7751000000.0,46927000000.0,36913000000.0,10014000000.0,112785459893.0,-1796000000.0,-4931000000.0,-7072000000.0,2838000000.0,-872000000.0,-4803000000.0,-7005000000.0,359000000.0,10012000000.0,0.0,6394000000.0,6394000000.0,6394000000.0,0.0,0.0,0.066,16195000000.0,7382000000.0,11505000000.0,0.136,3.091,17.639,17.856,7339000000.0,0.0,42.14,1.162,1.145,11577000000.0,20629000000.0,97061000000.0,97061000000.0,3756000000.0,0.078,0.172,0.534,0.09,282000000.0,11668000000.0,1.0,2676446604.0,2638000000.0,2731000000.0,36.793,58964000000.0,0.0,1641000000.0,1744000000.0,22.352,6961000000.0
58,HPQ,MRT,2006-12-31,2007-01-31,2007-01-31,2021-09-07,8000000.0,81314000000.0,79917500000.0,42519000000.0,38795000000.0,1.177,14.064,-2237000000.0,10057000000.0,10057000000.0,71171000000.0,6518000000.0,1.213,1.137,5775000000.0,3337000000.0,2438000000.0,5775000000.0,4750000000.0,2433000000.0,0.0,0.007,0.32,8341000000.0,10774000000.0,0.115,10774000000.0,8341000000.0,7627000000.0,2.37,2.3,2.37,38043000000.0,37397250000.0,38043000000.0,106551576689.0,13.0,9.89,7248000000.0,2.679,1.0,22910000000.0,0.244,24358000000.0,714000000.0,17630000000.0,15570500000.0,8380000000.0,10209000000.0,2817000000.0,7392000000.0,43271000000.0,35044000000.0,8227000000.0,117756576689.0,-1877000000.0,-4666000000.0,-4280000000.0,301000000.0,-885000000.0,-4578000000.0,-6784000000.0,119000000.0,9485000000.0,0.0,6518000000.0,6518000000.0,6518000000.0,0.0,0.0,0.069,15999000000.0,6911000000.0,11360000000.0,0.135,3.095,18.066,18.262,7045000000.0,0.0,43.28,1.252,1.244,10403000000.0,20604000000.0,94081000000.0,94081000000.0,3766000000.0,0.082,0.174,0.536,0.089,269000000.0,11482000000.0,1.0,2720808149.0,2705000000.0,2801000000.0,34.78,56956000000.0,0.0,1109000000.0,1673000000.0,21.056,7475000000.0
59,HPQ,MRT,2006-09-30,2006-10-31,2006-10-31,2021-09-07,18000000.0,81981000000.0,78192250000.0,48264000000.0,33717000000.0,1.172,13.711,-1980000000.0,16400000000.0,16400000000.0,69427000000.0,6198000000.0,1.346,1.149,5195000000.0,2705000000.0,2490000000.0,5195000000.0,4309000000.0,2353000000.0,0.0,0.008,0.32,7822000000.0,10175000000.0,0.111,10175000000.0,7822000000.0,7191000000.0,2.23,2.18,2.23,38144000000.0,36838000000.0,38144000000.0,96893232378.0,12.0,9.523,9373000000.0,3.369,1.0,22231000000.0,0.243,20205000000.0,631000000.0,14721000000.0,15232250000.0,7750000000.0,9111000000.0,2462000000.0,6649000000.0,43837000000.0,35850000000.0,7987000000.0,106107232378.0,2489000000.0,-855000000.0,-5241000000.0,-193000000.0,-894000000.0,-6077000000.0,-2787000000.0,48000000.0,11353000000.0,0.0,6198000000.0,6198000000.0,6198000000.0,0.0,0.0,0.068,15671000000.0,6560000000.0,12102000000.0,0.143,2.782,17.12,17.372,6863000000.0,0.0,38.74,1.158,1.176,10873000000.0,20729000000.0,91658000000.0,91658000000.0,3643000000.0,0.079,0.168,0.514,0.085,285000000.0,11266000000.0,1.0,2738957986.0,2782000000.0,2852000000.0,32.947,61776000000.0,0.0,993000000.0,1905000000.0,22.206,12414000000.0
60,HPQ,MRT,2006-06-30,2006-07-31,2006-07-31,2021-09-07,29000000.0,79192000000.0,77026250000.0,44325000000.0,34867000000.0,1.169,13.132,-1558000000.0,15981000000.0,15981000000.0,68366000000.0,4917000000.0,1.267,1.179,6767000000.0,4316000000.0,2451000000.0,6767000000.0,4212000000.0,2302000000.0,0.0,0.01,0.32,5909000000.0,8211000000.0,0.091,8211000000.0,5909000000.0,5467000000.0,1.75,1.7,1.75,36348000000.0,36596000000.0,36348000000.0,79997750883.0,14.0,9.743,8437000000.0,3.048,1.0,21650000000.0,0.241,20344000000.0,442000000.0,14652000000.0,15836750000.0,7464000000.0,10729000000.0,2575000000.0,8154000000.0,42844000000.0,34982000000.0,7862000000.0,89014750883.0,1536000000.0,-1125000000.0,-6083000000.0,909000000.0,-904000000.0,-5919000000.0,-2540000000.0,143000000.0,9995000000.0,0.0,4917000000.0,4917000000.0,4917000000.0,0.0,0.0,0.055,16650000000.0,5000000000.0,10695000000.0,0.183,2.449,18.103,18.234,6369000000.0,0.0,31.91,0.989,0.981,9631000000.0,19522000000.0,90016000000.0,90016000000.0,3634000000.0,0.064,0.134,0.373,0.066,264000000.0,11166000000.0,1.0,2789556593.0,2768000000.0,2839000000.0,32.52,58848000000.0,0.0,550000000.0,1848000000.0,21.26,9343000000.0
61,HPQ,MRT,2006-03-31,2006-04-30,2006-04-30,2021-09-07,-28000000.0,77183000000.0,76082250000.0,42208000000.0,34975000000.0,1.168,13.191,-1377000000.0,14032000000.0,14032000000.0,67836000000.0,3615000000.0,1.3,1.083,5015000000.0,2609000000.0,2406000000.0,5015000000.0,4101000000.0,2292000000.0,0.0,0.01,0.32,5102000000.0,7394000000.0,0.083,7394000000.0,5102000000.0,4762000000.0,1.28,1.25,1.28,37054000000.0,36855500000.0,37054000000.0,84952907408.0,17.0,11.489,8199000000.0,2.919,1.0,21049000000.0,0.237,20430000000.0,340000000.0,15279000000.0,16602500000.0,6768000000.0,10746000000.0,2552000000.0,8194000000.0,40129000000.0,32457000000.0,7672000000.0,91838907408.0,-330000000.0,-1069000000.0,-4739000000.0,-2085000000.0,-913000000.0,-7614000000.0,-2292000000.0,154000000.0,9576000000.0,0.0,3615000000.0,3615000000.0,3615000000.0,0.0,0.0,0.041,16639000000.0,4410000000.0,10077000000.0,0.25,2.479,25.405,25.367,6351000000.0,0.0,32.47,1.033,1.026,9783000000.0,18793000000.0,88885000000.0,88885000000.0,3577000000.0,0.048,0.098,0.307,0.057,205000000.0,11097000000.0,1.0,2828423388.0,2809000000.0,2887000000.0,31.643,56753000000.0,0.0,1147000000.0,1906000000.0,20.204,9751000000.0
62,HPQ,MRT,2005-12-31,2006-01-31,2006-01-31,2021-09-07,-5000000.0,74413000000.0,75873500000.0,39178000000.0,35235000000.0,1.159,12.688,-1356000000.0,11934000000.0,11934000000.0,67295000000.0,2682000000.0,1.277,1.078,5048000000.0,2632000000.0,2416000000.0,5048000000.0,3824000000.0,2295000000.0,0.0,0.01,0.32,4117000000.0,6412000000.0,0.073,6412000000.0,4117000000.0,4021000000.0,0.93,0.92,0.93,35806000000.0,37135250000.0,35806000000.0,79790043021.0,19.0,12.444,6960000000.0,2.466,1.0,20606000000.0,0.234,20573000000.0,96000000.0,16277000000.0,17989000000.0,6731000000.0,10870000000.0,2554000000.0,8316000000.0,38607000000.0,30677000000.0,7930000000.0,88478043021.0,-1368000000.0,-1287000000.0,-4454000000.0,-2062000000.0,-920000000.0,-7371000000.0,-2313000000.0,330000000.0,8316000000.0,0.0,2682000000.0,2682000000.0,2682000000.0,0.0,0.0,0.031,16690000000.0,3916000000.0,8932000000.0,0.344,2.471,32.99,33.527,6346000000.0,0.0,31.18,1.007,1.001,8679000000.0,17111000000.0,87901000000.0,87901000000.0,3535000000.0,0.035,0.072,0.229,0.047,170000000.0,11172000000.0,1.0,2837653721.0,2822000000.0,2893000000.0,31.148,53840000000.0,0.0,1339000000.0,2273000000.0,19.079,8501000000.0
63,HPQ,MRT,2005-09-30,2005-10-31,2005-10-31,2021-09-07,-21000000.0,77317000000.0,76056000000.0,43334000000.0,33983000000.0,1.14,12.913,-1453000000.0,13911000000.0,13911000000.0,66440000000.0,2398000000.0,1.377,1.08,5223000000.0,1831000000.0,3392000000.0,5223000000.0,3815000000.0,2344000000.0,0.0,0.011,0.32,3626000000.0,5970000000.0,0.069,5970000000.0,3626000000.0,3543000000.0,0.83,0.82,0.83,37176000000.0,37615250000.0,37176000000.0,71661320525.0,20.0,12.004,6575000000.0,2.284,1.0,20256000000.0,0.234,20030000000.0,83000000.0,17139000000.0,19342250000.0,6877000000.0,10071000000.0,2569000000.0,7502000000.0,40141000000.0,31460000000.0,8681000000.0,80334320525.0,1248000000.0,-641000000.0,-2353000000.0,-1744000000.0,-926000000.0,-5023000000.0,-1757000000.0,337000000.0,8028000000.0,0.0,2398000000.0,2398000000.0,2398000000.0,0.0,0.0,0.028,16783000000.0,3473000000.0,10223000000.0,0.386,2.161,33.501,33.783,6451000000.0,0.0,28.04,0.927,0.931,9903000000.0,16679000000.0,86696000000.0,86696000000.0,3492000000.0,0.032,0.064,0.187,0.042,104000000.0,11184000000.0,1.0,2864990033.0,2879000000.0,2909000000.0,30.113,57287000000.0,0.0,1145000000.0,2367000000.0,19.898,11874000000.0
64,HPQ,MRT,2005-06-30,2005-07-31,2005-07-31,2021-09-07,-166000000.0,75416000000.0,75761250000.0,41702000000.0,33714000000.0,1.124,13.013,-1647000000.0,14445000000.0,14445000000.0,65301000000.0,3073000000.0,1.429,1.017,5772000000.0,2375000000.0,3397000000.0,5772000000.0,3615000000.0,2401000000.0,0.0,0.013,0.32,4511000000.0,6912000000.0,0.081,6912000000.0,4511000000.0,4452000000.0,1.05,1.05,1.05,37386000000.0,37712250000.0,37386000000.0,63850333564.0,14.0,9.238,6482000000.0,2.256,1.0,19871000000.0,0.233,19853000000.0,59000000.0,17715000000.0,20580000000.0,6644000000.0,10108000000.0,2677000000.0,7431000000.0,38030000000.0,29175000000.0,8855000000.0,71061333564.0,460000000.0,-616000000.0,-3490000000.0,-1277000000.0,-937000000.0,-5704000000.0,-1965000000.0,298000000.0,8129000000.0,0.0,3073000000.0,3073000000.0,3073000000.0,0.0,0.0,0.036,15450000000.0,4421000000.0,9070000000.0,0.305,1.901,23.124,23.448,6430000000.0,0.0,24.62,0.834,0.83,8764000000.0,16407000000.0,85172000000.0,85172000000.0,3541000000.0,0.041,0.081,0.219,0.053,124000000.0,11030000000.0,1.0,2886325490.0,2873000000.0,2907000000.0,29.646,55563000000.0,0.0,1379000000.0,2600000000.0,19.34,12527000000.0
65,HPQ,MRT,2005-03-31,2005-04-30,2005-04-30,2021-09-07,-175000000.0,76348000000.0,75502500000.0,42476000000.0,33872000000.0,1.103,13.227,-1800000000.0,14362000000.0,14362000000.0,63904000000.0,3586000000.0,1.495,1.0,7151000000.0,2754000000.0,4397000000.0,7151000000.0,3524000000.0,2415000000.0,0.0,0.016,0.32,4057000000.0,6472000000.0,0.078,6472000000.0,4057000000.0,4097000000.0,1.21,1.21,1.21,38173000000.0,38043500000.0,38173000000.0,53180989377.0,13.0,8.217,4438000000.0,1.538,1.0,19398000000.0,0.233,19897000000.0,-40000000.0,20825000000.0,21399000000.0,6464000000.0,10147000000.0,2841000000.0,7306000000.0,38175000000.0,28415000000.0,9760000000.0,59271989377.0,-292000000.0,-670000000.0,-3335000000.0,-99000000.0,-950000000.0,-4384000000.0,-2146000000.0,324000000.0,6238000000.0,0.0,3586000000.0,3586000000.0,3586000000.0,0.0,0.0,0.043,15240000000.0,4158000000.0,8583000000.0,0.264,1.553,16.529,16.917,6669000000.0,0.0,20.47,0.712,0.709,9266000000.0,16950000000.0,83302000000.0,83302000000.0,3555000000.0,0.047,0.094,0.19,0.049,92000000.0,10890000000.0,1.0,2895553951.0,2886000000.0,2917000000.0,28.864,56451000000.0,0.0,511000000.0,1361000000.0,19.56,14061000000.0
66,HPQ,MRT,2004-12-31,2005-01-31,2005-01-31,2021-09-07,-163000000.0,75143000000.0,75146500000.0,41715000000.0,33428000000.0,1.089,12.973,-1805000000.0,13302000000.0,13302000000.0,62657000000.0,3504000000.0,1.513,0.992,7211000000.0,2803000000.0,4408000000.0,7211000000.0,3150000000.0,2442000000.0,0.0,0.016,0.32,4128000000.0,6570000000.0,0.08,6570000000.0,4128000000.0,4083000000.0,1.17,1.17,1.17,37726000000.0,38212250000.0,37726000000.0,51478680133.0,12.0,7.835,4693000000.0,1.614,1.0,19188000000.0,0.234,19789000000.0,45000000.0,21690000000.0,21663250000.0,7120000000.0,10057000000.0,3108000000.0,6949000000.0,37417000000.0,27573000000.0,9844000000.0,57007680133.0,-274000000.0,-907000000.0,-3128000000.0,-117000000.0,-961000000.0,-4206000000.0,-2566000000.0,146000000.0,6498000000.0,0.0,3504000000.0,3504000000.0,3504000000.0,0.0,0.0,0.043,15125000000.0,4063000000.0,8234000000.0,0.274,1.511,16.269,16.744,6690000000.0,0.0,19.59,0.697,0.696,8665000000.0,16011000000.0,81845000000.0,81845000000.0,3589000000.0,0.047,0.092,0.191,0.05,61000000.0,10622000000.0,1.0,2910039823.0,2908000000.0,2936000000.0,28.145,55354000000.0,0.0,579000000.0,1438000000.0,19.035,14142000000.0
67,HPQ,MRT,2004-09-30,2004-10-31,2004-10-31,2021-09-07,-243000000.0,76138000000.0,74687750000.0,42901000000.0,33237000000.0,1.07,12.422,-1679000000.0,12663000000.0,12663000000.0,60811000000.0,3497000000.0,1.501,1.027,7134000000.0,2511000000.0,4623000000.0,7134000000.0,2958000000.0,2395000000.0,0.0,0.013,0.24,4231000000.0,6626000000.0,0.083,6626000000.0,4231000000.0,4196000000.0,1.16,1.15,1.16,37564000000.0,38347750000.0,37564000000.0,49485315340.0,12.0,7.468,3409000000.0,1.127,1.0,19094000000.0,0.239,19931000000.0,35000000.0,22090000000.0,22013000000.0,7071000000.0,9913000000.0,3256000000.0,6657000000.0,38574000000.0,28588000000.0,9986000000.0,56351315340.0,-1525000000.0,-1124000000.0,-2739000000.0,-448000000.0,-972000000.0,-4159000000.0,-2454000000.0,349000000.0,5088000000.0,0.0,3497000000.0,3497000000.0,3497000000.0,0.0,0.0,0.044,14937000000.0,4157000000.0,9377000000.0,0.207,1.5,16.114,16.086,6649000000.0,0.0,18.66,0.705,0.706,10226000000.0,15649000000.0,79905000000.0,79905000000.0,3600000000.0,0.047,0.091,0.192,0.053,48000000.0,10496000000.0,1.0,3019899000.0,3024000000.0,3055000000.0,26.424,56207000000.0,0.0,699000000.0,1709000000.0,18.587,14313000000.0
68,HPQ,MRT,2004-06-30,2004-07-31,2004-07-31,2021-09-07,-145000000.0,74381000000.0,74332250000.0,40712000000.0,33669000000.0,1.054,12.746,-1404000000.0,13985000000.0,13985000000.0,59757000000.0,3268000000.0,1.52,0.921,7119000000.0,2212000000.0,4907000000.0,7119000000.0,4236000000.0,2394000000.0,0.0,0.012,0.24,3980000000.0,6374000000.0,0.081,6374000000.0,3980000000.0,3971000000.0,1.07,1.06,1.07,38711000000.0,38393250000.0,38711000000.0,54046422650.0,14.0,8.479,4080000000.0,1.343,1.0,18612000000.0,0.237,19746000000.0,9000000.0,20991000000.0,22336250000.0,6745000000.0,7989000000.0,311000000.0,7678000000.0,35670000000.0,26778000000.0,8892000000.0,61444422650.0,1074000000.0,-925000000.0,-727000000.0,-660000000.0,-976000000.0,-2363000000.0,-2047000000.0,282000000.0,5484000000.0,0.0,3268000000.0,3268000000.0,3268000000.0,0.0,0.0,0.042,14671000000.0,3941000000.0,8483000000.0,0.224,1.587,18.802,18.832,6245000000.0,0.0,20.15,0.784,0.781,11388000000.0,14569000000.0,78369000000.0,78369000000.0,3633000000.0,0.044,0.085,0.178,0.051,0.0,10001000000.0,1.0,3049351000.0,3037000000.0,3057000000.0,25.805,54635000000.0,0.0,703000000.0,1388000000.0,17.99,13934000000.0
69,HPQ,MRT,2004-03-31,2004-04-30,2004-04-30,2021-09-07,-156000000.0,74924000000.0,73621750000.0,40603000000.0,34321000000.0,1.044,12.766,-1429000000.0,14654000000.0,14654000000.0,58022000000.0,2979000000.0,1.573,0.929,7256000000.0,803000000.0,6453000000.0,7256000000.0,4279000000.0,2398000000.0,0.0,0.012,0.24,3579000000.0,5977000000.0,0.078,5977000000.0,3579000000.0,3580000000.0,0.98,0.97,0.98,38848000000.0,37932000000.0,38848000000.0,53920574400.0,15.0,9.021,4204000000.0,1.382,1.0,18806000000.0,0.245,19830000000.0,-1000000.0,21882000000.0,22855750000.0,6273000000.0,8463000000.0,354000000.0,8109000000.0,36076000000.0,25814000000.0,10262000000.0,60115574400.0,1178000000.0,-876000000.0,-437000000.0,-1118000000.0,-976000000.0,-2531000000.0,-1924000000.0,381000000.0,5633000000.0,0.0,2979000000.0,2979000000.0,2979000000.0,0.0,0.0,0.039,15221000000.0,3585000000.0,8268000000.0,0.245,1.547,20.18,20.102,6382000000.0,0.0,19.7,0.782,0.78,11546000000.0,14577000000.0,76828000000.0,76828000000.0,3651000000.0,0.04,0.079,0.157,0.047,0.0,10165000000.0,1.0,3051552000.0,3043000000.0,3081000000.0,25.247,55094000000.0,0.0,601000000.0,1484000000.0,18.105,14789000000.0
70,HPQ,MRT,2003-12-31,2004-01-31,2004-01-31,2021-09-07,-150000000.0,73308000000.0,73100500000.0,39543000000.0,33765000000.0,1.022,12.547,-1508000000.0,13576000000.0,13576000000.0,55943000000.0,2754000000.0,1.6,0.916,7381000000.0,837000000.0,6544000000.0,7381000000.0,3956000000.0,2402000000.0,0.0,0.01,0.24,3107000000.0,5509000000.0,0.074,5509000000.0,3107000000.0,3126000000.0,0.91,0.9,0.91,38268000000.0,37443000000.0,38268000000.0,65918926570.0,21.0,11.966,4050000000.0,1.328,1.0,18755000000.0,0.251,19314000000.0,-19000000.0,23089000000.0,23183250000.0,6487000000.0,8476000000.0,364000000.0,8112000000.0,35040000000.0,24710000000.0,10330000000.0,72532926570.0,935000000.0,-314000000.0,-303000000.0,-1862000000.0,-976000000.0,-3141000000.0,-1482000000.0,340000000.0,5558000000.0,0.0,2754000000.0,2754000000.0,2754000000.0,0.0,0.0,0.037,15595000000.0,3160000000.0,6970000000.0,0.264,1.895,26.337,26.143,6339000000.0,0.0,23.79,0.971,0.971,11415000000.0,13706000000.0,74698000000.0,74698000000.0,3668000000.0,0.038,0.074,0.134,0.042,0.0,10295000000.0,1.0,3048883000.0,3050000000.0,3088000000.0,24.491,53994000000.0,0.0,372000000.0,1561000000.0,17.703,14833000000.0
71,HPQ,MRT,2003-09-30,2003-10-31,2003-10-31,2021-09-07,-203000000.0,74716000000.0,72796750000.0,40954000000.0,33762000000.0,1.004,12.388,-1642000000.0,14188000000.0,14188000000.0,54393000000.0,2539000000.0,1.608,0.979,7574000000.0,1080000000.0,6494000000.0,7574000000.0,2496000000.0,2527000000.0,0.0,0.014,0.32,2909000000.0,5436000000.0,0.074,5436000000.0,2909000000.0,2888000000.0,0.83,0.83,0.83,37746000000.0,36993250000.0,37746000000.0,62901313400.0,22.0,11.571,4415000000.0,1.449,1.0,18668000000.0,0.256,19250000000.0,21000000.0,23383000000.0,23311500000.0,6065000000.0,11459000000.0,3429000000.0,8030000000.0,36970000000.0,25469000000.0,11501000000.0,68026313400.0,2996000000.0,-149000000.0,-269000000.0,-303000000.0,-977000000.0,-1549000000.0,-1512000000.0,279000000.0,6057000000.0,0.0,2539000000.0,2539000000.0,2539000000.0,0.0,0.0,0.035,15772000000.0,2896000000.0,9285000000.0,0.386,1.802,26.793,26.88,6482000000.0,0.0,22.31,0.931,0.93,8921000000.0,13332000000.0,73061000000.0,73061000000.0,3687000000.0,0.035,0.069,0.125,0.04,0.0,10442000000.0,1.0,3049140000.0,3047000000.0,3063000000.0,23.978,55466000000.0,0.0,349000000.0,1599000000.0,18.203,15485000000.0
72,HPQ,MRT,2003-06-30,2003-07-31,2003-07-31,2021-09-07,-354000000.0,71539000000.0,71795250000.0,37248000000.0,34291000000.0,0.992,12.095,-1670000000.0,12911000000.0,12911000000.0,52435000000.0,2067000000.0,1.546,0.941,7786000000.0,1278000000.0,6508000000.0,7786000000.0,3684000000.0,2635000000.0,0.0,0.014,0.3,2387000000.0,5022000000.0,0.07,5022000000.0,2387000000.0,2278000000.0,0.76,0.76,0.76,36866000000.0,36622250000.0,36866000000.0,59627877970.0,25.0,11.873,3506000000.0,1.15,1.0,18821000000.0,0.264,19248000000.0,109000000.0,23069000000.0,23236500000.0,6142000000.0,8732000000.0,252000000.0,8480000000.0,34673000000.0,24097000000.0,10576000000.0,64632877970.0,1819000000.0,-71000000.0,-215000000.0,-693000000.0,-978000000.0,-1886000000.0,-1471000000.0,270000000.0,5176000000.0,0.0,2067000000.0,2067000000.0,2067000000.0,0.0,0.0,0.029,16559000000.0,2262000000.0,7557000000.0,0.395,1.753,31.269,27.855,6563000000.0,0.0,21.17,0.907,0.906,10854000000.0,12673000000.0,71256000000.0,71256000000.0,3722000000.0,0.029,0.056,0.103,0.033,0.0,11123000000.0,1.0,3053041000.0,3048000000.0,3071000000.0,23.378,52291000000.0,0.0,211000000.0,1523000000.0,17.156,13151000000.0
73,HPQ,MRT,2003-03-31,2003-04-30,2003-04-30,2021-09-07,-474000000.0,72839000000.0,71638500000.0,38439000000.0,34400000000.0,0.983,12.108,-1752000000.0,13476000000.0,13476000000.0,52086000000.0,-259000000.0,1.527,0.974,8471000000.0,1745000000.0,6726000000.0,8471000000.0,3610000000.0,2743000000.0,0.0,0.018,0.3,-385000000.0,2358000000.0,0.033,2358000000.0,-385000000.0,-504000000.0,-0.01,-0.01,-0.01,36892000000.0,36491000000.0,36892000000.0,46334261000.0,-120.0,19.65,3114000000.0,1.022,1.0,18358000000.0,0.261,19463000000.0,119000000.0,23192000000.0,23228500000.0,5743000000.0,8499000000.0,254000000.0,8245000000.0,35947000000.0,25179000000.0,10768000000.0,49755261000.0,4735000000.0,3480000000.0,-443000000.0,-641000000.0,-979000000.0,-2063000000.0,1932000000.0,204000000.0,4866000000.0,0.0,-259000000.0,-259000000.0,-259000000.0,0.0,0.0,-0.004,18873000000.0,-515000000.0,7052000000.0,-30.0,1.349,-192.105,-1630.0,6692000000.0,0.0,16.3,0.706,0.705,11278000000.0,12863000000.0,70444000000.0,70444000000.0,4564000000.0,-0.004,-0.007,-0.017,-0.005,0.0,11015000000.0,1.0,3052470000.0,3047000000.0,3059000000.0,23.119,53376000000.0,0.0,-245000000.0,1597000000.0,17.518,13260000000.0
74,HPQ,MRT,2002-12-31,2003-01-31,2003-01-31,2021-09-07,-474000000.0,72093000000.0,61998750000.0,37663000000.0,34430000000.0,1.017,11.965,-1516000000.0,12641000000.0,12641000000.0,46578000000.0,-666000000.0,1.495,0.977,9220000000.0,3033000000.0,6187000000.0,9220000000.0,3450000000.0,2494000000.0,0.0,0.017,0.3,-555000000.0,1939000000.0,0.031,1939000000.0,-555000000.0,-740000000.0,-0.1,-0.1,-0.1,36469000000.0,31008250000.0,36469000000.0,49778403485.0,-90.0,25.672,2854000000.0,0.936,1.0,16504000000.0,0.262,19873000000.0,185000000.0,23602000000.0,21872250000.0,6091000000.0,7915000000.0,223000000.0,7692000000.0,35624000000.0,25197000000.0,10427000000.0,53142403485.0,5658000000.0,3498000000.0,-231000000.0,178000000.0,-890000000.0,-943000000.0,2231000000.0,249000000.0,4370000000.0,0.0,-666000000.0,-666000000.0,-666000000.0,0.0,0.0,-0.011,17248000000.0,-744000000.0,6334000000.0,-3.0,1.457,-79.793,-174.1,6865000000.0,0.0,17.41,0.842,0.841,11431000000.0,12205000000.0,63082000000.0,63082000000.0,4320000000.0,-0.011,-0.021,-0.025,-0.009,0.0,9865000000.0,1.0,3052406863.0,3048000000.0,3065000000.0,20.696,52220000000.0,0.0,-74000000.0,1582000000.0,17.133,12466000000.0
75,HPQ,MRT,2002-09-30,2002-10-31,2002-10-31,2021-09-07,-401000000.0,70710000000.0,52372500000.0,36075000000.0,34635000000.0,1.08,14.511,-1348000000.0,11192000000.0,11192000000.0,41793000000.0,-903000000.0,1.484,0.95,7828000000.0,1793000000.0,6035000000.0,7828000000.0,3260000000.0,2119000000.0,0.0,0.019,0.3,-969000000.0,1150000000.0,0.02,1150000000.0,-969000000.0,-1021000000.0,-0.36,-0.36,-0.36,36262000000.0,25444000000.0,36262000000.0,45512162800.0,-47.0,39.576,4096000000.0,1.639,1.0,14795000000.0,0.261,19953000000.0,52000000.0,23083000000.0,20650250000.0,5797000000.0,7995000000.0,237000000.0,7758000000.0,34448000000.0,24310000000.0,10138000000.0,48213162800.0,6995000000.0,3557000000.0,-294000000.0,-472000000.0,-801000000.0,-1567000000.0,3118000000.0,909000000.0,5444000000.0,0.0,-903000000.0,-903000000.0,-903000000.0,0.0,0.0,-0.016,15793000000.0,-998000000.0,7012000000.0,-0.833,1.33,-53.392,-43.889,6924000000.0,0.0,15.8,0.852,0.698,11909000000.0,11973000000.0,56588000000.0,56588000000.0,4161000000.0,-0.017,-0.035,-0.047,-0.017,0.0,8763000000.0,1.0,3051466000.0,2499000000.0,2499000000.0,22.644,50757000000.0,0.0,-118000000.0,1529000000.0,20.311,11765000000.0
76,HPQ,MRT,2002-06-30,2002-07-31,2002-07-31,2021-09-07,-41000000.0,70912000000.0,42841000000.0,36358000000.0,34554000000.0,1.153,11.982,-1067000000.0,11092000000.0,11092000000.0,36742000000.0,-1196000000.0,1.459,0.951,8391000000.0,2003000000.0,6388000000.0,8391000000.0,3322000000.0,1773000000.0,0.0,0.023,0.32,-1258000000.0,515000000.0,0.01,515000000.0,-1258000000.0,-1327000000.0,-0.24,-0.24,-0.24,36341000000.0,19866750000.0,36341000000.0,40699277600.0,-32.0,79.028,4592000000.0,1.514,1.0,12674000000.0,0.256,20262000000.0,69000000.0,23037000000.0,19659000000.0,5568000000.0,7320000000.0,137000000.0,7183000000.0,34571000000.0,24912000000.0,9659000000.0,43380277600.0,8365000000.0,3617000000.0,-349000000.0,-19000000.0,-711000000.0,-1079000000.0,3785000000.0,1235000000.0,5659000000.0,0.0,-1196000000.0,-1196000000.0,-1196000000.0,0.0,0.0,-0.024,14389000000.0,-1715000000.0,6699000000.0,-1.333,1.194,-36.271,-58.958,7109000000.0,0.0,14.15,0.878,0.868,11443000000.0,11584000000.0,49416000000.0,49416000000.0,3823000000.0,-0.028,-0.06,-0.064,-0.025,16000000.0,7339000000.0,1.0,3065744000.0,3033000000.0,3033000000.0,16.293,50650000000.0,0.0,-131000000.0,2160000000.0,16.7,11446000000.0
77,HPQ,MRT,2002-03-31,2002-04-30,2002-04-30,2021-09-07,-5000000.0,34280000000.0,33206500000.0,23855000000.0,10425000000.0,1.3,7.653,-964000000.0,8741000000.0,8741000000.0,31901000000.0,956000000.0,1.725,1.291,6060000000.0,1618000000.0,4442000000.0,6060000000.0,1943000000.0,1433000000.0,0.0,0.019,0.32,1382000000.0,2815000000.0,0.065,2815000000.0,1382000000.0,1291000000.0,0.49,0.49,0.49,14961000000.0,14248750000.0,14961000000.0,32229991500.0,23.0,11.449,4705000000.0,2.407,1.0,11263000000.0,0.261,0.0,91000000.0,17767000000.0,19204750000.0,4017000000.0,6267000000.0,147000000.0,6120000000.0,19319000000.0,13832000000.0,5487000000.0,33222991500.0,5135000000.0,78000000.0,-153000000.0,-83000000.0,-622000000.0,-858000000.0,324000000.0,1210000000.0,5669000000.0,0.0,956000000.0,956000000.0,956000000.0,0.0,0.0,0.022,10298000000.0,965000000.0,3584000000.0,0.653,2.221,34.752,34.898,4305000000.0,0.0,17.1,0.77,0.774,6152000000.0,14101000000.0,43164000000.0,43164000000.0,2768000000.0,0.029,0.067,0.072,0.032,16000000.0,6391000000.0,1.0,1942865000.0,1955000000.0,1973000000.0,22.079,34280000000.0,0.0,335000000.0,1688000000.0,17.535,10023000000.0
78,HPQ,MRT,2001-12-31,2002-01-31,2002-01-31,2021-09-07,139000000.0,33588000000.0,33032750000.0,23236000000.0,10352000000.0,1.338,7.322,-1030000000.0,6983000000.0,6983000000.0,33044000000.0,751000000.0,1.674,1.363,5990000000.0,1462000000.0,4528000000.0,5990000000.0,1873000000.0,1398000000.0,0.0,0.014,0.32,994000000.0,2392000000.0,0.054,2392000000.0,994000000.0,910000000.0,0.38,0.38,0.38,14212000000.0,14032750000.0,14212000000.0,44178155010.0,44.0,18.469,3787000000.0,1.951,1.0,11167000000.0,0.253,0.0,84000000.0,18714000000.0,19857250000.0,4458000000.0,6122000000.0,158000000.0,5964000000.0,19376000000.0,13881000000.0,5495000000.0,42924155010.0,4686000000.0,60000000.0,-355000000.0,622000000.0,-622000000.0,-355000000.0,224000000.0,1194000000.0,4817000000.0,0.0,751000000.0,751000000.0,751000000.0,0.0,0.0,0.017,10673000000.0,494000000.0,3602000000.0,0.842,3.02,57.156,58.184,4388000000.0,0.0,22.11,0.971,0.971,6365000000.0,13850000000.0,44211000000.0,44211000000.0,2777000000.0,0.023,0.054,0.05,0.022,16000000.0,6627000000.0,1.0,1941391000.0,1941000000.0,1963000000.0,22.777,33588000000.0,0.0,159000000.0,1835000000.0,17.304,9355000000.0
79,HPQ,MRT,2001-09-30,2001-10-31,2001-10-31,2021-09-07,41000000.0,32584000000.0,32980500000.0,21305000000.0,11279000000.0,1.371,7.207,-1092000000.0,4197000000.0,4197000000.0,33748000000.0,408000000.0,1.526,1.335,5451000000.0,1722000000.0,3729000000.0,5451000000.0,1867000000.0,1369000000.0,0.0,0.025,0.42,690000000.0,2059000000.0,0.046,2059000000.0,690000000.0,519000000.0,0.21,0.21,0.21,13953000000.0,14013750000.0,13953000000.0,35446653653.0,51.0,17.215,1481000000.0,0.765,1.0,11478000000.0,0.254,756000000.0,171000000.0,19118000000.0,20482500000.0,5204000000.0,6265000000.0,139000000.0,6126000000.0,18631000000.0,13964000000.0,4667000000.0,32650653653.0,782000000.0,223000000.0,-886000000.0,277000000.0,-621000000.0,-1230000000.0,-561000000.0,308000000.0,2573000000.0,0.0,408000000.0,408000000.0,408000000.0,0.0,0.0,0.009,10439000000.0,1039000000.0,3791000000.0,2.0,2.34,80.026,80.143,4397000000.0,0.0,16.83,0.722,0.72,6671000000.0,13693000000.0,45226000000.0,45226000000.0,2788000000.0,0.012,0.029,0.034,0.015,16000000.0,6668000000.0,1.0,1940026955.0,1936000000.0,1974000000.0,23.361,31828000000.0,0.0,111000000.0,1818000000.0,16.44,7341000000.0
80,HPQ,MRT,2001-06-30,2001-07-31,2001-07-31,2021-09-07,40000000.0,32374000000.0,33336750000.0,20962000000.0,11412000000.0,1.431,7.164,-1389000000.0,2727000000.0,2727000000.0,35211000000.0,1233000000.0,1.503,1.334,5523000000.0,2012000000.0,3511000000.0,5523000000.0,1879000000.0,1340000000.0,0.0,0.017,0.42,1946000000.0,3286000000.0,0.069,3286000000.0,1946000000.0,1568000000.0,0.62,0.61,0.62,13869000000.0,14077750000.0,13869000000.0,50385735067.0,26.0,15.333,367000000.0,0.19,1.0,12490000000.0,0.262,0.0,378000000.0,21220000000.0,20791500000.0,5489000000.0,7312000000.0,513000000.0,6799000000.0,18505000000.0,13950000000.0,4555000000.0,47927735067.0,-2115000000.0,611000000.0,-2424000000.0,455000000.0,-623000000.0,-2592000000.0,-1280000000.0,-291000000.0,1756000000.0,0.0,1233000000.0,1233000000.0,1233000000.0,0.0,0.0,0.026,10482000000.0,2008000000.0,3238000000.0,0.677,3.456,38.871,39.774,4613000000.0,0.0,24.66,1.005,1.001,7053000000.0,13792000000.0,47701000000.0,47701000000.0,2778000000.0,0.037,0.088,0.094,0.041,495000000.0,6965000000.0,1.0,1943541568.0,1936000000.0,1967000000.0,24.639,32374000000.0,0.0,335000000.0,2067000000.0,16.722,7012000000.0
81,HPQ,MRT,2001-03-31,2001-04-30,2001-04-30,2021-09-07,85000000.0,33585000000.0,33357500000.0,22744000000.0,10841000000.0,1.476,7.285,-1393000000.0,3606000000.0,3606000000.0,35899000000.0,2156000000.0,1.452,1.382,6064000000.0,3221000000.0,2843000000.0,6064000000.0,1988000000.0,1309000000.0,0.0,0.012,0.34,3166000000.0,4475000000.0,0.091,4475000000.0,3166000000.0,2770000000.0,1.09,1.06,1.09,14097000000.0,14263250000.0,14097000000.0,58295629835.0,18.0,13.027,992000000.0,0.513,1.0,13336000000.0,0.271,0.0,396000000.0,20377000000.0,20242500000.0,5704000000.0,6832000000.0,563000000.0,6269000000.0,19488000000.0,15666000000.0,3822000000.0,55234629835.0,-72000000.0,611000000.0,-3795000000.0,3559000000.0,-627000000.0,-863000000.0,-1490000000.0,-546000000.0,2385000000.0,0.0,2156000000.0,2156000000.0,2156000000.0,-17000000.0,0.0,0.044,10440000000.0,2896000000.0,3888000000.0,0.312,3.918,25.619,26.083,4572000000.0,0.0,28.43,1.122,1.117,7882000000.0,13993000000.0,49235000000.0,49235000000.0,2759000000.0,0.065,0.151,0.156,0.064,495000000.0,6991000000.0,1.0,1942829048.0,1935000000.0,1987000000.0,25.444,33585000000.0,0.0,614000000.0,1365000000.0,17.357,7078000000.0
82,HPQ,MRT,2000-12-31,2001-01-31,2001-01-31,2021-09-07,17000000.0,33379000000.0,33488250000.0,22639000000.0,10740000000.0,1.481,7.324,-1380000000.0,2297000000.0,2297000000.0,35756000000.0,3044000000.0,1.487,1.361,5358000000.0,2321000000.0,3037000000.0,5358000000.0,1902000000.0,1252000000.0,0.0,0.007,0.26,4352000000.0,5604000000.0,0.113,5604000000.0,4352000000.0,3955000000.0,1.54,1.49,1.54,14136000000.0,15601250000.0,14136000000.0,72756312398.0,17.0,12.983,672000000.0,0.348,1.0,13839000000.0,0.279,0.0,397000000.0,21215000000.0,20373750000.0,6095000000.0,6732000000.0,555000000.0,6177000000.0,19243000000.0,15225000000.0,4018000000.0,71214312398.0,-688000000.0,611000000.0,-4655000000.0,3300000000.0,-632000000.0,-1987000000.0,-1350000000.0,-451000000.0,2052000000.0,0.0,3044000000.0,3044000000.0,3044000000.0,-136000000.0,0.0,0.061,9996000000.0,3843000000.0,4094000000.0,0.169,5.038,23.395,23.929,4563000000.0,0.0,36.85,1.436,1.434,8193000000.0,14100000000.0,49595000000.0,49595000000.0,2724000000.0,0.091,0.195,0.214,0.088,495000000.0,6982000000.0,1.0,1932545791.0,1930000000.0,1996000000.0,25.697,33379000000.0,0.0,911000000.0,1762000000.0,17.295,7414000000.0
83,HPQ,MRT,2000-09-30,2000-10-31,2000-10-31,2021-09-07,93000000.0,34009000000.0,33621250000.0,23244000000.0,10765000000.0,1.454,7.18,-1322000000.0,3415000000.0,3415000000.0,35046000000.0,3697000000.0,1.53,1.393,4957000000.0,1555000000.0,3402000000.0,4957000000.0,1759000000.0,1241000000.0,0.0,0.002,0.08,5117000000.0,6358000000.0,0.13,6358000000.0,5117000000.0,4761000000.0,1.87,1.8,1.87,14209000000.0,16893750000.0,14209000000.0,92150000000.0,18.0,14.494,2388000000.0,1.207,1.0,13824000000.0,0.283,0.0,356000000.0,20354000000.0,20241500000.0,5699000000.0,6857000000.0,592000000.0,6265000000.0,19800000000.0,15197000000.0,4603000000.0,91977000000.0,-1996000000.0,448000000.0,-4822000000.0,165000000.0,-638000000.0,-5295000000.0,-1376000000.0,-372000000.0,3710000000.0,0.0,3697000000.0,3697000000.0,3697000000.0,-136000000.0,0.0,0.076,9799000000.0,4025000000.0,5049000000.0,0.043,6.473,24.879,24.866,4500000000.0,0.0,46.5,1.882,1.883,8568000000.0,14097000000.0,48870000000.0,48870000000.0,2627000000.0,0.11,0.219,0.253,0.105,495000000.0,6984000000.0,1.0,1978000000.0,1979000000.0,2077000000.0,24.694,34009000000.0,0.0,1064000000.0,2046000000.0,17.185,8047000000.0
84,HPQ,MRT,2000-06-30,2000-07-31,2000-07-31,2021-09-07,51000000.0,32457000000.0,33943250000.0,21913000000.0,10544000000.0,1.381,7.398,-1055000000.0,4842000000.0,4842000000.0,33522000000.0,3535000000.0,1.611,1.221,5015000000.0,1625000000.0,3390000000.0,5015000000.0,1737000000.0,1088000000.0,0.0,0.0,0.0,4932000000.0,6020000000.0,0.128,6020000000.0,4932000000.0,4568000000.0,1.78,1.705,1.78,14611000000.0,17915250000.0,14611000000.0,107796100000.0,22.0,17.906,2495000000.0,1.263,1.0,13360000000.0,0.285,0.0,364000000.0,19024000000.0,20261500000.0,5563000000.0,8477000000.0,2331000000.0,6146000000.0,17846000000.0,13606000000.0,4240000000.0,108972100000.0,-1210000000.0,-131000000.0,-4762000000.0,863000000.0,-643000000.0,-4542000000.0,-1071000000.0,-114000000.0,3550000000.0,0.0,3535000000.0,3535000000.0,3535000000.0,-136000000.0,0.0,0.075,9387000000.0,3973000000.0,4404000000.0,0.0,7.458,30.827,30.702,0.0,0.0,54.65,2.324,2.302,5640000000.0,14135000000.0,46882000000.0,46882000000.0,2553000000.0,0.104,0.197,0.243,0.105,289000000.0,6834000000.0,1.0,1994000000.0,1975000000.0,2089000000.0,23.738,32457000000.0,0.0,1033000000.0,1211000000.0,16.434,8307000000.0
85,HPQ,MRT,2000-03-31,2000-04-30,2000-04-30,2021-09-07,124000000.0,34108000000.0,34346500000.0,20002000000.0,14106000000.0,1.321,9.783,-897000000.0,3678000000.0,3678000000.0,32465000000.0,3342000000.0,1.663,0.754,2502000000.0,647000000.0,1855000000.0,2502000000.0,1534000000.0,1084000000.0,0.0,0.0,0.0,4695000000.0,5779000000.0,0.127,5779000000.0,4695000000.0,4346000000.0,1.67,1.6,1.67,19449000000.0,19014750000.0,19449000000.0,134065000000.0,29.0,23.199,2413000000.0,1.214,1.0,12917000000.0,0.285,0.0,349000000.0,20902000000.0,20470250000.0,4985000000.0,8191000000.0,2221000000.0,5970000000.0,14659000000.0,12030000000.0,2629000000.0,135000000000.0,-1216000000.0,-131000000.0,-3335000000.0,-608000000.0,-646000000.0,-4589000000.0,-867000000.0,136000000.0,3310000000.0,0.0,3342000000.0,3342000000.0,3342000000.0,-276000000.0,0.0,0.074,9249000000.0,3668000000.0,3873000000.0,0.0,6.941,40.395,40.419,0.0,0.0,67.5,2.975,2.957,5509000000.0,18529000000.0,45382000000.0,45382000000.0,2509000000.0,0.097,0.176,0.229,0.103,289000000.0,6740000000.0,1.0,2000000000.0,1988000000.0,2084000000.0,22.828,34108000000.0,0.0,1004000000.0,1490000000.0,17.157,7972000000.0
86,HPQ,MRT,1999-12-31,2000-01-31,2000-01-31,2021-09-07,143000000.0,33911000000.0,34324250000.0,19331000000.0,14580000000.0,1.276,9.668,-782000000.0,2985000000.0,2985000000.0,31169000000.0,3325000000.0,1.573,0.757,2050000000.0,515000000.0,1535000000.0,2050000000.0,1534000000.0,1121000000.0,0.0,0.0,0.0,4717000000.0,5838000000.0,0.133,5838000000.0,4717000000.0,4363000000.0,1.655,1.59,1.655,19306000000.0,18702000000.0,19306000000.0,107919646522.0,23.0,18.486,3217000000.0,1.611,1.0,12640000000.0,0.289,0.0,354000000.0,20686000000.0,20084750000.0,5100000000.0,8077000000.0,2094000000.0,5983000000.0,14605000000.0,12290000000.0,2315000000.0,108461646522.0,-709000000.0,-131000000.0,-2610000000.0,-884000000.0,-649000000.0,-4143000000.0,-848000000.0,41000000.0,3999000000.0,0.0,3325000000.0,3325000000.0,3325000000.0,-309000000.0,0.0,0.076,8967000000.0,3673000000.0,3850000000.0,0.0,5.618,32.62,32.719,0.0,0.0,54.15,2.476,2.468,5435000000.0,18272000000.0,43809000000.0,43809000000.0,2471000000.0,0.097,0.178,0.235,0.108,289000000.0,6496000000.0,1.0,2002985162.0,1997000000.0,2086000000.0,21.937,33911000000.0,0.0,1038000000.0,2092000000.0,16.981,7041000000.0
87,HPQ,MRT,1999-09-30,1999-10-31,1999-10-31,2021-09-07,0.0,35297000000.0,34063500000.0,21642000000.0,13655000000.0,1.244,9.066,-592000000.0,5411000000.0,5411000000.0,29888000000.0,3491000000.0,1.511,0.929,4869000000.0,3105000000.0,1764000000.0,4869000000.0,1437000000.0,1146000000.0,0.0,0.0,0.0,4926000000.0,6072000000.0,0.143,6072000000.0,4926000000.0,4581000000.0,1.73,1.67,1.73,18295000000.0,18253000000.0,18295000000.0,73737610000.0,15.0,12.144,2504000000.0,1.241,1.0,12483000000.0,0.295,0.0,345000000.0,20434000000.0,19841000000.0,4863000000.0,5968000000.0,179000000.0,5789000000.0,17002000000.0,14321000000.0,2681000000.0,75599610000.0,1365000000.0,-131000000.0,-1983000000.0,1592000000.0,-650000000.0,-1041000000.0,-628000000.0,48000000.0,3096000000.0,0.0,3491000000.0,3491000000.0,3491000000.0,-387000000.0,0.0,0.082,8665000000.0,3818000000.0,3517000000.0,0.0,4.132,21.656,21.442,4333000000.0,0.0,37.095,1.784,1.767,7847000000.0,18275000000.0,42371000000.0,42371000000.0,2440000000.0,0.102,0.191,0.248,0.116,289000000.0,6225000000.0,1.0,2038000000.0,2018000000.0,2105000000.0,20.997,35297000000.0,0.0,1090000000.0,2152000000.0,17.491,7321000000.0
88,HPQ,MRT,1999-06-30,1999-07-31,1999-07-31,2021-09-07,0.0,34070000000.0,33166250000.0,20685000000.0,13385000000.0,1.245,9.41,-791000000.0,6052000000.0,6052000000.0,28902000000.0,3441000000.0,1.675,0.792,4190000000.0,2366000000.0,1824000000.0,4190000000.0,1409000000.0,1367000000.0,0.0,0.0,0.0,4729000000.0,6096000000.0,0.148,6096000000.0,4729000000.0,4537000000.0,1.695,1.65,1.695,19009000000.0,17909000000.0,19009000000.0,104277100000.0,22.0,17.106,3242000000.0,1.605,1.0,12402000000.0,0.3,0.0,192000000.0,19859000000.0,19506500000.0,5040000000.0,7406000000.0,1940000000.0,5466000000.0,15061000000.0,12349000000.0,2712000000.0,106061100000.0,741000000.0,89000000.0,-1548000000.0,-92000000.0,-656000000.0,-2297000000.0,-1383000000.0,-497000000.0,4033000000.0,0.0,3441000000.0,3441000000.0,3441000000.0,-338000000.0,0.0,0.083,8696000000.0,3706000000.0,2986000000.0,0.0,5.58,30.823,30.885,4497000000.0,0.0,52.35,2.568,2.56,4880000000.0,18715000000.0,41304000000.0,41304000000.0,2432000000.0,0.104,0.192,0.242,0.114,157000000.0,6264000000.0,1.0,2026000000.0,2020000000.0,2112000000.0,20.448,34070000000.0,0.0,1096000000.0,1425000000.0,16.866,8336000000.0
89,HPQ,MRT,1999-03-31,1999-04-30,1999-04-30,2021-09-07,0.0,34019000000.0,32972500000.0,22229000000.0,11790000000.0,1.218,9.009,-779000000.0,4894000000.0,4894000000.0,28158000000.0,3209000000.0,1.727,0.869,3110000000.0,1380000000.0,1730000000.0,3110000000.0,1593000000.0,1134000000.0,0.0,0.0,0.0,4476000000.0,5610000000.0,0.14,5610000000.0,4476000000.0,4275000000.0,1.575,1.535,1.575,18198000000.0,17485750000.0,18198000000.0,79365200000.0,18.0,14.147,2931000000.0,1.451,1.0,12010000000.0,0.299,0.0,201000000.0,19360000000.0,19474000000.0,6310000000.0,7719000000.0,1919000000.0,5800000000.0,15821000000.0,12875000000.0,2946000000.0,80063200000.0,507000000.0,89000000.0,-1819000000.0,-450000000.0,-659000000.0,-2912000000.0,-856000000.0,-79000000.0,3710000000.0,0.0,3209000000.0,3209000000.0,3209000000.0,-248000000.0,0.0,0.08,8418000000.0,3592000000.0,3124000000.0,0.0,4.4,24.95,25.041,5990000000.0,0.0,39.44,1.993,1.983,5919000000.0,18188000000.0,40168000000.0,40168000000.0,2398000000.0,0.097,0.184,0.23,0.111,157000000.0,6020000000.0,1.0,2030000000.0,2020000000.0,2102000000.0,19.885,34019000000.0,0.0,1066000000.0,1882000000.0,16.841,9354000000.0
90,HPQ,MRT,1998-12-31,1999-01-31,1999-01-31,2021-09-07,0.0,32868000000.0,32664500000.0,20940000000.0,11928000000.0,1.278,8.66,-1099000000.0,3694000000.0,3694000000.0,29083000000.0,2976000000.0,1.681,0.877,2996000000.0,1288000000.0,1708000000.0,2996000000.0,1605000000.0,1266000000.0,0.0,0.0,0.0,4241000000.0,5507000000.0,0.132,5507000000.0,4241000000.0,4026000000.0,1.45,1.42,1.45,17510000000.0,17241000000.0,17510000000.0,78825381240.0,19.0,14.314,2749000000.0,1.36,1.0,12670000000.0,0.303,0.0,215000000.0,19711000000.0,19673500000.0,6302000000.0,7573000000.0,1784000000.0,5789000000.0,15358000000.0,12459000000.0,2899000000.0,79563381240.0,961000000.0,89000000.0,-1550000000.0,-1565000000.0,-641000000.0,-3756000000.0,358000000.0,1472000000.0,3848000000.0,0.0,2976000000.0,2976000000.0,2976000000.0,-96000000.0,0.0,0.071,9101000000.0,3569000000.0,2835000000.0,0.0,4.544,26.735,27.028,6139000000.0,0.0,39.19,1.906,1.898,5790000000.0,17446000000.0,41753000000.0,41753000000.0,2645000000.0,0.091,0.173,0.216,0.102,157000000.0,6456000000.0,1.0,2030196000.0,2022000000.0,2098000000.0,20.649,32868000000.0,0.0,1050000000.0,1903000000.0,16.255,8481000000.0
91,HPQ,MRT,1998-09-30,1998-10-31,1998-10-31,2021-09-07,0.0,31708000000.0,32624250000.0,18507000000.0,13201000000.0,1.208,8.181,-1324000000.0,4046000000.0,4046000000.0,27790000000.0,2945000000.0,1.559,0.874,3308000000.0,1245000000.0,2063000000.0,3308000000.0,1248000000.0,1377000000.0,0.0,0.0,0.0,4196000000.0,5573000000.0,0.141,5573000000.0,4196000000.0,3961000000.0,1.42,1.39,1.42,16919000000.0,16959500000.0,16919000000.0,61631000000.0,15.0,11.059,3436000000.0,1.662,1.0,11629000000.0,0.295,0.0,235000000.0,19096000000.0,20248000000.0,4699000000.0,6755000000.0,1515000000.0,5240000000.0,14789000000.0,11874000000.0,2915000000.0,62660000000.0,974000000.0,89000000.0,-1957000000.0,-1084000000.0,-625000000.0,-3666000000.0,-608000000.0,775000000.0,4760000000.0,0.0,2945000000.0,2945000000.0,2945000000.0,-267000000.0,0.0,0.075,8230000000.0,3399000000.0,2768000000.0,0.0,3.704,21.277,21.215,4877000000.0,0.0,30.125,1.59,1.58,5104000000.0,16909000000.0,39419000000.0,39419000000.0,2380000000.0,0.09,0.174,0.207,0.106,157000000.0,5850000000.0,1.0,2080000000.0,2068000000.0,2144000000.0,19.061,31708000000.0,0.0,1016000000.0,2796000000.0,15.333,6633000000.0
92,HPQ,MRT,1998-06-30,1998-07-31,1998-07-31,2021-09-07,0.0,33295000000.0,32634500000.0,21927000000.0,11368000000.0,1.146,8.365,-1153000000.0,5311000000.0,5311000000.0,26602000000.0,3041000000.0,1.749,0.923,4282000000.0,2093000000.0,2189000000.0,4282000000.0,1374000000.0,1014000000.0,0.0,0.0,0.0,4220000000.0,5234000000.0,0.14,5234000000.0,4220000000.0,3983000000.0,1.465,1.42,1.465,17316000000.0,16768500000.0,17316000000.0,56935000000.0,13.0,10.878,1881000000.0,0.909,1.0,10795000000.0,0.289,0.0,237000000.0,19729000000.0,20934500000.0,6770000000.0,5073000000.0,176000000.0,4897000000.0,15979000000.0,12537000000.0,3442000000.0,57720000000.0,2221000000.0,0.0,-739000000.0,1577000000.0,-602000000.0,237000000.0,-1284000000.0,-46000000.0,3034000000.0,0.0,3041000000.0,3041000000.0,3041000000.0,-671000000.0,0.0,0.081,7749000000.0,3046000000.0,2824000000.0,0.0,3.333,18.981,18.942,6471000000.0,0.0,27.75,1.543,1.536,8030000000.0,16323000000.0,37397000000.0,37397000000.0,2239000000.0,0.093,0.181,0.202,0.113,0.0,5510000000.0,1.0,2080000000.0,2070000000.0,2152000000.0,18.066,33295000000.0,0.0,942000000.0,1900000000.0,16.085,9390000000.0
93,HPQ,MRT,1998-03-31,1998-04-30,1998-04-30,2021-09-07,0.0,32787000000.0,31431250000.0,21661000000.0,11126000000.0,1.231,8.286,-1441000000.0,4387000000.0,4387000000.0,27148000000.0,3037000000.0,1.829,0.904,3602000000.0,1154000000.0,2448000000.0,3602000000.0,1325000000.0,1316000000.0,0.0,0.0,0.0,4259000000.0,5575000000.0,0.144,5575000000.0,4259000000.0,4023000000.0,1.465,1.42,1.465,17219000000.0,16246250000.0,17219000000.0,79448400000.0,19.0,14.251,1618000000.0,0.779,1.0,11538000000.0,0.298,0.0,236000000.0,20158000000.0,20739250000.0,6700000000.0,5380000000.0,650000000.0,4730000000.0,15568000000.0,11844000000.0,3724000000.0,77641400000.0,1288000000.0,0.0,-610000000.0,886000000.0,-579000000.0,-317000000.0,-1949000000.0,-481000000.0,3059000000.0,0.0,3037000000.0,3037000000.0,3037000000.0,-604000000.0,0.0,0.079,8340000000.0,3198000000.0,3084000000.0,0.0,4.509,25.565,25.727,6396000000.0,0.0,37.69,2.007,2.025,8366000000.0,16035000000.0,38686000000.0,38686000000.0,2431000000.0,0.097,0.187,0.205,0.11,0.0,5909000000.0,1.0,2060000000.0,2078000000.0,2156000000.0,18.617,32787000000.0,0.0,986000000.0,1796000000.0,15.778,9817000000.0
94,HPQ,MRT,1997-12-31,1998-01-31,1998-01-31,2021-09-07,0.0,32707000000.0,30195750000.0,21852000000.0,10855000000.0,1.225,7.892,-1445000000.0,2733000000.0,2733000000.0,25667000000.0,3136000000.0,1.747,0.996,4540000000.0,1959000000.0,2581000000.0,4540000000.0,1273000000.0,1220000000.0,0.0,0.0,0.0,4424000000.0,5644000000.0,0.153,5644000000.0,4424000000.0,4196000000.0,1.52,1.47,1.52,16384000000.0,15637750000.0,16384000000.0,63853994690.0,14.0,11.314,1275000000.0,0.614,1.0,11319000000.0,0.306,0.0,228000000.0,22009000000.0,20198250000.0,7093000000.0,6757000000.0,2177000000.0,4580000000.0,16323000000.0,12505000000.0,3818000000.0,62541994690.0,-56000000.0,0.0,-732000000.0,1610000000.0,-556000000.0,323000000.0,-3594000000.0,-2107000000.0,2720000000.0,0.0,3136000000.0,3136000000.0,3136000000.0,-604000000.0,0.0,0.085,7891000000.0,3428000000.0,2992000000.0,0.0,3.817,19.943,19.78,6275000000.0,0.0,30.065,1.691,1.688,8401000000.0,15350000000.0,36986000000.0,36986000000.0,2295000000.0,0.104,0.201,0.219,0.12,0.0,5596000000.0,1.0,2080226000.0,2076000000.0,2152000000.0,17.816,32707000000.0,0.0,1060000000.0,1990000000.0,15.755,9347000000.0
95,HPQ,MRT,1997-09-30,1997-10-31,1997-10-31,2021-09-07,0.0,31749000000.0,28808000000.0,20947000000.0,10802000000.0,1.231,7.873,-1514000000.0,3072000000.0,3072000000.0,24524000000.0,3119000000.0,1.867,0.965,4384000000.0,1226000000.0,3158000000.0,4384000000.0,1152000000.0,1144000000.0,0.0,0.0,0.0,4387000000.0,5531000000.0,0.156,5531000000.0,4387000000.0,4172000000.0,1.52,1.475,1.52,16155000000.0,15069750000.0,16155000000.0,64250200000.0,15.0,11.616,1872000000.0,0.912,1.0,10941000000.0,0.309,0.0,215000000.0,21842000000.0,19179250000.0,6763000000.0,7110000000.0,2620000000.0,4490000000.0,15594000000.0,11219000000.0,4375000000.0,64095200000.0,187000000.0,0.0,-305000000.0,-285000000.0,-532000000.0,-1122000000.0,-2572000000.0,-1055000000.0,3386000000.0,0.0,3119000000.0,3119000000.0,3119000000.0,-604000000.0,0.0,0.088,7536000000.0,3405000000.0,3185000000.0,0.0,3.968,20.55,20.273,6312000000.0,0.0,30.815,1.807,1.783,6142000000.0,14968000000.0,35465000000.0,35465000000.0,2191000000.0,0.108,0.207,0.229,0.124,0.0,5345000000.0,1.0,2080000000.0,2052000000.0,2114000000.0,17.283,31749000000.0,0.0,1053000000.0,1515000000.0,15.472,9728000000.0
96,HPQ,MRT,1997-06-30,1997-07-31,1997-07-31,2021-09-07,0.0,28482000000.0,27795500000.0,17858000000.0,10624000000.0,1.484,7.385,-1978000000.0,2680000000.0,2680000000.0,27309000000.0,2961000000.0,1.843,0.87,2835000000.0,340000000.0,2495000000.0,2835000000.0,1135000000.0,1471000000.0,0.0,0.0,0.0,4448000000.0,5919000000.0,0.143,5919000000.0,4448000000.0,4190000000.0,1.485,1.41,1.485,15227000000.0,14390500000.0,15227000000.0,71066000000.0,16.0,12.006,2871000000.0,1.392,1.0,13944000000.0,0.338,0.0,258000000.0,18948000000.0,18442500000.0,6447000000.0,4712000000.0,115000000.0,4597000000.0,13255000000.0,9689000000.0,3566000000.0,71400000000.0,1233000000.0,0.0,-509000000.0,-2501000000.0,-510000000.0,-3524000000.0,-502000000.0,1454000000.0,4849000000.0,0.0,2961000000.0,2961000000.0,2961000000.0,0.0,0.0,0.072,9857000000.0,4087000000.0,2579000000.0,0.0,4.689,24.113,23.569,6027000000.0,0.0,35.0,1.731,1.749,7217000000.0,14166000000.0,41253000000.0,41253000000.0,2927000000.0,0.107,0.206,0.241,0.108,0.0,6930000000.0,1.0,2040000000.0,2062000000.0,2120000000.0,20.006,28482000000.0,0.0,1229000000.0,1698000000.0,13.813,8169000000.0
97,HPQ,MRT,1997-03-31,1997-04-30,1997-04-30,2021-09-07,0.0,27845000000.0,27506000000.0,17648000000.0,10197000000.0,1.45,7.269,-1970000000.0,3099000000.0,3099000000.0,26450000000.0,2769000000.0,1.854,0.883,2765000000.0,270000000.0,2495000000.0,2765000000.0,1118000000.0,1404000000.0,0.0,0.0,0.0,4214000000.0,5618000000.0,0.141,5618000000.0,4214000000.0,3925000000.0,1.385,1.32,1.385,14785000000.0,13806000000.0,14785000000.0,53725000000.0,13.0,9.563,3342000000.0,1.643,1.0,13437000000.0,0.337,0.0,289000000.0,17994000000.0,18536500000.0,6255000000.0,4520000000.0,149000000.0,4371000000.0,13060000000.0,9517000000.0,3543000000.0,53550000000.0,1198000000.0,0.0,-720000000.0,-1922000000.0,-489000000.0,-3134000000.0,-980000000.0,950000000.0,5312000000.0,0.0,2769000000.0,2769000000.0,2769000000.0,0.0,0.0,0.069,9564000000.0,3873000000.0,2473000000.0,0.0,3.622,19.339,18.953,5826000000.0,0.0,26.25,1.343,1.339,6875000000.0,13770000000.0,39887000000.0,39887000000.0,2858000000.0,0.101,0.201,0.227,0.106,0.0,6706000000.0,1.0,2040000000.0,2034000000.0,2092000000.0,19.61,27845000000.0,0.0,1156000000.0,1900000000.0,13.69,8131000000.0
98,HPQ,MRT,1996-12-31,1997-01-31,1997-01-31,2021-09-07,0.0,27156000000.0,27274250000.0,17186000000.0,9970000000.0,1.446,6.938,-1961000000.0,2789000000.0,2789000000.0,26205000000.0,2708000000.0,1.829,0.924,2964000000.0,380000000.0,2584000000.0,2964000000.0,1100000000.0,1343000000.0,0.0,0.0,0.0,4146000000.0,5489000000.0,0.139,5489000000.0,4146000000.0,3835000000.0,1.345,1.29,1.345,14112000000.0,13360250000.0,14112000000.0,55349236150.0,13.0,10.084,2687000000.0,1.321,1.0,13222000000.0,0.335,0.0,311000000.0,17933000000.0,18537750000.0,6232000000.0,4406000000.0,70000000.0,4336000000.0,13044000000.0,9398000000.0,3646000000.0,53530236150.0,331000000.0,0.0,-569000000.0,-1554000000.0,-469000000.0,-2597000000.0,-1720000000.0,195000000.0,4648000000.0,0.0,2708000000.0,2708000000.0,2708000000.0,0.0,0.0,0.069,9410000000.0,3812000000.0,2223000000.0,0.0,3.793,19.767,19.565,5634000000.0,0.0,26.315,1.358,1.358,6841000000.0,13092000000.0,39427000000.0,39427000000.0,2805000000.0,0.099,0.203,0.224,0.105,0.0,6605000000.0,1.0,2034210000.0,2034000000.0,2094000000.0,19.384,27156000000.0,0.0,1127000000.0,2050000000.0,13.351,7788000000.0
99,HPQ,MRT,1996-09-30,1996-10-31,1996-10-31,2021-09-07,0.0,27699000000.0,26923500000.0,17991000000.0,9708000000.0,1.427,6.594,-1885000000.0,2885000000.0,2885000000.0,25499000000.0,2586000000.0,1.694,1.061,4704000000.0,2125000000.0,2579000000.0,4704000000.0,951000000.0,1297000000.0,0.0,0.0,0.0,4021000000.0,5318000000.0,0.138,5318000000.0,4021000000.0,3694000000.0,1.27,1.23,1.27,13438000000.0,12892750000.0,13438000000.0,48419400000.0,12.0,9.105,1571000000.0,0.771,1.0,12921000000.0,0.336,0.0,327000000.0,18895000000.0,18155000000.0,6401000000.0,4614000000.0,442000000.0,4172000000.0,14261000000.0,10623000000.0,3638000000.0,45002400000.0,912000000.0,0.0,-726000000.0,811000000.0,-450000000.0,-369000000.0,-2175000000.0,-312000000.0,3456000000.0,0.0,2586000000.0,2586000000.0,2586000000.0,0.0,0.0,0.067,9195000000.0,3726000000.0,2375000000.0,0.0,3.349,17.402,17.37,5536000000.0,0.0,22.06,1.171,1.17,7126000000.0,12424000000.0,38420000000.0,38420000000.0,2718000000.0,0.096,0.201,0.221,0.105,0.0,6477000000.0,1.0,2040000000.0,2038000000.0,2104000000.0,18.852,27699000000.0,0.0,1108000000.0,1514000000.0,13.591,7368000000.0
100,HPQ,MRT,1996-06-30,1996-07-31,1996-07-31,2021-09-07,0.0,27324000000.0,26105500000.0,18253000000.0,9071000000.0,1.43,6.12,-1726000000.0,1857000000.0,1857000000.0,24586000000.0,2616000000.0,1.599,1.12,5274000000.0,3303000000.0,1971000000.0,5274000000.0,982000000.0,1248000000.0,0.0,0.0,0.0,4087000000.0,5335000000.0,0.143,5335000000.0,4087000000.0,3800000000.0,1.24,1.24,1.24,12889000000.0,12493000000.0,12889000000.0,47777600000.0,12.0,8.956,488000000.0,0.232,1.0,12735000000.0,0.341,0.0,287000000.0,19324000000.0,17278000000.0,6893000000.0,5715000000.0,1857000000.0,3858000000.0,14435000000.0,11417000000.0,3018000000.0,44985600000.0,-222000000.0,0.0,-734000000.0,1850000000.0,-429000000.0,691000000.0,-3127000000.0,-1438000000.0,2214000000.0,0.0,2616000000.0,2616000000.0,2616000000.0,0.0,0.0,0.07,8951000000.0,3784000000.0,2109000000.0,0.0,3.49,17.196,17.742,5213000000.0,0.0,22.0,1.205,1.241,6546000000.0,11784000000.0,37321000000.0,37321000000.0,2635000000.0,0.1,0.209,0.237,0.11,0.0,6316000000.0,1.0,2044800000.0,2106000000.0,2106000000.0,17.721,27324000000.0,0.0,1184000000.0,1517000000.0,12.974,6836000000.0
101,HPQ,MRT,1996-03-31,1996-04-30,1996-04-30,2021-09-07,0.0,26918000000.0,24931000000.0,18104000000.0,8814000000.0,1.442,6.162,-1558000000.0,1901000000.0,1901000000.0,23299000000.0,2767000000.0,1.546,1.07,4693000000.0,3500000000.0,1193000000.0,4693000000.0,961000000.0,1190000000.0,0.0,0.0,0.0,4307000000.0,5497000000.0,0.153,5497000000.0,4307000000.0,4051000000.0,1.315,1.315,1.315,13002000000.0,12096500000.0,13002000000.0,56061212000.0,13.0,10.199,-216000000.0,-0.102,1.0,12656000000.0,0.352,0.0,256000000.0,17999000000.0,16014250000.0,6735000000.0,5184000000.0,1387000000.0,3797000000.0,13916000000.0,11711000000.0,2205000000.0,53988212000.0,-35000000.0,0.0,-486000000.0,1855000000.0,-410000000.0,958000000.0,-2335000000.0,-760000000.0,1342000000.0,0.0,2767000000.0,2767000000.0,2767000000.0,0.0,0.0,0.077,8659000000.0,3997000000.0,2181000000.0,0.0,4.152,19.511,20.129,5017000000.0,0.0,26.47,1.502,1.553,7025000000.0,12114000000.0,35955000000.0,35955000000.0,2514000000.0,0.111,0.229,0.269,0.12,0.0,6145000000.0,1.0,2039600000.0,2110000000.0,2110000000.0,17.04,26918000000.0,0.0,1284000000.0,1543000000.0,12.757,6393000000.0
102,HPQ,MRT,1995-12-31,1996-01-31,1996-01-31,2021-09-07,0.0,25753000000.0,23529500000.0,17496000000.0,8257000000.0,1.424,5.818,-1330000000.0,2458000000.0,2458000000.0,21455000000.0,2621000000.0,1.532,1.104,4531000000.0,3437000000.0,1094000000.0,4531000000.0,925000000.0,1155000000.0,0.0,0.0,0.0,4105000000.0,5260000000.0,0.157,5260000000.0,4105000000.0,3875000000.0,1.245,1.245,1.245,12242000000.0,11585000000.0,12242000000.0,45353254896.0,11.0,8.622,-29000000.0,-0.014,1.0,12048000000.0,0.36,0.0,230000000.0,16402000000.0,14874250000.0,6788000000.0,4304000000.0,838000000.0,3466000000.0,13511000000.0,11424000000.0,2087000000.0,43449254896.0,792000000.0,0.0,-464000000.0,1625000000.0,-385000000.0,780000000.0,-1289000000.0,85000000.0,1301000000.0,0.0,2621000000.0,2621000000.0,2621000000.0,0.0,0.0,0.078,8217000000.0,3831000000.0,2160000000.0,0.0,3.549,16.577,17.018,4791000000.0,0.0,21.188,1.297,1.331,6479000000.0,11392000000.0,33503000000.0,33503000000.0,2379000000.0,0.111,0.226,0.276,0.123,0.0,5838000000.0,1.0,2050702296.0,2104000000.0,2104000000.0,15.923,25753000000.0,0.0,1254000000.0,1671000000.0,12.24,6072000000.0
103,HPQ,MRT,1995-09-30,1995-10-31,1995-10-31,2021-09-07,0.0,24427000000.0,22138000000.0,16239000000.0,8188000000.0,1.424,5.627,-1307000000.0,1973000000.0,1973000000.0,20014000000.0,2433000000.0,1.484,1.063,3877000000.0,3214000000.0,663000000.0,3877000000.0,782000000.0,1139000000.0,0.0,0.0,0.0,3838000000.0,4977000000.0,0.158,4977000000.0,3838000000.0,3632000000.0,1.155,1.155,1.155,11839000000.0,11112750000.0,11839000000.0,48723916000.0,13.0,9.79,306000000.0,0.145,1.0,11505000000.0,0.365,0.0,206000000.0,15387000000.0,14096500000.0,6013000000.0,4120000000.0,643000000.0,3477000000.0,12588000000.0,10944000000.0,1644000000.0,47402916000.0,616000000.0,0.0,-325000000.0,857000000.0,-358000000.0,178000000.0,-1175000000.0,170000000.0,1613000000.0,0.0,2433000000.0,2433000000.0,2433000000.0,0.0,0.0,0.077,7937000000.0,3568000000.0,2422000000.0,0.0,4.004,19.483,20.048,4711000000.0,0.0,23.155,1.504,1.546,6735000000.0,10458000000.0,31519000000.0,31519000000.0,2302000000.0,0.11,0.219,0.272,0.122,0.0,5635000000.0,1.0,2047200000.0,2104000000.0,2104000000.0,14.981,24427000000.0,0.0,1199000000.0,1494000000.0,11.61,5295000000.0
104,HPQ,MRT,1995-06-30,1995-07-31,1995-07-31,2021-09-07,0.0,22626000000.0,20923000000.0,14872000000.0,7754000000.0,1.409,5.362,-1205000000.0,2079000000.0,2079000000.0,18464000000.0,2231000000.0,1.537,1.002,3400000000.0,2735000000.0,665000000.0,3400000000.0,791000000.0,1104000000.0,0.0,0.0,0.0,3552000000.0,4656000000.0,0.158,4656000000.0,3552000000.0,3361000000.0,1.07,1.07,1.07,11303000000.0,10634500000.0,11303000000.0,40715620000.0,11.0,8.745,1045000000.0,0.496,1.0,11009000000.0,0.374,0.0,191000000.0,14269000000.0,13498750000.0,5488000000.0,746000000.0,746000000.0,0.0,11323000000.0,9678000000.0,1645000000.0,39835620000.0,463000000.0,-62000000.0,-149000000.0,277000000.0,-332000000.0,-200000000.0,-1587000000.0,-291000000.0,2250000000.0,0.0,2231000000.0,2231000000.0,2231000000.0,0.0,0.0,0.076,7608000000.0,3401000000.0,1941000000.0,0.0,3.524,17.855,18.196,4495000000.0,0.0,19.47,1.352,1.393,5698000000.0,10290000000.0,29473000000.0,29473000000.0,2220000000.0,0.107,0.21,0.263,0.121,0.0,5388000000.0,1.0,2046000000.0,2108000000.0,2108000000.0,13.981,22626000000.0,0.0,1130000000.0,1389000000.0,10.733,5194000000.0
105,HPQ,MRT,1995-03-31,1995-04-30,1995-04-30,2021-09-07,0.0,21312000000.0,19892250000.0,13855000000.0,7457000000.0,1.397,5.207,-1126000000.0,1936000000.0,1936000000.0,17331000000.0,2002000000.0,1.583,0.945,2816000000.0,2151000000.0,665000000.0,2816000000.0,805000000.0,1079000000.0,0.0,0.0,0.0,3199000000.0,4278000000.0,0.154,4278000000.0,3199000000.0,3020000000.0,0.96,0.96,0.96,10956000000.0,10164000000.0,10956000000.0,34942424000.0,11.0,8.168,1537000000.0,0.731,1.0,10456000000.0,0.376,0.0,179000000.0,13439000000.0,13015750000.0,4616000000.0,1060000000.0,1060000000.0,0.0,10356000000.0,8753000000.0,1603000000.0,33734424000.0,385000000.0,-62000000.0,-145000000.0,-86000000.0,-306000000.0,-531000000.0,-1747000000.0,-567000000.0,2663000000.0,0.0,2002000000.0,2002000000.0,2002000000.0,0.0,0.0,0.072,7336000000.0,3120000000.0,1782000000.0,0.0,3.079,16.85,17.219,4418000000.0,0.0,16.53,1.214,1.252,5449000000.0,9919000000.0,27787000000.0,27787000000.0,2150000000.0,0.101,0.197,0.246,0.115,0.0,5186000000.0,1.0,2040800000.0,2104000000.0,2104000000.0,13.207,21312000000.0,0.0,1018000000.0,1259000000.0,10.129,5102000000.0
106,HPQ,MRT,1994-12-31,1995-01-31,1995-01-31,2021-09-07,0.0,20187000000.0,19051750000.0,12971000000.0,7216000000.0,1.397,4.939,-1054000000.0,1666000000.0,1666000000.0,16567000000.0,1833000000.0,1.601,0.95,2874000000.0,2041000000.0,833000000.0,2874000000.0,716000000.0,1052000000.0,0.0,0.0,0.0,2942000000.0,3994000000.0,0.15,3994000000.0,2942000000.0,2775000000.0,0.88,0.88,0.88,10353000000.0,9739250000.0,10353000000.0,27435292662.0,9.0,6.869,1563000000.0,0.746,1.0,10046000000.0,0.377,0.0,167000000.0,13291000000.0,12667000000.0,4401000000.0,1171000000.0,1171000000.0,0.0,9834000000.0,8104000000.0,1730000000.0,25776292662.0,371000000.0,-62000000.0,-80000000.0,-104000000.0,-293000000.0,-472000000.0,-1774000000.0,-687000000.0,2617000000.0,0.0,1833000000.0,1833000000.0,1833000000.0,0.0,0.0,0.069,7163000000.0,2883000000.0,1470000000.0,0.0,2.49,14.062,14.276,4383000000.0,0.0,12.562,0.969,0.989,4998000000.0,9343000000.0,26613000000.0,26613000000.0,2096000000.0,0.096,0.188,0.232,0.111,0.0,5067000000.0,1.0,2051844192.0,2096000000.0,2096000000.0,12.697,20187000000.0,0.0,942000000.0,1334000000.0,9.631,4867000000.0
107,HPQ,MRT,1994-09-30,1994-10-31,1994-10-31,2021-09-07,0.0,19567000000.0,18305250000.0,12509000000.0,7058000000.0,1.365,4.768,-966000000.0,1357000000.0,1357000000.0,15490000000.0,1599000000.0,1.52,0.971,3016000000.0,2469000000.0,547000000.0,3016000000.0,598000000.0,1006000000.0,0.0,0.0,0.0,2578000000.0,3584000000.0,0.143,3584000000.0,2578000000.0,2423000000.0,0.77,0.77,0.77,9926000000.0,9337000000.0,9926000000.0,26384096000.0,10.0,7.362,1258000000.0,0.604,1.0,9501000000.0,0.38,0.0,155000000.0,12996000000.0,12294750000.0,4273000000.0,3851000000.0,1121000000.0,2730000000.0,9641000000.0,8230000000.0,1411000000.0,24881096000.0,468000000.0,-62000000.0,-25000000.0,155000000.0,-280000000.0,-146000000.0,-1610000000.0,-651000000.0,2224000000.0,0.0,1599000000.0,1599000000.0,1599000000.0,0.0,0.0,0.064,6952000000.0,2549000000.0,1466000000.0,0.0,2.507,15.56,15.89,4328000000.0,0.0,12.235,0.996,1.019,5028000000.0,8893000000.0,24991000000.0,24991000000.0,2027000000.0,0.087,0.171,0.21,0.103,0.0,4925000000.0,1.0,2033600000.0,2082000000.0,2082000000.0,12.003,19567000000.0,0.0,824000000.0,1245000000.0,9.398,4279000000.0
108,HPQ,MRT,1994-06-30,1994-07-31,1994-07-31,2021-09-07,0.0,18503000000.0,17597500000.0,11909000000.0,6594000000.0,1.345,4.512,-996000000.0,1616000000.0,1616000000.0,14628000000.0,1421000000.0,1.553,0.964,3119000000.0,2547000000.0,572000000.0,3119000000.0,637000000.0,960000000.0,0.0,0.0,0.0,2293000000.0,3253000000.0,0.137,3253000000.0,2293000000.0,2153000000.0,0.686,0.686,0.686,9421000000.0,8983250000.0,9421000000.0,21106052000.0,9.0,6.488,558000000.0,0.267,1.0,9048000000.0,0.382,0.0,140000000.0,12337000000.0,12004750000.0,4301000000.0,859000000.0,859000000.0,0.0,9082000000.0,7669000000.0,1413000000.0,19762052000.0,670000000.0,-86000000.0,-99000000.0,769000000.0,-267000000.0,400000000.0,-1284000000.0,-228000000.0,1554000000.0,0.0,1421000000.0,1421000000.0,1421000000.0,0.0,0.0,0.06,6792000000.0,2256000000.0,1272000000.0,0.0,2.098,13.907,14.144,4186000000.0,0.0,9.703,0.835,0.856,4471000000.0,8417000000.0,23676000000.0,23676000000.0,1970000000.0,0.081,0.158,0.191,0.097,0.0,4822000000.0,1.0,2036800000.0,2088000000.0,2088000000.0,11.339,18503000000.0,0.0,732000000.0,1051000000.0,8.862,4240000000.0
109,HPQ,MRT,1994-03-31,1994-04-30,1994-04-30,2021-09-07,0.0,17950000000.0,,11433000000.0,6517000000.0,,4.433,-1129000000.0,1551000000.0,1551000000.0,13822000000.0,1345000000.0,1.577,0.939,2895000000.0,2234000000.0,661000000.0,2895000000.0,0.0,926000000.0,0.0,0.0,0.0,2154000000.0,3080000000.0,0.136,3080000000.0,2154000000.0,2024000000.0,0.654,0.654,0.654,9257000000.0,,9257000000.0,21972225000.0,10.0,7.134,308000000.0,0.148,1.0,8762000000.0,0.388,0.0,130000000.0,12044000000.0,,4022000000.0,863000000.0,863000000.0,0.0,8693000000.0,7250000000.0,1443000000.0,20295225000.0,447000000.0,-86000000.0,-31000000.0,860000000.0,-254000000.0,562000000.0,-1552000000.0,-384000000.0,1437000000.0,0.0,1345000000.0,1345000000.0,1345000000.0,0.0,0.0,0.06,6622000000.0,2140000000.0,2902000000.0,0.0,2.192,15.089,15.338,4168000000.0,0.0,10.031,0.899,0.927,4295000000.0,8223000000.0,22584000000.0,22584000000.0,1899000000.0,,,,0.095,0.0,4723000000.0,1.0,2023200000.0,2088000000.0,2088000000.0,10.816,17950000000.0,0.0,679000000.0,1007000000.0,8.597,4183000000.0
110,HPQ,MRT,1993-12-31,1994-01-31,1994-01-31,2021-09-07,0.0,17201000000.0,,10758000000.0,6443000000.0,,4.22,-1172000000.0,1295000000.0,1295000000.0,12929000000.0,1284000000.0,1.52,0.967,2972000000.0,2301000000.0,671000000.0,2972000000.0,0.0,886000000.0,0.0,0.0,0.0,2072000000.0,2958000000.0,0.138,2958000000.0,2072000000.0,1949000000.0,0.631,0.631,0.631,8744000000.0,,8744000000.0,23544058133.0,11.0,7.959,76000000.0,0.037,1.0,8497000000.0,0.397,0.0,123000000.0,11802000000.0,,4062000000.0,769000000.0,769000000.0,0.0,8457000000.0,7076000000.0,1381000000.0,21576058133.0,271000000.0,-86000000.0,-90000000.0,817000000.0,-241000000.0,469000000.0,-1446000000.0,-245000000.0,1248000000.0,0.0,1284000000.0,1284000000.0,1284000000.0,0.0,0.0,0.06,6441000000.0,2056000000.0,2801000000.0,0.0,2.468,16.804,16.888,4179000000.0,0.0,10.656,1.007,1.031,3905000000.0,7816000000.0,21426000000.0,21426000000.0,1828000000.0,,,,0.097,0.0,4613000000.0,1.0,2024732728.0,2072000000.0,2072000000.0,10.341,17201000000.0,0.0,665000000.0,1065000000.0,8.302,3682000000.0
111,HPQ,MRT,1993-09-30,1993-10-31,1993-10-31,2021-09-07,0.0,16736000000.0,15218000000.0,10236000000.0,6500000000.0,1.335,4.205,-1190000000.0,889000000.0,889000000.0,12123000000.0,1177000000.0,1.49,0.966,2857000000.0,2190000000.0,667000000.0,2857000000.0,507000000.0,846000000.0,0.0,0.0,0.0,1904000000.0,2750000000.0,0.135,2750000000.0,1904000000.0,1783000000.0,0.583,0.583,0.583,8511000000.0,8005000000.0,8511000000.0,,,,-48000000.0,-0.024,1.0,8194000000.0,0.403,0.0,121000000.0,11836000000.0,10805000000.0,3691000000.0,755000000.0,755000000.0,0.0,8225000000.0,6868000000.0,1357000000.0,18632602929.0,248000000.0,-86000000.0,-6000000.0,966000000.0,-228000000.0,710000000.0,-1604000000.0,-351000000.0,1142000000.0,0.0,1177000000.0,1177000000.0,1177000000.0,0.0,0.0,0.058,6315000000.0,1879000000.0,1223000000.0,0.0,2.189,15.831,15.785,4180000000.0,0.0,9.203,0.917,0.917,4208000000.0,7574000000.0,20317000000.0,20317000000.0,1761000000.0,0.077,0.147,0.176,0.094,0.0,4554000000.0,1.0,2024732728.0,2024000000.0,2024000000.0,10.038,16736000000.0,0.0,606000000.0,922000000.0,8.269,3368000000.0
112,HPQ,MRT,1993-06-30,1993-07-31,1993-07-31,2021-09-07,,,,,,,,,,,,,,,,,,,,,,0.0,0.0,,,,,,,,,,,,,,,,,,1.0,,,,,,,,,,,,,,,,,,,,,,,,,,,,,,,,,,,,,,,,9.0,,,,,,,,,,,,,,1.0,,2032000000.0,,,,,,,,
113,HPQ,MRT,1993-03-31,1993-04-30,1993-04-30,2021-09-07,,,,,,,,,,,,,,,,,,,,,,0.0,0.0,,,,,,,,,,,,,,,,,,1.0,,,,,,,,,,,,,,,,,,,,,,,,,,,,,,,,,,,,,,,,9.36,,,,,,,,,,,,,,1.0,,2024000000.0,,,,,,,,
114,HPQ,MRT,1992-12-31,1993-01-31,1993-01-31,2021-09-07,,,,,,,,,,,,,,,,,,,,,,0.0,0.0,,,,,,,,,,,,,,,,,,1.0,,,,,,,,,,,,,,,,,,,,,,,,,,,,,,,,,,,,,,,,9.0,,,,,,,,,,,,,,1.0,,2016000000.0,,,,,,,,
115,HPQ,MRT,1992-09-30,1992-10-31,1992-10-31,2021-09-07,0.0,13700000000.0,,7679000000.0,6021000000.0,,,-849000000.0,641000000.0,641000000.0,9158000000.0,549000000.0,1.507,0.827,1809000000.0,1384000000.0,425000000.0,1809000000.0,449000000.0,673000000.0,0.0,0.0,0.0,1089000000.0,1762000000.0,0.107,1762000000.0,1089000000.0,993000000.0,0.273,0.273,0.273,7499000000.0,,7499000000.0,,,,439000000.0,,1.0,7252000000.0,0.442,0.0,96000000.0,9774000000.0,,2605000000.0,394000000.0,394000000.0,0.0,6201000000.0,5094000000.0,1107000000.0,,16000000.0,-411000000.0,-237000000.0,416000000.0,-183000000.0,-6000000.0,-1266000000.0,52000000.0,1288000000.0,0.0,549000000.0,549000000.0,549000000.0,0.0,0.0,0.033,5848000000.0,1404000000.0,925000000.0,0.0,,,26.044,3649000000.0,0.0,7.11,,,3497000000.0,6625000000.0,16410000000.0,16410000000.0,1620000000.0,,,,0.066,0.0,4228000000.0,1.0,,,,,13700000000.0,0.0,444000000.0,539000000.0,,2585000000.0
116,HPQ,MRT,1991-09-30,1991-10-31,1991-10-31,2021-09-07,,,,,,,,-699000000.0,,,7858000000.0,755000000.0,,,,,,,,624000000.0,,0.0,0.0,1257000000.0,1881000000.0,0.13,1881000000.0,1257000000.0,1127000000.0,0.378,0.378,0.378,,,,,,,853000000.0,,1.0,6636000000.0,0.458,,130000000.0,,,,,,,,,,,-452000000.0,0.0,172000000.0,-647000000.0,-120000000.0,-590000000.0,-1414000000.0,-715000000.0,1552000000.0,0.0,755000000.0,755000000.0,755000000.0,0.0,0.0,0.052,5426000000.0,1210000000.0,,0.0,,,16.66,,0.0,6.298,,,,,14494000000.0,14494000000.0,1463000000.0,,,,0.087,0.0,3963000000.0,1.0,,,,,,,372000000.0,,,
