None,ticker,dimension,calendardate,datekey,reportperiod,lastupdated,accoci,assets,assetsavg,assetsc,assetsnc,assetturnover,bvps,capex,cashneq,cashnequsd,cor,consolinc,currentratio,de,debt,debtc,debtnc,debtusd,deferredrev,depamor,deposits,divyield,dps,ebit,ebitda,ebitdamargin,ebitdausd,ebitusd,ebt,eps,epsdil,epsusd,equity,equityavg,equityusd,ev,evebit,evebitda,fcf,fcfps,fxusd,gp,grossmargin,intangibles,intexp,invcap,invcapavg,inventory,investments,investmentsc,investmentsnc,liabilities,liabilitiesc,liabilitiesnc,marketcap,ncf,ncfbus,ncfcommon,ncfdebt,ncfdiv,ncff,ncfi,ncfinv,ncfo,ncfx,netinc,netinccmn,netinccmnusd,netincdis,netincnci,netmargin,opex,opinc,payables,payoutratio,pb,pe,pe1,ppnenet,prefdivis,price,ps,ps1,receivables,retearn,revenue,revenueusd,rnd,roa,roe,roic,ros,sbcomp,sgna,sharefactor,sharesbas,shareswa,shareswadil,sps,tangibles,taxassets,taxexp,taxliabilities,tbvps,workingcapital
0,AAL,MRY,2020-12-31,2020-12-31,2020-12-31,2021-10-21,-7103000000.0,62008000000.0,61976250000.0,11095000000.0,50913000000.0,0.28,-13.501,-1607000000.0,854000000.0,854000000.0,11933000000.0,-8885000000.0,0.67,-10.03,41021000000.0,4448000000.0,36573000000.0,41021000000.0,0.0,2370000000.0,0.0,0.006,0.1,-10226000000.0,-7856000000.0,-0.453,-7856000000.0,-10226000000.0,-11453000000.0,-18.36,-18.36,-18.36,-6867000000.0,-4550000000.0,-6867000000.0,48465123123.0,-5.0,-6.169,-8150000000.0,-16.023,1.0,5404000000.0,0.312,6120000000.0,1227000000.0,79486000000.0,76525000000.0,1614000000.0,6619000000.0,6619000000.0,0.0,68875000000.0,16569000000.0,52306000000.0,8021123123.0,109000000.0,0.0,2797000000.0,8245000000.0,-43000000.0,10994000000.0,-4342000000.0,-2672000000.0,-6543000000.0,0.0,-8885000000.0,-8885000000.0,-8885000000.0,0.0,0.0,-0.512,15825000000.0,-10421000000.0,1196000000.0,-0.005,-1.168,-0.903,-0.859,39738000000.0,0.0,15.77,0.463,0.463,1342000000.0,-6664000000.0,17337000000.0,17337000000.0,0.0,-0.143,1.953,-0.134,-0.59,91000000.0,11473000000.0,1.0,508631777.0,508631777.0,,34.086,55888000000.0,3239000000.0,-2568000000.0,0.0,109.879,-5474000000.0
1,AAL,MRY,2019-12-31,2019-12-31,2019-12-31,2021-10-21,-6331000000.0,59995000000.0,60981000000.0,8206000000.0,51789000000.0,0.751,-0.269,-4214000000.0,438000000.0,438000000.0,20788000000.0,1686000000.0,0.448,-509.432,33444000000.0,4569000000.0,28875000000.0,33444000000.0,0.0,2318000000.0,0.0,0.014,0.4,3351000000.0,5669000000.0,0.124,5669000000.0,3351000000.0,2256000000.0,3.8,3.79,3.8,-118000000.0,-154000000.0,-118000000.0,46533502608.0,14.0,8.208,-399000000.0,-0.911,1.0,24980000000.0,0.546,6175000000.0,1095000000.0,68515000000.0,68879250000.0,1851000000.0,3546000000.0,3546000000.0,0.0,60113000000.0,18311000000.0,41802000000.0,12563502608.0,4000000.0,0.0,-1097000000.0,-230000000.0,-178000000.0,-1568000000.0,-2243000000.0,1807000000.0,3815000000.0,0.0,1686000000.0,1686000000.0,1686000000.0,0.0,0.0,0.037,21915000000.0,3065000000.0,2062000000.0,0.105,-106.47,7.452,7.547,43732000000.0,0.0,28.68,0.275,0.275,1750000000.0,2264000000.0,45768000000.0,45768000000.0,0.0,0.028,-10.948,0.049,0.073,94000000.0,14211000000.0,1.0,438057971.0,438057971.0,,104.479,53820000000.0,645000000.0,570000000.0,0.0,122.86,-10105000000.0
2,AAL,MRY,2018-12-31,2018-12-31,2018-12-31,2021-10-21,-5896000000.0,60580000000.0,54779250000.0,8637000000.0,51943000000.0,0.813,-0.367,-3634000000.0,429000000.0,429000000.0,20400000000.0,1412000000.0,0.477,-359.462,34029000000.0,4948000000.0,29081000000.0,34029000000.0,0.0,2159000000.0,0.0,0.012,0.4,2940000000.0,5099000000.0,0.114,5099000000.0,2940000000.0,1884000000.0,3.04,3.03,3.04,-169000000.0,-656000000.0,-169000000.0,39099270777.0,13.0,7.668,-101000000.0,-0.219,1.0,24141000000.0,0.542,6228000000.0,1056000000.0,69856000000.0,57914000000.0,1522000000.0,4485000000.0,4485000000.0,0.0,60749000000.0,18096000000.0,42653000000.0,14789270777.0,-112000000.0,0.0,-837000000.0,-587000000.0,-186000000.0,-1672000000.0,-1973000000.0,1668000000.0,3533000000.0,0.0,1412000000.0,1412000000.0,1412000000.0,0.0,0.0,0.032,21485000000.0,2656000000.0,1773000000.0,0.132,-87.51,10.474,10.562,43249000000.0,0.0,32.11,0.332,0.332,1706000000.0,758000000.0,44541000000.0,44541000000.0,0.0,0.026,-2.152,0.051,0.066,86000000.0,13771000000.0,1.0,460581463.0,460581463.0,,96.706,54352000000.0,1145000000.0,472000000.0,0.0,118.007,-9459000000.0
3,AAL,MRY,2017-12-31,2017-12-31,2017-12-31,2021-10-21,-5154000000.0,52785000000.0,52787250000.0,9146000000.0,43639000000.0,0.807,-1.63,-5877000000.0,613000000.0,613000000.0,17636000000.0,1282000000.0,0.596,-68.673,25065000000.0,2554000000.0,22511000000.0,25065000000.0,0.0,2017000000.0,0.0,0.008,0.4,4448000000.0,6465000000.0,0.152,6465000000.0,4448000000.0,3395000000.0,2.62,2.61,2.62,-780000000.0,2585000000.0,-780000000.0,48847306768.0,11.0,7.556,-1133000000.0,-2.368,1.0,24986000000.0,0.586,6294000000.0,1053000000.0,55585000000.0,54948250000.0,1359000000.0,4771000000.0,4771000000.0,0.0,53565000000.0,15358000000.0,38207000000.0,24896306768.0,-37000000.0,0.0,-1615000000.0,726000000.0,-198000000.0,-1145000000.0,-3636000000.0,2241000000.0,4744000000.0,0.0,1282000000.0,1282000000.0,1282000000.0,0.0,0.0,0.03,20755000000.0,4231000000.0,1688000000.0,0.153,-31.918,19.42,19.859,34156000000.0,0.0,52.03,0.584,0.584,1752000000.0,-1345000000.0,42622000000.0,42622000000.0,0.0,0.024,0.496,0.081,0.104,90000000.0,13431000000.0,1.0,478499073.0,478499073.0,,89.074,46491000000.0,1816000000.0,2113000000.0,0.0,97.16,-6212000000.0
4,AAL,MRY,2016-12-31,2016-12-31,2016-12-31,2021-10-21,-5083000000.0,51274000000.0,50835500000.0,10324000000.0,40950000000.0,0.79,7.305,-5606000000.0,960000000.0,960000000.0,15924000000.0,2584000000.0,0.744,12.547,24344000000.0,1855000000.0,22489000000.0,24344000000.0,0.0,1818000000.0,0.0,0.009,0.4,5143000000.0,6961000000.0,0.173,6961000000.0,5143000000.0,4152000000.0,4.68,4.65,4.68,3785000000.0,4299500000.0,3785000000.0,46518263534.0,9.0,6.683,918000000.0,1.772,1.0,24218000000.0,0.603,6264000000.0,991000000.0,54522000000.0,51899250000.0,1094000000.0,6037000000.0,6037000000.0,0.0,47489000000.0,13872000000.0,33617000000.0,24191263534.0,-72000000.0,0.0,-4500000000.0,3874000000.0,-224000000.0,-894000000.0,-5702000000.0,-96000000.0,6524000000.0,0.0,2584000000.0,2584000000.0,2584000000.0,0.0,0.0,0.064,19158000000.0,5060000000.0,1592000000.0,0.085,6.391,9.362,9.976,31159000000.0,0.0,46.69,0.603,0.603,1594000000.0,1640000000.0,40142000000.0,40142000000.0,0.0,0.051,0.601,0.099,0.128,100000000.0,12290000000.0,1.0,518125156.0,518125156.0,,77.475,45010000000.0,1498000000.0,1568000000.0,0.0,86.871,-3548000000.0
5,AAL,MRY,2015-12-31,2015-12-31,2015-12-31,2021-10-21,-4732000000.0,48415000000.0,47938000000.0,9985000000.0,38430000000.0,0.855,8.94,-6116000000.0,1085000000.0,1085000000.0,17079000000.0,7610000000.0,0.734,7.592,20561000000.0,2231000000.0,18330000000.0,20561000000.0,0.0,1609000000.0,0.0,0.009,0.4,5496000000.0,7105000000.0,0.173,7105000000.0,5496000000.0,4616000000.0,11.39,11.07,11.39,5635000000.0,3949250000.0,5635000000.0,45529286577.0,8.0,6.408,133000000.0,0.211,1.0,23911000000.0,0.583,6340000000.0,880000000.0,47946000000.0,45450500000.0,863000000.0,5864000000.0,5864000000.0,0.0,42780000000.0,13605000000.0,29175000000.0,26694286577.0,-604000000.0,0.0,-3846000000.0,2856000000.0,-278000000.0,-1259000000.0,-5594000000.0,522000000.0,6249000000.0,0.0,7610000000.0,7610000000.0,7610000000.0,0.0,0.0,0.186,17707000000.0,6204000000.0,1563000000.0,0.035,4.737,3.508,3.718,27510000000.0,0.0,42.35,0.651,0.651,1425000000.0,-1230000000.0,40990000000.0,40990000000.0,0.0,0.159,1.927,0.121,0.134,284000000.0,10918000000.0,1.0,630325539.0,630325539.0,,65.03,42075000000.0,2477000000.0,-2994000000.0,0.0,66.751,-3620000000.0
6,AAL,MRY,2014-12-31,2014-12-31,2014-12-31,2021-10-21,-4559000000.0,43225000000.0,43986500000.0,11750000000.0,31475000000.0,0.97,2.818,-5278000000.0,1768000000.0,1768000000.0,22136000000.0,2882000000.0,0.877,20.388,17720000000.0,1677000000.0,16043000000.0,17720000000.0,0.0,1513000000.0,0.0,0.004,0.2,4099000000.0,5612000000.0,0.132,5612000000.0,4099000000.0,3212000000.0,4.02,3.93,4.02,2021000000.0,3043250000.0,2021000000.0,53503844884.0,13.0,9.534,-2198000000.0,-3.064,1.0,20514000000.0,0.481,6331000000.0,887000000.0,39442000000.0,38259750000.0,1004000000.0,6309000000.0,6309000000.0,0.0,41204000000.0,13404000000.0,27800000000.0,38466844884.0,-146000000.0,307000000.0,-1052000000.0,170000000.0,-144000000.0,-315000000.0,-2911000000.0,2060000000.0,3080000000.0,0.0,2882000000.0,2882000000.0,2882000000.0,0.0,0.0,0.068,16265000000.0,4249000000.0,1377000000.0,0.05,19.034,13.347,13.341,23084000000.0,0.0,53.63,0.902,0.902,1771000000.0,-8562000000.0,42650000000.0,42650000000.0,0.0,0.066,0.947,0.107,0.096,304000000.0,10052000000.0,1.0,717263563.0,717263563.0,,59.462,36894000000.0,0.0,330000000.0,0.0,51.437,-1654000000.0
7,AAL,MRY,2013-12-31,2013-12-31,2013-12-31,2021-10-21,-2032000000.0,42278000000.0,32894000000.0,14323000000.0,27955000000.0,0.813,-5.792,-2986000000.0,2175000000.0,2175000000.0,14345000000.0,-1834000000.0,1.037,-16.481,16799000000.0,1446000000.0,15353000000.0,16799000000.0,0.0,1020000000.0,0.0,0.0,0.0,-1324000000.0,-304000000.0,-0.011,-304000000.0,-1324000000.0,-2180000000.0,-6.54,-6.54,-6.54,-2731000000.0,-5359000000.0,-2731000000.0,,,,-2311000000.0,-4.901,1.0,12398000000.0,0.464,6397000000.0,856000000.0,36699000000.0,32070000000.0,1012000000.0,8111000000.0,8111000000.0,0.0,45009000000.0,13806000000.0,31203000000.0,11905806826.0,660000000.0,206000000.0,0.0,2208000000.0,0.0,3799000000.0,-3814000000.0,-1034000000.0,675000000.0,0.0,-1834000000.0,-1834000000.0,-1834000000.0,0.0,0.0,-0.069,10999000000.0,1399000000.0,1368000000.0,0.0,-4.36,-6.492,-3.861,19259000000.0,0.0,25.25,0.445,0.445,1560000000.0,-11296000000.0,26743000000.0,26743000000.0,0.0,-0.056,0.342,-0.041,-0.05,39000000.0,6618000000.0,1.0,471517102.0,471517102.0,,56.717,35881000000.0,0.0,-346000000.0,0.0,76.097,517000000.0
8,AAL,MRY,2012-12-31,2012-12-31,2012-12-31,2021-10-21,-2980000000.0,23510000000.0,,7072000000.0,16438000000.0,,,-1765000000.0,1330000000.0,1330000000.0,13527000000.0,-1876000000.0,0.785,-3.944,15141000000.0,1419000000.0,13722000000.0,15141000000.0,0.0,1015000000.0,0.0,,0.0,-1813000000.0,-798000000.0,-0.032,-798000000.0,-1813000000.0,-2445000000.0,-7.52,-7.52,-7.52,-7987000000.0,,-7987000000.0,,,,-480000000.0,,1.0,11328000000.0,0.456,869000000.0,632000000.0,27441000000.0,,580000000.0,3412000000.0,3412000000.0,0.0,31497000000.0,9011000000.0,22486000000.0,,197000000.0,0.0,0.0,-1020000000.0,0.0,483000000.0,-1571000000.0,194000000.0,1285000000.0,0.0,-1876000000.0,-1876000000.0,-1876000000.0,0.0,0.0,-0.075,11180000000.0,148000000.0,975000000.0,0.0,,,,13402000000.0,0.0,,,,1124000000.0,-9462000000.0,24855000000.0,24855000000.0,0.0,,,,-0.073,29000000.0,7275000000.0,1.0,,,,,22641000000.0,0.0,-569000000.0,0.0,,-1939000000.0
9,AAL,MRY,2011-12-31,2011-12-31,2011-12-31,2021-10-21,,,,,,,,-1614000000.0,,,13245000000.0,-1979000000.0,,,,,,,,1086000000.0,,,0.0,-1168000000.0,-82000000.0,-0.003,-82000000.0,-1168000000.0,-1979000000.0,-15.83,-15.83,-15.83,,,,,,,-871000000.0,,1.0,10734000000.0,0.448,,811000000.0,,,,,,,,,,,115000000.0,0.0,0.0,24000000.0,0.0,664000000.0,-1292000000.0,322000000.0,743000000.0,0.0,-1979000000.0,-1979000000.0,-1979000000.0,0.0,0.0,-0.083,11771000000.0,-1037000000.0,,0.0,,,,,0.0,,,,,,23979000000.0,23979000000.0,0.0,,,,-0.049,40000000.0,7463000000.0,1.0,,,,,,,0.0,,,
0,AAL,MRQ,2021-09-30,2021-09-30,2021-09-30,2021-10-21,-6957000000.0,68437000000.0,,19195000000.0,49242000000.0,,-11.486,-123000000.0,1216000000.0,1216000000.0,4439000000.0,169000000.0,1.014,-10.202,46655000000.0,4040000000.0,42615000000.0,46655000000.0,0.0,0.0,0.0,0.0,0.0,682000000.0,682000000.0,0.076,682000000.0,682000000.0,206000000.0,0.26,0.25,0.26,-7437000000.0,,-7437000000.0,60258834692.0,-25.0,-684.759,-1863000000.0,-2.877,1.0,4530000000.0,0.505,6089000000.0,476000000.0,88849000000.0,,1851000000.0,14243000000.0,14243000000.0,0.0,75874000000.0,18938000000.0,56936000000.0,13285834692.0,-34000000.0,0.0,0.0,-1599000000.0,0.0,-1609000000.0,3315000000.0,3463000000.0,-1740000000.0,0.0,169000000.0,169000000.0,169000000.0,0.0,0.0,0.019,3935000000.0,595000000.0,1835000000.0,0.0,-1.786,-4.101,-3.886,37601000000.0,0.0,20.52,0.543,0.543,1332000000.0,-7707000000.0,8969000000.0,8969000000.0,0.0,,,,,0.0,3336000000.0,1.0,647457831.0,647457831.0,,13.853,62348000000.0,3582000000.0,37000000.0,0.0,96.297,257000000.0
1,AAL,MRQ,2021-06-30,2021-06-30,2021-06-30,2021-10-21,-6997000000.0,72464000000.0,,22647000000.0,49817000000.0,,-11.954,152000000.0,1324000000.0,1324000000.0,3747000000.0,19000000.0,1.052,-10.451,48297000000.0,4385000000.0,43912000000.0,48297000000.0,0.0,0.0,0.0,0.0,0.0,495000000.0,495000000.0,0.066,495000000.0,495000000.0,9000000.0,0.03,0.03,0.03,-7667000000.0,,-7667000000.0,60544736039.0,-10.0,-17.176,3622000000.0,5.647,1.0,3731000000.0,0.499,6099000000.0,486000000.0,91817000000.0,,1789000000.0,17625000000.0,17625000000.0,0.0,80131000000.0,21521000000.0,58610000000.0,13603736039.0,31000000.0,0.0,144000000.0,249000000.0,0.0,445000000.0,-3884000000.0,-4007000000.0,3470000000.0,0.0,19000000.0,19000000.0,19000000.0,0.0,0.0,0.003,3290000000.0,441000000.0,2172000000.0,0.0,-1.774,-2.342,-2.069,38163000000.0,0.0,21.21,0.728,0.728,1249000000.0,-7876000000.0,7478000000.0,7478000000.0,0.0,,,,,0.0,3139000000.0,1.0,641383123.0,641383123.0,,11.659,66365000000.0,3631000000.0,-10000000.0,0.0,103.472,1126000000.0
2,AAL,MRQ,2021-03-31,2021-03-31,2021-03-31,2021-10-21,-7036000000.0,68649000000.0,,18089000000.0,50560000000.0,,-12.52,127000000.0,1083000000.0,1083000000.0,2956000000.0,-1250000000.0,1.044,-9.641,48024000000.0,4039000000.0,43985000000.0,48024000000.0,0.0,0.0,0.0,0.0,0.0,-1202000000.0,-1202000000.0,-0.3,-1202000000.0,-1202000000.0,-1573000000.0,-1.97,-1.97,-1.97,-7945000000.0,,-7945000000.0,55455251620.0,-6.0,-8.631,301000000.0,0.474,1.0,1052000000.0,0.262,6110000000.0,371000000.0,92147000000.0,,1658000000.0,13762000000.0,13762000000.0,0.0,76594000000.0,17333000000.0,59261000000.0,15288251620.0,35000000.0,0.0,303000000.0,6807000000.0,0.0,7013000000.0,-7152000000.0,-7237000000.0,174000000.0,0.0,-1250000000.0,-1250000000.0,-1250000000.0,0.0,0.0,-0.312,2367000000.0,-1315000000.0,1624000000.0,0.0,-1.924,-1.937,-1.583,38897000000.0,0.0,23.9,1.192,1.182,971000000.0,-7895000000.0,4008000000.0,4008000000.0,0.0,,,,,0.0,2881000000.0,1.0,639675800.0,634609000.0,634609000.0,6.316,62539000000.0,3632000000.0,-323000000.0,0.0,98.547,756000000.0
3,AAL,MRQ,2020-12-31,2020-12-31,2020-12-31,2021-10-21,-7103000000.0,62008000000.0,,11095000000.0,50913000000.0,,-13.501,-48000000.0,854000000.0,854000000.0,2824000000.0,-2178000000.0,0.67,-10.03,41021000000.0,4448000000.0,36573000000.0,41021000000.0,0.0,2370000000.0,0.0,0.006,0.0,-2433000000.0,-63000000.0,-0.016,-63000000.0,-2433000000.0,-2809000000.0,-3.6,-3.6,-3.6,-6867000000.0,,-6867000000.0,48465123123.0,-5.0,-6.169,-2911000000.0,-5.723,1.0,1204000000.0,0.299,6120000000.0,376000000.0,79486000000.0,,1614000000.0,6619000000.0,6619000000.0,0.0,68875000000.0,16569000000.0,52306000000.0,8021123123.0,102000000.0,0.0,1443000000.0,-301000000.0,0.0,1269000000.0,1696000000.0,1695000000.0,-2863000000.0,0.0,-2178000000.0,-2178000000.0,-2178000000.0,0.0,0.0,-0.541,3719000000.0,-2515000000.0,1196000000.0,0.0,-1.168,-0.903,-0.859,39738000000.0,0.0,15.77,0.463,0.463,1342000000.0,-6664000000.0,4028000000.0,4028000000.0,0.0,,,,,91000000.0,2671000000.0,1.0,508631777.0,508631777.0,,7.919,55888000000.0,3239000000.0,-631000000.0,0.0,109.879,-5474000000.0
4,AAL,MRQ,2020-09-30,2020-09-30,2020-09-30,2021-10-21,-6476000000.0,62773000000.0,,12340000000.0,50433000000.0,,-10.87,-474000000.0,761000000.0,761000000.0,2285000000.0,-2399000000.0,0.744,-12.355,41205000000.0,4446000000.0,36759000000.0,41205000000.0,0.0,0.0,0.0,0.016,0.0,-2755000000.0,-2755000000.0,-0.868,-2755000000.0,-2755000000.0,-3095000000.0,-4.71,-4.71,-4.71,-5528000000.0,,-5528000000.0,45298216693.0,-7.0,-9.765,-3078000000.0,-6.052,1.0,888000000.0,0.28,6130000000.0,340000000.0,80503000000.0,,1633000000.0,8031000000.0,8031000000.0,0.0,68301000000.0,16584000000.0,51717000000.0,6250216693.0,-170000000.0,0.0,0.0,1559000000.0,0.0,1511000000.0,923000000.0,1448000000.0,-2604000000.0,0.0,-2399000000.0,-2399000000.0,-2399000000.0,0.0,0.0,-0.756,3759000000.0,-2871000000.0,1077000000.0,0.0,-1.131,-0.993,-0.888,40235000000.0,0.0,12.29,0.254,0.254,1135000000.0,-4487000000.0,3173000000.0,3173000000.0,0.0,,,,,0.0,2860000000.0,1.0,508561163.0,508561163.0,,6.239,56643000000.0,2425000000.0,-696000000.0,0.0,111.379,-4244000000.0
5,AAL,MRQ,2020-06-30,2020-06-30,2020-06-30,2021-10-21,-6463000000.0,64544000000.0,,13789000000.0,50755000000.0,,-7.494,-275000000.0,1001000000.0,1001000000.0,1835000000.0,-2067000000.0,0.766,-21.367,40049000000.0,4379000000.0,35670000000.0,40049000000.0,0.0,0.0,0.0,0.023,0.0,-2405000000.0,-2405000000.0,-1.483,-2405000000.0,-2405000000.0,-2659000000.0,-4.82,-4.82,-4.82,-3169000000.0,,-3169000000.0,38969231128.0,-12.0,-37.363,-1183000000.0,-2.797,1.0,-213000000.0,-0.131,6140000000.0,254000000.0,79452000000.0,,1653000000.0,9351000000.0,9351000000.0,0.0,67713000000.0,18000000000.0,49713000000.0,5527231128.0,-19000000.0,0.0,1525000000.0,6215000000.0,0.0,7688000000.0,-6799000000.0,-6512000000.0,-908000000.0,0.0,-2067000000.0,-2067000000.0,-2067000000.0,0.0,0.0,-1.274,2273000000.0,-2486000000.0,1175000000.0,0.0,-1.744,-1.593,-1.6,41674000000.0,0.0,13.07,0.166,0.166,879000000.0,-2088000000.0,1622000000.0,1622000000.0,0.0,,,,,0.0,2667000000.0,1.0,422894501.0,422894501.0,,3.835,58404000000.0,1725000000.0,-592000000.0,0.0,138.105,-4211000000.0
6,AAL,MRQ,2020-03-31,2020-03-31,2020-03-31,2021-10-21,-6480000000.0,58580000000.0,,7175000000.0,51405000000.0,,-6.192,-810000000.0,631000000.0,631000000.0,4498000000.0,-2241000000.0,0.373,-23.223,34073000000.0,5270000000.0,28803000000.0,34073000000.0,0.0,0.0,0.0,0.033,0.1,-2633000000.0,-2633000000.0,-0.309,-2633000000.0,-2633000000.0,-2890000000.0,-5.26,-5.26,-5.26,-2636000000.0,,-2636000000.0,38199656089.0,190.0,15.165,-978000000.0,-2.297,1.0,4017000000.0,0.472,6150000000.0,257000000.0,66659000000.0,,1772000000.0,3102000000.0,3102000000.0,0.0,61216000000.0,19213000000.0,42003000000.0,5193656089.0,196000000.0,0.0,-171000000.0,772000000.0,-43000000.0,526000000.0,-162000000.0,697000000.0,-168000000.0,0.0,-2241000000.0,-2241000000.0,-2241000000.0,0.0,0.0,-0.263,6566000000.0,-2549000000.0,1648000000.0,-0.019,-1.97,-7.018,-6.554,42825000000.0,0.0,12.19,0.119,0.119,1020000000.0,-21000000.0,8515000000.0,8515000000.0,0.0,,,,,0.0,3604000000.0,1.0,426058744.0,425713000.0,425713000.0,20.002,52430000000.0,1237000000.0,-649000000.0,0.0,123.158,-12038000000.0
7,AAL,MRQ,2019-12-31,2019-12-31,2019-12-31,2021-10-21,-6331000000.0,59995000000.0,,8206000000.0,51789000000.0,,-0.269,-1127000000.0,438000000.0,438000000.0,5187000000.0,414000000.0,0.448,-509.432,33444000000.0,4569000000.0,28875000000.0,33444000000.0,0.0,2318000000.0,0.0,0.014,0.1,836000000.0,3154000000.0,0.279,3154000000.0,836000000.0,571000000.0,0.95,0.95,0.95,-118000000.0,,-118000000.0,46533502608.0,14.0,8.208,-527000000.0,-1.203,1.0,6126000000.0,0.542,6175000000.0,265000000.0,68515000000.0,,1851000000.0,3546000000.0,3546000000.0,0.0,60113000000.0,18311000000.0,41802000000.0,12563502608.0,-33000000.0,0.0,-272000000.0,-945000000.0,-43000000.0,-1272000000.0,639000000.0,1534000000.0,600000000.0,0.0,414000000.0,414000000.0,414000000.0,0.0,0.0,0.037,5397000000.0,729000000.0,2062000000.0,0.105,-106.47,7.452,7.547,43732000000.0,0.0,28.68,0.275,0.275,1750000000.0,2264000000.0,11313000000.0,11313000000.0,0.0,,,,,94000000.0,3508000000.0,1.0,438057971.0,438057971.0,,25.825,53820000000.0,645000000.0,157000000.0,0.0,122.86,-10105000000.0
8,AAL,MRQ,2019-09-30,2019-09-30,2019-09-30,2021-10-21,-5946000000.0,61175000000.0,,9572000000.0,51603000000.0,,0.359,-783000000.0,470000000.0,470000000.0,5397000000.0,425000000.0,0.489,381.344,34440000000.0,5280000000.0,29160000000.0,34440000000.0,0.0,0.0,0.0,0.015,0.1,841000000.0,841000000.0,0.071,841000000.0,841000000.0,557000000.0,0.96,0.96,0.96,160000000.0,,160000000.0,46280951534.0,15.0,8.673,45000000.0,0.101,1.0,6514000000.0,0.547,6186000000.0,284000000.0,69399000000.0,,1800000000.0,4856000000.0,4856000000.0,0.0,61015000000.0,19560000000.0,41455000000.0,12008951534.0,-7000000.0,0.0,-200000000.0,-93000000.0,-45000000.0,-366000000.0,-469000000.0,347000000.0,828000000.0,0.0,425000000.0,425000000.0,425000000.0,0.0,0.0,0.036,5706000000.0,808000000.0,1932000000.0,0.104,75.056,7.524,7.576,43461000000.0,0.0,26.97,0.265,0.265,1850000000.0,1894000000.0,11911000000.0,11911000000.0,0.0,,,,,0.0,3643000000.0,1.0,445270728.0,445270728.0,,26.75,54989000000.0,666000000.0,132000000.0,0.0,123.496,-9988000000.0
9,AAL,MRQ,2019-06-30,2019-06-30,2019-06-30,2021-10-21,-5927000000.0,61967000000.0,,9850000000.0,52117000000.0,,-0.049,-1006000000.0,476000000.0,476000000.0,5325000000.0,662000000.0,0.489,-2817.682,34748000000.0,5139000000.0,29609000000.0,34748000000.0,0.0,0.0,0.0,0.012,0.1,1157000000.0,1157000000.0,0.097,1157000000.0,1157000000.0,882000000.0,1.49,1.49,1.49,-22000000.0,,-22000000.0,47457073100.0,15.0,9.034,-270000000.0,-0.607,1.0,6635000000.0,0.555,6196000000.0,275000000.0,69920000000.0,,1708000000.0,5088000000.0,5088000000.0,0.0,61989000000.0,20123000000.0,41866000000.0,14506073100.0,-18000000.0,0.0,-17000000.0,1257000000.0,-44000000.0,1179000000.0,-1933000000.0,-907000000.0,736000000.0,0.0,662000000.0,662000000.0,662000000.0,0.0,0.0,0.055,5482000000.0,1153000000.0,2118000000.0,0.067,-659.367,9.401,9.563,43804000000.0,0.0,32.61,0.322,0.322,1943000000.0,1514000000.0,11960000000.0,11960000000.0,0.0,,,,,0.0,3601000000.0,1.0,444835115.0,444835115.0,,26.886,55771000000.0,792000000.0,220000000.0,0.0,125.375,-10273000000.0
10,AAL,MRQ,2019-03-31,2019-03-31,2019-03-31,2021-10-21,-5909000000.0,60787000000.0,,8654000000.0,52133000000.0,,-1.416,-1298000000.0,493000000.0,493000000.0,4880000000.0,185000000.0,0.436,-96.577,33444000000.0,4999000000.0,28445000000.0,33444000000.0,0.0,0.0,0.0,0.013,0.1,516000000.0,516000000.0,0.049,516000000.0,516000000.0,245000000.0,0.41,0.41,0.41,-636000000.0,,-636000000.0,47862004204.0,16.0,9.357,353000000.0,0.786,1.0,5704000000.0,0.539,6206000000.0,271000000.0,67683000000.0,,1666000000.0,4012000000.0,4012000000.0,0.0,61423000000.0,19849000000.0,41574000000.0,14262004204.0,62000000.0,0.0,-608000000.0,-449000000.0,-46000000.0,-1109000000.0,-480000000.0,833000000.0,1651000000.0,0.0,185000000.0,185000000.0,185000000.0,0.0,0.0,0.017,5329000000.0,375000000.0,2139000000.0,0.244,-22.425,9.925,10.179,43534000000.0,0.0,31.76,0.319,0.319,1876000000.0,897000000.0,10584000000.0,10584000000.0,0.0,,,,,0.0,3460000000.0,1.0,449055548.0,449055548.0,,23.569,54581000000.0,1007000000.0,60000000.0,0.0,121.546,-11195000000.0
11,AAL,MRQ,2018-12-31,2018-12-31,2018-12-31,2021-10-21,-5896000000.0,60580000000.0,,8637000000.0,51943000000.0,,-0.367,-1758000000.0,429000000.0,429000000.0,5076000000.0,324000000.0,0.477,-359.462,34029000000.0,4948000000.0,29081000000.0,34029000000.0,0.0,2159000000.0,0.0,0.012,0.1,663000000.0,2822000000.0,0.258,2822000000.0,663000000.0,395000000.0,0.7,0.7,0.7,-169000000.0,,-169000000.0,39099270777.0,13.0,7.668,-1042000000.0,-2.262,1.0,5862000000.0,0.536,6228000000.0,268000000.0,69856000000.0,,1522000000.0,4485000000.0,4485000000.0,0.0,60749000000.0,18096000000.0,42653000000.0,14789270777.0,-28000000.0,0.0,0.0,-296000000.0,-46000000.0,-354000000.0,-390000000.0,1370000000.0,716000000.0,0.0,324000000.0,324000000.0,324000000.0,0.0,0.0,0.03,5291000000.0,571000000.0,1773000000.0,0.143,-87.51,10.474,10.562,43249000000.0,0.0,32.11,0.332,0.332,1706000000.0,758000000.0,10938000000.0,10938000000.0,0.0,,,,,86000000.0,3392000000.0,1.0,460581463.0,460581463.0,,23.748,54352000000.0,1145000000.0,71000000.0,0.0,118.007,-9459000000.0
12,AAL,MRQ,2018-09-30,2018-09-30,2018-09-30,2021-10-21,-5203000000.0,52635000000.0,,9498000000.0,43137000000.0,,-1.233,-403000000.0,457000000.0,457000000.0,5413000000.0,372000000.0,0.581,-93.667,24767000000.0,2493000000.0,22274000000.0,24767000000.0,0.0,0.0,0.0,0.01,0.1,758000000.0,758000000.0,0.066,758000000.0,758000000.0,496000000.0,0.81,0.81,0.81,-568000000.0,,-568000000.0,42632845897.0,14.0,8.581,-480000000.0,-1.042,1.0,6146000000.0,0.532,6238000000.0,262000000.0,54359000000.0,,1576000000.0,4552000000.0,4552000000.0,0.0,53203000000.0,16348000000.0,36855000000.0,19032845897.0,9000000.0,0.0,0.0,701000000.0,-46000000.0,634000000.0,-548000000.0,-140000000.0,-77000000.0,0.0,372000000.0,372000000.0,372000000.0,0.0,0.0,0.032,5461000000.0,685000000.0,1886000000.0,0.123,-33.509,37.764,34.731,34223000000.0,0.0,41.33,0.43,0.43,2170000000.0,-316000000.0,11559000000.0,11559000000.0,0.0,,,,,0.0,3526000000.0,1.0,460509216.0,460509216.0,,25.1,46397000000.0,1293000000.0,124000000.0,0.0,100.752,-6850000000.0
13,AAL,MRQ,2018-06-30,2018-06-30,2018-06-30,2021-10-21,-5187000000.0,52622000000.0,,9176000000.0,43446000000.0,,-1.856,-716000000.0,476000000.0,476000000.0,5207000000.0,556000000.0,0.55,-61.555,24076000000.0,2213000000.0,21863000000.0,24076000000.0,0.0,0.0,0.0,0.011,0.1,1019000000.0,1019000000.0,0.088,1019000000.0,1019000000.0,756000000.0,1.2,1.2,1.2,-869000000.0,,-869000000.0,41919074556.0,12.0,7.568,378000000.0,0.807,1.0,6436000000.0,0.553,6248000000.0,263000000.0,53305000000.0,,1522000000.0,4381000000.0,4381000000.0,0.0,53491000000.0,16669000000.0,36822000000.0,17771074556.0,-95000000.0,0.0,-376000000.0,-660000000.0,-46000000.0,-1110000000.0,-79000000.0,637000000.0,1094000000.0,0.0,556000000.0,556000000.0,556000000.0,0.0,0.0,0.048,5432000000.0,1004000000.0,2053000000.0,0.083,-20.45,22.41,21.816,34424000000.0,0.0,37.96,0.407,0.407,1941000000.0,-610000000.0,11643000000.0,11643000000.0,0.0,,,,,0.0,3480000000.0,1.0,468152649.0,468152649.0,,24.87,46374000000.0,1399000000.0,200000000.0,0.0,99.057,-7493000000.0
14,AAL,MRQ,2018-03-31,2018-03-31,2018-03-31,2021-10-21,-5172000000.0,53280000000.0,,9673000000.0,43607000000.0,,-2.152,-757000000.0,591000000.0,591000000.0,4706000000.0,159000000.0,0.569,-53.338,24739000000.0,2793000000.0,21946000000.0,24739000000.0,0.0,0.0,0.0,0.008,0.1,500000000.0,500000000.0,0.048,500000000.0,500000000.0,238000000.0,0.34,0.34,0.34,-1018000000.0,,-1018000000.0,49036285969.0,12.0,7.945,1043000000.0,2.204,1.0,5695000000.0,0.548,6284000000.0,262000000.0,54136000000.0,,1455000000.0,4994000000.0,4994000000.0,0.0,54298000000.0,17008000000.0,37290000000.0,24584285969.0,2000000.0,0.0,-461000000.0,-332000000.0,-48000000.0,-842000000.0,-956000000.0,-199000000.0,1800000000.0,0.0,159000000.0,159000000.0,159000000.0,0.0,0.0,0.015,5299000000.0,396000000.0,1953000000.0,0.294,-24.15,22.329,22.591,34333000000.0,0.0,51.96,0.569,0.569,1809000000.0,-1130000000.0,10401000000.0,10401000000.0,0.0,,,,,0.0,3373000000.0,1.0,473138683.0,473138683.0,,21.983,46996000000.0,1581000000.0,79000000.0,0.0,99.328,-7335000000.0
15,AAL,MRQ,2017-12-31,2017-12-31,2017-12-31,2021-10-21,-5154000000.0,52785000000.0,,9146000000.0,43639000000.0,,-1.63,-2145000000.0,613000000.0,613000000.0,4578000000.0,-583000000.0,0.596,-68.673,25065000000.0,2554000000.0,22511000000.0,25065000000.0,0.0,2017000000.0,0.0,0.008,0.1,674000000.0,2691000000.0,0.254,2691000000.0,674000000.0,408000000.0,-1.16,-1.15,-1.16,-780000000.0,,-780000000.0,48847306768.0,11.0,7.556,-1708000000.0,-3.569,1.0,6033000000.0,0.569,6294000000.0,266000000.0,55585000000.0,,1359000000.0,4771000000.0,4771000000.0,0.0,53565000000.0,15358000000.0,38207000000.0,24896306768.0,-45000000.0,0.0,-243000000.0,379000000.0,-48000000.0,75000000.0,-557000000.0,1588000000.0,437000000.0,0.0,-583000000.0,-583000000.0,-583000000.0,0.0,0.0,-0.055,5394000000.0,639000000.0,1688000000.0,-0.086,-31.918,19.42,19.859,34156000000.0,0.0,52.03,0.584,0.584,1752000000.0,-1345000000.0,10611000000.0,10611000000.0,0.0,,,,,90000000.0,3409000000.0,1.0,478499073.0,478499073.0,,22.176,46491000000.0,1816000000.0,991000000.0,0.0,97.16,-6212000000.0
16,AAL,MRQ,2017-09-30,2017-09-30,2017-09-30,2021-10-21,-5127000000.0,52401000000.0,,10002000000.0,42399000000.0,,8.107,-851000000.0,733000000.0,733000000.0,4486000000.0,661000000.0,0.653,12.273,24684000000.0,2467000000.0,22217000000.0,24684000000.0,0.0,0.0,0.0,0.008,0.1,1329000000.0,1329000000.0,0.121,1329000000.0,1329000000.0,1063000000.0,1.36,1.36,1.36,3948000000.0,,3948000000.0,47047067620.0,11.0,7.592,-482000000.0,-0.99,1.0,6479000000.0,0.591,6305000000.0,266000000.0,54740000000.0,,1315000000.0,5428000000.0,5428000000.0,0.0,48453000000.0,15307000000.0,33146000000.0,23128067620.0,-45000000.0,0.0,-359000000.0,-177000000.0,-48000000.0,-599000000.0,185000000.0,1036000000.0,369000000.0,0.0,661000000.0,661000000.0,661000000.0,0.0,0.0,0.06,5223000000.0,1256000000.0,1638000000.0,0.074,5.858,11.216,11.2,33311000000.0,0.0,47.49,0.554,0.554,1700000000.0,3152000000.0,10965000000.0,10965000000.0,0.0,,,,,0.0,3430000000.0,1.0,487009215.0,487009215.0,,22.515,46096000000.0,538000000.0,402000000.0,0.0,94.651,-5305000000.0
17,AAL,MRQ,2017-06-30,2017-06-30,2017-06-30,2021-10-21,-5112000000.0,53336000000.0,,11016000000.0,42320000000.0,,7.542,-1199000000.0,940000000.0,940000000.0,4371000000.0,864000000.0,0.684,13.357,24859000000.0,2334000000.0,22525000000.0,24859000000.0,0.0,0.0,0.0,0.008,0.1,1652000000.0,1652000000.0,0.147,1652000000.0,1652000000.0,1389000000.0,1.76,1.75,1.76,3715000000.0,,3715000000.0,48413069322.0,11.0,7.676,489000000.0,0.993,1.0,6856000000.0,0.611,6315000000.0,263000000.0,54828000000.0,,1206000000.0,6500000000.0,6500000000.0,0.0,49621000000.0,16112000000.0,33509000000.0,24787069322.0,22000000.0,0.0,-529000000.0,311000000.0,-51000000.0,-272000000.0,-1394000000.0,-195000000.0,1688000000.0,0.0,864000000.0,864000000.0,864000000.0,0.0,0.0,0.077,5257000000.0,1599000000.0,1924000000.0,0.057,6.672,11.594,11.757,32993000000.0,0.0,50.32,0.599,0.599,1543000000.0,2577000000.0,11227000000.0,11227000000.0,0.0,,,,,0.0,3413000000.0,1.0,492588818.0,492588818.0,,22.792,47021000000.0,905000000.0,525000000.0,0.0,95.457,-5096000000.0
18,AAL,MRQ,2017-03-31,2017-03-31,2017-03-31,2021-10-21,-5097000000.0,52627000000.0,,10626000000.0,42001000000.0,,6.857,-1682000000.0,917000000.0,917000000.0,4202000000.0,340000000.0,0.695,14.223,24543000000.0,1714000000.0,22829000000.0,24543000000.0,0.0,0.0,0.0,0.009,0.1,792000000.0,792000000.0,0.081,792000000.0,792000000.0,535000000.0,0.67,0.67,0.67,3457000000.0,,3457000000.0,44709730993.0,10.0,6.989,568000000.0,1.127,1.0,5618000000.0,0.572,6327000000.0,257000000.0,54640000000.0,,1154000000.0,6302000000.0,6302000000.0,0.0,49170000000.0,15286000000.0,33884000000.0,21325730993.0,31000000.0,0.0,-484000000.0,213000000.0,-51000000.0,-349000000.0,-1870000000.0,-188000000.0,2250000000.0,0.0,340000000.0,340000000.0,340000000.0,0.0,0.0,0.035,4881000000.0,737000000.0,1882000000.0,0.149,6.169,9.589,10.048,32291000000.0,0.0,42.3,0.526,0.526,1397000000.0,1823000000.0,9820000000.0,9820000000.0,0.0,,,,,0.0,3177000000.0,1.0,504154397.0,504154397.0,,19.478,46300000000.0,1379000000.0,195000000.0,0.0,91.837,-4660000000.0
19,AAL,MRQ,2016-12-31,2016-12-31,2016-12-31,2021-10-21,-5083000000.0,51274000000.0,,10324000000.0,40950000000.0,,7.305,-1395000000.0,960000000.0,960000000.0,4098000000.0,197000000.0,0.744,12.547,24344000000.0,1855000000.0,22489000000.0,24344000000.0,0.0,1818000000.0,0.0,0.009,0.1,606000000.0,2424000000.0,0.249,2424000000.0,606000000.0,353000000.0,0.45,0.45,0.45,3785000000.0,,3785000000.0,46518263534.0,9.0,6.683,-768000000.0,-1.482,1.0,5653000000.0,0.58,6264000000.0,253000000.0,54522000000.0,,1094000000.0,6037000000.0,6037000000.0,0.0,47489000000.0,13872000000.0,33617000000.0,24191263534.0,-63000000.0,0.0,-569000000.0,1016000000.0,-52000000.0,370000000.0,-1060000000.0,335000000.0,627000000.0,0.0,197000000.0,197000000.0,197000000.0,0.0,0.0,0.02,5110000000.0,543000000.0,1592000000.0,0.222,6.391,9.362,9.976,31159000000.0,0.0,46.69,0.603,0.603,1594000000.0,1640000000.0,9751000000.0,9751000000.0,0.0,,,,,100000000.0,3206000000.0,1.0,518125156.0,518125156.0,,18.82,45010000000.0,1498000000.0,156000000.0,0.0,86.871,-3548000000.0
20,AAL,MRQ,2016-09-30,2016-09-30,2016-09-30,2021-10-21,-4778000000.0,51108000000.0,,11048000000.0,40060000000.0,,8.286,-1180000000.0,1016000000.0,1016000000.0,4174000000.0,737000000.0,0.76,10.639,23343000000.0,1798000000.0,21545000000.0,23343000000.0,0.0,0.0,0.0,0.011,0.1,1439000000.0,1439000000.0,0.136,1439000000.0,1439000000.0,1189000000.0,1.4,1.4,1.4,4391000000.0,,4391000000.0,41160128293.0,8.0,6.218,-116000000.0,-0.219,1.0,6420000000.0,0.606,6280000000.0,250000000.0,52622000000.0,,1100000000.0,6374000000.0,6374000000.0,0.0,46717000000.0,14533000000.0,32184000000.0,19400128293.0,-65000000.0,0.0,-695000000.0,499000000.0,-53000000.0,-258000000.0,-871000000.0,309000000.0,1064000000.0,0.0,737000000.0,737000000.0,737000000.0,0.0,0.0,0.07,4989000000.0,1431000000.0,1673000000.0,0.071,4.418,3.423,3.941,30304000000.0,0.0,36.61,0.485,0.485,1703000000.0,1403000000.0,10594000000.0,10594000000.0,0.0,,,,,0.0,3119000000.0,1.0,529913365.0,529913365.0,,19.992,44828000000.0,1524000000.0,452000000.0,0.0,84.595,-3485000000.0
21,AAL,MRQ,2016-06-30,2016-06-30,2016-06-30,2021-10-21,-4763000000.0,51051000000.0,,11184000000.0,39867000000.0,,7.458,-1478000000.0,1086000000.0,1086000000.0,4045000000.0,950000000.0,0.75,10.839,22846000000.0,1715000000.0,21131000000.0,22846000000.0,0.0,0.0,0.0,0.014,0.1,1742000000.0,1742000000.0,0.168,1742000000.0,1742000000.0,1493000000.0,1.69,1.68,1.69,4312000000.0,,4312000000.0,36926041846.0,7.0,5.194,735000000.0,1.271,1.0,6318000000.0,0.61,6304000000.0,249000000.0,51590000000.0,,999000000.0,6672000000.0,6672000000.0,0.0,46739000000.0,14917000000.0,31822000000.0,16368041846.0,-49000000.0,0.0,-1711000000.0,1169000000.0,-58000000.0,-605000000.0,-1657000000.0,-179000000.0,2213000000.0,0.0,950000000.0,950000000.0,950000000.0,0.0,0.0,0.092,4567000000.0,1751000000.0,1944000000.0,0.059,3.796,2.471,2.709,29611000000.0,0.0,28.31,0.408,0.408,1593000000.0,719000000.0,10363000000.0,10363000000.0,0.0,,,,,0.0,3004000000.0,1.0,578171736.0,578171736.0,,17.924,44747000000.0,1965000000.0,543000000.0,0.0,77.394,-3733000000.0
22,AAL,MRQ,2016-03-31,2016-03-31,2016-03-31,2021-10-21,-4749000000.0,49909000000.0,,10802000000.0,39107000000.0,,7.811,-1553000000.0,1186000000.0,1186000000.0,3608000000.0,700000000.0,0.707,9.596,21744000000.0,2610000000.0,19134000000.0,21744000000.0,0.0,0.0,0.0,0.01,0.1,1356000000.0,1356000000.0,0.144,1356000000.0,1356000000.0,1117000000.0,1.15,1.14,1.15,4710000000.0,,4710000000.0,44205768795.0,8.0,6.048,1067000000.0,1.769,1.0,5827000000.0,0.618,6327000000.0,239000000.0,48863000000.0,,886000000.0,6435000000.0,6435000000.0,0.0,45199000000.0,15277000000.0,29922000000.0,24729768795.0,105000000.0,0.0,-1525000000.0,1190000000.0,-61000000.0,-401000000.0,-2114000000.0,-561000000.0,2620000000.0,0.0,700000000.0,700000000.0,700000000.0,0.0,0.0,0.074,4492000000.0,1335000000.0,1913000000.0,0.087,5.25,3.352,3.652,28633000000.0,0.0,41.01,0.609,0.609,1450000000.0,-591000000.0,9435000000.0,9435000000.0,0.0,,,,,0.0,2960000000.0,1.0,603018015.0,603018015.0,,15.646,43582000000.0,2072000000.0,417000000.0,0.0,72.273,-4475000000.0
23,AAL,MRQ,2015-12-31,2015-12-31,2015-12-31,2021-10-21,-4732000000.0,48415000000.0,,9985000000.0,38430000000.0,,8.94,-1518000000.0,1085000000.0,1085000000.0,3948000000.0,3281000000.0,0.734,7.592,20561000000.0,2231000000.0,18330000000.0,20561000000.0,0.0,1609000000.0,0.0,0.009,0.1,474000000.0,2083000000.0,0.216,2083000000.0,474000000.0,245000000.0,5.05,4.9,5.05,5635000000.0,,5635000000.0,45529286577.0,8.0,6.408,-1290000000.0,-2.047,1.0,5682000000.0,0.59,6340000000.0,229000000.0,47946000000.0,,863000000.0,5864000000.0,5864000000.0,0.0,42780000000.0,13605000000.0,29175000000.0,26694286577.0,-626000000.0,0.0,-1435000000.0,214000000.0,-72000000.0,-1292000000.0,438000000.0,1956000000.0,228000000.0,0.0,3281000000.0,3281000000.0,3281000000.0,0.0,0.0,0.341,4614000000.0,1068000000.0,1563000000.0,0.02,4.737,3.508,3.718,27510000000.0,0.0,42.35,0.651,0.651,1425000000.0,-1230000000.0,9630000000.0,9630000000.0,0.0,,,,,284000000.0,2726000000.0,1.0,630325539.0,630325539.0,,15.278,42075000000.0,2477000000.0,-3036000000.0,0.0,66.751,-3620000000.0
24,AAL,MRQ,2015-09-30,2015-09-30,2015-09-30,2021-10-21,-4651000000.0,48715000000.0,,13706000000.0,35009000000.0,,5.6,-1481000000.0,1726000000.0,1726000000.0,4307000000.0,1693000000.0,0.968,11.949,20561000000.0,1712000000.0,18849000000.0,20561000000.0,0.0,0.0,0.0,0.01,0.1,1928000000.0,1928000000.0,0.18,1928000000.0,1928000000.0,1709000000.0,2.56,2.49,2.56,3762000000.0,,3762000000.0,43181792966.0,7.0,5.897,-301000000.0,-0.448,1.0,6399000000.0,0.598,6352000000.0,219000000.0,47037000000.0,,1010000000.0,7857000000.0,7857000000.0,0.0,44953000000.0,14161000000.0,30792000000.0,26086792966.0,64000000.0,0.0,-1480000000.0,1753000000.0,-66000000.0,221000000.0,-1337000000.0,144000000.0,1180000000.0,0.0,1693000000.0,1693000000.0,1693000000.0,0.0,0.0,0.158,4400000000.0,1999000000.0,1525000000.0,0.039,6.934,5.296,5.378,26292000000.0,0.0,38.83,0.628,0.628,1828000000.0,-4445000000.0,10706000000.0,10706000000.0,0.0,,,,,0.0,2770000000.0,1.0,671820576.0,671820576.0,,15.936,42363000000.0,0.0,16000000.0,0.0,63.057,-455000000.0
25,AAL,MRQ,2015-06-30,2015-06-30,2015-06-30,2021-10-21,-4620000000.0,47868000000.0,,14109000000.0,33759000000.0,,5.248,-1712000000.0,1699000000.0,1699000000.0,4600000000.0,1704000000.0,0.938,12.165,18794000000.0,1642000000.0,17152000000.0,18794000000.0,0.0,0.0,0.0,0.01,0.1,1942000000.0,1942000000.0,0.179,1942000000.0,1942000000.0,1719000000.0,2.47,2.41,2.47,3636000000.0,,3636000000.0,44783922115.0,9.0,6.833,635000000.0,0.917,1.0,6227000000.0,0.575,6365000000.0,223000000.0,43553000000.0,,1069000000.0,7967000000.0,7967000000.0,0.0,44232000000.0,15045000000.0,29187000000.0,27666922115.0,-96000000.0,0.0,-750000000.0,-131000000.0,-70000000.0,-950000000.0,-1493000000.0,219000000.0,2347000000.0,0.0,1704000000.0,1704000000.0,1704000000.0,0.0,0.0,0.157,4306000000.0,1921000000.0,1683000000.0,0.04,7.609,6.627,6.689,25288000000.0,0.0,39.935,0.659,0.659,1892000000.0,-6070000000.0,10827000000.0,10827000000.0,0.0,,,,,0.0,2714000000.0,1.0,692798851.0,692798851.0,,15.628,41503000000.0,0.0,15000000.0,0.0,59.906,-936000000.0
26,AAL,MRQ,2015-03-31,2015-03-31,2015-03-31,2021-10-21,-4590000000.0,46754000000.0,,14129000000.0,32625000000.0,,3.968,-1405000000.0,1805000000.0,1805000000.0,4225000000.0,932000000.0,0.993,15.915,18922000000.0,1284000000.0,17638000000.0,18922000000.0,0.0,0.0,0.0,0.006,0.1,1153000000.0,1153000000.0,0.117,1153000000.0,1153000000.0,943000000.0,1.34,1.3,1.34,2764000000.0,,2764000000.0,52905179083.0,12.0,8.774,1089000000.0,1.563,1.0,5602000000.0,0.57,6372000000.0,210000000.0,43266000000.0,,995000000.0,8125000000.0,8125000000.0,0.0,43990000000.0,14233000000.0,29757000000.0,36769179083.0,54000000.0,0.0,-181000000.0,1020000000.0,-70000000.0,762000000.0,-3202000000.0,-1797000000.0,2494000000.0,0.0,932000000.0,932000000.0,932000000.0,0.0,0.0,0.095,4386000000.0,1216000000.0,1587000000.0,0.075,13.303,11.025,11.23,24042000000.0,0.0,52.78,0.866,0.866,1826000000.0,-7702000000.0,9827000000.0,9827000000.0,0.0,,,,,0.0,2709000000.0,1.0,696649850.0,696649850.0,,14.106,40382000000.0,0.0,11000000.0,0.0,57.966,-104000000.0
27,AAL,MRQ,2014-12-31,2014-12-31,2014-12-31,2021-10-21,-4559000000.0,43225000000.0,,11750000000.0,31475000000.0,,2.818,-1296000000.0,1768000000.0,1768000000.0,5085000000.0,597000000.0,0.877,20.388,17720000000.0,1677000000.0,16043000000.0,17720000000.0,0.0,1513000000.0,0.0,0.004,0.1,787000000.0,2300000000.0,0.226,2300000000.0,787000000.0,567000000.0,0.85,0.83,0.85,2021000000.0,,2021000000.0,53503844884.0,13.0,9.534,-492000000.0,-0.686,1.0,5075000000.0,0.5,6331000000.0,220000000.0,39442000000.0,,1004000000.0,6309000000.0,6309000000.0,0.0,41204000000.0,13404000000.0,27800000000.0,38466844884.0,-184000000.0,0.0,-906000000.0,543000000.0,-72000000.0,-202000000.0,-786000000.0,510000000.0,804000000.0,0.0,597000000.0,597000000.0,597000000.0,0.0,0.0,0.059,4215000000.0,860000000.0,1377000000.0,0.118,19.034,13.347,13.341,23084000000.0,0.0,53.63,0.902,0.902,1771000000.0,-8562000000.0,10160000000.0,10160000000.0,0.0,,,,,304000000.0,2437000000.0,1.0,717263563.0,717263563.0,,14.165,36894000000.0,0.0,-30000000.0,0.0,51.437,-1654000000.0
28,AAL,MRQ,2014-09-30,2014-09-30,2014-09-30,2021-10-21,-1893000000.0,44173000000.0,,13450000000.0,30723000000.0,,6.903,-1313000000.0,2053000000.0,2053000000.0,5763000000.0,942000000.0,0.968,7.886,17090000000.0,1439000000.0,15651000000.0,17090000000.0,0.0,0.0,0.0,0.003,0.1,1159000000.0,1159000000.0,0.104,1159000000.0,1159000000.0,949000000.0,1.31,1.28,1.31,4971000000.0,,4971000000.0,40185248266.0,33.0,18.085,-1674000000.0,-2.325,1.0,5376000000.0,0.483,6394000000.0,210000000.0,38928000000.0,,1182000000.0,6721000000.0,6721000000.0,0.0,39202000000.0,13888000000.0,25314000000.0,25549248266.0,-32000000.0,0.0,-127000000.0,238000000.0,-72000000.0,107000000.0,222000000.0,1535000000.0,-361000000.0,0.0,942000000.0,942000000.0,942000000.0,0.0,0.0,0.085,4116000000.0,1260000000.0,1498000000.0,0.076,5.14,89.646,-8.782,22163000000.0,0.0,35.48,0.641,0.641,1961000000.0,-9086000000.0,11139000000.0,11139000000.0,0.0,,,,,0.0,2530000000.0,1.0,720102826.0,720102826.0,,15.469,37779000000.0,0.0,7000000.0,0.0,52.463,-438000000.0
29,AAL,MRQ,2014-06-30,2014-06-30,2014-06-30,2021-10-21,-1846000000.0,44811000000.0,,14966000000.0,29845000000.0,,5.673,-1625000000.0,2092000000.0,2092000000.0,5754000000.0,864000000.0,0.992,9.967,16728000000.0,1523000000.0,15205000000.0,16728000000.0,0.0,0.0,0.0,0.0,0.0,1418000000.0,1418000000.0,0.125,1418000000.0,1418000000.0,1204000000.0,1.2,1.17,1.2,4086000000.0,,4086000000.0,45418629654.0,81.0,28.782,-244000000.0,-0.339,1.0,5601000000.0,0.493,6419000000.0,214000000.0,37940000000.0,,1093000000.0,8249000000.0,8249000000.0,0.0,40725000000.0,15088000000.0,25637000000.0,30939629654.0,-49000000.0,0.0,56000000.0,-334000000.0,0.0,-26000000.0,-1404000000.0,221000000.0,1381000000.0,0.0,864000000.0,864000000.0,864000000.0,0.0,0.0,0.076,4202000000.0,1399000000.0,1653000000.0,0.0,7.572,-84.075,-10.253,21236000000.0,0.0,42.96,0.87,0.87,1981000000.0,-9953000000.0,11355000000.0,11355000000.0,0.0,,,,,0.0,2565000000.0,1.0,720196221.0,720196221.0,,15.767,38392000000.0,0.0,340000000.0,0.0,53.308,-122000000.0
30,AAL,MRQ,2014-03-31,2014-03-31,2014-03-31,2021-10-21,-2135000000.0,43737000000.0,,15193000000.0,28544000000.0,,2.322,-1044000000.0,2206000000.0,2206000000.0,5534000000.0,480000000.0,1.008,38.942,16685000000.0,1441000000.0,15244000000.0,16685000000.0,0.0,0.0,0.0,0.0,0.0,736000000.0,736000000.0,0.074,736000000.0,736000000.0,493000000.0,0.66,0.65,0.66,1095000000.0,,1095000000.0,31881525933.0,-67.0,58.931,212000000.0,0.45,1.0,4461000000.0,0.446,6408000000.0,243000000.0,36729000000.0,,1052000000.0,8405000000.0,8405000000.0,0.0,42642000000.0,15079000000.0,27563000000.0,17257525933.0,119000000.0,307000000.0,-75000000.0,-277000000.0,0.0,-194000000.0,-943000000.0,-206000000.0,1256000000.0,0.0,480000000.0,480000000.0,480000000.0,0.0,0.0,0.048,3731000000.0,730000000.0,1646000000.0,0.0,15.76,-17.053,-8.115,19944000000.0,0.0,36.6,0.563,0.563,2008000000.0,-10816000000.0,9995000000.0,9995000000.0,0.0,,,,,0.0,2520000000.0,1.0,471517102.0,471517102.0,,21.198,37329000000.0,0.0,13000000.0,0.0,79.168,114000000.0
31,AAL,MRQ,2013-12-31,2013-12-31,2013-12-31,2021-10-21,-2032000000.0,42278000000.0,,14323000000.0,27955000000.0,,-5.792,-613000000.0,2175000000.0,2175000000.0,3926000000.0,-2001000000.0,1.037,-16.481,16799000000.0,1446000000.0,15353000000.0,16799000000.0,0.0,1020000000.0,0.0,0.0,0.0,-2111000000.0,-1091000000.0,-0.148,-1091000000.0,-2111000000.0,-2325000000.0,-7.21,-7.19,-7.21,-2731000000.0,,-2731000000.0,,,,-1825000000.0,-3.87,1.0,3442000000.0,0.467,6397000000.0,214000000.0,36699000000.0,,1012000000.0,8111000000.0,8111000000.0,0.0,45009000000.0,13806000000.0,31203000000.0,11905806826.0,423000000.0,206000000.0,0.0,178000000.0,0.0,357000000.0,1278000000.0,1685000000.0,-1212000000.0,0.0,-2001000000.0,-2001000000.0,-2001000000.0,0.0,0.0,-0.272,3327000000.0,115000000.0,1368000000.0,0.0,-4.36,-6.492,-3.861,19259000000.0,0.0,25.25,0.445,0.445,1560000000.0,-11296000000.0,7368000000.0,7368000000.0,0.0,,,,,39000000.0,1830000000.0,1.0,471517102.0,471517102.0,,15.626,35881000000.0,0.0,-324000000.0,0.0,76.097,517000000.0
32,AAL,MRQ,2013-09-30,2013-09-30,2013-09-30,2021-10-21,,,,,,,,-595000000.0,,,3495000000.0,289000000.0,,,,,,,,0.0,,,0.0,515000000.0,515000000.0,0.075,515000000.0,515000000.0,289000000.0,1.16,1.02,1.16,,,,,,,-578000000.0,,1.0,3333000000.0,0.488,,226000000.0,,,,,,,,,,,113000000.0,0.0,0.0,897000000.0,0.0,1203000000.0,-1107000000.0,-512000000.0,17000000.0,0.0,289000000.0,289000000.0,289000000.0,0.0,0.0,0.042,2632000000.0,701000000.0,,0.0,,,,,0.0,,,,,,6828000000.0,6828000000.0,0.0,,,,,0.0,1674000000.0,1.0,,,,,,,0.0,,,
33,AAL,MRQ,2013-06-30,2013-06-30,2013-06-30,2021-10-21,,,,,,,,-919000000.0,,,3431000000.0,220000000.0,,,,,,,,0.0,,,0.0,381000000.0,381000000.0,0.059,381000000.0,381000000.0,220000000.0,0.88,0.79,0.88,,,,,,,251000000.0,,1.0,3018000000.0,0.468,,161000000.0,,,,,,,,,,,-2000000.0,0.0,0.0,1366000000.0,0.0,1725000000.0,-2897000000.0,-1978000000.0,1170000000.0,0.0,220000000.0,220000000.0,220000000.0,0.0,0.0,0.034,2506000000.0,512000000.0,,0.0,,,,,0.0,,,,,,6449000000.0,6449000000.0,0.0,,,,,0.0,1557000000.0,1.0,,,,,,,0.0,,,
34,AAL,MRQ,2013-03-31,2013-03-31,2013-03-31,2021-10-21,,,,,,,,-859000000.0,,,3493000000.0,-341000000.0,,,,,,,,0.0,,,0.0,-109000000.0,-109000000.0,-0.018,-109000000.0,-109000000.0,-363000000.0,-1.37,-1.37,-1.37,,,,,,,-159000000.0,,1.0,2605000000.0,0.427,,254000000.0,,,,,,,,,,,126000000.0,0.0,0.0,-233000000.0,0.0,514000000.0,-1088000000.0,-229000000.0,700000000.0,0.0,-341000000.0,-341000000.0,-341000000.0,0.0,0.0,-0.056,2534000000.0,71000000.0,,0.0,,,,,0.0,,,,,,6098000000.0,6098000000.0,0.0,,,,,0.0,1557000000.0,1.0,,,,,,,-22000000.0,,,
35,AAL,MRQ,2012-12-31,2012-12-31,2012-12-31,2021-10-21,-2980000000.0,23510000000.0,,7072000000.0,16438000000.0,,,,1330000000.0,1330000000.0,,,0.785,-3.944,15141000000.0,1419000000.0,13722000000.0,15141000000.0,0.0,,0.0,,0.0,,,,,,,,,,-7987000000.0,,-7987000000.0,,,,,,1.0,,,869000000.0,,27441000000.0,,580000000.0,3412000000.0,3412000000.0,0.0,31497000000.0,9011000000.0,22486000000.0,,,,,,,,,,,,,,,,,,,,975000000.0,,,,,13402000000.0,,,,,1124000000.0,-9462000000.0,,,,,,,,,,1.0,,,,,22641000000.0,0.0,,0.0,,-1939000000.0
0,AAL,MRT,2021-09-30,2021-09-30,2021-09-30,2021-10-21,-6957000000.0,68437000000.0,67889500000.0,19195000000.0,49242000000.0,0.361,-11.486,108000000.0,1216000000.0,1216000000.0,13966000000.0,-3240000000.0,1.014,-10.202,46655000000.0,4040000000.0,42615000000.0,46655000000.0,0.0,2370000000.0,0.0,0.0,0.0,-2458000000.0,-88000000.0,-0.004,-88000000.0,-2458000000.0,-4167000000.0,-5.28,-5.29,-5.28,-7437000000.0,-7479000000.0,-7437000000.0,60258834692.0,-25.0,-684.759,-851000000.0,-1.314,1.0,10517000000.0,0.43,6089000000.0,1709000000.0,88849000000.0,88074750000.0,1851000000.0,14243000000.0,14243000000.0,0.0,75874000000.0,18938000000.0,56936000000.0,13285834692.0,134000000.0,0.0,1890000000.0,5156000000.0,0.0,7118000000.0,-6025000000.0,-6086000000.0,-959000000.0,0.0,-3240000000.0,-3240000000.0,-3240000000.0,0.0,0.0,-0.132,13311000000.0,-2794000000.0,1835000000.0,0.0,-1.786,-4.101,-3.886,37601000000.0,0.0,20.52,0.543,0.543,1332000000.0,-7707000000.0,24483000000.0,24483000000.0,0.0,-0.048,0.433,-0.028,-0.1,91000000.0,12027000000.0,1.0,647457831.0,647457831.0,,37.814,62348000000.0,3582000000.0,-927000000.0,0.0,96.297,257000000.0
1,AAL,MRT,2021-06-30,2021-06-30,2021-06-30,2021-10-21,-6997000000.0,72464000000.0,66473500000.0,22647000000.0,49817000000.0,0.281,-11.954,-243000000.0,1324000000.0,1324000000.0,11812000000.0,-5808000000.0,1.052,-10.451,48297000000.0,4385000000.0,43912000000.0,48297000000.0,0.0,2370000000.0,0.0,0.0,0.0,-5895000000.0,-3525000000.0,-0.189,-3525000000.0,-5895000000.0,-7468000000.0,-10.25,-10.25,-10.25,-7667000000.0,-7001750000.0,-7667000000.0,60544736039.0,-10.0,-17.176,-2066000000.0,-3.221,1.0,6875000000.0,0.368,6099000000.0,1573000000.0,91817000000.0,85988250000.0,1789000000.0,17625000000.0,17625000000.0,0.0,80131000000.0,21521000000.0,58610000000.0,13603736039.0,-2000000.0,0.0,1890000000.0,8314000000.0,0.0,10238000000.0,-8417000000.0,-8101000000.0,-1823000000.0,0.0,-5808000000.0,-5808000000.0,-5808000000.0,0.0,0.0,-0.311,13135000000.0,-6260000000.0,2172000000.0,0.0,-1.774,-2.342,-2.069,38163000000.0,0.0,21.21,0.728,0.728,1249000000.0,-7876000000.0,18687000000.0,18687000000.0,0.0,-0.087,0.83,-0.069,-0.315,91000000.0,11551000000.0,1.0,641383123.0,641383123.0,,29.135,66365000000.0,3631000000.0,-1660000000.0,0.0,103.472,1126000000.0
2,AAL,MRT,2021-03-31,2021-03-31,2021-03-31,2021-10-21,-7036000000.0,68649000000.0,64493500000.0,18089000000.0,50560000000.0,0.199,-12.52,-670000000.0,1083000000.0,1083000000.0,9900000000.0,-7894000000.0,1.044,-9.641,48024000000.0,4039000000.0,43985000000.0,48024000000.0,0.0,2370000000.0,0.0,0.0,0.0,-8795000000.0,-6425000000.0,-0.501,-6425000000.0,-8795000000.0,-10136000000.0,-15.1,-15.1,-15.1,-7945000000.0,-5877250000.0,-7945000000.0,55455251620.0,-6.0,-8.631,-6871000000.0,-10.827,1.0,2931000000.0,0.228,6110000000.0,1341000000.0,92147000000.0,82897000000.0,1658000000.0,13762000000.0,13762000000.0,0.0,76594000000.0,17333000000.0,59261000000.0,15288251620.0,-52000000.0,0.0,3271000000.0,14280000000.0,0.0,17481000000.0,-11332000000.0,-10606000000.0,-6201000000.0,0.0,-7894000000.0,-7894000000.0,-7894000000.0,0.0,0.0,-0.615,12118000000.0,-9187000000.0,1624000000.0,0.0,-1.924,-1.937,-1.583,38897000000.0,0.0,23.9,1.192,1.182,971000000.0,-7895000000.0,12831000000.0,12831000000.0,0.0,-0.122,1.343,-0.106,-0.685,91000000.0,11079000000.0,1.0,639675800.0,634609000.0,,20.219,62539000000.0,3632000000.0,-2242000000.0,0.0,98.547,756000000.0
3,AAL,MRT,2020-12-31,2020-12-31,2020-12-31,2021-10-21,-7103000000.0,62008000000.0,61976250000.0,11095000000.0,50913000000.0,0.28,-13.501,-1607000000.0,854000000.0,854000000.0,11933000000.0,-8885000000.0,0.67,-10.03,41021000000.0,4448000000.0,36573000000.0,41021000000.0,0.0,2370000000.0,0.0,0.006,0.1,-10226000000.0,-7856000000.0,-0.453,-7856000000.0,-10226000000.0,-11453000000.0,-18.36,-18.36,-18.36,-6867000000.0,-4550000000.0,-6867000000.0,48465123123.0,-5.0,-6.169,-8150000000.0,-16.023,1.0,5404000000.0,0.312,6120000000.0,1227000000.0,79486000000.0,76525000000.0,1614000000.0,6619000000.0,6619000000.0,0.0,68875000000.0,16569000000.0,52306000000.0,8021123123.0,109000000.0,0.0,2797000000.0,8245000000.0,-43000000.0,10994000000.0,-4342000000.0,-2672000000.0,-6543000000.0,0.0,-8885000000.0,-8885000000.0,-8885000000.0,0.0,0.0,-0.512,15825000000.0,-10421000000.0,1196000000.0,-0.005,-1.168,-0.903,-0.859,39738000000.0,0.0,15.77,0.463,0.463,1342000000.0,-6664000000.0,17337000000.0,17337000000.0,0.0,-0.143,1.953,-0.134,-0.59,91000000.0,11473000000.0,1.0,508631777.0,508631777.0,,34.086,55888000000.0,3239000000.0,-2568000000.0,0.0,109.879,-5474000000.0
4,AAL,MRT,2020-09-30,2020-09-30,2020-09-30,2021-10-21,-6476000000.0,62773000000.0,61473000000.0,12340000000.0,50433000000.0,0.401,-10.87,-2686000000.0,761000000.0,761000000.0,13805000000.0,-6293000000.0,0.744,-12.355,41205000000.0,4446000000.0,36759000000.0,41205000000.0,0.0,2318000000.0,0.0,0.016,0.2,-6957000000.0,-4639000000.0,-0.188,-4639000000.0,-6957000000.0,-8073000000.0,-13.84,-13.84,-13.84,-5528000000.0,-2862750000.0,-5528000000.0,45298216693.0,-7.0,-9.765,-5766000000.0,-11.338,1.0,10818000000.0,0.439,6130000000.0,1116000000.0,80503000000.0,73782250000.0,1633000000.0,8031000000.0,8031000000.0,0.0,68301000000.0,16584000000.0,51717000000.0,6250216693.0,-26000000.0,0.0,1082000000.0,7601000000.0,-86000000.0,8453000000.0,-5399000000.0,-2833000000.0,-3080000000.0,0.0,-6293000000.0,-6293000000.0,-6293000000.0,0.0,0.0,-0.256,17995000000.0,-7177000000.0,1077000000.0,-0.014,-1.131,-0.993,-0.888,40235000000.0,0.0,12.29,0.254,0.254,1135000000.0,-4487000000.0,24623000000.0,24623000000.0,0.0,-0.102,2.198,-0.094,-0.283,94000000.0,12639000000.0,1.0,508561163.0,508561163.0,,48.417,56643000000.0,2425000000.0,-1780000000.0,0.0,111.379,-4244000000.0
5,AAL,MRT,2020-06-30,2020-06-30,2020-06-30,2021-10-21,-6463000000.0,64544000000.0,61073500000.0,13789000000.0,50755000000.0,0.546,-7.494,-2995000000.0,1001000000.0,1001000000.0,16917000000.0,-3469000000.0,0.766,-21.367,40049000000.0,4379000000.0,35670000000.0,40049000000.0,0.0,2318000000.0,0.0,0.023,0.3,-3361000000.0,-1043000000.0,-0.031,-1043000000.0,-3361000000.0,-4421000000.0,-8.17,-8.17,-8.17,-3169000000.0,-1440750000.0,-3169000000.0,38969231128.0,-12.0,-37.363,-2643000000.0,-6.25,1.0,16444000000.0,0.493,6140000000.0,1060000000.0,79452000000.0,71006250000.0,1653000000.0,9351000000.0,9351000000.0,0.0,67713000000.0,18000000000.0,49713000000.0,5527231128.0,137000000.0,0.0,882000000.0,5949000000.0,-131000000.0,6576000000.0,-6791000000.0,-3934000000.0,352000000.0,0.0,-3469000000.0,-3469000000.0,-3469000000.0,0.0,0.0,-0.104,19942000000.0,-3498000000.0,1175000000.0,-0.037,-1.744,-1.593,-1.6,41674000000.0,0.0,13.07,0.166,0.166,879000000.0,-2088000000.0,33361000000.0,33361000000.0,0.0,-0.057,2.408,-0.047,-0.101,94000000.0,13422000000.0,1.0,422894501.0,422894501.0,,78.887,58404000000.0,1725000000.0,-952000000.0,0.0,138.105,-4211000000.0
6,AAL,MRT,2020-03-31,2020-03-31,2020-03-31,2021-10-21,-6480000000.0,58580000000.0,60429250000.0,7175000000.0,51405000000.0,0.723,-6.192,-3726000000.0,631000000.0,631000000.0,20407000000.0,-740000000.0,0.373,-23.223,34073000000.0,5270000000.0,28803000000.0,34073000000.0,0.0,2318000000.0,0.0,0.033,0.4,201000000.0,2519000000.0,0.058,2519000000.0,201000000.0,-880000000.0,-1.86,-1.86,-1.86,-2636000000.0,-654000000.0,-2636000000.0,38199656089.0,190.0,15.165,-1730000000.0,-4.064,1.0,23292000000.0,0.533,6150000000.0,1081000000.0,66659000000.0,68623250000.0,1772000000.0,3102000000.0,3102000000.0,0.0,61216000000.0,19213000000.0,42003000000.0,5193656089.0,138000000.0,0.0,-660000000.0,991000000.0,-175000000.0,67000000.0,-1925000000.0,1671000000.0,1996000000.0,0.0,-740000000.0,-740000000.0,-740000000.0,0.0,0.0,-0.017,23151000000.0,141000000.0,1648000000.0,-0.215,-1.97,-7.018,-6.554,42825000000.0,0.0,12.19,0.119,0.119,1020000000.0,-21000000.0,43699000000.0,43699000000.0,0.0,-0.012,1.131,0.003,0.005,94000000.0,14356000000.0,1.0,426058744.0,425713000.0,,102.649,52430000000.0,1237000000.0,-140000000.0,0.0,123.158,-12038000000.0
7,AAL,MRT,2019-12-31,2019-12-31,2019-12-31,2021-10-21,-6331000000.0,59995000000.0,60981000000.0,8206000000.0,51789000000.0,0.751,-0.269,-4214000000.0,438000000.0,438000000.0,20788000000.0,1686000000.0,0.448,-509.432,33444000000.0,4569000000.0,28875000000.0,33444000000.0,0.0,2318000000.0,0.0,0.014,0.4,3351000000.0,5669000000.0,0.124,5669000000.0,3351000000.0,2256000000.0,3.8,3.79,3.8,-118000000.0,-154000000.0,-118000000.0,46533502608.0,14.0,8.208,-399000000.0,-0.911,1.0,24980000000.0,0.546,6175000000.0,1095000000.0,68515000000.0,68879250000.0,1851000000.0,3546000000.0,3546000000.0,0.0,60113000000.0,18311000000.0,41802000000.0,12563502608.0,4000000.0,0.0,-1097000000.0,-230000000.0,-178000000.0,-1568000000.0,-2243000000.0,1807000000.0,3815000000.0,0.0,1686000000.0,1686000000.0,1686000000.0,0.0,0.0,0.037,21915000000.0,3065000000.0,2062000000.0,0.105,-106.47,7.452,7.547,43732000000.0,0.0,28.68,0.275,0.275,1750000000.0,2264000000.0,45768000000.0,45768000000.0,0.0,0.028,-10.948,0.049,0.073,94000000.0,14211000000.0,1.0,438057971.0,438057971.0,,104.479,53820000000.0,645000000.0,570000000.0,0.0,122.86,-10105000000.0
8,AAL,MRT,2019-09-30,2019-09-30,2019-09-30,2021-10-21,-5946000000.0,61175000000.0,61127250000.0,9572000000.0,51603000000.0,0.743,0.359,-4845000000.0,470000000.0,470000000.0,20678000000.0,1596000000.0,0.489,381.344,34440000000.0,5280000000.0,29160000000.0,34440000000.0,0.0,2159000000.0,0.0,0.015,0.4,3177000000.0,5336000000.0,0.118,5336000000.0,3177000000.0,2079000000.0,3.56,3.56,3.56,160000000.0,-166750000.0,160000000.0,46280951534.0,15.0,8.673,-914000000.0,-2.053,1.0,24715000000.0,0.544,6186000000.0,1098000000.0,69399000000.0,69214500000.0,1800000000.0,4856000000.0,4856000000.0,0.0,61015000000.0,19560000000.0,41455000000.0,12008951534.0,9000000.0,0.0,-825000000.0,419000000.0,-181000000.0,-650000000.0,-3272000000.0,1643000000.0,3931000000.0,0.0,1596000000.0,1596000000.0,1596000000.0,0.0,0.0,0.035,21808000000.0,2907000000.0,1932000000.0,0.112,75.056,7.524,7.576,43461000000.0,0.0,26.97,0.265,0.265,1850000000.0,1894000000.0,45393000000.0,45393000000.0,0.0,0.026,-9.571,0.046,0.07,86000000.0,14096000000.0,1.0,445270728.0,445270728.0,,101.945,54989000000.0,666000000.0,483000000.0,0.0,123.496,-9988000000.0
9,AAL,MRT,2019-06-30,2019-06-30,2019-06-30,2021-10-21,-5927000000.0,61967000000.0,58992250000.0,9850000000.0,52117000000.0,0.764,-0.049,-4465000000.0,476000000.0,476000000.0,20694000000.0,1543000000.0,0.489,-2817.682,34748000000.0,5139000000.0,29609000000.0,34748000000.0,0.0,2159000000.0,0.0,0.012,0.4,3094000000.0,5253000000.0,0.117,5253000000.0,3094000000.0,2018000000.0,3.41,3.41,3.41,-22000000.0,-348750000.0,-22000000.0,47457073100.0,15.0,9.034,-1439000000.0,-3.235,1.0,24347000000.0,0.541,6196000000.0,1076000000.0,69920000000.0,65454500000.0,1708000000.0,5088000000.0,5088000000.0,0.0,61989000000.0,20123000000.0,41866000000.0,14506073100.0,25000000.0,0.0,-625000000.0,1213000000.0,-182000000.0,350000000.0,-3351000000.0,1156000000.0,3026000000.0,0.0,1543000000.0,1543000000.0,1543000000.0,0.0,0.0,0.034,21563000000.0,2784000000.0,2118000000.0,0.117,-659.367,9.401,9.563,43804000000.0,0.0,32.61,0.322,0.322,1943000000.0,1514000000.0,45041000000.0,45041000000.0,0.0,0.026,-4.424,0.047,0.069,86000000.0,13979000000.0,1.0,444835115.0,444835115.0,,101.253,55771000000.0,792000000.0,475000000.0,0.0,125.375,-10273000000.0
10,AAL,MRT,2019-03-31,2019-03-31,2019-03-31,2021-10-21,-5909000000.0,60787000000.0,56656000000.0,8654000000.0,52133000000.0,0.789,-1.416,-4175000000.0,493000000.0,493000000.0,20576000000.0,1437000000.0,0.436,-96.577,33444000000.0,4999000000.0,28445000000.0,33444000000.0,0.0,2159000000.0,0.0,0.013,0.4,2956000000.0,5115000000.0,0.114,5115000000.0,2956000000.0,1892000000.0,3.12,3.12,3.12,-636000000.0,-560500000.0,-636000000.0,47862004204.0,16.0,9.357,-791000000.0,-1.761,1.0,24148000000.0,0.54,6206000000.0,1064000000.0,67683000000.0,61300750000.0,1666000000.0,4012000000.0,4012000000.0,0.0,61423000000.0,19849000000.0,41574000000.0,14262004204.0,-52000000.0,0.0,-984000000.0,-704000000.0,-184000000.0,-1939000000.0,-1497000000.0,2700000000.0,3384000000.0,0.0,1437000000.0,1437000000.0,1437000000.0,0.0,0.0,0.032,21513000000.0,2635000000.0,2139000000.0,0.128,-22.425,9.925,10.179,43534000000.0,0.0,31.76,0.319,0.319,1876000000.0,897000000.0,44724000000.0,44724000000.0,0.0,0.025,-2.564,0.048,0.066,86000000.0,13858000000.0,1.0,449055548.0,449055548.0,,99.596,54581000000.0,1007000000.0,455000000.0,0.0,121.546,-11195000000.0
11,AAL,MRT,2018-12-31,2018-12-31,2018-12-31,2021-10-21,-5896000000.0,60580000000.0,54779250000.0,8637000000.0,51943000000.0,0.813,-0.367,-3634000000.0,429000000.0,429000000.0,20400000000.0,1412000000.0,0.477,-359.462,34029000000.0,4948000000.0,29081000000.0,34029000000.0,0.0,2159000000.0,0.0,0.012,0.4,2940000000.0,5099000000.0,0.114,5099000000.0,2940000000.0,1884000000.0,3.04,3.03,3.04,-169000000.0,-656000000.0,-169000000.0,39099270777.0,13.0,7.668,-101000000.0,-0.219,1.0,24141000000.0,0.542,6228000000.0,1056000000.0,69856000000.0,57914000000.0,1522000000.0,4485000000.0,4485000000.0,0.0,60749000000.0,18096000000.0,42653000000.0,14789270777.0,-112000000.0,0.0,-837000000.0,-587000000.0,-186000000.0,-1672000000.0,-1973000000.0,1668000000.0,3533000000.0,0.0,1412000000.0,1412000000.0,1412000000.0,0.0,0.0,0.032,21485000000.0,2656000000.0,1773000000.0,0.132,-87.51,10.474,10.562,43249000000.0,0.0,32.11,0.332,0.332,1706000000.0,758000000.0,44541000000.0,44541000000.0,0.0,0.026,-2.152,0.051,0.066,86000000.0,13771000000.0,1.0,460581463.0,460581463.0,,96.706,54352000000.0,1145000000.0,472000000.0,0.0,118.007,-9459000000.0
12,AAL,MRT,2018-09-30,2018-09-30,2018-09-30,2021-10-21,-5203000000.0,52635000000.0,52830500000.0,9498000000.0,43137000000.0,0.837,-1.233,-4021000000.0,457000000.0,457000000.0,19904000000.0,504000000.0,0.581,-93.667,24767000000.0,2493000000.0,22274000000.0,24767000000.0,0.0,2017000000.0,0.0,0.01,0.4,2951000000.0,4968000000.0,0.112,4968000000.0,2951000000.0,1898000000.0,1.19,1.2,1.19,-568000000.0,-808750000.0,-568000000.0,42632845897.0,14.0,8.581,-767000000.0,-1.666,1.0,24310000000.0,0.55,6238000000.0,1053000000.0,54359000000.0,54346250000.0,1576000000.0,4552000000.0,4552000000.0,0.0,53203000000.0,16348000000.0,36855000000.0,19032845897.0,-129000000.0,0.0,-1080000000.0,88000000.0,-188000000.0,-1243000000.0,-2140000000.0,1886000000.0,3254000000.0,0.0,504000000.0,504000000.0,504000000.0,0.0,0.0,0.011,21586000000.0,2724000000.0,1886000000.0,0.336,-33.509,37.764,34.731,34223000000.0,0.0,41.33,0.43,0.43,2170000000.0,-316000000.0,44214000000.0,44214000000.0,0.0,0.01,-0.623,0.054,0.067,90000000.0,13788000000.0,1.0,460509216.0,460509216.0,,96.011,46397000000.0,1293000000.0,1394000000.0,0.0,100.752,-6850000000.0
13,AAL,MRT,2018-06-30,2018-06-30,2018-06-30,2021-10-21,-5187000000.0,52622000000.0,52772000000.0,9176000000.0,43446000000.0,0.827,-1.856,-4469000000.0,476000000.0,476000000.0,18977000000.0,793000000.0,0.55,-61.555,24076000000.0,2213000000.0,21863000000.0,24076000000.0,0.0,2017000000.0,0.0,0.011,0.4,3522000000.0,5539000000.0,0.127,5539000000.0,3522000000.0,2465000000.0,1.74,1.75,1.74,-869000000.0,320250000.0,-869000000.0,41919074556.0,12.0,7.568,-769000000.0,-1.643,1.0,24643000000.0,0.565,6248000000.0,1057000000.0,53305000000.0,54441500000.0,1522000000.0,4381000000.0,4381000000.0,0.0,53491000000.0,16669000000.0,36822000000.0,17771074556.0,-183000000.0,0.0,-1439000000.0,-790000000.0,-190000000.0,-2476000000.0,-1407000000.0,3062000000.0,3700000000.0,0.0,793000000.0,793000000.0,793000000.0,0.0,0.0,0.018,21348000000.0,3295000000.0,2053000000.0,0.23,-20.45,22.41,21.816,34424000000.0,0.0,37.96,0.407,0.407,1941000000.0,-610000000.0,43620000000.0,43620000000.0,0.0,0.015,2.476,0.065,0.081,90000000.0,13692000000.0,1.0,468152649.0,468152649.0,,93.175,46374000000.0,1399000000.0,1672000000.0,0.0,99.057,-7493000000.0
14,AAL,MRT,2018-03-31,2018-03-31,2018-03-31,2021-10-21,-5172000000.0,53280000000.0,52950500000.0,9673000000.0,43607000000.0,0.816,-2.152,-4952000000.0,591000000.0,591000000.0,18141000000.0,1101000000.0,0.569,-53.338,24739000000.0,2793000000.0,21946000000.0,24739000000.0,0.0,2017000000.0,0.0,0.008,0.4,4155000000.0,6172000000.0,0.143,6172000000.0,4155000000.0,3098000000.0,2.3,2.3,2.3,-1018000000.0,1466250000.0,-1018000000.0,49036285969.0,12.0,7.945,-658000000.0,-1.391,1.0,25063000000.0,0.58,6284000000.0,1057000000.0,54136000000.0,54822250000.0,1455000000.0,4994000000.0,4994000000.0,0.0,54298000000.0,17008000000.0,37290000000.0,24584285969.0,-66000000.0,0.0,-1592000000.0,181000000.0,-195000000.0,-1638000000.0,-2722000000.0,2230000000.0,4294000000.0,0.0,1101000000.0,1101000000.0,1101000000.0,0.0,0.0,0.025,21173000000.0,3890000000.0,1953000000.0,0.174,-24.15,22.329,22.591,34333000000.0,0.0,51.96,0.569,0.569,1809000000.0,-1130000000.0,43204000000.0,43204000000.0,0.0,0.021,0.751,0.076,0.096,90000000.0,13625000000.0,1.0,473138683.0,473138683.0,,91.314,46996000000.0,1581000000.0,1997000000.0,0.0,99.328,-7335000000.0
15,AAL,MRT,2017-12-31,2017-12-31,2017-12-31,2021-10-21,-5154000000.0,52785000000.0,52787250000.0,9146000000.0,43639000000.0,0.807,-1.63,-5877000000.0,613000000.0,613000000.0,17636000000.0,1282000000.0,0.596,-68.673,25065000000.0,2554000000.0,22511000000.0,25065000000.0,0.0,2017000000.0,0.0,0.008,0.4,4448000000.0,6465000000.0,0.152,6465000000.0,4448000000.0,3395000000.0,2.62,2.61,2.62,-780000000.0,2585000000.0,-780000000.0,48847306768.0,11.0,7.556,-1133000000.0,-2.368,1.0,24986000000.0,0.586,6294000000.0,1053000000.0,55585000000.0,54948250000.0,1359000000.0,4771000000.0,4771000000.0,0.0,53565000000.0,15358000000.0,38207000000.0,24896306768.0,-37000000.0,0.0,-1615000000.0,726000000.0,-198000000.0,-1145000000.0,-3636000000.0,2241000000.0,4744000000.0,0.0,1282000000.0,1282000000.0,1282000000.0,0.0,0.0,0.03,20755000000.0,4231000000.0,1688000000.0,0.153,-31.918,19.42,19.859,34156000000.0,0.0,52.03,0.584,0.584,1752000000.0,-1345000000.0,42622000000.0,42622000000.0,0.0,0.024,0.496,0.081,0.104,90000000.0,13431000000.0,1.0,478499073.0,478499073.0,,89.074,46491000000.0,1816000000.0,2113000000.0,0.0,97.16,-6212000000.0
16,AAL,MRT,2017-09-30,2017-09-30,2017-09-30,2021-10-21,-5127000000.0,52401000000.0,52409500000.0,10002000000.0,42399000000.0,0.797,8.107,-5127000000.0,733000000.0,733000000.0,17157000000.0,2062000000.0,0.653,12.273,24684000000.0,2467000000.0,22217000000.0,24684000000.0,0.0,1818000000.0,0.0,0.008,0.4,4379000000.0,6197000000.0,0.148,6197000000.0,4379000000.0,3340000000.0,4.24,4.23,4.24,3948000000.0,3726250000.0,3948000000.0,47047067620.0,11.0,7.592,-193000000.0,-0.396,1.0,24606000000.0,0.589,6305000000.0,1039000000.0,54740000000.0,54682500000.0,1315000000.0,5428000000.0,5428000000.0,0.0,48453000000.0,15307000000.0,33146000000.0,23128067620.0,-55000000.0,0.0,-1941000000.0,1363000000.0,-202000000.0,-850000000.0,-4139000000.0,988000000.0,4934000000.0,0.0,2062000000.0,2062000000.0,2062000000.0,0.0,0.0,0.049,20471000000.0,4135000000.0,1638000000.0,0.094,5.858,11.216,11.2,33311000000.0,0.0,47.49,0.554,0.554,1700000000.0,3152000000.0,41763000000.0,41763000000.0,0.0,0.039,0.553,0.08,0.105,100000000.0,13226000000.0,1.0,487009215.0,487009215.0,,85.754,46096000000.0,538000000.0,1278000000.0,0.0,94.651,-5305000000.0
17,AAL,MRT,2017-06-30,2017-06-30,2017-06-30,2021-10-21,-5112000000.0,53336000000.0,52086250000.0,11016000000.0,42320000000.0,0.795,7.542,-5456000000.0,940000000.0,940000000.0,16845000000.0,2138000000.0,0.684,13.357,24859000000.0,2334000000.0,22525000000.0,24859000000.0,0.0,1818000000.0,0.0,0.008,0.4,4489000000.0,6307000000.0,0.152,6307000000.0,4489000000.0,3466000000.0,4.28,4.27,4.28,3715000000.0,3837000000.0,3715000000.0,48413069322.0,11.0,7.676,173000000.0,0.351,1.0,24547000000.0,0.593,6315000000.0,1023000000.0,54828000000.0,54153000000.0,1206000000.0,6500000000.0,6500000000.0,0.0,49621000000.0,16112000000.0,33509000000.0,24787069322.0,-75000000.0,0.0,-2277000000.0,2039000000.0,-207000000.0,-509000000.0,-5195000000.0,261000000.0,5629000000.0,0.0,2138000000.0,2138000000.0,2138000000.0,0.0,0.0,0.052,20237000000.0,4310000000.0,1924000000.0,0.093,6.672,11.594,11.757,32993000000.0,0.0,50.32,0.599,0.599,1543000000.0,2577000000.0,41392000000.0,41392000000.0,0.0,0.041,0.557,0.083,0.108,100000000.0,12915000000.0,1.0,492588818.0,492588818.0,,84.03,47021000000.0,905000000.0,1328000000.0,0.0,95.457,-5096000000.0
18,AAL,MRT,2017-03-31,2017-03-31,2017-03-31,2021-10-21,-5097000000.0,52627000000.0,51515000000.0,10626000000.0,42001000000.0,0.787,6.857,-5735000000.0,917000000.0,917000000.0,16519000000.0,2224000000.0,0.695,14.223,24543000000.0,1714000000.0,22829000000.0,24543000000.0,0.0,1818000000.0,0.0,0.009,0.4,4579000000.0,6397000000.0,0.158,6397000000.0,4579000000.0,3570000000.0,4.21,4.2,4.21,3457000000.0,3986250000.0,3457000000.0,44709730993.0,10.0,6.989,419000000.0,0.831,1.0,24009000000.0,0.592,6327000000.0,1009000000.0,54640000000.0,53343500000.0,1154000000.0,6302000000.0,6302000000.0,0.0,49170000000.0,15286000000.0,33884000000.0,21325730993.0,-146000000.0,0.0,-3459000000.0,2897000000.0,-214000000.0,-842000000.0,-5458000000.0,277000000.0,6154000000.0,0.0,2224000000.0,2224000000.0,2224000000.0,0.0,0.0,0.055,19547000000.0,4462000000.0,1882000000.0,0.095,6.169,9.589,10.048,32291000000.0,0.0,42.3,0.526,0.526,1397000000.0,1823000000.0,40528000000.0,40528000000.0,0.0,0.043,0.558,0.086,0.113,100000000.0,12506000000.0,1.0,504154397.0,504154397.0,,80.388,46300000000.0,1379000000.0,1346000000.0,0.0,91.837,-4660000000.0
19,AAL,MRT,2016-12-31,2016-12-31,2016-12-31,2021-10-21,-5083000000.0,51274000000.0,50835500000.0,10324000000.0,40950000000.0,0.79,7.305,-5606000000.0,960000000.0,960000000.0,15924000000.0,2584000000.0,0.744,12.547,24344000000.0,1855000000.0,22489000000.0,24344000000.0,0.0,1818000000.0,0.0,0.009,0.4,5143000000.0,6961000000.0,0.173,6961000000.0,5143000000.0,4152000000.0,4.68,4.65,4.68,3785000000.0,4299500000.0,3785000000.0,46518263534.0,9.0,6.683,918000000.0,1.772,1.0,24218000000.0,0.603,6264000000.0,991000000.0,54522000000.0,51899250000.0,1094000000.0,6037000000.0,6037000000.0,0.0,47489000000.0,13872000000.0,33617000000.0,24191263534.0,-72000000.0,0.0,-4500000000.0,3874000000.0,-224000000.0,-894000000.0,-5702000000.0,-96000000.0,6524000000.0,0.0,2584000000.0,2584000000.0,2584000000.0,0.0,0.0,0.064,19158000000.0,5060000000.0,1592000000.0,0.085,6.391,9.362,9.976,31159000000.0,0.0,46.69,0.603,0.603,1594000000.0,1640000000.0,40142000000.0,40142000000.0,0.0,0.051,0.601,0.099,0.128,100000000.0,12290000000.0,1.0,518125156.0,518125156.0,,77.475,45010000000.0,1498000000.0,1568000000.0,0.0,86.871,-3548000000.0
20,AAL,MRT,2016-09-30,2016-09-30,2016-09-30,2021-10-21,-4778000000.0,51108000000.0,50120750000.0,11048000000.0,40060000000.0,0.799,8.286,-5729000000.0,1016000000.0,1016000000.0,15775000000.0,5668000000.0,0.76,10.639,23343000000.0,1798000000.0,21545000000.0,23343000000.0,0.0,1609000000.0,0.0,0.011,0.4,5011000000.0,6620000000.0,0.165,6620000000.0,5011000000.0,4044000000.0,9.29,9.12,9.29,4391000000.0,4762000000.0,4391000000.0,41160128293.0,8.0,6.218,396000000.0,0.747,1.0,24247000000.0,0.606,6280000000.0,967000000.0,52622000000.0,50255250000.0,1100000000.0,6374000000.0,6374000000.0,0.0,46717000000.0,14533000000.0,32184000000.0,19400128293.0,-635000000.0,0.0,-5366000000.0,3072000000.0,-244000000.0,-2556000000.0,-4204000000.0,1525000000.0,6125000000.0,0.0,5668000000.0,5668000000.0,5668000000.0,0.0,0.0,0.142,18662000000.0,5585000000.0,1673000000.0,0.043,4.418,3.423,3.941,30304000000.0,0.0,36.61,0.485,0.485,1703000000.0,1403000000.0,40022000000.0,40022000000.0,0.0,0.113,1.19,0.1,0.125,284000000.0,11809000000.0,1.0,529913365.0,529913365.0,,75.526,44828000000.0,1524000000.0,-1624000000.0,0.0,84.595,-3485000000.0
21,AAL,MRT,2016-06-30,2016-06-30,2016-06-30,2021-10-21,-4763000000.0,51051000000.0,49522500000.0,11184000000.0,39867000000.0,0.81,7.458,-6030000000.0,1086000000.0,1086000000.0,15908000000.0,6624000000.0,0.75,10.839,22846000000.0,1715000000.0,21131000000.0,22846000000.0,0.0,1609000000.0,0.0,0.014,0.4,5500000000.0,7109000000.0,0.177,7109000000.0,5500000000.0,4564000000.0,10.45,10.21,10.45,4312000000.0,4604750000.0,4312000000.0,36926041846.0,7.0,5.194,211000000.0,0.365,1.0,24226000000.0,0.604,6304000000.0,936000000.0,51590000000.0,48859000000.0,999000000.0,6672000000.0,6672000000.0,0.0,46739000000.0,14917000000.0,31822000000.0,16368041846.0,-506000000.0,0.0,-6151000000.0,4326000000.0,-257000000.0,-2077000000.0,-4670000000.0,1360000000.0,6241000000.0,0.0,6624000000.0,6624000000.0,6624000000.0,0.0,0.0,0.165,18073000000.0,6153000000.0,1944000000.0,0.038,3.796,2.471,2.709,29611000000.0,0.0,28.31,0.408,0.408,1593000000.0,719000000.0,40134000000.0,40134000000.0,0.0,0.134,1.439,0.113,0.137,284000000.0,11460000000.0,1.0,578171736.0,578171736.0,,69.415,44747000000.0,1965000000.0,-2060000000.0,0.0,77.394,-3733000000.0
22,AAL,MRT,2016-03-31,2016-03-31,2016-03-31,2021-10-21,-4749000000.0,49909000000.0,48726750000.0,10802000000.0,39107000000.0,0.833,7.811,-6264000000.0,1186000000.0,1186000000.0,16463000000.0,7378000000.0,0.707,9.596,21744000000.0,2610000000.0,19134000000.0,21744000000.0,0.0,1609000000.0,0.0,0.01,0.4,5700000000.0,7309000000.0,0.18,7309000000.0,5700000000.0,4790000000.0,11.23,10.94,11.23,4710000000.0,4435750000.0,4710000000.0,44205768795.0,8.0,6.048,111000000.0,0.184,1.0,24135000000.0,0.594,6327000000.0,910000000.0,48863000000.0,46849750000.0,886000000.0,6435000000.0,6435000000.0,0.0,45199000000.0,15277000000.0,29922000000.0,24729768795.0,-553000000.0,0.0,-5190000000.0,3026000000.0,-269000000.0,-2422000000.0,-4506000000.0,1758000000.0,6375000000.0,0.0,7378000000.0,7378000000.0,7378000000.0,0.0,0.0,0.182,17812000000.0,6323000000.0,1913000000.0,0.036,5.25,3.352,3.652,28633000000.0,0.0,41.01,0.609,0.609,1450000000.0,-591000000.0,40598000000.0,40598000000.0,0.0,0.151,1.663,0.122,0.14,284000000.0,11170000000.0,1.0,603018015.0,603018015.0,,67.325,43582000000.0,2072000000.0,-2588000000.0,0.0,72.273,-4475000000.0
23,AAL,MRT,2015-12-31,2015-12-31,2015-12-31,2021-10-21,-4732000000.0,48415000000.0,47938000000.0,9985000000.0,38430000000.0,0.855,8.94,-6116000000.0,1085000000.0,1085000000.0,17079000000.0,7610000000.0,0.734,7.592,20561000000.0,2231000000.0,18330000000.0,20561000000.0,0.0,1609000000.0,0.0,0.009,0.4,5496000000.0,7105000000.0,0.173,7105000000.0,5496000000.0,4616000000.0,11.39,11.07,11.39,5635000000.0,3949250000.0,5635000000.0,45529286577.0,8.0,6.408,133000000.0,0.211,1.0,23911000000.0,0.583,6340000000.0,880000000.0,47946000000.0,45450500000.0,863000000.0,5864000000.0,5864000000.0,0.0,42780000000.0,13605000000.0,29175000000.0,26694286577.0,-604000000.0,0.0,-3846000000.0,2856000000.0,-278000000.0,-1259000000.0,-5594000000.0,522000000.0,6249000000.0,0.0,7610000000.0,7610000000.0,7610000000.0,0.0,0.0,0.186,17707000000.0,6204000000.0,1563000000.0,0.035,4.737,3.508,3.718,27510000000.0,0.0,42.35,0.651,0.651,1425000000.0,-1230000000.0,40990000000.0,40990000000.0,0.0,0.159,1.927,0.121,0.134,284000000.0,10918000000.0,1.0,630325539.0,630325539.0,,65.03,42075000000.0,2477000000.0,-2994000000.0,0.0,66.751,-3620000000.0
24,AAL,MRT,2015-09-30,2015-09-30,2015-09-30,2021-10-21,-4651000000.0,48715000000.0,46640500000.0,13706000000.0,35009000000.0,0.89,5.6,-5894000000.0,1726000000.0,1726000000.0,18217000000.0,4926000000.0,0.968,11.949,20561000000.0,1712000000.0,18849000000.0,20561000000.0,0.0,1513000000.0,0.0,0.01,0.4,5810000000.0,7323000000.0,0.176,7323000000.0,5810000000.0,4938000000.0,7.22,7.03,7.22,3762000000.0,3045750000.0,3762000000.0,43181792966.0,7.0,5.897,931000000.0,1.386,1.0,23303000000.0,0.561,6352000000.0,872000000.0,47037000000.0,43324500000.0,1010000000.0,7857000000.0,7857000000.0,0.0,44953000000.0,14161000000.0,30792000000.0,26086792966.0,-162000000.0,0.0,-3317000000.0,3185000000.0,-278000000.0,-169000000.0,-6818000000.0,-924000000.0,6825000000.0,0.0,4926000000.0,4926000000.0,4926000000.0,0.0,0.0,0.119,17307000000.0,5996000000.0,1525000000.0,0.055,6.934,5.296,5.378,26292000000.0,0.0,38.83,0.628,0.628,1828000000.0,-4445000000.0,41520000000.0,41520000000.0,0.0,0.106,1.617,0.134,0.14,304000000.0,10630000000.0,1.0,671820576.0,671820576.0,,61.802,42363000000.0,0.0,12000000.0,0.0,63.057,-455000000.0
25,AAL,MRT,2015-06-30,2015-06-30,2015-06-30,2021-10-21,-4620000000.0,47868000000.0,45505000000.0,14109000000.0,33759000000.0,0.922,5.248,-5726000000.0,1699000000.0,1699000000.0,19673000000.0,4175000000.0,0.938,12.165,18794000000.0,1642000000.0,17152000000.0,18794000000.0,0.0,1513000000.0,0.0,0.01,0.4,5041000000.0,6554000000.0,0.156,6554000000.0,5041000000.0,4178000000.0,5.97,5.82,5.97,3636000000.0,3348000000.0,3636000000.0,44783922115.0,9.0,6.833,-442000000.0,-0.638,1.0,22280000000.0,0.531,6365000000.0,863000000.0,43553000000.0,41297250000.0,1069000000.0,7967000000.0,7967000000.0,0.0,44232000000.0,15045000000.0,29187000000.0,27666922115.0,-258000000.0,0.0,-1964000000.0,1670000000.0,-284000000.0,-283000000.0,-5259000000.0,467000000.0,5284000000.0,0.0,4175000000.0,4175000000.0,4175000000.0,0.0,0.0,0.1,17023000000.0,5257000000.0,1683000000.0,0.067,7.609,6.627,6.689,25288000000.0,0.0,39.935,0.659,0.659,1892000000.0,-6070000000.0,41953000000.0,41953000000.0,0.0,0.092,1.247,0.122,0.12,304000000.0,10390000000.0,1.0,692798851.0,692798851.0,,60.556,41503000000.0,0.0,3000000.0,0.0,59.906,-936000000.0
26,AAL,MRT,2015-03-31,2015-03-31,2015-03-31,2021-10-21,-4590000000.0,46754000000.0,44740750000.0,14129000000.0,32625000000.0,0.949,3.968,-5639000000.0,1805000000.0,1805000000.0,20827000000.0,3335000000.0,0.993,15.915,18922000000.0,1284000000.0,17638000000.0,18922000000.0,0.0,1513000000.0,0.0,0.006,0.3,4517000000.0,6030000000.0,0.142,6030000000.0,4517000000.0,3663000000.0,4.7,4.58,4.7,2764000000.0,3460500000.0,2764000000.0,52905179083.0,12.0,8.774,-1321000000.0,-1.896,1.0,21654000000.0,0.51,6372000000.0,854000000.0,43266000000.0,39894000000.0,995000000.0,8125000000.0,8125000000.0,0.0,43990000000.0,14233000000.0,29757000000.0,36769179083.0,-211000000.0,0.0,-1158000000.0,1467000000.0,-214000000.0,641000000.0,-5170000000.0,469000000.0,4318000000.0,0.0,3335000000.0,3335000000.0,3335000000.0,0.0,0.0,0.079,16919000000.0,4735000000.0,1587000000.0,0.064,13.303,11.025,11.23,24042000000.0,0.0,52.78,0.866,0.866,1826000000.0,-7702000000.0,42481000000.0,42481000000.0,0.0,0.075,0.964,0.113,0.106,304000000.0,10241000000.0,1.0,696649850.0,696649850.0,,60.979,40382000000.0,0.0,328000000.0,0.0,57.966,-104000000.0
27,AAL,MRT,2014-12-31,2014-12-31,2014-12-31,2021-10-21,-4559000000.0,43225000000.0,43986500000.0,11750000000.0,31475000000.0,0.97,2.818,-5278000000.0,1768000000.0,1768000000.0,22136000000.0,2882000000.0,0.877,20.388,17720000000.0,1677000000.0,16043000000.0,17720000000.0,0.0,1513000000.0,0.0,0.004,0.2,4099000000.0,5612000000.0,0.132,5612000000.0,4099000000.0,3212000000.0,4.02,3.93,4.02,2021000000.0,3043250000.0,2021000000.0,53503844884.0,13.0,9.534,-2198000000.0,-3.064,1.0,20514000000.0,0.481,6331000000.0,887000000.0,39442000000.0,38259750000.0,1004000000.0,6309000000.0,6309000000.0,0.0,41204000000.0,13404000000.0,27800000000.0,38466844884.0,-146000000.0,307000000.0,-1052000000.0,170000000.0,-144000000.0,-315000000.0,-2911000000.0,2060000000.0,3080000000.0,0.0,2882000000.0,2882000000.0,2882000000.0,0.0,0.0,0.068,16265000000.0,4249000000.0,1377000000.0,0.05,19.034,13.347,13.341,23084000000.0,0.0,53.63,0.902,0.902,1771000000.0,-8562000000.0,42650000000.0,42650000000.0,0.0,0.066,0.947,0.107,0.096,304000000.0,10052000000.0,1.0,717263563.0,717263563.0,,59.462,36894000000.0,0.0,330000000.0,0.0,51.437,-1654000000.0
28,AAL,MRT,2014-09-30,2014-09-30,2014-09-30,2021-10-21,-1893000000.0,44173000000.0,43749750000.0,13450000000.0,30723000000.0,0.911,6.903,-4595000000.0,2053000000.0,2053000000.0,20977000000.0,285000000.0,0.968,7.886,17090000000.0,1439000000.0,15651000000.0,17090000000.0,0.0,1020000000.0,0.0,0.003,0.1,1202000000.0,2222000000.0,0.056,2222000000.0,1202000000.0,321000000.0,-4.04,-4.09,-4.04,4971000000.0,1855250000.0,4971000000.0,40185248266.0,33.0,18.085,-3531000000.0,-4.903,1.0,18880000000.0,0.474,6394000000.0,881000000.0,38928000000.0,37574000000.0,1182000000.0,6721000000.0,6721000000.0,0.0,39202000000.0,13888000000.0,25314000000.0,25549248266.0,461000000.0,513000000.0,-146000000.0,-195000000.0,-72000000.0,244000000.0,-847000000.0,3235000000.0,1064000000.0,0.0,285000000.0,285000000.0,285000000.0,0.0,0.0,0.007,15376000000.0,3504000000.0,1498000000.0,-0.025,5.14,89.646,-8.782,22163000000.0,0.0,35.48,0.641,0.641,1961000000.0,-9086000000.0,39857000000.0,39857000000.0,0.0,0.007,0.154,0.032,0.03,39000000.0,9445000000.0,1.0,720102826.0,720102826.0,,55.349,37779000000.0,0.0,36000000.0,0.0,52.463,-438000000.0
29,AAL,MRT,2014-06-30,2014-06-30,2014-06-30,2021-10-21,-1846000000.0,44811000000.0,,14966000000.0,29845000000.0,,5.673,-3877000000.0,2092000000.0,2092000000.0,18709000000.0,-368000000.0,0.992,9.967,16728000000.0,1523000000.0,15205000000.0,16728000000.0,0.0,1020000000.0,0.0,0.0,0.0,558000000.0,1578000000.0,0.044,1578000000.0,558000000.0,-339000000.0,-4.19,-4.35,-4.19,4086000000.0,,4086000000.0,45418629654.0,81.0,28.782,-2435000000.0,-3.381,1.0,16837000000.0,0.474,6419000000.0,897000000.0,37940000000.0,,1093000000.0,8249000000.0,8249000000.0,0.0,40725000000.0,15088000000.0,25637000000.0,30939629654.0,606000000.0,513000000.0,-19000000.0,464000000.0,0.0,1340000000.0,-2176000000.0,1188000000.0,1442000000.0,0.0,-368000000.0,-368000000.0,-368000000.0,0.0,0.0,-0.01,13892000000.0,2945000000.0,1653000000.0,0.0,7.572,-84.075,-10.253,21236000000.0,0.0,42.96,0.87,0.87,1981000000.0,-9953000000.0,35546000000.0,35546000000.0,0.0,,,,0.016,39000000.0,8589000000.0,1.0,720196221.0,720196221.0,,49.356,38392000000.0,0.0,29000000.0,0.0,53.308,-122000000.0
30,AAL,MRT,2014-03-31,2014-03-31,2014-03-31,2021-10-21,-2135000000.0,43737000000.0,,15193000000.0,28544000000.0,,2.322,-3171000000.0,2206000000.0,2206000000.0,16386000000.0,-1012000000.0,1.008,38.942,16685000000.0,1441000000.0,15244000000.0,16685000000.0,0.0,1020000000.0,0.0,0.0,0.0,-479000000.0,541000000.0,0.018,541000000.0,-479000000.0,-1323000000.0,-4.51,-4.73,-4.51,1095000000.0,,1095000000.0,31881525933.0,-67.0,58.931,-1940000000.0,-4.114,1.0,14254000000.0,0.465,6408000000.0,844000000.0,36729000000.0,,1052000000.0,8405000000.0,8405000000.0,0.0,42642000000.0,15079000000.0,27563000000.0,17257525933.0,653000000.0,513000000.0,-75000000.0,2164000000.0,0.0,3091000000.0,-3669000000.0,-1011000000.0,1231000000.0,0.0,-1012000000.0,-1012000000.0,-1012000000.0,0.0,0.0,-0.033,12196000000.0,2058000000.0,1646000000.0,0.0,15.76,-17.053,-8.115,19944000000.0,0.0,36.6,0.563,0.563,2008000000.0,-10816000000.0,30640000000.0,30640000000.0,0.0,,,,-0.016,39000000.0,7581000000.0,1.0,471517102.0,471517102.0,,64.982,37329000000.0,0.0,-311000000.0,0.0,79.168,114000000.0
31,AAL,MRT,2013-12-31,2013-12-31,2013-12-31,2021-10-21,-2032000000.0,42278000000.0,32894000000.0,14323000000.0,27955000000.0,0.813,-5.792,-2986000000.0,2175000000.0,2175000000.0,14345000000.0,-1834000000.0,1.037,-16.481,16799000000.0,1446000000.0,15353000000.0,16799000000.0,0.0,1020000000.0,0.0,0.0,0.0,-1324000000.0,-304000000.0,-0.011,-304000000.0,-1324000000.0,-2180000000.0,-6.54,-6.54,-6.54,-2731000000.0,-5359000000.0,-2731000000.0,,,,-2311000000.0,-4.901,1.0,12398000000.0,0.464,6397000000.0,856000000.0,36699000000.0,32070000000.0,1012000000.0,8111000000.0,8111000000.0,0.0,45009000000.0,13806000000.0,31203000000.0,11905806826.0,660000000.0,206000000.0,0.0,2208000000.0,0.0,3799000000.0,-3814000000.0,-1034000000.0,675000000.0,0.0,-1834000000.0,-1834000000.0,-1834000000.0,0.0,0.0,-0.069,10999000000.0,1399000000.0,1368000000.0,0.0,-4.36,-6.492,-3.861,19259000000.0,0.0,25.25,0.445,0.445,1560000000.0,-11296000000.0,26743000000.0,26743000000.0,0.0,-0.056,0.342,-0.041,-0.05,39000000.0,6618000000.0,1.0,471517102.0,471517102.0,,56.717,35881000000.0,0.0,-346000000.0,0.0,76.097,517000000.0
32,AAL,MRT,2013-09-30,2013-09-30,2013-09-30,2021-10-21,,,,,,,,,,,,,,,,,,,,,,,0.0,,,,,,,,,,,,,,,,,,1.0,,,,,,,,,,,,,,,,,,,,,,,,,,,,,,,,,,,,,,,,,,,,,,,,,,,,,,1.0,,,,,,,,,,
33,AAL,MRT,2013-06-30,2013-06-30,2013-06-30,2021-10-21,,,,,,,,,,,,,,,,,,,,,,,0.0,,,,,,,,,,,,,,,,,,1.0,,,,,,,,,,,,,,,,,,,,,,,,,,,,,,,,,,,,,,,,,,,,,,,,,,,,,,1.0,,,,,,,,,,
34,AAL,MRT,2013-03-31,2013-03-31,2013-03-31,2021-10-21,,,,,,,,,,,,,,,,,,,,,,,0.0,,,,,,,,,,,,,,,,,,1.0,,,,,,,,,,,,,,,,,,,,,,,,,,,,,,,,,,,,,,,,,,,,,,,,,,,,,,1.0,,,,,,,,,,
35,AAL,MRT,2012-12-31,2012-12-31,2012-12-31,2021-10-21,-2980000000.0,23510000000.0,,7072000000.0,16438000000.0,,,-1765000000.0,1330000000.0,1330000000.0,13527000000.0,-1876000000.0,0.785,-3.944,15141000000.0,1419000000.0,13722000000.0,15141000000.0,0.0,1015000000.0,0.0,,0.0,-1813000000.0,-798000000.0,-0.032,-798000000.0,-1813000000.0,-2445000000.0,-7.52,-7.52,-7.52,-7987000000.0,,-7987000000.0,,,,-480000000.0,,1.0,11328000000.0,0.456,869000000.0,632000000.0,27441000000.0,,580000000.0,3412000000.0,3412000000.0,0.0,31497000000.0,9011000000.0,22486000000.0,,197000000.0,0.0,0.0,-1020000000.0,0.0,483000000.0,-1571000000.0,194000000.0,1285000000.0,0.0,-1876000000.0,-1876000000.0,-1876000000.0,0.0,0.0,-0.075,11180000000.0,148000000.0,975000000.0,0.0,,,,13402000000.0,0.0,,,,1124000000.0,-9462000000.0,24855000000.0,24855000000.0,0.0,,,,-0.073,29000000.0,7275000000.0,1.0,,,,,22641000000.0,0.0,-569000000.0,0.0,,-1939000000.0
36,AAL,MRT,2011-12-31,2011-12-31,2011-12-31,2021-10-21,,,,,,,,-1614000000.0,,,13245000000.0,-1979000000.0,,,,,,,,1086000000.0,,,0.0,-1168000000.0,-82000000.0,-0.003,-82000000.0,-1168000000.0,-1979000000.0,-15.83,-15.83,-15.83,,,,,,,-871000000.0,,1.0,10734000000.0,0.448,,811000000.0,,,,,,,,,,,115000000.0,0.0,0.0,24000000.0,0.0,664000000.0,-1292000000.0,322000000.0,743000000.0,0.0,-1979000000.0,-1979000000.0,-1979000000.0,0.0,0.0,-0.083,11771000000.0,-1037000000.0,,0.0,,,,,0.0,,,,,,23979000000.0,23979000000.0,0.0,,,,-0.049,40000000.0,7463000000.0,1.0,,,,,,,0.0,,,
