None,ticker,dimension,calendardate,datekey,reportperiod,lastupdated,accoci,assets,assetsavg,assetsc,assetsnc,assetturnover,bvps,capex,cashneq,cashnequsd,cor,consolinc,currentratio,de,debt,debtc,debtnc,debtusd,deferredrev,depamor,deposits,divyield,dps,ebit,ebitda,ebitdamargin,ebitdausd,ebitusd,ebt,eps,epsdil,epsusd,equity,equityavg,equityusd,ev,evebit,evebitda,fcf,fcfps,fxusd,gp,grossmargin,intangibles,intexp,invcap,invcapavg,inventory,investments,investmentsc,investmentsnc,liabilities,liabilitiesc,liabilitiesnc,marketcap,ncf,ncfbus,ncfcommon,ncfdebt,ncfdiv,ncff,ncfi,ncfinv,ncfo,ncfx,netinc,netinccmn,netinccmnusd,netincdis,netincnci,netmargin,opex,opinc,payables,payoutratio,pb,pe,pe1,ppnenet,prefdivis,price,ps,ps1,receivables,retearn,revenue,revenueusd,rnd,roa,roe,roic,ros,sbcomp,sgna,sharefactor,sharesbas,shareswa,shareswadil,sps,tangibles,taxassets,taxexp,taxliabilities,tbvps,workingcapital
0,AET,ARY,2017-12-31,2018-02-23,2017-12-31,2018-10-30,-1244000000,55151000000,56399750000.0,15523000000,39628000000,1.073,47.674,-410000000.0,4076000000,4076000000,44628000000.0,1905000000.0,0.922,2.523,9159000000,999000000,8160000000,9159000000,654000000,705000000.0,0,0.011,2.0,3433000000.0,4138000000.0,0.068,4138000000.0,3433000000.0,2991000000.0,5.71,5.68,5.71,15580000000,15207000000.0,15580000000,62452740000.0,18.0,15.092,-874000000.0,-2.674,1.0,15907000000.0,0.263,11751000000,442000000.0,31646000000,30649500000.0,0,20073000000,2280000000,17793000000,39314000000,16837000000,22477000000,57369740000.0,-13920000000.0,1366000000.0,-3845000000.0,-11746000000.0,-583000000.0,-16186000000.0,2730000000.0,1774000000.0,-464000000.0,0.0,1904000000.0,1904000000.0,1904000000.0,0.0,1000000.0,0.031,12336000000.0,3571000000.0,0,0.35,3.682,30.131,30.744,586000000,0.0,175.55,0.948,0.948,9444000000,12118000000,60535000000.0,60535000000.0,0.0,0.034,0.125,0.112,0.057,187000000.0,12064000000.0,1.0,326800000.0,326800000.0,,185.236,43400000000,560000000,1087000000.0,0,132.803,-1314000000
1,AET,ARY,2016-12-31,2017-02-17,2016-12-31,2018-10-30,-1552000000,69146000000,67013575000.0,28449000000,40697000000,0.942,50.842,-270000000.0,17996000000,17996000000,46356000000.0,2256000000.0,1.522,2.864,20661000000,1634000000,19027000000,20661000000,556000000,681000000.0,0,0.008,1.0,4610000000.0,5291000000.0,0.084,5291000000.0,4610000000.0,4006000000.0,6.46,6.41,6.46,17881000000,17672200000.0,17881000000,46722459000.0,10.0,8.831,3449000000.0,9.807,1.0,16799000000.0,0.266,12079000000,604000000.0,41038000000,39243250000.0,0,24879000000,3046000000,21833000000,51203000000,18694000000,32509000000,44057459000.0,15472000000.0,0.0,0.0,12886000000.0,-351000000.0,12134000000.0,-381000000.0,-111000000.0,3719000000.0,0.0,2271000000.0,2271000000.0,2271000000.0,0.0,-15000000.0,0.036,12332000000.0,4467000000.0,0,0.155,2.464,19.4,19.392,587000000,0.0,125.27,0.698,0.698,5307000000,14717000000,63155000000.0,63155000000.0,0.0,0.034,0.129,0.117,0.073,191000000.0,12085000000.0,1.0,351700000.0,351700000.0,,179.571,57067000000,44000000,1735000000.0,4000000,162.26,9755000000
2,AET,ARY,2015-12-31,2016-02-19,2015-12-31,2018-10-30,-1330300000,53424100000,54274750000.0,12738500000,40685600000,1.112,46.094,-362900000.0,2524300000,2524300000,43832600000.0,2394600000.0,0.823,2.311,7828000000,0,7828000000,7828000000,549200000,671300000.0,0,0.01,1.0,4594800000.0,5266100000.0,0.087,5266100000.0,4594800000.0,4231200000.0,6.84,6.78,6.84,16114300000,15610575000.0,16114300000,41469820000.0,9.0,7.875,3503200000.0,10.021,1.0,16503900000.0,0.274,12325100000,363600000.0,30921200000,32146350000.0,0,24679600000,3014800000,21664800000,37245500000,15481500000,21764000000,36166120000.0,1103900000.0,-20600000.0,-296300000.0,-930400000.0,-348700000.0,-1734700000.0,-1027500000.0,-644000000.0,3866100000.0,0.0,2390200000.0,2390200000.0,2390200000.0,0.0,4400000.0,0.04,11904700000.0,4599200000.0,0,0.146,2.244,15.131,15.124,629700000,0.0,103.45,0.599,0.599,4920200000,12797400000,60336500000.0,60336500000.0,0.0,0.044,0.153,0.143,0.076,180600000.0,11649300000.0,1.0,349600000.0,349600000.0,,172.587,41099000000,260400000,1841000000.0,177400000,117.56,-2743000000
3,AET,ARY,2014-12-31,2015-02-27,2014-12-31,2018-10-30,-1111300000,53402100000,52926850000.0,11764000000,41638100000,1.096,41.533,-369600000.0,1420400000,1420400000,42911700000.0,2045200000.0,0.766,2.683,8581300000,729300000,7852000000,8581300000,519500000,629000000.0,0,0.009,0.925,3824800000.0,4453800000.0,0.077,4453800000.0,3824800000.0,3495500000.0,5.74,5.68,5.74,14482600000,14600800000.0,14482600000,41873985000.0,11.0,9.402,3003200000.0,8.613,1.0,15091500000.0,0.26,12561500000,329300000.0,32645000000,32215550000.0,0,25616000000,3422100000,22193900000,38850300000,15356500000,23493800000,34713085000.0,8100000.0,-450500000.0,-1218100000.0,386200000.0,-320600000.0,-1235000000.0,-2129700000.0,-1319600000.0,3372800000.0,0.0,2040800000.0,2040800000.0,2040800000.0,0.0,4400000.0,0.035,11081100000.0,4010400000.0,0,0.161,2.397,17.01,17.343,669800000,0.0,99.55,0.598,0.598,4440300000,11051700000,58003200000.0,58003200000.0,0.0,0.039,0.14,0.119,0.066,163800000.0,10837700000.0,1.0,348700000.0,348700000.0,,166.341,40840600000,815700000,1454700000.0,867500000,117.122,-3592500000
4,AET,ARY,2013-12-31,2014-02-28,2013-12-31,2018-10-30,-912100000,49871800000,47843050000.0,9718900000,40152900000,0.989,38.67,-479100000.0,1412300000,1412300000,35246400000.0,1911900000.0,0.771,2.552,8252600000,387300000,7865300000,8252600000,458700000,569100000.0,0,0.011,0.825,3275900000.0,3845000000.0,0.081,3845000000.0,3275900000.0,2942200000.0,5.38,5.33,5.38,14025500000,12943725000.0,14025500000,33212217000.0,10.0,8.638,1799600000.0,4.962,1.0,12048200000.0,0.255,12321600000,333700000.0,31787600000,30921600000.0,0,23791400000,2856400000,20935000000,35793600000,12602900000,23190700000,26371917000.0,-1166900000.0,-1646800000.0,-1407700000.0,0.0,-278700000.0,-1525800000.0,-1919800000.0,203600000.0,2278700000.0,0.0,1913600000.0,1913600000.0,1913600000.0,0.0,-1700000.0,0.04,8860000000.0,3188200000.0,0,0.153,1.88,13.781,13.515,721900000,0.0,72.71,0.558,0.558,3871800000,10555400000,47294600000.0,47294600000.0,0.0,0.04,0.148,0.106,0.069,127100000.0,8645400000.0,1.0,362700000.0,362700000.0,,130.396,37550200000,590700000,1028600000.0,864200000,103.53,-2884000000
5,AET,ARY,2012-12-31,2013-02-19,2012-12-31,2018-10-30,-1033400000,41494500000,40030425000.0,8244400000,33250100000,0.914,31.725,-338200000.0,2579200000,2579200000,25737000000.0,1657900000.0,0.971,2.988,6481300000,0,6481300000,6481300000,403500000,449900000.0,0,0.015,0.725,2814200000.0,3264100000.0,0.089,3264100000.0,2814200000.0,2545400000.0,4.87,4.81,4.87,10405800000,10464350000.0,10405800000,19878980000.0,7.0,6.09,1483800000.0,4.524,1.0,10858900000.0,0.297,7033100000,268800000.0,29875900000,28174900000.0,0,21967200000,2269000000,19698200000,31088700000,8487600000,22601100000,15976880000.0,1899500000.0,-8600000.0,-1417500000.0,1961700000.0,-239100000.0,308800000.0,-231300000.0,115500000.0,1822000000.0,0.0,1657900000.0,1657900000.0,1657900000.0,0.0,0.0,0.045,7959800000.0,2899100000.0,0,0.149,1.535,9.637,10.002,540000000,0.0,48.71,0.437,0.437,2489500000,10343900000,36595900000.0,36595900000.0,0.0,0.041,0.158,0.1,0.077,122200000.0,6876400000.0,1.0,328000000.0,328000000.0,,111.573,34461400000,566400000,887500000.0,473500000,105.065,-243200000
6,AET,ARY,2011-12-31,2012-02-24,2011-12-31,2018-10-30,-1189200000,38593100000,38326700000.0,5890000000,32703100000,0.881,28.882,-372000000.0,679700000,679700000,23530000000.0,1985700000.0,0.691,2.813,4403600000,425900000,3977700000,4403600000,369700000,447200000.0,0,0.013,0.625,3324700000.0,3771900000.0,0.112,3771900000.0,3324700000.0,3077800000.0,5.33,5.22,5.33,10120200000,10318900000.0,10120200000,20154156000.0,6.0,5.343,2135800000.0,6.095,1.0,10249800000.0,0.303,7162500000,246900000.0,26632300000,26198050000.0,0,20295000000,2211800000,18083200000,28472900000,8522200000,19950700000,16430256000.0,-1187900000.0,-1555700000.0,-1813000000.0,6000000.0,-167200000.0,-1815500000.0,-1880200000.0,47500000.0,2507800000.0,0.0,1985700000.0,1985700000.0,1985700000.0,0.0,0.0,0.059,6925100000.0,3324700000.0,0,0.117,1.624,8.274,8.797,556900000,0.0,46.89,0.486,0.486,2384600000,10346600000,33779800000.0,33779800000.0,0.0,0.052,0.192,0.127,0.098,141400000.0,6804400000.0,1.0,350400000.0,350400000.0,,96.404,31430600000,549100000,1092100000.0,208800000,89.699,-2632200000
7,AET,ARY,2010-12-31,2011-02-25,2010-12-31,2018-10-30,-1162600000,37739400000,38552650000.0,6994200000,30745200000,0.888,25.724,-288700000.0,1867600000,1867600000,24733000000.0,1766800000.0,0.801,2.816,4382500000,899900000,3482600000,4382500000,318700000,444400000.0,0,0.001,0.04,2898800000.0,3343200000.0,0.098,3343200000.0,2898800000.0,2644200000.0,4.25,4.18,4.25,9890800000,10039400000.0,9890800000,16868285000.0,6.0,5.046,1123400000.0,2.922,1.0,9513000000.0,0.278,5641900000,254600000.0,25875500000,26229500000.0,0,19926600000,2380300000,17546300000,27848600000,8736900000,19111700000,14353385000.0,664000000.0,-100000.0,-1606000000.0,217000000.0,-16100000.0,-1382600000.0,634500000.0,923300000.0,1412100000.0,0.0,1766800000.0,1766800000.0,1766800000.0,0.0,0.0,0.052,6614200000.0,2898800000.0,0,0.009,1.451,8.124,8.784,529300000,0.0,37.33,0.419,0.419,2314600000,10401900000,34246000000.0,34246000000.0,0.0,0.046,0.176,0.111,0.085,110400000.0,6519000000.0,1.0,384500000.0,384500000.0,,89.066,32097500000,567000000,877400000.0,0,83.479,-1742700000
8,AET,ARY,2009-12-31,2010-02-26,2009-12-31,2018-10-30,-1223000000,38550400000,37356700000.0,6826900000,31723500000,0.931,22.051,-362000000.0,1203600000,1203600000,26139300000.0,1276500000.0,0.807,3.056,4120300000,480800000,3639500000,4120300000,306400000,416000000.0,0,0.001,0.04,2144600000.0,2560600000.0,0.074,2560600000.0,2144600000.0,1901200000.0,2.89,2.84,2.89,9503800000,9071225000.0,9503800000,15842390000.0,7.0,6.187,2126300000.0,4.933,1.0,8624800000.0,0.248,5736900000,243400000.0,27266000000,25847050000.0,0,20183800000,3132700000,17051100000,29046600000,8464200000,20582400000,12925690000.0,24100000.0,-75100000.0,-773000000.0,266100000.0,-17300000.0,-464500000.0,-1999700000.0,-1562600000.0,2488300000.0,0.0,1276500000.0,1276500000.0,1276500000.0,0.0,0.0,0.037,6480200000.0,2144600000.0,0,0.014,1.36,10.126,10.377,551000000,0.0,29.99,0.372,0.372,2244000000,10256700000,34764100000.0,34764100000.0,0.0,0.034,0.141,0.083,0.062,90700000.0,6383000000.0,1.0,431000000.0,431000000.0,,80.659,32813500000,806300000,624700000.0,0,76.133,-1637300000
9,AET,ARY,2008-12-31,2009-02-27,2008-12-31,2018-10-30,-1881300000,35852500000,37741450000.0,4918400000,30934100000,0.82,18.052,-446600000.0,1179500000,1179500000,22724200000.0,1384100000.0,0.651,3.38,3854000000,215700000,3638300000,3854000000,238600000,378300000.0,0,0.002,0.04,2410600000.0,2788900000.0,0.09,2788900000.0,2410600000.0,2174200000.0,2.91,2.83,2.91,8186400000,9267600000.0,8186400000,13499545000.0,6.0,4.84,1760300000.0,3.882,1.0,8226500000.0,0.266,5753000000,236400000.0,25219200000,26440125000.0,0,17619000000,1455600000,16163400000,27666100000,7554800000,20111300000,10825045000.0,-74500000.0,0.0,-1787700000.0,570400000.0,-18400000.0,-1208100000.0,-1073300000.0,-626700000.0,2206900000.0,0.0,1384100000.0,1384100000.0,1384100000.0,0.0,0.0,0.045,5859700000.0,2366800000.0,0,0.014,1.322,7.821,8.203,467500000,0.0,23.87,0.35,0.35,2181000000,9716500000,30950700000.0,30950700000.0,0.0,0.037,0.149,0.091,0.078,95700000.0,5751500000.0,1.0,453500000.0,453500000.0,,68.249,30099500000,1245100000,790100000.0,0,66.372,-2636400000
10,AET,ARY,2007-12-31,2008-02-29,2007-12-31,2018-10-30,-288400000,50724700000,49749075000.0,5288400000,45436300000,0.555,20.214,-400400000.0,1254000000,1254000000,19542900000.0,1831000000.0,0.689,4.053,3269200000,130700000,3138500000,3269200000,198400000,321500000.0,0,0.001,0.04,2977000000.0,3298500000.0,0.12,3298500000.0,2977000000.0,2796400000.0,3.6,3.47,3.6,10038400000,9702275000.0,10038400000,26646560000.0,9.0,8.078,1665100000.0,3.353,1.0,8056700000.0,0.292,5839400000,180600000.0,39225800000,38019825000.0,0,19034000000,1993900000,17040100000,40686300000,7674700000,33011600000,24631360000.0,374000000.0,-572200000.0,-1695600000.0,749400000.0,-20000000.0,-653700000.0,-1037800000.0,-65200000.0,2065500000.0,0.0,1831000000.0,1831000000.0,1831000000.0,0.0,0.0,0.066,5144000000.0,2912700000.0,0,0.011,2.454,13.452,13.778,364000000,0.0,49.6,0.892,0.892,2162100000,10138000000,27599600000.0,27599600000.0,0.0,0.037,0.189,0.078,0.108,89400000.0,5046400000.0,1.0,496600000.0,496600000.0,,55.577,44885300000,321700000,965400000.0,165300000,90.385,-2386300000
11,AET,ARY,2006-12-31,2007-02-27,2006-12-31,2018-10-30,-625700000,47626400000,46599075000.0,18303800000,29322600000,0.54,17.709,-290500000.0,880000000,880000000,17620000000.0,1701700000.0,2.577,4.208,2487300000,45000000,2442300000,2487300000,185600000,270400000.0,0,0.001,0.04,2751000000.0,3021400000.0,0.12,3021400000.0,2751000000.0,2602700000.0,3.12,2.99,3.12,9145100000,9802825000.0,9145100000,24473492000.0,9.0,8.1,1397800000.0,2.707,1.0,7525700000.0,0.299,5295200000,148300000.0,36835500000,35010500000.0,0,18941400000,15720000000,3221400000,38481300000,7103000000,31378300000,22866192000.0,-312600000.0,-160900000.0,-2322500000.0,873900000.0,-20800000.0,-1447600000.0,-553300000.0,-101900000.0,1688300000.0,0.0,1701700000.0,1701700000.0,1701700000.0,-16100000.0,0.0,0.068,4906200000.0,2619500000.0,0,0.013,2.5,13.437,14.192,283600000,0.0,44.28,0.909,0.909,2000600000,9404600000,25145700000.0,25145700000.0,0.0,0.037,0.174,0.079,0.109,73700000.0,4820600000.0,1.0,516400000.0,516400000.0,,48.694,42331200000,463200000,901000000.0,42600000,81.974,11200800000
12,AET,ARY,2005-12-31,2006-03-01,2005-12-31,2018-10-30,257500000,44364600000,43185900000.0,18234700000,26129900000,0.521,17.819,-271600000.0,1192600000,1192600000,15472400000.0,1634500000.0,2.394,3.39,1605700000,450000000,1155700000,1605700000,156900000,204400000.0,0,0.0,0.02,2670200000.0,2874600000.0,0.128,2874600000.0,2670200000.0,2547400000.0,2.82,2.7,2.82,10104900000,9477250000.0,10104900000,29499659000.0,11.0,10.262,1621800000.0,2.86,1.0,7019500000.0,0.312,5248100000,122800000.0,31912800000,31297050000.0,0,18840400000,15717500000,3122900000,34259700000,7616800000,26642900000,29086559000.0,-203400000.0,-1107600000.0,-1650000000.0,0.0,-11400000.0,-1386700000.0,-710100000.0,669100000.0,1893400000.0,0.0,1634500000.0,1634500000.0,1634500000.0,0.0,0.0,0.073,4416000000.0,2603500000.0,0,0.007,2.878,17.795,18.188,272800000,0.0,51.29,1.293,1.293,1859600000,8169500000,22491900000.0,22491900000.0,0.0,0.038,0.172,0.085,0.119,0.0,4358600000.0,1.0,567100000.0,567100000.0,,39.661,39116500000,0,912900000.0,62200000,68.976,10617900000
13,AET,ARY,2004-12-31,2005-03-01,2004-12-31,2018-10-30,-266700000,42133700000,41448300000.0,19516200000,22617500000,0.48,15.425,-190300000.0,1396000000,1396000000,13829200000.0,2245100000.0,2.784,3.64,1609700000,0,1609700000,1609700000,121800000,139700000.0,0,0.0,0.01,3033600000.0,3173300000.0,0.159,3173300000.0,3033600000.0,2928900000.0,3.708,3.575,3.708,9081400000,8662375000.0,9081400000,22014399302.0,7.0,6.937,1246500000.0,2.117,1.0,6074900000.0,0.305,4148100000,104700000.0,31188000000,30638750000.0,0,19690500000,16624200000,3066300000,33052300000,7011300000,26041000000,21800699302.0,-37400000.0,-9500000.0,-1493000000.0,0.0,-5900000.0,-1541600000.0,67400000.0,267200000.0,1436800000.0,0.0,2245100000.0,2245100000.0,2245100000.0,-1030000000.0,0.0,0.113,4071300000.0,2003600000.0,0,0.003,2.401,9.71,9.987,233600000,0.0,37.03,1.095,1.095,1743100000,6546400000,19904100000.0,19904100000.0,0.0,0.054,0.259,0.099,0.152,0.0,4028800000.0,1.0,588730740.0,588730740.0,,33.808,37985600000,722800000,683800000.0,0,64.521,12504900000
14,AET,ARY,2003-12-31,2004-02-27,2003-12-31,2018-10-30,-137600000,40950200000,40703425000.0,19556800000,21393400000,0.442,12.92,-210800000.0,1433400000,1433400000,12226600000.0,933800000.0,2.654,4.168,1613700000,0,1613700000,1613700000,203700000,148800000.0,0,0.0,0.01,1544500000.0,1693300000.0,0.094,1693300000.0,1544500000.0,1441600000.0,1.53,1.478,1.53,7924000000,7671350000.0,7924000000,12567269371.0,8.0,7.422,159800000.0,0.261,1.0,5749800000.0,0.32,4175600000,102900000.0,29587400000,28895075000.0,0,19606200000,16731600000,2874600000,33026200000,7367500000,25658700000,12386969371.0,-369500000.0,-53500000.0,-445200000.0,0.0,-6100000.0,-575700000.0,-164400000.0,99900000.0,370600000.0,0.0,933800000.0,933800000.0,933800000.0,0.0,0.0,0.052,4205300000.0,1544500000.0,0,0.007,1.563,13.265,13.201,267500000,0.0,20.198,0.689,0.689,1910700000,4307200000,17976400000.0,17976400000.0,0.0,0.023,0.122,0.053,0.086,0.0,2179100000.0,1.0,613292208.0,613292208.0,,29.311,36774600000,613600000,507800000.0,154700000,59.963,12189300000
15,AET,ARY,2002-12-31,2003-02-28,2002-12-31,2018-10-30,-161600000,40047500000,39468325000.0,19349300000,20698200000,0.504,11.606,-155500000.0,1802900000,1802900000,14698300000.0,-2522500000.0,2.507,4.737,1633200000,0,1633200000,1633200000,184100000,170700000.0,0,0.001,0.01,-2251400000.0,-2080700000.0,-0.105,-2080700000.0,-2251400000.0,-2370900000.0,-4.235,-4.122,-4.235,6980000000,7246025000.0,6980000000,6163116805.0,-3.0,-2.962,150900000.0,0.251,1.0,5180400000.0,0.261,4165300000,119500000.0,27993700000,27795800000.0,0,19558500000,16288700000,3269800000,33067500000,7718800000,25348700000,6332816805.0,404700000.0,0.0,-165200000.0,-109700000.0,-6000000.0,-512400000.0,610700000.0,766200000.0,306400000.0,0.0,-2522500000.0,-2522500000.0,-2522500000.0,0.0,0.0,-0.127,4516100000.0,664300000.0,0,-0.002,0.907,-2.511,-2.486,244800000,0.0,10.53,0.319,0.319,1930000000,3379500000,19878700000.0,19878700000.0,0.0,-0.064,-0.348,-0.081,-0.113,0.0,2245200000.0,1.0,601407104.0,601407104.0,,33.054,35882200000,783800000,151600000.0,322500000,59.664,11630500000
16,AET,ARY,2001-12-31,2002-02-25,2001-12-31,2018-10-30,428200000,43255100000,45077100000.0,18751200000,24503900000,0.559,17.085,-142600000.0,1398200000,1398200000,20397100000.0,-279600000.0,2.304,3.373,1701000000,109700000,1591300000,1701000000,208000000,597600000.0,0,0.001,0.01,-224000000.0,373600000.0,0.015,373600000.0,-224000000.0,-366800000.0,0.02,0.0,0.02,9890300000,10043175000.0,9890300000,5299998174.0,-24.0,14.186,-176600000.0,-0.305,1.0,4793700000.0,0.19,7286800000,142800000.0,28132500000,29342100000.0,0,19121000000,15657600000,3463400000,33364800000,8138600000,25226200000,4997198174.0,-254300000.0,0.0,-95600000.0,83600000.0,-5700000.0,-544200000.0,323900000.0,466500000.0,-34000000.0,0.0,-279600000.0,-279600000.0,-279600000.0,0.0,0.0,-0.011,5029600000.0,-235900000.0,0,0.5,0.505,-17.873,431.625,327000000,0.0,8.633,0.198,0.198,2402600000,5908000000,25190800000.0,25190800000.0,0.0,-0.006,-0.028,-0.008,-0.009,0.0,2290400000.0,1.0,578881920.0,578881920.0,,43.516,35968300000,474600000,-87200000.0,147400000,62.134,10612600000
17,AET,ARY,2000-12-31,2001-02-26,2000-12-31,2018-10-30,354300000,47445700000,49713550000.0,19767500000,27678200000,0.539,17.604,-36900000.0,1943800000,1943800000,21037600000.0,127100000.0,1.976,3.685,1592200000,1592200000,0,1592200000,269300000,587900000.0,0,0.014,0.125,463700000.0,1051600000.0,0.039,1051600000.0,463700000.0,215500000.0,0.45,,0.45,10127100000,10415150000.0,10127100000,4928038771.0,11.0,4.686,1489700000.0,2.59,1.0,5781300000.0,0.216,7703400000,248200000.0,29387300000,32230100000.0,0,18743900000,15573000000,3170900000,37318600000,10003400000,27315200000,5279638771.0,315100000.0,0.0,21800000.0,-132800000.0,0.0,-1503600000.0,1007600000.0,1062300000.0,1526600000.0,0.0,127100000.0,127100000.0,127100000.0,0.0,0.0,0.005,5572100000.0,209200000.0,0,0.278,0.521,41.539,20.394,390000000,0.0,9.178,0.197,0.197,2892900000,6193300000,26818900000.0,26818900000.0,0.0,0.003,0.012,0.014,0.017,0.0,2328700000.0,1.0,575280716.0,575280716.0,,46.619,39742300000,407300000,88400000.0,297800000,69.083,9764100000
18,AET,ARY,1999-12-31,2000-12-01,1999-12-31,2018-10-30,-390900000,52421900000,,21326900000,31095000000,,,-58100000.0,1628700000,1628700000,16872000000.0,716500000.0,1.971,3.898,3818900000,1725000000,2093900000,3818900000,473600000,488400000.0,0,0.021,0.175,1294600000.0,1783000000.0,0.081,1783000000.0,1294600000.0,1061900000.0,,,,10703200000,,10703200000,,,,1607900000.0,,1.0,5237700000.0,0.237,8655000000,232700000.0,35135200000,,0,19884200000,16863600000,3020600000,41718700000,10821900000,30896800000,,231200000.0,-299700000.0,0.0,501700000.0,0.0,-1209900000.0,-155100000.0,1681800000.0,1666000000.0,0.0,716500000.0,716500000.0,716500000.0,-317100000.0,0.0,0.032,4260200000.0,977500000.0,805000000,,,,,473000000,0.0,8.414,,,2851400000,7639500000,22109700000.0,22109700000.0,0.0,,,,0.059,0.0,1866200000.0,1.0,,,,,43766900000,426200000,345400000.0,200600000,,10505000000
19,AET,ARY,1999-12-31,2000-10-18,1999-12-31,2018-10-30,-390900000,51981400000,,20886400000,31095000000,,,-58100000.0,1628700000,1628700000,16872000000.0,716500000.0,2.012,3.857,3818900000,1725000000,2093900000,3818900000,473600000,474800000.0,0,0.027,0.2,1294600000.0,1769400000.0,0.08,1769400000.0,1294600000.0,1061900000.0,,,,10703200000,,10703200000,,,,1607900000.0,,1.0,5237700000.0,0.237,8655000000,232700000.0,35135200000,,0,19884200000,16863600000,3020600000,41278200000,10381400000,30896800000,,266100000.0,-299700000.0,0.0,501700000.0,0.0,-1209900000.0,-155100000.0,1681800000.0,1666000000.0,0.0,716500000.0,716500000.0,716500000.0,-317100000.0,0.0,0.032,4260200000.0,977500000.0,805000000,,,,,473000000,0.0,7.375,,,2450900000,7639500000,22109700000.0,22109700000.0,0.0,,,,0.059,0.0,1866200000.0,1.0,,,,,43326400000,426200000,345400000.0,200600000,,10505000000
20,AET,ARY,1999-12-31,2000-09-01,1999-12-31,2018-10-30,-390900000,51981400000,,21493900000,30487500000,,,-58100000.0,1628700000,1628700000,16872000000.0,716500000.0,2.058,3.857,3818900000,1725000000,2093900000,3818900000,473600000,474800000.0,0,0.029,0.2,1294600000.0,1769400000.0,0.08,1769400000.0,1294600000.0,1061900000.0,,,,10703200000,,10703200000,,,,1607900000.0,,1.0,5237700000.0,0.237,8655000000,232700000.0,35072900000,,0,19884200000,17493100000,2391100000,41278200000,10443700000,30834500000,,266100000.0,-299700000.0,0.0,501700000.0,0.0,-1209900000.0,-155100000.0,1851600000.0,1666000000.0,0.0,716500000.0,716500000.0,716500000.0,-317100000.0,0.0,0.032,4260200000.0,977500000.0,805000000,,,,,473000000,0.0,6.976,,,2450900000,7639500000,22109700000.0,22109700000.0,0.0,,,,0.059,0.0,1866200000.0,1.0,,,,,43326400000,426200000,345400000.0,200600000,,11050200000
0,AET,ARQ,2018-09-30,2018-10-30,2018-09-30,2018-10-30,-1813000000,57103000000,,19371000000,37732000000,,55.867,-117000000.0,6769000000,6769000000,11242000000.0,992000000.0,1.162,2.107,8157000000,375000000,7782000000,8157000000,749000000,136000000.0,0,0.01,0.5,1460000000.0,1596000000.0,0.103,1596000000.0,1460000000.0,1375000000.0,3.05,3.03,3.05,18291000000,,18291000000,66098610000.0,12.0,11.076,-817000000.0,-2.495,1.0,4242000000.0,0.274,11634000000,85000000.0,30187000000,,0,18560000000,2796000000,15764000000,38540000000,16670000000,21870000000,64710610000.0,-678000000.0,-1000000.0,0.0,0.0,-164000000.0,-175000000.0,197000000.0,315000000.0,-700000000.0,0.0,1000000000.0,1000000000.0,1000000000.0,0.0,-8000000.0,0.065,2790000000.0,1452000000.0,0,0.164,3.538,17.656,17.647,568000000,0.0,197.65,1.057,1.057,9944000000,15325000000,15484000000.0,15484000000.0,0.0,,,,,42000000.0,2742000000.0,1.0,327400000.0,327400000.0,,47.294,45469000000,127000000,375000000.0,83000000,138.879,2701000000
1,AET,ARQ,2018-06-30,2018-08-02,2018-06-30,2018-10-30,-1816000000,58316000000,,19625000000,38691000000,,53.155,-120000000.0,7447000000,7447000000,11061000000.0,1217000000.0,1.091,2.336,8159000000,375000000,7784000000,8159000000,2355000000,132000000.0,0,0.011,0.5,1749000000.0,1881000000.0,0.121,1881000000.0,1749000000.0,1661000000.0,3.7,3.67,3.7,17403000000,,17403000000,61952170000.0,12.0,10.525,924000000.0,2.822,1.0,4500000000.0,0.289,11681000000,88000000.0,29356000000,,0,18986000000,2611000000,16375000000,40645000000,17991000000,22654000000,61240170000.0,-428000000.0,-1000000.0,0.0,-1000000000.0,-163000000.0,-1176000000.0,-296000000.0,-175000000.0,1044000000.0,0.0,1212000000.0,1212000000.0,1212000000.0,0.0,5000000.0,0.078,2816000000.0,1684000000.0,0,0.135,3.519,17.482,17.498,574000000,0.0,187.05,1.008,1.008,9410000000,14489000000,15561000000.0,15561000000.0,0.0,,,,,44000000.0,2769000000.0,1.0,327400000.0,327400000.0,,47.529,46635000000,284000000,449000000.0,0,142.44,1634000000
2,AET,ARQ,2018-03-31,2018-05-01,2018-03-31,2018-10-30,-1729000000,59197000000,,20701000000,38496000000,,50.131,-99000000.0,7875000000,7875000000,10947000000.0,1219000000.0,1.051,2.594,9159000000,1374000000,7785000000,9159000000,2528000000,132000000.0,0,0.011,0.5,1544000000.0,1676000000.0,0.109,1676000000.0,1544000000.0,1455000000.0,3.69,3.67,3.69,16398000000,,16398000000,59740041000.0,11.0,9.777,3242000000.0,9.911,1.0,4388000000.0,0.286,11728000000,89000000.0,29060000000,,0,18930000000,2521000000,16409000000,42532000000,19693000000,22839000000,58456041000.0,3799000000.0,-6000000.0,0.0,0.0,-164000000.0,-226000000.0,684000000.0,789000000.0,3341000000.0,0.0,1209000000.0,1209000000.0,1209000000.0,0.0,10000000.0,0.079,2834000000.0,1554000000.0,0,0.136,3.565,16.73,16.844,577000000,0.0,178.71,0.963,0.963,9929000000,13440000000,15335000000.0,15335000000.0,0.0,,,,,39000000.0,2787000000.0,1.0,327100000.0,327100000.0,,46.882,47469000000,400000000,246000000.0,0,145.121,1008000000
3,AET,ARQ,2017-12-31,2018-02-23,2017-12-31,2018-10-30,-1244000000,55151000000,,15523000000,39628000000,,47.674,-109000000.0,4076000000,4076000000,11091000000.0,254000000.0,0.922,2.523,9159000000,999000000,8160000000,9159000000,654000000,206000000.0,0,0.011,0.5,609000000.0,815000000.0,0.055,815000000.0,609000000.0,516000000.0,0.76,0.76,0.76,15580000000,,15580000000,62452740000.0,18.0,15.092,-2797000000.0,-8.559,1.0,3762000000.0,0.253,11751000000,93000000.0,31646000000,,0,20073000000,2280000000,17793000000,39314000000,16837000000,22477000000,57369740000.0,-1852000000.0,1390000000.0,0.0,-1000000000.0,-163000000.0,-1225000000.0,2061000000.0,780000000.0,-2688000000.0,0.0,244000000.0,244000000.0,244000000.0,0.0,10000000.0,0.016,3143000000.0,619000000.0,0,0.658,3.682,30.131,30.744,586000000,0.0,175.55,0.948,0.948,9444000000,12118000000,14853000000.0,14853000000.0,0.0,,,,,52000000.0,3047000000.0,1.0,326800000.0,326800000.0,,45.45,43400000000,560000000,272000000.0,0,132.803,-1314000000
4,AET,ARQ,2017-09-30,2017-10-31,2017-09-30,2018-10-30,-1161000000,57383000000,,16434000000,40949000000,,47.786,-121000000.0,5928000000,5928000000,10960000000.0,848000000.0,0.836,2.667,10159000000,1998000000,8161000000,10159000000,2046000000,160000000.0,0,0.01,0.5,1354000000.0,1514000000.0,0.101,1514000000.0,1354000000.0,1264000000.0,2.54,2.52,2.54,15583000000,,15583000000,59677783000.0,18.0,15.039,1411000000.0,4.327,1.0,4034000000.0,0.269,11956000000,90000000.0,30011000000,,0,24376000000,2869000000,21507000000,41565000000,19647000000,21918000000,55446783000.0,2354000000.0,-24000000.0,-545000000.0,988000000.0,-166000000.0,328000000.0,494000000.0,639000000.0,1532000000.0,0.0,838000000.0,838000000.0,838000000.0,0.0,10000000.0,0.056,2670000000.0,1364000000.0,0,0.197,3.558,30.814,31.256,581000000,0.0,170.03,0.903,0.903,5670000000,12037000000,14994000000.0,14994000000.0,0.0,,,,,41000000.0,2612000000.0,1.0,326100000.0,326100000.0,,45.98,45427000000,0,426000000.0,151000000,139.304,-3213000000
5,AET,ARQ,2017-06-30,2017-08-03,2017-06-30,2018-10-30,-1180000000,56714000000,,15501000000,41213000000,,46.384,-109000000.0,3574000000,3574000000,11116000000.0,1183000000.0,0.785,2.671,9172000000,1997000000,7175000000,9172000000,1989000000,179000000.0,0,0.009,0.5,1926000000.0,2105000000.0,0.136,2105000000.0,1926000000.0,1840000000.0,3.62,3.6,3.62,15404000000,,15404000000,58249134000.0,18.0,14.968,-316000000.0,-0.952,1.0,4407000000.0,0.284,11961000000,86000000.0,30611000000,,0,24887000000,2934000000,21953000000,41139000000,19740000000,21399000000,52651134000.0,-303000000.0,0.0,0.0,-250000000.0,-166000000.0,-327000000.0,231000000.0,340000000.0,-207000000.0,0.0,1203000000.0,1203000000.0,1203000000.0,0.0,-20000000.0,0.077,2610000000.0,1797000000.0,0,0.138,3.418,33.636,34.316,570000000,0.0,158.54,0.847,0.847,6636000000,12568000000,15523000000.0,15523000000.0,0.0,,,,,40000000.0,2552000000.0,1.0,332100000.0,332100000.0,,46.742,44753000000,173000000,637000000.0,106000000,134.758,-4239000000
6,AET,ARQ,2017-03-31,2017-05-02,2017-03-31,2018-10-30,-1276000000,56351000000,,15018000000,41333000000,,42.994,-71000000.0,3877000000,3877000000,11461000000.0,-379000000.0,0.768,2.946,9423000000,1249000000,8174000000,9423000000,2078000000,160000000.0,0,0.009,0.5,-457000000.0,-297000000.0,-0.02,-297000000.0,-457000000.0,-630000000.0,-1.11,-1.11,-1.11,14261000000,,14261000000,51622447000.0,19.0,15.025,828000000.0,2.496,1.0,3704000000.0,0.244,12019000000,173000000.0,30330000000,,0,25001000000,3079000000,21922000000,42013000000,19548000000,22465000000,46076447000.0,-14119000000.0,0.0,-3300000000.0,-11484000000.0,-88000000.0,-14962000000.0,-56000000.0,15000000.0,899000000.0,0.0,-381000000.0,-381000000.0,-381000000.0,0.0,2000000.0,-0.025,3913000000.0,-209000000.0,0,-0.45,3.231,39.959,42.742,577000000,0.0,138.91,0.736,0.736,5828000000,11531000000,15165000000.0,15165000000.0,0.0,,,,,54000000.0,3853000000.0,1.0,331700000.0,331700000.0,,45.719,44332000000,168000000,-249000000.0,0,133.651,-4530000000
7,AET,ARQ,2016-12-31,2017-02-17,2016-12-31,2018-10-30,-1552000000,69146000000,,28449000000,40697000000,,50.842,-73100000.0,17996000000,17996000000,11595100000.0,127900000.0,1.522,2.864,20661000000,1634000000,19027000000,20661000000,556000000,170200000.0,0,0.008,0.25,476100000.0,646300000.0,0.041,646300000.0,476100000.0,286800000.0,0.39,0.39,0.39,17881000000,,17881000000,46722459000.0,10.0,8.831,-975100000.0,-2.773,1.0,4132700000.0,0.263,12079000000,189300000.0,41038000000,,0,24879000000,3046000000,21833000000,51203000000,18694000000,32509000000,44057459000.0,-1069900000.0,0.0,0.0,300000.0,-88300000.0,-112800000.0,-55100000.0,18000000.0,-902000000.0,0.0,139400000.0,139400000.0,139400000.0,0.0,-11500000.0,0.009,3667600000.0,465100000.0,0,0.641,2.464,19.4,19.392,587000000,0.0,125.27,0.698,0.698,5307000000,14717000000,15727800000.0,15727800000.0,0.0,,,,,43600000.0,3607600000.0,1.0,351700000.0,351700000.0,,44.719,57067000000,44000000,147400000.0,4000000,162.26,9755000000
8,AET,ARQ,2016-09-30,2016-10-27,2016-09-30,2018-10-30,-1081600000,71882600000,,29943400000,41939200000,,52.105,-68200000.0,19066200000,19066200000,11626700000.0,597200000.0,1.549,2.928,20662200000,640100000,20022100000,20662200000,1843000000,167900000.0,0,0.009,0.25,1269400000.0,1437300000.0,0.091,1437300000.0,1269400000.0,1080200000.0,1.72,1.7,1.72,18283700000,,18283700000,40486247000.0,8.0,7.347,2343000000.0,6.677,1.0,4154800000.0,0.263,12139100000,189200000.0,42004000000,,0,25738300000,2982200000,22756100000,53538100000,19335500000,34202600000,38890247000.0,1946800000.0,0.0,0.0,0.0,-87700000.0,-102600000.0,-361800000.0,-293600000.0,2411200000.0,0.0,603900000.0,603900000.0,603900000.0,0.0,-6700000.0,0.038,2892100000.0,1262700000.0,0,0.145,2.127,15.925,15.947,597000000,0.0,110.83,0.622,0.622,5797600000,14666000000,15781500000.0,15781500000.0,0.0,,,,,46700000.0,2830700000.0,1.0,350900000.0,350900000.0,,44.974,59743500000,0,476300000.0,485600000,170.258,10607900000
9,AET,ARQ,2016-06-30,2016-08-02,2016-06-30,2018-10-30,-1092400000,70602000000,,29125300000,41476700000,,50.486,-74100000.0,17119400000,17119400000,11757600000.0,792700000.0,1.594,2.983,20663000000,643900000,20019100000,20663000000,582400000,173700000.0,0,0.009,0.25,1475400000.0,1649100000.0,0.103,1649100000.0,1475400000.0,1351700000.0,2.25,2.23,2.25,17710600000,,17710600000,44134668000.0,9.0,8.235,354800000.0,1.011,1.0,4194700000.0,0.263,12200500000,123700000.0,43671200000,,0,25404800000,2981800000,22423000000,52824300000,18273900000,34550400000,40591068000.0,13353000000.0,0.0,0.0,12885700000.0,-87600000.0,12711500000.0,212600000.0,286700000.0,428900000.0,0.0,790800000.0,790800000.0,790800000.0,0.0,1900000.0,0.05,2845900000.0,1348800000.0,0,0.111,2.292,16.925,16.941,605000000,0.0,115.71,0.658,0.658,6657100000,14149800000,15952300000.0,15952300000.0,0.0,,,,,47100000.0,2783100000.0,1.0,350800000.0,350800000.0,,45.474,58401500000,0,560900000.0,504500000,166.481,10851400000
10,AET,ARQ,2016-03-31,2016-04-28,2016-03-31,2018-10-30,-1254900000,56423700000,,15393600000,41030100000,,47.956,-54600000.0,3766400000,3766400000,11376600000.0,727900000.0,0.859,2.352,7780900000,398400000,7382500000,7780900000,716300000,169200000.0,0,0.009,0.25,1389100000.0,1558300000.0,0.099,1558300000.0,1389100000.0,1287300000.0,2.07,2.06,2.07,16813500000,,16813500000,44203778000.0,10.0,8.479,1726300000.0,4.924,1.0,4316800000.0,0.275,12263200000,101800000.0,30259800000,,0,25240000000,3127800000,22112200000,39545000000,17915200000,21629800000,40189278000.0,1242100000.0,0.0,0.0,0.0,-87400000.0,-362100000.0,-176700000.0,-122100000.0,1780900000.0,0.0,726600000.0,726600000.0,726600000.0,0.0,1300000.0,0.046,2926400000.0,1390400000.0,0,0.121,2.39,17.18,17.16,616100000,0.0,114.63,0.66,0.66,5611300000,13436400000,15693400000.0,15693400000.0,0.0,,,,,53600000.0,2863600000.0,1.0,350600000.0,350600000.0,,44.762,44160500000,0,560700000.0,508900000,125.957,-2521600000
11,AET,ARQ,2015-12-31,2016-02-19,2015-12-31,2018-10-30,-1330300000,53424100000,,12738500000,40685600000,,46.094,-75900000.0,2524300000,2524300000,11090200000.0,321300000.0,0.823,2.311,7828000000,0,7828000000,7828000000,549200000,172300000.0,0,0.01,0.25,693900000.0,866200000.0,0.058,866200000.0,693900000.0,584000000.0,0.91,0.91,0.91,16114300000,,16114300000,41469820000.0,9.0,7.875,1034600000.0,2.959,1.0,3958300000.0,0.263,12325100000,109900000.0,30921200000,,0,24679600000,3014800000,21664800000,37245500000,15481500000,21764000000,36166120000.0,727800000.0,0.0,0.0,100000.0,-87200000.0,-110800000.0,-271900000.0,-196000000.0,1110500000.0,0.0,320800000.0,320800000.0,320800000.0,0.0,500000.0,0.021,3263900000.0,694400000.0,0,0.275,2.244,15.131,15.124,629700000,0.0,103.45,0.599,0.599,4920200000,12797400000,15048500000.0,15048500000.0,0.0,,,,,42100000.0,3200500000.0,1.0,349600000.0,349600000.0,,43.045,41099000000,260400000,263200000.0,177400000,117.56,-2743000000
12,AET,ARQ,2015-09-30,2015-10-29,2015-09-30,2018-10-30,-1315500000,53478400000,,12347300000,41131100000,,45.508,-99200000.0,1796500000,1796500000,10938300000.0,562400000.0,0.815,2.366,7834000000,0,7834000000,7834000000,502700000,169000000.0,0,0.009,0.25,1117000000.0,1286000000.0,0.086,1286000000.0,1117000000.0,1020600000.0,1.6,1.59,1.6,15868800000,,15868800000,46089182000.0,10.0,9.084,927300000.0,2.659,1.0,4014700000.0,0.268,12388400000,96400000.0,31975400000,,0,24911200000,2843300000,22067900000,37545900000,15152100000,22393800000,40051682000.0,670700000.0,0.0,0.0,0.0,-87200000.0,-130400000.0,-225400000.0,-126200000.0,1026500000.0,0.0,560100000.0,560100000.0,560100000.0,0.0,2300000.0,0.037,2895400000.0,1119300000.0,0,0.156,2.524,17.403,17.403,629300000,0.0,114.86,0.667,0.667,5184500000,12563800000,14953000000.0,14953000000.0,0.0,,,,,41800000.0,2830300000.0,1.0,348700000.0,348700000.0,,42.882,41090000000,525000000,460500000.0,695200000,117.838,-2804800000
13,AET,ARQ,2015-06-30,2015-08-04,2015-06-30,2018-10-30,-1273100000,54641100000,,12982100000,41659000000,,44.196,-105500000.0,1125800000,1125800000,11035500000.0,734600000.0,0.822,2.543,7840100000,0,7840100000,7840100000,548800000,166000000.0,0,0.008,0.25,1337100000.0,1503100000.0,0.099,1503100000.0,1337100000.0,1258800000.0,2.1,2.08,2.1,15406600000,,15406600000,46869534000.0,11.0,9.341,150200000.0,0.431,1.0,4205400000.0,0.276,12458000000,78300000.0,33095900000,,0,25269600000,3089500000,22180100000,39173300000,15801500000,23371800000,40155234000.0,-790000000.0,-9700000.0,-100000000.0,-297000000.0,-87200000.0,-493700000.0,-552000000.0,-436800000.0,255700000.0,0.0,731800000.0,731800000.0,731800000.0,0.0,2800000.0,0.048,2865500000.0,1339900000.0,0,0.119,2.606,17.191,17.244,653200000,0.0,115.19,0.671,0.671,6099100000,12090600000,15240900000.0,15240900000.0,0.0,,,,,46900000.0,2801800000.0,1.0,348600000.0,348600000.0,,43.72,42183100000,548400000,527000000.0,704900000,121.007,-2819400000
14,AET,ARQ,2015-03-31,2015-04-28,2015-03-31,2018-10-30,-1033100000,55555400000,,13391300000,42164100000,,43.106,-82300000.0,1915800000,1915800000,10768600000.0,776300000.0,0.803,2.686,8143100000,297000000,7846100000,8143100000,627600000,164000000.0,0,0.009,0.25,1446800000.0,1610800000.0,0.107,1610800000.0,1446800000.0,1367800000.0,2.22,2.2,2.22,15052600000,,15052600000,44771996000.0,11.0,9.57,1391100000.0,3.984,1.0,4325500000.0,0.287,12521900000,79000000.0,32592900000,,0,25825700000,3238100000,22587600000,40436500000,16667900000,23768600000,38544696000.0,495400000.0,-10900000.0,-196300000.0,-633500000.0,-87100000.0,-999800000.0,21800000.0,115000000.0,1473400000.0,0.0,777500000.0,777500000.0,777500000.0,0.0,-1200000.0,0.052,2879900000.0,1445600000.0,0,0.113,2.561,17.904,18.036,662600000,0.0,110.38,0.652,0.652,5152800000,11546000000,15094100000.0,15094100000.0,0.0,,,,,49800000.0,2816700000.0,1.0,349200000.0,349200000.0,,43.225,43033500000,493100000,590300000.0,1236300000,123.235,-3276600000
15,AET,ARQ,2014-12-31,2015-02-27,2014-12-31,2018-10-30,-1111300000,53402100000,,11764000000,41638100000,,41.533,-108500000.0,1420400000,1420400000,11040200000.0,229800000.0,0.766,2.683,8581300000,729300000,7852000000,8581300000,519500000,161300000.0,0,0.009,0.25,512700000.0,674000000.0,0.046,674000000.0,512700000.0,430900000.0,0.68,0.67,0.68,14482600000,,14482600000,41873985000.0,11.0,9.402,185600000.0,0.532,1.0,3731000000.0,0.253,12561500000,81800000.0,32645000000,,0,25616000000,3422100000,22193900000,38850300000,15356500000,23493800000,34713085000.0,-286700000.0,-379800000.0,-243100000.0,784100000.0,-79000000.0,436600000.0,-1017400000.0,-529100000.0,294100000.0,0.0,232000000.0,232000000.0,232000000.0,0.0,-2200000.0,0.016,3131200000.0,599800000.0,0,0.368,2.397,17.01,17.343,669800000,0.0,99.55,0.598,0.598,4440300000,11051700000,14771200000.0,14771200000.0,0.0,,,,,39600000.0,3071400000.0,1.0,348700000.0,348700000.0,,42.361,40840600000,815700000,198900000.0,867500000,117.122,-3592500000
16,AET,ARQ,2014-09-30,2014-10-28,2014-09-30,2018-10-30,-730300000,53025600000,,11464900000,41560700000,,42.426,-71800000.0,1707100000,1707100000,10876100000.0,598800000.0,0.784,2.55,7913400000,307100000,7606300000,7913400000,554900000,156500000.0,0,0.012,0.225,1073200000.0,1229700000.0,0.083,1229700000.0,1073200000.0,992600000.0,1.68,1.67,1.68,14921200000,,14921200000,33368091000.0,8.0,7.311,915600000.0,2.603,1.0,3851700000.0,0.262,12229300000,80600000.0,32370000000,,0,25203800000,3332300000,21871500000,38043200000,14632600000,23410600000,27161791000.0,-53000000.0,0.0,-254900000.0,-300100000.0,-79600000.0,-653100000.0,-387300000.0,-325500000.0,987400000.0,0.0,594500000.0,594500000.0,594500000.0,0.0,4300000.0,0.04,2774200000.0,1077500000.0,0,0.134,1.82,12.473,12.765,668900000,0.0,77.23,0.481,0.481,4158800000,11150100000,14727800000.0,14727800000.0,0.0,,,,,43400000.0,2714700000.0,1.0,351700000.0,351700000.0,,41.876,40796300000,530900000,398100000.0,1033300000,115.997,-3167700000
17,AET,ARQ,2014-06-30,2014-07-29,2014-06-30,2018-10-30,-656100000,53160700000,,11647100000,41513600000,,41.443,-95500000.0,1760100000,1760100000,10840400000.0,547200000.0,0.78,2.614,8224800000,612400000,7612400000,8224800000,583800000,156500000.0,0,0.011,0.225,1007500000.0,1164000000.0,0.08,1164000000.0,1007500000.0,926200000.0,1.54,1.52,1.54,14695800000,,14695800000,35499348000.0,9.0,8.095,573600000.0,1.618,1.0,3669000000.0,0.253,12288400000,81300000.0,32404300000,,0,25010700000,3150600000,21860100000,38407900000,14932700000,23475200000,29034648000.0,-314000000.0,-70700000.0,-255100000.0,-156200000.0,-80400000.0,-511900000.0,-471200000.0,-305000000.0,669100000.0,0.0,548800000.0,548800000.0,548800000.0,0.0,-1600000.0,0.038,2663100000.0,1005900000.0,0,0.146,1.976,13.814,14.191,680200000,0.0,81.88,0.531,0.531,4686600000,10889400000,14509400000.0,14509400000.0,0.0,,,,,42000000.0,2601200000.0,1.0,354600000.0,354600000.0,,40.918,40872300000,424800000,377400000.0,1141700000,115.263,-3285600000
18,AET,ARQ,2014-03-31,2014-04-24,2014-03-31,2018-10-30,-786400000,52119000000,,11414800000,40704200000,,40.021,-93800000.0,2074100000,2074100000,10155000000.0,669400000.0,0.783,2.64,8238600000,620200000,7618400000,8238600000,573300000,154700000.0,0,0.012,0.225,1231400000.0,1386100000.0,0.099,1386100000.0,1231400000.0,1145800000.0,1.84,1.82,1.84,14303600000,,14303600000,32240404000.0,9.0,7.507,1328400000.0,3.717,1.0,3839800000.0,0.274,12259400000,85600000.0,31442900000,,0,24220900000,2930500000,21290400000,37758000000,14581200000,23176800000,26075904000.0,661800000.0,0.0,-465000000.0,58400000.0,-81600000.0,-506600000.0,-253800000.0,-160000000.0,1422200000.0,0.0,665500000.0,665500000.0,665500000.0,0.0,3900000.0,0.048,2512600000.0,1327200000.0,0,0.122,1.823,12.482,12.733,704100000,0.0,72.96,0.504,0.504,4285700000,10675500000,13994800000.0,13994800000.0,0.0,,,,,38800000.0,2450400000.0,1.0,357400000.0,357400000.0,,39.157,39859600000,449800000,480300000.0,1227500000,111.527,-3166400000
19,AET,ARQ,2013-12-31,2014-02-28,2013-12-31,2018-10-30,-912100000,49871800000,,9718900000,40152900000,,38.67,-147500000.0,1412300000,1412300000,10042700000.0,368800000.0,0.771,2.552,8252600000,387300000,7865300000,8252600000,458700000,162600000.0,0,0.011,0.225,621800000.0,784400000.0,0.06,784400000.0,621800000.0,535500000.0,0.99,0.98,0.99,14025500000,,14025500000,33212217000.0,10.0,8.638,476600000.0,1.314,1.0,3140000000.0,0.238,12321600000,86300000.0,31787600000,,0,23791400000,2856400000,20935000000,35793600000,12602900000,23190700000,26371917000.0,-670100000.0,-10900000.0,-450000000.0,0.0,-73500000.0,-520600000.0,-773600000.0,-615200000.0,624100000.0,0.0,368900000.0,368900000.0,368900000.0,0.0,-100000.0,0.028,2518300000.0,621700000.0,0,0.227,1.88,13.781,13.515,721900000,0.0,72.71,0.558,0.558,3871800000,10555400000,13182700000.0,13182700000.0,0.0,,,,,36500000.0,2507300000.0,1.0,362700000.0,362700000.0,,36.346,37550200000,590700000,166600000.0,864200000,103.53,-2884000000
20,AET,ARQ,2013-09-30,2013-10-29,2013-09-30,2018-10-30,-1456100000,49252900000,,10031900000,39221000000,,37.056,-143400000.0,2082400000,2082400000,9718900000.0,519000000.0,0.819,2.613,8266300000,392200000,7874100000,8266300000,479200000,158600000.0,0,0.013,0.2,892400000.0,1051000000.0,0.081,1051000000.0,892400000.0,806300000.0,1.4,1.38,1.4,13618200000,,13618200000,28509525000.0,9.0,8.053,927700000.0,2.524,1.0,3316700000.0,0.254,12364900000,86100000.0,30826000000,,0,23085200000,2586600000,20498600000,35583400000,12245900000,23337500000,22325625000.0,-174400000.0,0.0,-333000000.0,-545800000.0,-74400000.0,-951100000.0,-294400000.0,-151000000.0,1071100000.0,0.0,518600000.0,518600000.0,518600000.0,0.0,400000.0,0.04,2423900000.0,892800000.0,0,0.143,1.639,12.869,12.199,715600000,0.0,60.75,0.507,0.507,4001200000,10717900000,13035600000.0,13035600000.0,0.0,,,,,35100000.0,2304500000.0,1.0,367500000.0,367500000.0,,35.471,36888000000,565900000,287700000.0,550400000,100.376,-2214000000
21,AET,ARQ,2013-06-30,2013-07-30,2013-06-30,2018-10-30,-1475000000,49730300000,,10739400000,38990900000,,36.147,-102100000.0,2256800000,2256800000,8546000000.0,533200000.0,0.881,2.694,8825900000,545800000,8280100000,8825900000,480800000,139300000.0,0,0.012,0.2,934000000.0,1073300000.0,0.093,1073300000.0,934000000.0,850500000.0,1.5,1.49,1.5,13450300000,,13450300000,29992795000.0,10.0,8.71,-62400000.0,-0.168,1.0,2991400000.0,0.259,12440800000,83500000.0,31664400000,,0,22780100000,2769700000,20010400000,36229100000,12194200000,24034900000,23423695000.0,-971100000.0,-1635900000.0,-440600000.0,445900000.0,-65300000.0,-25200000.0,-985600000.0,752400000.0,39700000.0,0.0,536000000.0,536000000.0,536000000.0,0.0,-2800000.0,0.046,2146200000.0,845200000.0,0,0.133,1.741,13.655,12.416,688700000,0.0,62.95,0.587,0.587,4280300000,10605700000,11537400000.0,11537400000.0,0.0,,,,,31000000.0,2094400000.0,1.0,372100000.0,372100000.0,,31.006,37289500000,598000000,314500000.0,505200000,100.214,-1454800000
22,AET,ARQ,2013-03-31,2013-04-30,2013-03-31,2018-10-30,-1113900000,42517200000,,9392700000,33124500000,,32.774,-86100000.0,3227900000,3227900000,6938800000.0,490900000.0,0.992,2.976,6583700000,99900000,6483800000,6583700000,455600000,108600000.0,0,0.013,0.2,827700000.0,936300000.0,0.098,936300000.0,827700000.0,749900000.0,1.5,1.48,1.5,10680900000,,10680900000,22075496000.0,8.0,6.81,457700000.0,1.404,1.0,2600100000.0,0.273,6995500000,77800000.0,29408400000,,0,21855000000,2240900000,19614100000,31790400000,9469100000,22321300000,18719696000.0,648700000.0,0.0,-184100000.0,99900000.0,-65500000.0,-28900000.0,133800000.0,217400000.0,543800000.0,0.0,490100000.0,490100000.0,490100000.0,0.0,800000.0,0.051,1771600000.0,828500000.0,0,0.133,1.753,11.435,11.699,538500000,0.0,57.44,0.503,0.503,2893100000,10584700000,9538900000.0,9538900000.0,0.0,,,,,24500000.0,1739200000.0,1.0,325900000.0,325900000.0,,29.269,35521700000,351600000,259800000.0,394800000,108.996,-76400000
23,AET,ARQ,2012-12-31,2013-02-19,2012-12-31,2018-10-30,-1033400000,41494500000,,8244400000,33250100000,,31.725,-85700000.0,2579200000,2579200000,6612400000.0,190100000.0,0.971,2.988,6481300000,0,6481300000,6481300000,403500000,111900000.0,0,0.015,0.2,367700000.0,479600000.0,0.048,479600000.0,367700000.0,291100000.0,0.58,0.58,0.58,10405800000,,10405800000,19878980000.0,7.0,6.09,459100000.0,1.4,1.0,3316100000.0,0.334,7033100000,76600000.0,29875900000,,0,21967200000,2269000000,19698200000,31088700000,8487600000,22601100000,15976880000.0,1941000000.0,0.0,-493000000.0,1728300000.0,-58500000.0,1158900000.0,237300000.0,323000000.0,544800000.0,0.0,190100000.0,190100000.0,190100000.0,0.0,0.0,0.019,2898900000.0,417200000.0,0,0.345,1.535,9.637,10.002,540000000,0.0,48.71,0.437,0.437,2489500000,10343900000,9928500000.0,9928500000.0,0.0,,,,,26000000.0,1924400000.0,1.0,328000000.0,328000000.0,,30.27,34461400000,566400000,101000000.0,473500000,105.065,-243200000
24,AET,ARQ,2012-09-30,2012-10-25,2012-09-30,2018-10-30,-888900000,39838400000,,6236000000,33602400000,,32.576,-101700000.0,638200000,638200000,6364600000.0,499200000.0,0.753,2.656,4685600000,70000000,4615600000,4685600000,388900000,111300000.0,0,0.016,0.175,842800000.0,954100000.0,0.107,954100000.0,842800000.0,774300000.0,1.49,1.47,1.49,10896800000,,10896800000,18909235000.0,6.0,5.294,65500000.0,0.196,1.0,2551900000.0,0.286,7063100000,68500000.0,28546200000,,0,21361300000,2544200000,18817100000,28941600000,8276500000,20665100000,14861835000.0,-283900000.0,-8600000.0,0.0,-53600000.0,-58500000.0,-96000000.0,-355100000.0,-244800000.0,167200000.0,0.0,499200000.0,499200000.0,499200000.0,0.0,0.0,0.056,1673700000.0,878200000.0,0,0.117,1.364,8.075,8.32,538700000,0.0,44.43,0.422,0.422,2697400000,10712200000,8916500000.0,8916500000.0,0.0,,,,,31700000.0,1639600000.0,1.0,334500000.0,334500000.0,,26.656,32775300000,103600000,275100000.0,227200000,97.983,-2040500000
25,AET,ARQ,2012-06-30,2012-07-31,2012-06-30,2018-10-30,-1054900000,39452700000,,6474700000,32978000000,,30.688,-82800000.0,922100000,922100000,6391600000.0,457600000.0,0.768,2.847,4706300000,0,4706300000,4706300000,839600000,111700000.0,0,0.019,0.175,760100000.0,871800000.0,0.099,871800000.0,760100000.0,695700000.0,1.34,1.32,1.34,10255800000,,10255800000,15835452000.0,5.0,4.473,7500000.0,0.022,1.0,2443500000.0,0.277,7087500000,64400000.0,27714300000,,0,20678000000,2347000000,18331000000,29196900000,8435100000,20761800000,12051252000.0,113000000.0,0.0,-580800000.0,562900000.0,-60800000.0,-74000000.0,96700000.0,179500000.0,90300000.0,0.0,457600000.0,457600000.0,457600000.0,0.0,0.0,0.052,1683400000.0,760100000.0,0,0.131,1.175,6.58,6.961,542200000,0.0,36.06,0.346,0.346,2529300000,10270900000,8835100000.0,8835100000.0,0.0,,,,,31500000.0,1646400000.0,1.0,334200000.0,334200000.0,,26.437,32365200000,450300000,238100000.0,341000000,96.844,-1960400000
26,AET,ARQ,2012-03-31,2012-04-26,2012-03-31,2018-10-30,-1147700000,39336100000,,6343700000,32992400000,,29.646,-68000000.0,809100000,809100000,6368400000.0,511000000.0,0.707,2.819,4128300000,150000000,3978300000,4128300000,880300000,115000000.0,0,0.014,0.175,843600000.0,958600000.0,0.108,958600000.0,843600000.0,784300000.0,1.46,1.43,1.46,10299000000,,10299000000,19059894000.0,6.0,5.208,951700000.0,2.739,1.0,2547400000.0,0.286,7124200000,59300000.0,26563200000,,0,20805500000,2525800000,18279700000,29037100000,8967900000,20069200000,15740694000.0,129400000.0,0.0,-343700000.0,-275900000.0,-61300000.0,-680100000.0,-210200000.0,-142200000.0,1019700000.0,0.0,511000000.0,511000000.0,511000000.0,0.0,0.0,0.057,1703800000.0,843600000.0,0,0.12,1.528,8.238,8.614,550800000,0.0,45.31,0.459,0.459,2462400000,10452600000,8915800000.0,8915800000.0,0.0,,,,,33000000.0,1666000000.0,1.0,347400000.0,347400000.0,,25.664,32211900000,396500000,273300000.0,320100000,92.723,-2624200000
27,AET,ARQ,2011-12-31,2012-02-24,2011-12-31,2018-10-30,-1189200000,38593100000,,5890000000,32703100000,,28.882,-144800000.0,679700000,679700000,6035800000.0,372600000.0,0.691,2.813,4403600000,425900000,3977700000,4403600000,369700000,120800000.0,0,0.013,0.175,666500000.0,787300000.0,0.092,787300000.0,666500000.0,606900000.0,1.05,1.03,1.05,10120200000,,10120200000,20154156000.0,6.0,5.343,349200000.0,0.997,1.0,2536500000.0,0.296,7162500000,59600000.0,26632300000,,0,20295000000,2211800000,18083200000,28472900000,8522200000,19950700000,16430256000.0,-1278100000.0,-425500000.0,-585400000.0,-24000000.0,-54300000.0,-646100000.0,-1126000000.0,-555700000.0,494000000.0,0.0,372600000.0,372600000.0,372600000.0,0.0,0.0,0.043,1870000000.0,666500000.0,0,0.167,1.624,8.274,8.797,556900000,0.0,46.89,0.486,0.486,2384600000,10346600000,8572300000.0,8572300000.0,0.0,,,,,33700000.0,1832900000.0,1.0,350400000.0,350400000.0,,24.464,31430600000,549100000,234300000.0,208800000,89.699,-2632200000
28,AET,ARQ,2011-09-30,2011-10-27,2011-09-30,2018-10-30,-1001400000,38694200000,,6885900000,31808300000,,29.061,-90100000.0,1957800000,1957800000,5816200000.0,490400000.0,0.796,2.675,4427000000,449900000,3977100000,4427000000,794200000,111500000.0,0,0.012,0.15,811100000.0,922600000.0,0.109,922600000.0,811100000.0,751400000.0,1.33,1.3,1.33,10528700000,,10528700000,17088005000.0,6.0,4.886,1027200000.0,2.835,1.0,2659100000.0,0.314,6790100000,59700000.0,25718200000,,0,19706500000,2042700000,17663800000,28165500000,8655100000,19510400000,14618805000.0,1047300000.0,-32000000.0,-526600000.0,-99900000.0,-55900000.0,-650500000.0,580500000.0,702600000.0,1117300000.0,0.0,490400000.0,490400000.0,490400000.0,0.0,0.0,0.058,1848000000.0,811100000.0,0,0.113,1.388,7.994,8.302,533000000,0.0,40.35,0.433,0.433,2501200000,10620500000,8475300000.0,8475300000.0,0.0,,,,,33000000.0,1816300000.0,1.0,362300000.0,362300000.0,,23.393,31904100000,428000000,261000000.0,224300000,88.06,-1769200000
29,AET,ARQ,2011-06-30,2011-07-27,2011-06-30,2018-10-30,-1093500000,38218200000,,6075700000,32142500000,,27.953,-74600000.0,910500000,910500000,5844500000.0,536700000.0,0.73,2.667,4526400000,549900000,3976500000,4526400000,368200000,108300000.0,0,0.008,0.15,882600000.0,990900000.0,0.119,990900000.0,882600000.0,821100000.0,1.42,1.39,1.42,10423500000,,10423500000,19173288000.0,6.0,5.458,249700000.0,0.67,1.0,2499900000.0,0.3,6785300000,61500000.0,26725400000,,0,20084300000,2115400000,17968900000,27794700000,8323400000,19471300000,15557388000.0,-533900000.0,-604500000.0,-456000000.0,494900000.0,-57000000.0,69300000.0,-927500000.0,-248400000.0,324300000.0,0.0,536700000.0,536700000.0,536700000.0,0.0,0.0,0.064,1617300000.0,882600000.0,0,0.106,1.493,8.474,8.802,535400000,0.0,41.72,0.46,0.46,2673200000,10676000000,8344400000.0,8344400000.0,0.0,,,,,37900000.0,1591700000.0,1.0,372900000.0,372900000.0,,22.377,31432900000,428700000,284400000.0,155300000,84.293,-2247700000
30,AET,ARQ,2011-03-31,2011-04-28,2011-03-31,2018-10-30,-1187200000,37801300000,,6426600000,31374700000,,26.886,-62500000.0,1444400000,1444400000,5833500000.0,586000000.0,0.755,2.705,4018000000,535000000,3483000000,4018000000,404300000,106600000.0,0,0.005,0.15,964500000.0,1071100000.0,0.128,1071100000.0,964500000.0,898400000.0,1.53,1.5,1.53,10203200000,,10203200000,18303875000.0,6.0,5.305,509700000.0,1.343,1.0,2554300000.0,0.305,6150600000,66100000.0,25716300000,,0,19718000000,2154800000,17563200000,27598100000,8508000000,19090100000,15730275000.0,-423200000.0,-493700000.0,-245000000.0,-365000000.0,0.0,-588200000.0,-407200000.0,149000000.0,572200000.0,0.0,586000000.0,586000000.0,586000000.0,0.0,0.0,0.07,1589800000.0,964500000.0,0,0.098,1.542,8.787,9.252,521200000,0.0,41.45,0.462,0.462,2612400000,10680600000,8387800000.0,8387800000.0,0.0,,,,,36800000.0,1563500000.0,1.0,379500000.0,379500000.0,,22.102,31650700000,370400000,312400000.0,111600000,83.401,-2081400000
31,AET,ARQ,2010-12-31,2011-02-25,2010-12-31,2018-10-30,-1162600000,37739400000,,6994200000,30745200000,,25.724,-71600000.0,1867600000,1867600000,6245500000.0,215600000.0,0.801,2.816,4382500000,899900000,3482600000,4382500000,318700000,131100000.0,0,0.001,0.04,381600000.0,512700000.0,0.06,512700000.0,381600000.0,312500000.0,0.58,0.57,0.58,9890800000,,9890800000,16868285000.0,6.0,5.046,493900000.0,1.285,1.0,2294400000.0,0.269,5641900000,69100000.0,25875500000,,0,19926600000,2380300000,17546300000,27848600000,8736900000,19111700000,14353385000.0,72100000.0,0.0,-673600000.0,-235400000.0,-16100000.0,-873600000.0,380200000.0,451800000.0,565500000.0,0.0,215600000.0,215600000.0,215600000.0,0.0,0.0,0.025,1912800000.0,381600000.0,0,0.069,1.451,8.124,8.784,529300000,0.0,37.33,0.419,0.419,2314600000,10401900000,8539900000.0,8539900000.0,0.0,,,,,24500000.0,1889600000.0,1.0,384500000.0,384500000.0,,22.21,32097500000,567000000,96900000.0,0,83.479,-1742700000
32,AET,ARQ,2010-09-30,2010-11-03,2010-09-30,2018-10-30,-1361600000,39150600000,,7074400000,32076200000,,24.985,-72600000.0,1795500000,1795500000,6130200000.0,497600000.0,0.785,2.916,4617400000,1135100000,3482300000,4617400000,326400000,107000000.0,0,0.001,0.0,831100000.0,938100000.0,0.11,938100000.0,831100000.0,767200000.0,1.21,1.19,1.21,9996600000,,9996600000,15160984000.0,5.0,4.681,19200000.0,0.048,1.0,2408600000.0,0.282,5664400000,63900000.0,27301800000,,0,20917500000,2488000000,18429500000,29154000000,9006300000,20147700000,12339084000.0,389500000.0,0.0,-465900000.0,483200000.0,0.0,17600000.0,280100000.0,352700000.0,91800000.0,0.0,497600000.0,497600000.0,497600000.0,0.0,0.0,0.058,1577500000.0,831100000.0,0,0.0,1.234,7.186,7.596,539800000,0.0,30.84,0.358,0.358,2537300000,10784700000,8538800000.0,8538800000.0,0.0,,,,,28600000.0,1554100000.0,1.0,400100000.0,400100000.0,,21.342,33486200000,607300000,269600000.0,0,83.695,-1931900000
33,AET,ARQ,2010-06-30,2010-07-28,2010-06-30,2018-10-30,-1025600000,38347800000,,6914000000,31433800000,,24.787,-70000000.0,1406000000,1406000000,6139300000.0,491000000.0,0.723,2.706,4090200000,1349700000,2740500000,4090200000,364200000,104000000.0,0,0.001,0.0,824200000.0,928200000.0,0.109,928200000.0,824200000.0,763500000.0,1.16,1.14,1.16,10346300000,,10346300000,14183570000.0,6.0,4.815,-152500000.0,-0.365,1.0,2406500000.0,0.282,5687800000,60700000.0,25775300000,,0,20878400000,2811200000,18067200000,28001500000,9568900000,18432600000,11499370000.0,-164400000.0,0.0,-304500000.0,-29500000.0,0.0,-354900000.0,273000000.0,343000000.0,-82500000.0,0.0,491000000.0,491000000.0,491000000.0,0.0,0.0,0.057,1582300000.0,824200000.0,0,0.0,1.111,7.44,7.653,550900000,0.0,27.55,0.332,0.332,2530600000,10829500000,8545800000.0,8545800000.0,0.0,,,,,29700000.0,1558100000.0,1.0,417400000.0,417400000.0,,20.474,32660000000,615000000,272500000.0,0,78.246,-2654900000
34,AET,ARQ,2010-03-31,2010-04-29,2010-03-31,2018-10-30,-1142700000,38972800000,,7426400000,31546400000,,23.356,-74500000.0,1570400000,1570400000,6218000000.0,562600000.0,0.754,2.927,4119400000,929300000,3190100000,4119400000,411200000,102300000.0,0,0.001,0.0,861900000.0,964200000.0,0.112,964200000.0,861900000.0,801000000.0,1.3,1.28,1.3,9923900000,,9923900000,15822876000.0,7.0,5.866,762800000.0,1.795,1.0,2403500000.0,0.279,5712000000,60900000.0,25965400000,,0,21083800000,3274300000,17809500000,29048900000,9844400000,19204500000,13273876000.0,366800000.0,-100000.0,-162000000.0,-1300000.0,0.0,-171700000.0,-298800000.0,-224200000.0,837300000.0,0.0,562600000.0,562600000.0,562600000.0,0.0,0.0,0.065,1541600000.0,861900000.0,0,0.0,1.338,9.473,9.702,556300000,0.0,31.24,0.382,0.382,2370800000,10567400000,8621500000.0,8621500000.0,0.0,,,,,27600000.0,1517200000.0,1.0,424900000.0,424900000.0,,20.291,33260800000,635200000,238400000.0,117300000,78.279,-2418000000
35,AET,ARQ,2009-12-31,2010-02-26,2009-12-31,2018-10-30,-1223000000,38550400000,,6826900000,31723500000,,22.051,-102600000.0,1203600000,1203600000,6641500000.0,165900000.0,0.807,3.056,4120300000,480800000,3639500000,4120300000,306400000,109200000.0,0,0.001,0.04,299200000.0,408400000.0,0.047,408400000.0,299200000.0,238600000.0,0.39,0.38,0.39,9503800000,,9503800000,15842390000.0,7.0,6.187,529900000.0,1.229,1.0,2114700000.0,0.242,5736900000,60600000.0,27266000000,,0,20183800000,3132700000,17051100000,29046600000,8464200000,20582400000,12925690000.0,-626500000.0,-69000000.0,-115800000.0,371000000.0,-17300000.0,255700000.0,-1514700000.0,-1343100000.0,632500000.0,0.0,165900000.0,165900000.0,165900000.0,0.0,0.0,0.019,1815500000.0,299200000.0,0,0.103,1.36,10.126,10.377,551000000,0.0,29.99,0.372,0.372,2244000000,10256700000,8756200000.0,8756200000.0,0.0,,,,,9600000.0,1791200000.0,1.0,431000000.0,431000000.0,,20.316,32813500000,806300000,72700000.0,0,76.133,-1637300000
36,AET,ARQ,2009-09-30,2009-10-29,2009-09-30,2018-10-30,-1118600000,38135000000,,7100400000,31034600000,,22.007,-91100000.0,1830100000,1830100000,6584100000.0,326200000.0,0.843,2.997,3749000000,109800000,3639200000,3749000000,292600000,105900000.0,0,0.002,0.0,538900000.0,644800000.0,0.074,644800000.0,538900000.0,478300000.0,0.75,0.73,0.75,9540000000,,9540000000,13471675000.0,6.0,5.044,838000000.0,1.933,1.0,2138300000.0,0.245,5683900000,60600000.0,25944800000,,0,19438000000,2593900000,16844100000,28595000000,8425200000,20169800000,11552775000.0,622600000.0,0.0,-124200000.0,-84800000.0,0.0,-204400000.0,-102100000.0,-11000000.0,929100000.0,0.0,326200000.0,326200000.0,326200000.0,0.0,0.0,0.037,1599400000.0,538900000.0,0,0.0,1.211,8.851,9.065,532600000,0.0,26.65,0.342,0.342,2358400000,10201800000,8722400000.0,8722400000.0,0.0,,,,,25400000.0,1575500000.0,1.0,433500000.0,433500000.0,,20.121,32451100000,711200000,152100000.0,0,74.858,-1324800000
37,AET,ARQ,2009-06-30,2009-07-31,2009-06-30,2018-10-30,-1550400000,36762600000,,6917700000,29844900000,,20.337,-79700000.0,1207500000,1207500000,6606200000.0,346600000.0,0.872,3.141,3833600000,194700000,3638900000,3833600000,301400000,103900000.0,0,0.001,0.0,576100000.0,680000000.0,0.078,680000000.0,576100000.0,515400000.0,0.78,0.77,0.78,8877200000,,8877200000,14398505000.0,7.0,5.532,20700000.0,0.047,1.0,2064600000.0,0.238,5707800000,60700000.0,25746700000,,0,18398100000,2780900000,15617200000,27885400000,7934200000,19951200000,11772405000.0,-539800000.0,-6100000.0,-269200000.0,94700000.0,0.0,-142500000.0,-497700000.0,-411900000.0,100400000.0,0.0,346600000.0,346600000.0,346600000.0,0.0,0.0,0.04,1488500000.0,576100000.0,0,0.0,1.326,9.37,9.701,509500000,0.0,26.97,0.36,0.36,2521200000,10006800000,8670800000.0,8670800000.0,0.0,,,,,18500000.0,1464000000.0,1.0,436500000.0,436500000.0,,19.864,31054800000,1037300000,168800000.0,0,71.145,-1016500000
38,AET,ARQ,2009-03-31,2009-04-29,2009-03-31,2018-10-30,-1909500000,35978800000,,5716900000,30261900000,,18.715,-88600000.0,1747300000,1747300000,6307500000.0,437800000.0,0.732,3.302,3738600000,100000000,3638600000,3738600000,380900000,97000000.0,0,0.002,0.0,730400000.0,827400000.0,0.096,827400000.0,730400000.0,668900000.0,0.97,0.95,0.97,8363900000,,8363900000,11769472000.0,5.0,4.184,737700000.0,1.651,1.0,2307200000.0,0.268,5728500000,61500000.0,24430700000,,0,17043900000,1372200000,15671700000,27614900000,7810900000,19804000000,9778172000.0,567800000.0,0.0,-263800000.0,-114800000.0,0.0,-373300000.0,114800000.0,203400000.0,826300000.0,0.0,437800000.0,437800000.0,437800000.0,0.0,0.0,0.051,1576800000.0,730400000.0,0,0.0,1.169,7.033,7.293,492600000,0.0,21.88,0.307,0.307,2482000000,9877400000,8614700000.0,8614700000.0,0.0,,,,,37200000.0,1552300000.0,1.0,446900000.0,446900000.0,,19.277,30250300000,1125600000,231100000.0,0,67.689,-2094000000
39,AET,ARQ,2008-12-31,2009-02-27,2008-12-31,2018-10-30,-1881300000,35852500000,,4918400000,30934100000,,18.052,-142000000.0,1179500000,1179500000,5793700000.0,194700000.0,0.651,3.38,3854000000,215700000,3638300000,3854000000,238600000,98400000.0,0,0.002,0.04,420000000.0,518400000.0,0.067,518400000.0,420000000.0,355100000.0,0.44,0.43,0.44,8186400000,,8186400000,13499545000.0,6.0,4.84,312500000.0,0.689,1.0,1965600000.0,0.253,5753000000,64900000.0,25219200000,,0,17619000000,1455600000,16163400000,27666100000,7554800000,20111300000,10825045000.0,315300000.0,0.0,-114900000.0,-266400000.0,-18400000.0,-422600000.0,283400000.0,425400000.0,454500000.0,0.0,194700000.0,194700000.0,194700000.0,0.0,0.0,0.025,1545600000.0,420000000.0,0,0.091,1.322,7.821,8.203,467500000,0.0,23.87,0.35,0.35,2181000000,9716500000,7759300000.0,7759300000.0,0.0,,,,,15500000.0,1517900000.0,1.0,453500000.0,453500000.0,,17.11,30099500000,1245100000,160400000.0,0,66.372,-2636400000
40,AET,ARQ,2008-09-30,2008-10-29,2008-09-30,2018-10-30,-665900000,37262600000,,4950900000,32311700000,,20.162,-111700000.0,864200000,864200000,5681300000.0,277300000.0,0.594,3.008,4120100000,482200000,3637900000,4120100000,265400000,94000000.0,0,0.002,0.0,483200000.0,577200000.0,0.076,577200000.0,483200000.0,422700000.0,0.59,0.58,0.59,9296600000,,9296600000,15037005000.0,6.0,4.857,556600000.0,1.207,1.0,1943300000.0,0.255,5782300000,60500000.0,26403600000,,0,18772800000,1811900000,16960900000,27966000000,8332600000,19633400000,11781105000.0,33400000.0,0.0,-515600000.0,331000000.0,0.0,-170600000.0,-464300000.0,-352600000.0,668300000.0,0.0,277300000.0,277300000.0,277300000.0,0.0,0.0,0.036,1460100000.0,483200000.0,0,0.0,1.267,7.193,7.604,421800000,0.0,25.55,0.388,0.388,2332300000,9636600000,7624600000.0,7624600000.0,0.0,,,,,24700000.0,1434700000.0,1.0,461100000.0,461100000.0,,16.536,31480300000,552500000,145400000.0,11400000,68.272,-3381700000
41,AET,ARQ,2008-06-30,2008-08-01,2008-06-30,2018-10-30,-432600000,38692200000,,4570400000,34121800000,,20.581,-110200000.0,830800000,830800000,5654100000.0,480500000.0,0.539,2.986,3774700000,635600000,3139100000,3774700000,248300000,97700000.0,0,0.001,0.0,792500000.0,890200000.0,0.114,890200000.0,792500000.0,735900000.0,1.0,0.97,1.0,9705900000,,9705900000,21789036000.0,7.0,6.397,76300000.0,0.162,1.0,2174000000.0,0.278,5806600000,56600000.0,27344600000,,0,19319400000,1495500000,17823900000,28986300000,8484900000,20501400000,18845136000.0,-539900000.0,0.0,-604600000.0,257100000.0,0.0,-352000000.0,-374400000.0,-264200000.0,186500000.0,0.0,480500000.0,480500000.0,480500000.0,0.0,0.0,0.061,1425300000.0,748700000.0,0,0.0,1.942,10.147,10.656,393400000,0.0,39.96,0.635,0.635,2382800000,9850400000,7828100000.0,7828100000.0,0.0,,,,,23800000.0,1398000000.0,1.0,471600000.0,471600000.0,,16.599,32885600000,308700000,255400000.0,8700000,69.732,-3914500000
42,AET,ARQ,2008-03-31,2008-04-24,2008-03-31,2018-10-30,-337800000,39158500000,,5368400000,33790100000,,20.383,-82700000.0,1370700000,1370700000,5595100000.0,431600000.0,0.619,2.963,3517900000,379100000,3138800000,3517900000,326500000,88200000.0,0,0.001,0.0,714900000.0,803100000.0,0.104,803100000.0,714900000.0,660500000.0,0.87,0.85,0.87,9881500000,,9881500000,22634848000.0,8.0,6.811,814900000.0,1.681,1.0,2143600000.0,0.277,5833600000,54400000.0,26793100000,,0,19422900000,1798300000,17624600000,29277000000,8679000000,20598000000,20487648000.0,116700000.0,0.0,-552600000.0,248700000.0,0.0,-262900000.0,-518000000.0,-435300000.0,897600000.0,0.0,431600000.0,431600000.0,431600000.0,0.0,0.0,0.056,1428700000.0,714900000.0,0,0.0,2.073,11.208,11.642,375400000,0.0,42.26,0.715,0.715,2373600000,9969700000,7738700000.0,7738700000.0,0.0,,,,,31700000.0,1400900000.0,1.0,484800000.0,484800000.0,,15.963,33324900000,278800000,228900000.0,264100000,68.739,-3310600000
43,AET,ARQ,2007-12-31,2008-02-29,2007-12-31,2018-10-30,-288400000,50724700000,,5288400000,45436300000,,20.214,-128100000.0,1254000000,1254000000,5024100000.0,448400000.0,0.689,4.053,3269200000,130700000,3138500000,3269200000,198400000,89600000.0,0,0.001,0.0,736100000.0,825700000.0,0.116,825700000.0,736100000.0,684600000.0,0.9,0.86,0.9,10038400000,,10038400000,26646560000.0,9.0,8.078,530900000.0,1.069,1.0,2120300000.0,0.297,5839400000,51500000.0,39225800000,,0,19034000000,1993900000,17040100000,40686300000,7674700000,33011600000,24631360000.0,123400000.0,-66300000.0,-361100000.0,264000000.0,-20000000.0,-71200000.0,-464400000.0,-270000000.0,659000000.0,0.0,448400000.0,448400000.0,448400000.0,0.0,0.0,0.063,1384200000.0,736100000.0,0,0.0,2.454,13.452,13.778,364000000,0.0,49.6,0.892,0.892,2162100000,10138000000,7144400000.0,7144400000.0,0.0,,,,,20600000.0,1356100000.0,1.0,496600000.0,496600000.0,,14.387,44885300000,321700000,236200000.0,165300000,90.385,-2386300000
44,AET,ARQ,2007-09-30,2007-10-25,2007-09-30,2018-10-30,-539300000,50062900000,,18676900000,31386000000,,19.198,-98500000.0,1130600000,1130600000,4860700000.0,496700000.0,2.323,4.211,2976400000,533400000,2443000000,2976400000,148500000,83600000.0,0,0.001,0.0,803300000.0,886900000.0,0.127,886900000.0,803300000.0,759300000.0,0.98,0.95,0.98,9606800000,,9606800000,29863196000.0,10.0,9.19,159000000.0,0.318,1.0,2100600000.0,0.302,5779100000,44000000.0,38089300000,,0,18780900000,15371700000,3409200000,40456100000,8040300000,32415800000,28017396000.0,-276800000.0,-505900000.0,-708200000.0,530100000.0,0.0,-100200000.0,-434100000.0,170300000.0,257500000.0,0.0,496700000.0,496700000.0,496700000.0,0.0,0.0,0.071,1297300000.0,803300000.0,0,0.0,2.916,15.422,15.816,332400000,0.0,55.99,1.045,1.045,2251100000,10037700000,6961300000.0,6961300000.0,0.0,,,,,23100000.0,1271400000.0,1.0,500400000.0,500400000.0,,13.911,44283800000,394700000,262600000.0,55000000,88.497,10636600000
45,AET,ARQ,2007-06-30,2007-07-26,2007-06-30,2018-10-30,-607600000,49572100000,,18830600000,30741500000,,18.929,-94400000.0,1407400000,1407400000,4890600000.0,451300000.0,2.529,4.121,2443000000,300000,2442700000,2443000000,456300000,76000000.0,0,0.001,0.0,731400000.0,807400000.0,0.119,807400000.0,731400000.0,688600000.0,0.88,0.85,0.88,9680500000,,9680500000,26528890000.0,9.0,8.288,225900000.0,0.442,1.0,1903300000.0,0.28,5251600000,42800000.0,37911200000,,0,18662100000,15277400000,3384700000,39891600000,7444900000,32446700000,25493290000.0,-22400000.0,0.0,-324100000.0,-9500000.0,0.0,-216800000.0,-125900000.0,-31500000.0,320300000.0,0.0,451300000.0,451300000.0,451300000.0,0.0,0.0,0.066,1236200000.0,667100000.0,0,0.0,2.633,14.191,14.449,294900000,0.0,49.85,0.975,0.975,2205700000,10276600000,6793900000.0,6793900000.0,0.0,,,,,20500000.0,1214400000.0,1.0,511400000.0,511400000.0,,13.285,44320500000,646200000,237300000.0,154500000,86.665,11385700000
46,AET,ARQ,2007-03-31,2007-04-26,2007-03-31,2018-10-30,-514000000,48636600000,,18825300000,29811300000,,18.511,-79400000.0,1429800000,1429800000,4767500000.0,434600000.0,2.499,4.129,2452300000,9800000,2442500000,2452300000,450200000,72300000.0,0,0.001,0.0,706200000.0,778500000.0,0.116,778500000.0,706200000.0,663900000.0,0.84,0.81,0.84,9483400000,,9483400000,25213306000.0,9.0,8.165,749300000.0,1.463,1.0,1932500000.0,0.288,5273400000,42300000.0,36853000000,,0,18794700000,15424100000,3370600000,39153200000,7532700000,31620500000,24190806000.0,549800000.0,0.0,-302200000.0,-35200000.0,0.0,-265500000.0,-13400000.0,66000000.0,828700000.0,0.0,434600000.0,434600000.0,434600000.0,0.0,0.0,0.065,1226300000.0,706200000.0,0,0.0,2.551,13.946,14.485,283100000,0.0,47.22,0.945,0.945,2190400000,9838200000,6700000000.0,6700000000.0,0.0,,,,,25200000.0,1204500000.0,1.0,512300000.0,512300000.0,,13.078,43363200000,524200000,229300000.0,338000000,84.644,11292600000
47,AET,ARQ,2006-12-31,2007-02-27,2006-12-31,2018-10-30,-625700000,47626400000,,18303800000,29322600000,,17.709,-86700000.0,880000000,880000000,4404500000.0,434100000.0,2.577,4.208,2487300000,45000000,2442300000,2487300000,185600000,72500000.0,0,0.001,0.0,704100000.0,776600000.0,0.122,776600000.0,704100000.0,663000000.0,0.84,0.8,0.84,9145100000,,9145100000,24473492000.0,9.0,8.1,408600000.0,0.791,1.0,1955000000.0,0.307,5295200000,41100000.0,36835500000,,0,18941400000,15720000000,3221400000,38481300000,7103000000,31378300000,22866192000.0,-334300000.0,-1000000.0,-398200000.0,43500000.0,-20800000.0,-329900000.0,-499700000.0,-412000000.0,495300000.0,0.0,434100000.0,434100000.0,434100000.0,0.0,0.0,0.068,1250900000.0,704100000.0,0,0.0,2.5,13.437,14.192,283600000,0.0,44.28,0.909,0.909,2000600000,9404600000,6359500000.0,6359500000.0,0.0,,,,,11800000.0,1229000000.0,1.0,516400000.0,516400000.0,,12.315,42331200000,463200000,228900000.0,42600000,81.974,11200800000
48,AET,ARQ,2006-09-30,2006-10-26,2006-09-30,2018-10-30,207400000,46942300000,,18208400000,28733900000,,18.487,-66900000.0,1214300000,1214300000,4351500000.0,476400000.0,2.529,3.864,2443500000,1500000,2442000000,2443500000,187700000,69500000.0,0,0.0,0.0,768700000.0,838200000.0,0.133,838200000.0,768700000.0,728800000.0,0.89,0.85,0.89,9650100000,,9650100000,22834780000.0,8.0,7.532,511100000.0,0.979,1.0,1948000000.0,0.309,5336200000,39900000.0,35636100000,,0,18380400000,15317600000,3062800000,37292200000,7199200000,30093000000,21605580000.0,-434300000.0,-1100000.0,-954300000.0,-31500000.0,0.0,-1122400000.0,110100000.0,178100000.0,578000000.0,0.0,476400000.0,476400000.0,476400000.0,0.0,0.0,0.076,1179300000.0,768700000.0,0,0.0,2.239,12.78,13.66,276300000,0.0,41.39,0.876,0.876,2078000000,8970400000,6299500000.0,6299500000.0,0.0,,,,,11900000.0,1157300000.0,1.0,522000000.0,522000000.0,,12.068,41606100000,75900000,252400000.0,72500000,79.705,11009200000
49,AET,ARQ,2006-06-30,2006-07-27,2006-06-30,2018-10-30,50800000,46165200000,,18211400000,27953800000,,18.191,-74300000.0,1648600000,1648600000,4477100000.0,389500000.0,2.644,3.634,2474800000,33000000,2441800000,2474800000,356100000,63200000.0,0,0.001,0.0,631300000.0,694500000.0,0.111,694500000.0,631300000.0,597500000.0,0.69,0.67,0.69,9963100000,,9963100000,19037225000.0,7.0,6.675,176600000.0,0.322,1.0,1774900000.0,0.284,5355400000,33800000.0,34748900000,,0,17713600000,14690800000,3022800000,36202100000,6887100000,29315000000,18211025000.0,307800000.0,-1800000.0,-819100000.0,851500000.0,0.0,61100000.0,-4200000.0,71900000.0,250900000.0,0.0,389500000.0,389500000.0,389500000.0,0.0,0.0,0.062,1259000000.0,515900000.0,0,0.0,1.828,11.439,11.896,276800000,0.0,33.25,0.757,0.757,2153500000,8514900000,6252000000.0,6252000000.0,0.0,,,,,11900000.0,1237200000.0,1.0,547700000.0,547700000.0,,11.415,40809800000,236400000,208000000.0,0,74.511,11324300000
50,AET,ARQ,2006-03-31,2006-04-27,2006-03-31,2018-10-30,145300000,45662400000,,18176600000,27485800000,,18.436,-62600000.0,1340800000,1340800000,4386900000.0,401700000.0,2.349,3.368,1616100000,460400000,1155700000,1616100000,353300000,65200000.0,0,0.001,0.0,646900000.0,712100000.0,0.114,712100000.0,646900000.0,613400000.0,0.71,0.68,0.71,10453000000,,10453000000,21254300000.0,8.0,7.425,301500000.0,0.532,1.0,1847800000.0,0.296,5377300000,33500000.0,32821500000,,0,18364800000,15205000000,3159800000,35209400000,7738900000,27470500000,20979000000.0,148200000.0,-157000000.0,-150900000.0,10400000.0,0.0,-56400000.0,-159500000.0,60100000.0,364100000.0,0.0,401700000.0,401700000.0,401700000.0,-16100000.0,0.0,0.064,1217000000.0,630800000.0,0,0.0,2.007,13.013,13.167,275800000,0.0,37.0,0.9,0.9,2040700000,8125400000,6234700000.0,6234700000.0,0.0,,,,,38100000.0,1197100000.0,1.0,567000000.0,567000000.0,,10.996,40285100000,174300000,211700000.0,144500000,71.05,10437700000
51,AET,ARQ,2005-12-31,2006-03-01,2005-12-31,2018-10-30,257500000,44364600000,,18234700000,26129900000,,17.819,-88500000.0,1192600000,1192600000,4010400000.0,423000000.0,2.394,3.39,1605700000,450000000,1155700000,1605700000,156900000,95000000.0,0,0.0,0.0,691800000.0,786800000.0,0.134,786800000.0,691800000.0,659200000.0,0.74,0.695,0.74,10104900000,,10104900000,29499659000.0,11.0,10.262,558200000.0,0.984,1.0,1857000000.0,0.316,5248100000,32600000.0,31912800000,,0,18840400000,15717500000,3122900000,34259700000,7616800000,26642900000,29086559000.0,159900000.0,-86100000.0,-439300000.0,0.0,-11400000.0,-399900000.0,-86900000.0,87700000.0,646700000.0,0.0,423000000.0,423000000.0,423000000.0,0.0,0.0,0.072,1165200000.0,691800000.0,0,0.0,2.878,17.795,18.188,272800000,0.0,51.29,1.293,1.293,1859600000,8169500000,5867400000.0,5867400000.0,0.0,,,,,0.0,1145900000.0,1.0,567100000.0,567100000.0,,10.346,39116500000,0,236200000.0,62200000,68.976,10617900000
52,AET,ARQ,2005-09-30,2005-10-27,2005-09-30,2018-10-30,-422100000,43257500000,,18695900000,24561600000,,16.293,-74600000.0,1032700000,1032700000,3972200000.0,377800000.0,2.424,3.641,1605600000,449900000,1155700000,1605600000,224200000,37700000.0,0,0.0,0.0,621100000.0,658800000.0,0.116,658800000.0,621100000.0,588600000.0,0.655,0.63,0.655,9320100000,,9320100000,24540605375.0,10.0,9.37,424800000.0,0.743,1.0,1728500000.0,0.303,5139200000,32500000.0,30978200000,,0,19195600000,15938200000,3257400000,33937400000,7713000000,26224400000,23967705375.0,-86200000.0,-390400000.0,-408500000.0,0.0,0.0,-360400000.0,-225200000.0,239800000.0,499400000.0,0.0,377800000.0,377800000.0,377800000.0,0.0,0.0,0.066,1107400000.0,621100000.0,0,0.0,2.572,15.85,16.054,251500000,0.0,41.9,1.1,1.1,1975400000,7746500000,5700700000.0,5700700000.0,0.0,,,,,0.0,1091500000.0,1.0,572021608.0,572021608.0,,9.966,38118300000,445000000,210800000.0,0,66.638,10982900000
53,AET,ARQ,2005-06-30,2005-07-28,2005-06-30,2018-10-30,-246000000,43073800000,,19321600000,23752200000,,16.287,-61400000.0,1118900000,1118900000,3826000000.0,409700000.0,2.568,3.561,1605500000,449800000,1155700000,1605500000,156800000,37300000.0,0,0.0,0.0,667700000.0,705000000.0,0.128,705000000.0,667700000.0,637200000.0,0.705,0.675,0.705,9444900000,,9444900000,23218874432.0,7.0,6.669,541400000.0,0.934,1.0,1670900000.0,0.304,4740400000,30500000.0,31295900000,,0,19546600000,16492600000,3054000000,33628900000,7524100000,26104800000,22732274432.0,188900000.0,-389400000.0,-274000000.0,0.0,0.0,-214200000.0,-199700000.0,251100000.0,602800000.0,0.0,409700000.0,409700000.0,409700000.0,0.0,0.0,0.075,1069900000.0,601000000.0,0,0.0,2.407,9.368,9.577,241600000,0.0,39.2,1.076,1.076,1991200000,7380100000,5496900000.0,5496900000.0,0.0,,,,,0.0,1058400000.0,1.0,579904960.0,579904960.0,,9.479,38333400000,414400000,227500000.0,0,66.103,11797500000
54,AET,ARQ,2005-03-31,2005-04-28,2005-03-31,2018-10-30,-382900000,42047700000,,18887300000,23160400000,,15.561,-47100000.0,930000000,930000000,3663800000.0,424000000.0,2.561,3.652,1601400000,449700000,1151700000,1601400000,141200000,34400000.0,0,0.0,0.0,689600000.0,724000000.0,0.133,724000000.0,689600000.0,662400000.0,0.725,0.695,0.725,9039100000,,9039100000,21385979051.0,7.0,6.508,97400000.0,0.168,1.0,1763100000.0,0.325,4342900000,27200000.0,31001300000,,0,19411000000,16237700000,3173300000,33008600000,7374900000,25633700000,20714579051.0,-466000000.0,-241700000.0,-528200000.0,0.0,0.0,-412200000.0,-198300000.0,90500000.0,144500000.0,0.0,424000000.0,424000000.0,424000000.0,0.0,0.0,0.078,1073500000.0,689600000.0,0,0.0,2.292,8.993,9.25,233700000,0.0,35.66,1.01,1.01,1927000000,6970400000,5426900000.0,5426900000.0,0.0,,,,,0.0,1062800000.0,1.0,580891168.0,580891168.0,,9.342,37704800000,677200000,238400000.0,0,64.909,11512400000
55,AET,ARQ,2004-12-31,2005-03-01,2004-12-31,2018-10-30,-266700000,42133700000,,19516200000,22617500000,,15.425,-55800000.0,1396000000,1396000000,3587400000.0,300700000.0,2.784,3.64,1609700000,0,1609700000,1609700000,121800000,34200000.0,0,0.0,0.0,497000000.0,531200000.0,0.103,531200000.0,497000000.0,468900000.0,0.525,0.508,0.525,9081400000,,9081400000,22014399302.0,7.0,6.937,423400000.0,0.719,1.0,1580900000.0,0.306,4148100000,28100000.0,31188000000,,0,19690500000,16624200000,3066300000,33052300000,7011300000,26041000000,21800699302.0,29100000.0,-9500000.0,-360300000.0,0.0,-5900000.0,-336300000.0,-113800000.0,-48500000.0,479200000.0,0.0,300700000.0,300700000.0,300700000.0,0.0,0.0,0.058,1083900000.0,497000000.0,0,0.0,2.401,9.71,9.987,233600000,0.0,37.03,1.095,1.095,1743100000,6546400000,5168300000.0,5168300000.0,0.0,,,,,0.0,1076100000.0,1.0,588730740.0,588730740.0,,8.779,37985600000,722800000,168200000.0,0,64.521,12504900000
56,AET,ARQ,2004-09-30,2004-10-28,2004-09-30,2018-10-30,-136500000,41513000000,,19404000000,22109000000,,15.382,-60800000.0,1366900000,1366900000,3542900000.0,1292300000.0,2.775,3.57,1614300000,0,1614300000,1614300000,110200000,33900000.0,0,0.0,0.0,1487600000.0,1521500000.0,0.302,1521500000.0,1487600000.0,1461700000.0,2.138,2.053,2.138,9084600000,,9084600000,14318661045.0,5.0,4.652,614200000.0,1.04,1.0,1496600000.0,0.297,4145900000,25900000.0,30621300000,,0,19547200000,16445700000,3101500000,32428400000,6993200000,25435200000,14071261045.0,217400000.0,0.0,-715300000.0,0.0,0.0,-725200000.0,267600000.0,328400000.0,675000000.0,0.0,1292300000.0,1292300000.0,1292300000.0,-990000000.0,0.0,0.256,999000000.0,497600000.0,0,0.0,1.549,6.414,6.605,240500000,0.0,23.825,0.729,0.729,1876400000,6245700000,5039500000.0,5039500000.0,0.0,,,,,0.0,989700000.0,1.0,590609068.0,590609068.0,,8.533,37367100000,754800000,169400000.0,0,63.269,12410800000
57,AET,ARQ,2004-06-30,2004-07-29,2004-06-30,2018-10-30,-287000000,40755100000,,18959400000,21795700000,,13.525,-39500000.0,1149500000,1149500000,3410100000.0,286300000.0,2.703,3.905,1606600000,0,1606600000,1606600000,113700000,36500000.0,0,0.0,0.0,472900000.0,509400000.0,0.104,509400000.0,472900000.0,447700000.0,0.468,0.448,0.468,8308200000,,8308200000,13395033310.0,7.0,6.861,183700000.0,0.299,1.0,1464900000.0,0.3,4152200000,25200000.0,30046700000,,0,19533000000,16532300000,3000700000,32446900000,7013300000,25433600000,12937933310.0,441500000.0,0.0,-53600000.0,0.0,0.0,-110500000.0,328800000.0,368300000.0,223200000.0,0.0,286300000.0,286300000.0,286300000.0,0.0,0.0,0.059,992000000.0,472900000.0,0,0.0,1.557,11.578,11.554,246900000,0.0,21.063,0.69,0.69,1769200000,4959300000,4875000000.0,4875000000.0,0.0,,,,,0.0,979300000.0,1.0,614263896.0,614263896.0,,7.936,36602900000,763400000,161400000.0,223000000,59.588,11946100000
58,AET,ARQ,2004-03-31,2004-04-29,2004-03-31,2018-10-30,-65600000,41391400000,,19702000000,21689400000,,13.412,-34200000.0,708000000,708000000,3288800000.0,365800000.0,2.646,4.063,1627300000,0,1627300000,1627300000,184600000,35100000.0,0,0.0,0.0,576100000.0,611200000.0,0.127,611200000.0,576100000.0,550600000.0,0.595,0.57,0.595,8175300000,,8175300000,13677516464.0,9.0,7.93,25200000.0,0.041,1.0,1532500000.0,0.318,4164900000,25500000.0,30699000000,,0,20563700000,17682400000,2881300000,33216100000,7446800000,25769300000,12758216464.0,-725400000.0,0.0,-363800000.0,0.0,0.0,-369600000.0,-415200000.0,-381000000.0,59400000.0,0.0,365800000.0,365800000.0,365800000.0,-40000000.0,0.0,0.076,996400000.0,536100000.0,0,0.0,1.561,13.158,13.247,258600000,0.0,20.93,0.696,0.696,1807300000,4673000000,4821300000.0,4821300000.0,0.0,,,,,0.0,983700000.0,1.0,609566004.0,609566004.0,,7.909,37226500000,557600000,184800000.0,266100000,61.07,12255200000
59,AET,ARQ,2003-12-31,2004-02-27,2003-12-31,2018-10-30,-137600000,40950200000,,19556800000,21393400000,,12.92,-42700000.0,1433400000,1433400000,3141500000.0,249500000.0,2.654,4.168,1613700000,0,1613700000,1613700000,203700000,38700000.0,0,0.0,0.01,397300000.0,436000000.0,0.095,436000000.0,397300000.0,371400000.0,0.407,0.395,0.407,7924000000,,7924000000,12567269371.0,8.0,7.422,337600000.0,0.55,1.0,1433300000.0,0.313,4175600000,25900000.0,29587400000,,0,19606200000,16731600000,2874600000,33026200000,7367500000,25658700000,12386969371.0,-346900000.0,-53500000.0,-109300000.0,0.0,-6100000.0,-168000000.0,-559200000.0,-463000000.0,380300000.0,0.0,249500000.0,249500000.0,249500000.0,0.0,0.0,0.055,1036000000.0,397300000.0,0,0.025,1.563,13.265,13.201,267500000,0.0,20.198,0.689,0.689,1910700000,4307200000,4574800000.0,4574800000.0,0.0,,,,,0.0,539200000.0,1.0,613292208.0,613292208.0,,7.459,36774600000,613600000,121900000.0,154700000,59.963,12189300000
60,AET,ARQ,2003-09-30,2003-10-30,2003-09-30,2018-10-30,-136500000,41055300000,,19916800000,21138500000,,12.604,-101000000.0,1780300000,1780300000,3110300000.0,215900000.0,2.539,4.337,1626700000,0,1626700000,1626700000,137400000,35300000.0,0,0.001,0.0,360400000.0,395700000.0,0.089,395700000.0,360400000.0,334800000.0,0.352,0.338,0.352,7692000000,,7692000000,8436047931.0,6.0,5.714,-26200000.0,-0.043,1.0,1358800000.0,0.304,4127200000,25600000.0,28930400000,,0,19709300000,16739900000,2969400000,33363300000,7844100000,25519200000,8589647931.0,-86200000.0,0.0,-146700000.0,0.0,0.0,-212900000.0,51900000.0,152900000.0,74800000.0,0.0,215900000.0,215900000.0,215900000.0,0.0,0.0,0.048,998400000.0,360400000.0,0,0.0,1.117,10.977,10.72,274300000,0.0,14.075,0.474,0.474,1945100000,4057700000,4469100000.0,4469100000.0,0.0,,,,,0.0,532500000.0,1.0,610276940.0,610276940.0,,7.323,36928100000,761500000,118900000.0,251400000,60.51,12072700000
61,AET,ARQ,2003-06-30,2003-07-31,2003-06-30,2018-10-30,-1500000,40578200000,,19664900000,20913300000,,12.505,-40800000.0,1866500000,1866500000,3079300000.0,138400000.0,2.68,4.272,1640400000,0,1640400000,1640400000,133200000,32900000.0,0,0.001,0.0,248900000.0,281800000.0,0.063,281800000.0,248900000.0,223400000.0,0.225,0.217,0.225,7697100000,,7697100000,9255909807.0,8.0,7.135,-86600000.0,-0.141,1.0,1386700000.0,0.311,4139900000,25500000.0,28873200000,,0,19554700000,16449900000,3104800000,32881100000,7339000000,25542100000,9482009807.0,-56900000.0,0.0,-175500000.0,0.0,0.0,-111700000.0,100600000.0,141400000.0,-45800000.0,0.0,138400000.0,138400000.0,138400000.0,0.0,0.0,0.031,1137800000.0,248900000.0,0,0.0,1.232,14.25,13.693,226900000,0.0,15.405,0.513,0.513,1907500000,3847900000,4466000000.0,4466000000.0,0.0,,,,,0.0,542800000.0,1.0,615515080.0,615515080.0,,7.256,36438300000,650800000,85000000.0,242600000,59.2,12325900000
62,AET,ARQ,2003-03-31,2003-04-24,2003-03-31,2018-10-30,-119100000,40230000000,,19530400000,20699600000,,12.137,-26300000.0,1923400000,1923400000,2895500000.0,330000000.0,2.57,4.457,1633200000,0,1633200000,1633200000,178800000,41900000.0,0,0.001,0.0,537900000.0,579800000.0,0.13,579800000.0,537900000.0,512000000.0,0.547,0.53,0.547,7372300000,,7372300000,7140406094.0,7.0,5.73,-65000000.0,-0.107,1.0,1571000000.0,0.352,4152600000,25900000.0,28189300000,,0,19103000000,16020600000,3082400000,32857700000,7597900000,25259800000,7430606094.0,120500000.0,0.0,-13700000.0,0.0,0.0,-83100000.0,242300000.0,268600000.0,-38700000.0,0.0,330000000.0,330000000.0,330000000.0,0.0,0.0,0.074,1033100000.0,537900000.0,0,0.0,1.008,11.698,11.295,230800000,0.0,12.232,0.389,0.389,2150700000,3709500000,4466500000.0,4466500000.0,0.0,,,,,0.0,564600000.0,1.0,607447872.0,607447872.0,,7.353,36077400000,772200000,182000000.0,449700000,59.392,11932500000
63,AET,ARQ,2002-12-31,2003-02-28,2002-12-31,2018-10-30,-161600000,40047500000,,19349300000,20698200000,,11.606,-41100000.0,1802900000,1802900000,3440400000.0,98200000.0,2.507,4.737,1633200000,0,1633200000,1633200000,184100000,44700000.0,0,0.001,0.0,174500000.0,219200000.0,0.046,219200000.0,174500000.0,144000000.0,0.188,0.175,0.188,6980000000,,6980000000,6163116805.0,-3.0,-2.962,523700000.0,0.871,1.0,1277300000.0,0.271,4165300000,30500000.0,27993700000,,0,19558500000,16288700000,3269800000,33067500000,7718800000,25348700000,6332816805.0,-31300000.0,0.0,-48800000.0,0.0,-6000000.0,-124100000.0,-472000000.0,-430900000.0,564800000.0,0.0,98200000.0,98200000.0,98200000.0,50000000.0,0.0,0.021,1094500000.0,182800000.0,0,0.0,0.907,-2.511,-2.486,244800000,0.0,10.53,0.319,0.319,1930000000,3379500000,4717700000.0,4717700000.0,0.0,,,,,0.0,558700000.0,1.0,601407104.0,601407104.0,,7.844,35882200000,783800000,45800000.0,322500000,59.664,11630500000
64,AET,ARQ,2002-09-30,2002-10-31,2002-09-30,2018-10-30,575200000,39166000000,,18920100000,20245900000,,12.669,-45400000.0,1834200000,1834200000,3497400000.0,98800000.0,2.545,4.134,1623300000,0,1623300000,1623300000,100100000,44400000.0,0,0.001,0.0,172000000.0,216400000.0,0.045,216400000.0,172000000.0,143500000.0,0.165,0.16,0.165,7629100000,,7629100000,5855896577.0,-2.0,-2.422,-81400000.0,-0.135,1.0,1334700000.0,0.276,4178000000,28500000.0,27342400000,,0,18982500000,15694500000,3288000000,31536900000,7434700000,24102200000,6066796577.0,458800000.0,0.0,-12100000.0,0.0,0.0,-177900000.0,672700000.0,718100000.0,-36000000.0,0.0,98800000.0,98800000.0,98800000.0,0.0,0.0,0.02,1162700000.0,172000000.0,0,0.0,0.795,-2.16,-2.317,285500000,0.0,10.075,0.286,0.286,2159100000,3281300000,4832100000.0,4832100000.0,0.0,,,,,0.0,575900000.0,1.0,602163432.0,602163432.0,,8.025,34988000000,381300000,44700000.0,96200000,58.104,11485400000
65,AET,ARQ,2002-06-30,2002-08-02,2002-06-30,2018-10-30,413300000,39060100000,,18268900000,20791200000,,12.218,-38600000.0,1375400000,1375400000,3744700000.0,108200000.0,2.526,4.316,1603000000,0,1603000000,1603000000,130700000,40000000.0,0,0.001,0.0,190800000.0,230800000.0,0.046,230800000.0,190800000.0,159600000.0,0.182,0.175,0.182,7347200000,,7347200000,6561496327.0,-2.0,-2.61,-45800000.0,-0.076,1.0,1319500000.0,0.261,4197800000,31200000.0,27856500000,,0,18874100000,15503100000,3371000000,31712900000,7233400000,24479500000,6333896327.0,-184000000.0,0.0,-104300000.0,0.0,0.0,-29900000.0,-146900000.0,-108300000.0,-7200000.0,0.0,108200000.0,108200000.0,108200000.0,0.0,0.0,0.021,1137000000.0,182500000.0,0,0.0,0.862,-2.139,-2.286,292100000,0.0,10.533,0.281,0.281,2146400000,3188500000,5064200000.0,5064200000.0,0.0,,,,,0.0,553200000.0,1.0,601366848.0,601366848.0,,8.421,34862300000,516000000,51400000.0,92900000,57.972,11035500000
66,AET,ARQ,2002-03-31,2002-04-29,2002-03-31,2018-10-30,337200000,39599700000,,18114000000,21485700000,,12.04,-30400000.0,1559400000,1559400000,4015800000.0,-2827700000.0,2.45,4.635,1590300000,0,1590300000,1590300000,164800000,41600000.0,0,0.001,0.0,-2788700000.0,-2747100000.0,-0.522,-2747100000.0,-2788700000.0,-2818000000.0,-4.875,-4.75,-4.875,7027800000,,7027800000,7041063307.0,-2.0,-2.796,-245600000.0,-0.421,1.0,1248900000.0,0.237,4246900000,29300000.0,27990600000,,0,18423400000,15123700000,3299700000,32571900000,7393100000,25178800000,7010163307.0,161200000.0,0.0,0.0,-109700000.0,0.0,-180500000.0,556900000.0,587300000.0,-215200000.0,0.0,-2827700000.0,-2827700000.0,-2827700000.0,-50000000.0,0.0,-0.537,1121900000.0,127000000.0,0,0.0,0.997,-2.292,-2.517,308500000,0.0,12.01,0.292,0.292,2154400000,3080300000,5264700000.0,5264700000.0,0.0,,,,,0.0,557400000.0,1.0,583693864.0,583693864.0,,9.02,35352800000,593200000,9700000.0,131000000,60.567,10720900000
67,AET,ARQ,2001-12-31,2002-02-25,2001-12-31,2018-10-30,428200000,43255100000,,18751200000,24503900000,,17.085,-25700000.0,1398200000,1398200000,4870100000.0,-187600000.0,2.304,3.373,1701000000,109700000,1591300000,1701000000,208000000,142000000.0,0,0.001,0.01,-259500000.0,-117500000.0,-0.019,-117500000.0,-259500000.0,-300400000.0,0.18,0.0,0.18,9890300000,,9890300000,5299998174.0,-24.0,14.186,119600000.0,0.207,1.0,1169700000.0,0.194,7286800000,40900000.0,28132500000,,0,19121000000,15657600000,3463400000,33364800000,8138600000,25226200000,4997198174.0,-213200000.0,0.0,0.0,-113100000.0,-5700000.0,-257100000.0,-101400000.0,-75700000.0,145300000.0,0.0,-187600000.0,-187600000.0,-187600000.0,0.0,0.0,-0.031,1346100000.0,-176400000.0,0,0.056,0.505,-17.873,431.625,327000000,0.0,8.633,0.198,0.198,2402600000,5908000000,6039800000.0,6039800000.0,0.0,,,,,0.0,549100000.0,1.0,578881920.0,578881920.0,,10.434,35968300000,474600000,-112800000.0,147400000,62.134,10612600000
68,AET,ARQ,2001-09-30,2001-11-07,2001-09-30,2018-10-30,466100000,44508500000,,19149300000,25359200000,,17.628,-31900000.0,1611400000,1611400000,4990300000.0,-54400000.0,2.355,3.404,1818000000,222800000,1595200000,1818000000,300900000,143900000.0,0,0.0,0.0,-24000000.0,119900000.0,0.019,119900000.0,-24000000.0,-62000000.0,-0.095,0.0,-0.095,10106400000,,10106400000,4684182652.0,,,-79200000.0,-0.138,1.0,1195600000.0,0.193,7387300000,38000000.0,29195800000,,0,18883300000,15561900000,3321400000,34402100000,8132000000,26270100000,4477582652.0,-74400000.0,0.0,0.0,-267600000.0,0.0,-345800000.0,318700000.0,168600000.0,-47300000.0,0.0,-54400000.0,-54400000.0,-54400000.0,0.0,0.0,-0.009,1219600000.0,-24000000.0,0,0.0,0.443,,,349500000,0.0,7.81,,,2663800000,6095600000,6185900000.0,6185900000.0,0.0,,,,,0.0,555600000.0,1.0,573314040.0,573314040.0,,10.79,37121200000,409400000,-7600000.0,193700000,64.748,11017300000
69,AET,ARQ,2001-06-30,2001-08-08,2001-06-30,2018-10-30,367600000,45591500000,,19368500000,26223000000,,17.61,-68600000.0,1685800000,1685800000,5311200000.0,10600000.0,2.303,3.533,2085400000,490400000,1595000000,2085400000,292100000,148900000.0,0,0.004,0.0,77200000.0,226100000.0,0.035,226100000.0,77200000.0,43600000.0,0.018,0.018,0.018,10058100000,,10058100000,4110632077.0,,,36500000.0,0.064,1.0,1225200000.0,0.187,7488900000,33600000.0,30092900000,,0,19034100000,15709200000,3324900000,35533400000,8409300000,27124100000,3711032077.0,158300000.0,0.0,0.0,272800000.0,0.0,57400000.0,-4200000.0,243400000.0,105100000.0,0.0,10600000.0,10600000.0,10600000.0,0.0,0.0,0.002,1242500000.0,-17300000.0,0,0.0,0.369,,,366100000,0.0,6.497,,,2666000000,6155700000,6536400000.0,6536400000.0,0.0,,,,,0.0,564700000.0,1.0,571147684.0,571147684.0,,11.444,38102600000,449500000,33000000.0,191700000,66.712,10959200000
70,AET,ARQ,2001-03-31,2001-05-10,2001-03-31,2018-10-30,436900000,46953300000,,19817600000,27135700000,,17.756,-16400000.0,1818800000,1818800000,5225500000.0,-48200000.0,2.114,3.641,1783700000,888800000,894900000,1783700000,327200000,162800000.0,0,0.012,0.0,-17700000.0,145100000.0,0.023,145100000.0,-17700000.0,-48000000.0,-0.085,,-0.085,10117900000,,10117900000,3616125170.0,,,-253500000.0,-0.445,1.0,1203200000.0,0.187,7596200000,30300000.0,29947200000,,0,19157600000,15870800000,3286800000,36835400000,9374800000,27460600000,3651225170.0,-125000000.0,0.0,-95600000.0,191500000.0,0.0,1300000.0,110800000.0,130200000.0,-237100000.0,0.0,-48200000.0,-48200000.0,-48200000.0,0.0,0.0,-0.007,1221400000.0,-18200000.0,0,0.0,0.361,,,377400000,0.0,6.407,,,2689600000,6145100000,6428700000.0,6428700000.0,0.0,,,,,0.0,621000000.0,1.0,569836156.0,569836156.0,,11.282,39357100000,419900000,200000.0,330800000,69.067,10442800000
71,AET,ARQ,2000-12-31,2001-02-26,2000-12-31,2018-10-30,354300000,47445700000,,19767500000,27678200000,,17.604,,1943800000,1943800000,,,1.976,3.685,1592200000,1592200000,0,1592200000,269300000,,0,0.014,0.0,,,,,,,,,,10127100000,,10127100000,4928038771.0,11.0,4.686,,,1.0,,,7703400000,,29387300000,,0,18743900000,15573000000,3170900000,37318600000,10003400000,27315200000,5279638771.0,,,,,,,,,,,,,,,,,,,0,,0.521,41.539,20.394,390000000,,9.178,0.197,0.197,2892900000,6193300000,,,,,,,,,,1.0,575280716.0,575280716.0,,,39742300000,407300000,,297800000,69.083,9764100000
72,AET,ARQ,1999-12-31,2000-12-01,1999-12-31,2018-10-30,-390900000,52421900000,,21326900000,31095000000,,,,1628700000,1628700000,,,1.971,3.898,3818900000,1725000000,2093900000,3818900000,473600000,,0,0.021,0.025,,,,,,,,,,10703200000,,10703200000,,,,,,1.0,,,8655000000,,35135200000,,0,19884200000,16863600000,3020600000,41718700000,10821900000,30896800000,,,,,,,,,,,,,,,,,,,,805000000,,,,,473000000,,8.414,,,2851400000,7639500000,,,,,,,,,,1.0,,,,,43766900000,426200000,,200600000,,10505000000
73,AET,ARQ,1999-12-31,2000-10-18,1999-12-31,2018-10-30,-390900000,51981400000,,20886400000,31095000000,,,,1628700000,1628700000,,,2.012,3.857,3818900000,1725000000,2093900000,3818900000,473600000,,0,0.027,0.05,,,,,,,,,,10703200000,,10703200000,,,,,,1.0,,,8655000000,,35135200000,,0,19884200000,16863600000,3020600000,41278200000,10381400000,30896800000,,,,,,,,,,,,,,,,,,,,805000000,,,,,473000000,,7.375,,,2450900000,7639500000,,,,,,,,,,1.0,,,,,43326400000,426200000,,200600000,,10505000000
74,AET,ARQ,1999-12-31,2000-09-01,1999-12-31,2018-10-30,-390900000,51981400000,,21493900000,30487500000,,,,1628700000,1628700000,,,2.058,3.857,3818900000,1725000000,2093900000,3818900000,473600000,,0,0.029,0.05,,,,,,,,,,10703200000,,10703200000,,,,,,1.0,,,8655000000,,35072900000,,0,19884200000,17493100000,2391100000,41278200000,10443700000,30834500000,,,,,,,,,,,,,,,,,,,,805000000,,,,,473000000,,6.976,,,2450900000,7639500000,,,,,,,,,,1.0,,,,,43326400000,426200000,,200600000,,11050200000
0,AET,ART,2018-09-30,2018-10-30,2018-09-30,2018-10-30,-1813000000,57103000000,57441750000.0,19371000000,37732000000,1.066,55.867,-445000000.0,6769000000,6769000000,44341000000.0,3682000000.0,1.162,2.107,8157000000,375000000,7782000000,8157000000,749000000,606000000.0,0,0.01,2.0,5362000000.0,5968000000.0,0.097,5968000000.0,5362000000.0,5007000000.0,11.2,11.13,11.2,18291000000,16918000000.0,18291000000,66098610000.0,12.0,11.076,552000000.0,1.686,1.0,16892000000.0,0.276,11634000000,355000000.0,30187000000,30062250000.0,0,18560000000,2796000000,15764000000,38540000000,16670000000,21870000000,64710610000.0,841000000.0,1382000000.0,0.0,-2000000000.0,-654000000.0,-2802000000.0,2646000000.0,1709000000.0,997000000.0,0.0,3665000000.0,3665000000.0,3665000000.0,0.0,17000000.0,0.06,11583000000.0,5309000000.0,0,0.179,3.538,17.656,17.647,568000000,0.0,197.65,1.057,1.057,9944000000,15325000000,61233000000.0,61233000000.0,0.0,0.064,0.217,0.178,0.088,177000000.0,11345000000.0,1.0,327400000.0,327400000.0,,187.028,45469000000,127000000,1342000000.0,83000000,138.879,2701000000
1,AET,ART,2018-06-30,2018-08-02,2018-06-30,2018-10-30,-1816000000,58316000000,57511750000.0,19625000000,38691000000,1.056,53.155,-449000000.0,7447000000,7447000000,44059000000.0,3538000000.0,1.091,2.336,8159000000,375000000,7784000000,8159000000,2355000000,630000000.0,0,0.011,2.0,5256000000.0,5886000000.0,0.097,5886000000.0,5256000000.0,4896000000.0,10.69,10.62,10.69,17403000000,16241000000.0,17403000000,61952170000.0,12.0,10.525,2780000000.0,8.491,1.0,16684000000.0,0.275,11681000000,360000000.0,29356000000,30018250000.0,0,18986000000,2611000000,16375000000,40645000000,17991000000,22654000000,61240170000.0,3873000000.0,1359000000.0,-545000000.0,-1012000000.0,-656000000.0,-2299000000.0,2943000000.0,2033000000.0,3229000000.0,0.0,3503000000.0,3503000000.0,3503000000.0,0.0,35000000.0,0.058,11463000000.0,5221000000.0,0,0.187,3.519,17.482,17.498,574000000,0.0,187.05,1.008,1.008,9410000000,14489000000,60743000000.0,60743000000.0,0.0,0.061,0.216,0.175,0.087,176000000.0,11215000000.0,1.0,327400000.0,327400000.0,,185.531,46635000000,284000000,1393000000.0,0,142.44,1634000000
2,AET,ART,2018-03-31,2018-05-01,2018-03-31,2018-10-30,-1729000000,59197000000,57111250000.0,20701000000,38496000000,1.063,50.131,-438000000.0,7875000000,7875000000,44114000000.0,3504000000.0,1.051,2.594,9159000000,1374000000,7785000000,9159000000,2528000000,677000000.0,0,0.011,2.0,5433000000.0,6110000000.0,0.101,6110000000.0,5433000000.0,5075000000.0,10.61,10.55,10.61,16398000000,15741250000.0,16398000000,59740041000.0,11.0,9.777,1540000000.0,4.708,1.0,16591000000.0,0.273,11728000000,358000000.0,29060000000,30332000000.0,0,18930000000,2521000000,16409000000,42532000000,19693000000,22839000000,58456041000.0,3998000000.0,1360000000.0,-545000000.0,-262000000.0,-659000000.0,-1450000000.0,3470000000.0,2548000000.0,1978000000.0,0.0,3494000000.0,3494000000.0,3494000000.0,0.0,10000000.0,0.058,11257000000.0,5334000000.0,0,0.189,3.565,16.73,16.844,577000000,0.0,178.71,0.963,0.963,9929000000,13440000000,60705000000.0,60705000000.0,0.0,0.061,0.222,0.179,0.089,172000000.0,10998000000.0,1.0,327100000.0,327100000.0,,185.585,47469000000,400000000,1581000000.0,0,145.121,1008000000
3,AET,ART,2017-12-31,2018-02-23,2017-12-31,2018-10-30,-1244000000,55151000000,56399750000.0,15523000000,39628000000,1.073,47.674,-410000000.0,4076000000,4076000000,44628000000.0,1905000000.0,0.922,2.523,9159000000,999000000,8160000000,9159000000,654000000,705000000.0,0,0.011,2.0,3433000000.0,4138000000.0,0.068,4138000000.0,3433000000.0,2991000000.0,5.71,5.68,5.71,15580000000,15207000000.0,15580000000,62452740000.0,18.0,15.092,-874000000.0,-2.674,1.0,15907000000.0,0.263,11751000000,442000000.0,31646000000,30649500000.0,0,20073000000,2280000000,17793000000,39314000000,16837000000,22477000000,57369740000.0,-13920000000.0,1366000000.0,-3845000000.0,-11746000000.0,-583000000.0,-16186000000.0,2730000000.0,1774000000.0,-464000000.0,0.0,1904000000.0,1904000000.0,1904000000.0,0.0,1000000.0,0.031,12336000000.0,3571000000.0,0,0.35,3.682,30.131,30.744,586000000,0.0,175.55,0.948,0.948,9444000000,12118000000,60535000000.0,60535000000.0,0.0,0.034,0.125,0.112,0.057,187000000.0,12064000000.0,1.0,326800000.0,326800000.0,,185.236,43400000000,560000000,1087000000.0,0,132.803,-1314000000
4,AET,ART,2017-09-30,2017-10-31,2017-09-30,2018-10-30,-1161000000,57383000000,59898500000.0,16434000000,40949000000,1.025,47.786,-374100000.0,5928000000,5928000000,45132100000.0,1779900000.0,0.836,2.667,10159000000,1998000000,8161000000,10159000000,2046000000,669200000.0,0,0.01,1.75,3299100000.0,3968300000.0,0.065,3968300000.0,3299100000.0,2760800000.0,5.44,5.4,5.44,15583000000,15782250000.0,15583000000,59677783000.0,18.0,15.039,947900000.0,2.907,1.0,16277700000.0,0.265,11956000000,538300000.0,30011000000,32997500000.0,0,24376000000,2869000000,21507000000,41565000000,19647000000,21918000000,55446783000.0,-13137900000.0,-24000000.0,-3845000000.0,-10745700000.0,-508300000.0,-15073800000.0,613900000.0,1012000000.0,1322000000.0,0.0,1799400000.0,1799400000.0,1799400000.0,0.0,-19500000.0,0.029,12860600000.0,3417100000.0,0,0.322,3.558,30.814,31.256,581000000,0.0,170.03,0.903,0.903,5670000000,12037000000,61409800000.0,61409800000.0,0.0,0.03,0.114,0.1,0.054,178600000.0,12624600000.0,1.0,326100000.0,326100000.0,,188.316,45427000000,0,961400000.0,151000000,139.304,-3213000000
5,AET,ART,2017-06-30,2017-08-03,2017-06-30,2018-10-30,-1180000000,56714000000,63523400000.0,15501000000,41213000000,0.979,46.384,-321300000.0,3574000000,3574000000,45798800000.0,1529100000.0,0.785,2.671,9172000000,1997000000,7175000000,9172000000,1989000000,677100000.0,0,0.009,1.5,3214500000.0,3891600000.0,0.063,3891600000.0,3214500000.0,2577000000.0,4.62,4.58,4.62,15404000000,16457425000.0,15404000000,58249134000.0,18.0,14.968,1879900000.0,5.661,1.0,16398500000.0,0.264,11961000000,637500000.0,30611000000,35995750000.0,0,24887000000,2934000000,21953000000,41139000000,19740000000,21399000000,52651134000.0,-13545100000.0,0.0,-3300000000.0,-11733700000.0,-430000000.0,-15504400000.0,-241900000.0,79400000.0,2201200000.0,0.0,1565300000.0,1565300000.0,1565300000.0,0.0,-36200000.0,0.025,13082700000.0,3315800000.0,0,0.325,3.418,33.636,34.316,570000000,0.0,158.54,0.847,0.847,6636000000,12568000000,62197300000.0,62197300000.0,0.0,0.025,0.095,0.089,0.052,184300000.0,12843300000.0,1.0,332100000.0,332100000.0,,187.285,44753000000,173000000,1011700000.0,106000000,134.758,-4239000000
6,AET,ART,2017-03-31,2017-05-02,2017-03-31,2018-10-30,-1276000000,56351000000,66995400000.0,15018000000,41333000000,0.935,42.994,-286400000.0,3877000000,3877000000,46440400000.0,1138800000.0,0.768,2.946,9423000000,1249000000,8174000000,9423000000,2078000000,671800000.0,0,0.009,1.25,2763900000.0,3435700000.0,0.055,3435700000.0,2763900000.0,2088700000.0,3.25,3.21,3.25,14261000000,17034075000.0,14261000000,51622447000.0,19.0,15.025,2550700000.0,7.69,1.0,16186200000.0,0.258,12019000000,675200000.0,30330000000,39260800000.0,0,25001000000,3079000000,21922000000,42013000000,19548000000,22465000000,46076447000.0,110900000.0,0.0,-3300000000.0,1402000000.0,-351600000.0,-2465900000.0,-260300000.0,26100000.0,2837100000.0,0.0,1153100000.0,1153100000.0,1153100000.0,0.0,-14300000.0,0.018,13318600000.0,2867600000.0,0,0.385,3.231,39.959,42.742,577000000,0.0,138.91,0.736,0.736,5828000000,11531000000,62626600000.0,62626600000.0,0.0,0.017,0.068,0.07,0.044,191400000.0,13074400000.0,1.0,331700000.0,331700000.0,,188.805,44332000000,168000000,935600000.0,0,133.651,-4530000000
7,AET,ART,2016-12-31,2017-02-17,2016-12-31,2018-10-30,-1552000000,69146000000,67013575000.0,28449000000,40697000000,0.942,50.842,-270000000.0,17996000000,17996000000,46356000000.0,2256000000.0,1.522,2.864,20661000000,1634000000,19027000000,20661000000,556000000,681000000.0,0,0.008,1.0,4610000000.0,5291000000.0,0.084,5291000000.0,4610000000.0,4006000000.0,6.46,6.41,6.46,17881000000,17672200000.0,17881000000,46722459000.0,10.0,8.831,3449000000.0,9.807,1.0,16799000000.0,0.266,12079000000,604000000.0,41038000000,39243250000.0,0,24879000000,3046000000,21833000000,51203000000,18694000000,32509000000,44057459000.0,15472000000.0,0.0,0.0,12886000000.0,-351000000.0,12134000000.0,-381000000.0,-111000000.0,3719000000.0,0.0,2271000000.0,2271000000.0,2271000000.0,0.0,-15000000.0,0.036,12332000000.0,4467000000.0,0,0.155,2.464,19.4,19.392,587000000,0.0,125.27,0.698,0.698,5307000000,14717000000,63155000000.0,63155000000.0,0.0,0.034,0.129,0.117,0.073,191000000.0,12085000000.0,1.0,351700000.0,351700000.0,,179.571,57067000000,44000000,1735000000.0,4000000,162.26,9755000000
8,AET,ART,2016-09-30,2016-10-27,2016-09-30,2018-10-30,-1081600000,71882600000,63083100000.0,29943400000,41939200000,0.99,52.105,-272800000.0,19066200000,19066200000,45851100000.0,2439100000.0,1.549,2.928,20662200000,640100000,20022100000,20662200000,1843000000,683100000.0,0,0.009,1.0,4827800000.0,5510900000.0,0.088,5510900000.0,4827800000.0,4303200000.0,6.95,6.9,6.95,18283700000,17230525000.0,18283700000,40486247000.0,8.0,7.347,5458700000.0,15.556,1.0,16624600000.0,0.266,12139100000,524600000.0,42004000000,36714050000.0,0,25738300000,2982200000,22756100000,53538100000,19335500000,34202600000,38890247000.0,17269700000.0,0.0,0.0,12885800000.0,-349900000.0,12136000000.0,-597800000.0,-325000000.0,5731500000.0,0.0,2442100000.0,2442100000.0,2442100000.0,0.0,-3000000.0,0.039,11928300000.0,4696300000.0,0,0.144,2.127,15.925,15.947,597000000,0.0,110.83,0.622,0.622,5797600000,14666000000,62475700000.0,62475700000.0,0.0,0.039,0.142,0.131,0.077,189500000.0,11677900000.0,1.0,350900000.0,350900000.0,,178.044,59743500000,0,1861100000.0,485600000,170.258,10607900000
9,AET,ART,2016-06-30,2016-08-02,2016-06-30,2018-10-30,-1092400000,70602000000,58482050000.0,29125300000,41476700000,1.054,50.486,-303800000.0,17119400000,17119400000,45162700000.0,2404300000.0,1.594,2.983,20663000000,643900000,20019100000,20663000000,582400000,684200000.0,0,0.009,1.0,4675400000.0,5359600000.0,0.087,5359600000.0,4675400000.0,4243600000.0,6.83,6.79,6.83,17710600000,16626800000.0,17710600000,44134668000.0,9.0,8.235,4043000000.0,11.525,1.0,16484500000.0,0.267,12200500000,431800000.0,43671200000,34206900000.0,0,25404800000,2981800000,22423000000,52824300000,18273900000,34550400000,40591068000.0,15993600000.0,0.0,0.0,12885800000.0,-349400000.0,12108200000.0,-461400000.0,-157600000.0,4346800000.0,0.0,2398300000.0,2398300000.0,2398300000.0,0.0,6000000.0,0.039,11931600000.0,4552900000.0,0,0.146,2.292,16.925,16.941,605000000,0.0,115.71,0.658,0.658,6657100000,14149800000,61647200000.0,61647200000.0,0.0,0.041,0.144,0.137,0.076,184600000.0,11677500000.0,1.0,350800000.0,350800000.0,,175.733,58401500000,0,1845300000.0,504500000,166.481,10851400000
10,AET,ART,2016-03-31,2016-04-28,2016-03-31,2018-10-30,-1254900000,56423700000,54491825000.0,15393600000,41030100000,1.118,47.956,-335200000.0,3766400000,3766400000,44440600000.0,2346200000.0,0.859,2.352,7780900000,398400000,7382500000,7780900000,716300000,676500000.0,0,0.009,1.0,4537100000.0,5213600000.0,0.086,5213600000.0,4537100000.0,4150700000.0,6.68,6.64,6.68,16813500000,16050800000.0,16813500000,44203778000.0,10.0,8.479,3838400000.0,10.948,1.0,16495200000.0,0.271,12263200000,386400000.0,30259800000,31563075000.0,0,25240000000,3127800000,22112200000,39545000000,17915200000,21629800000,40189278000.0,1850600000.0,-9700000.0,-100000000.0,-296900000.0,-349000000.0,-1097000000.0,-1226000000.0,-881100000.0,4173600000.0,0.0,2339300000.0,2339300000.0,2339300000.0,0.0,6900000.0,0.038,11951200000.0,4544000000.0,0,0.15,2.39,17.18,17.16,616100000,0.0,114.63,0.66,0.66,5611300000,13436400000,60935800000.0,60935800000.0,0.0,0.043,0.146,0.144,0.074,184400000.0,11696200000.0,1.0,350600000.0,350600000.0,,173.804,44160500000,0,1811400000.0,508900000,125.957,-2521600000
11,AET,ART,2015-12-31,2016-02-19,2015-12-31,2018-10-30,-1330300000,53424100000,54274750000.0,12738500000,40685600000,1.112,46.094,-362900000.0,2524300000,2524300000,43832600000.0,2394600000.0,0.823,2.311,7828000000,0,7828000000,7828000000,549200000,671300000.0,0,0.01,1.0,4594800000.0,5266100000.0,0.087,5266100000.0,4594800000.0,4231200000.0,6.84,6.78,6.84,16114300000,15610575000.0,16114300000,41469820000.0,9.0,7.875,3503200000.0,10.021,1.0,16503900000.0,0.274,12325100000,363600000.0,30921200000,32146350000.0,0,24679600000,3014800000,21664800000,37245500000,15481500000,21764000000,36166120000.0,1103900000.0,-20600000.0,-296300000.0,-930400000.0,-348700000.0,-1734700000.0,-1027500000.0,-644000000.0,3866100000.0,0.0,2390200000.0,2390200000.0,2390200000.0,0.0,4400000.0,0.04,11904700000.0,4599200000.0,0,0.146,2.244,15.131,15.124,629700000,0.0,103.45,0.599,0.599,4920200000,12797400000,60336500000.0,60336500000.0,0.0,0.044,0.153,0.143,0.076,180600000.0,11649300000.0,1.0,349600000.0,349600000.0,,172.587,41099000000,260400000,1841000000.0,177400000,117.56,-2743000000
12,AET,ART,2015-09-30,2015-10-29,2015-09-30,2018-10-30,-1315500000,53478400000,54269250000.0,12347300000,41131100000,1.107,45.508,-395500000.0,1796500000,1796500000,43782600000.0,2303100000.0,0.815,2.366,7834000000,0,7834000000,7834000000,502700000,660300000.0,0,0.009,1.0,4413600000.0,5073900000.0,0.084,5073900000.0,4413600000.0,4078100000.0,6.6,6.54,6.6,15868800000,15202650000.0,15868800000,46089182000.0,10.0,9.084,2654200000.0,7.612,1.0,16276600000.0,0.271,12388400000,335500000.0,31975400000,32577300000.0,0,24911200000,2843300000,22067900000,37545900000,15152100000,22393800000,40051682000.0,89400000.0,-400400000.0,-539400000.0,-146400000.0,-340500000.0,-1187300000.0,-1773000000.0,-977100000.0,3049700000.0,0.0,2301400000.0,2301400000.0,2301400000.0,0.0,1700000.0,0.038,11772000000.0,4504600000.0,0,0.152,2.524,17.403,17.403,629300000,0.0,114.86,0.667,0.667,5184500000,12563800000,60059200000.0,60059200000.0,0.0,0.042,0.151,0.135,0.073,178100000.0,11520200000.0,1.0,348700000.0,348700000.0,,172.237,41090000000,525000000,1776700000.0,695200000,117.838,-2804800000
13,AET,ART,2015-06-30,2015-08-04,2015-06-30,2018-10-30,-1273100000,54641100000,54156050000.0,12982100000,41659000000,1.105,44.196,-368100000.0,1125800000,1125800000,43720400000.0,2339500000.0,0.822,2.543,7840100000,0,7840100000,7840100000,548800000,647800000.0,0,0.008,0.975,4369800000.0,5017600000.0,0.084,5017600000.0,4369800000.0,4050100000.0,6.68,6.62,6.68,15406600000,14965750000.0,15406600000,46869534000.0,11.0,9.341,2642500000.0,7.58,1.0,16113600000.0,0.269,12458000000,319700000.0,33095900000,32675950000.0,0,25269600000,3089500000,22180100000,39173300000,15801500000,23371800000,40155234000.0,-634300000.0,-400400000.0,-794300000.0,-446500000.0,-332900000.0,-1710000000.0,-1934900000.0,-1176400000.0,3010600000.0,0.0,2335800000.0,2335800000.0,2335800000.0,0.0,3700000.0,0.039,11650800000.0,4462800000.0,0,0.146,2.606,17.191,17.244,653200000,0.0,115.19,0.671,0.671,6099100000,12090600000,59834000000.0,59834000000.0,0.0,0.043,0.156,0.134,0.073,179700000.0,11404600000.0,1.0,348600000.0,348600000.0,,171.641,42183100000,548400000,1714300000.0,704900000,121.007,-2819400000
14,AET,ART,2015-03-31,2015-04-28,2015-03-31,2018-10-30,-1033100000,55555400000,53785950000.0,13391300000,42164100000,1.099,43.106,-358100000.0,1915800000,1915800000,43525300000.0,2152100000.0,0.803,2.686,8143100000,297000000,7846100000,8143100000,627600000,638300000.0,0,0.009,0.95,4040200000.0,4678500000.0,0.079,4678500000.0,4040200000.0,3717500000.0,6.12,6.06,6.12,15052600000,14788050000.0,15052600000,44771996000.0,11.0,9.57,3065900000.0,8.78,1.0,15577200000.0,0.264,12521900000,322700000.0,32592900000,32503050000.0,0,25825700000,3238100000,22587600000,40436500000,16667900000,23768600000,38544696000.0,-158300000.0,-461400000.0,-949400000.0,-305700000.0,-326100000.0,-1728200000.0,-1854100000.0,-1044600000.0,3424000000.0,0.0,2152800000.0,2152800000.0,2152800000.0,0.0,-700000.0,0.036,11448400000.0,4128800000.0,0,0.155,2.561,17.904,18.036,662600000,0.0,110.38,0.652,0.652,5152800000,11546000000,59102500000.0,59102500000.0,0.0,0.04,0.146,0.124,0.068,174800000.0,11204000000.0,1.0,349200000.0,349200000.0,,169.251,43033500000,493100000,1564700000.0,1236300000,123.235,-3276600000
15,AET,ART,2014-12-31,2015-02-27,2014-12-31,2018-10-30,-1111300000,53402100000,52926850000.0,11764000000,41638100000,1.096,41.533,-369600000.0,1420400000,1420400000,42911700000.0,2045200000.0,0.766,2.683,8581300000,729300000,7852000000,8581300000,519500000,629000000.0,0,0.009,0.925,3824800000.0,4453800000.0,0.077,4453800000.0,3824800000.0,3495500000.0,5.74,5.68,5.74,14482600000,14600800000.0,14482600000,41873985000.0,11.0,9.402,3003200000.0,8.613,1.0,15091500000.0,0.26,12561500000,329300000.0,32645000000,32215550000.0,0,25616000000,3422100000,22193900000,38850300000,15356500000,23493800000,34713085000.0,8100000.0,-450500000.0,-1218100000.0,386200000.0,-320600000.0,-1235000000.0,-2129700000.0,-1319600000.0,3372800000.0,0.0,2040800000.0,2040800000.0,2040800000.0,0.0,4400000.0,0.035,11081100000.0,4010400000.0,0,0.161,2.397,17.01,17.343,669800000,0.0,99.55,0.598,0.598,4440300000,11051700000,58003200000.0,58003200000.0,0.0,0.039,0.14,0.119,0.066,163800000.0,10837700000.0,1.0,348700000.0,348700000.0,,166.341,40840600000,815700000,1454700000.0,867500000,117.122,-3592500000
16,AET,ART,2014-09-30,2014-10-28,2014-09-30,2018-10-30,-730300000,53025600000,52044275000.0,11464900000,41560700000,1.084,42.426,-408600000.0,1707100000,1707100000,41914200000.0,2184200000.0,0.784,2.55,7913400000,307100000,7606300000,7913400000,554900000,630300000.0,0,0.012,0.9,3933900000.0,4564200000.0,0.081,4564200000.0,3933900000.0,3600100000.0,6.05,5.99,6.05,14921200000,14486525000.0,14921200000,33368091000.0,8.0,7.311,3294200000.0,9.367,1.0,14500500000.0,0.257,12229300000,333800000.0,32370000000,32001200000.0,0,25203800000,3332300000,21871500000,38043200000,14632600000,23410600000,27161791000.0,-375300000.0,-81600000.0,-1425000000.0,-397900000.0,-315100000.0,-2192200000.0,-1885900000.0,-1405700000.0,3702800000.0,0.0,2177700000.0,2177700000.0,2177700000.0,0.0,6500000.0,0.039,10468200000.0,4032300000.0,0,0.149,1.82,12.473,12.765,668900000,0.0,77.23,0.481,0.481,4158800000,11150100000,56414700000.0,56414700000.0,0.0,0.042,0.15,0.123,0.07,160700000.0,10273600000.0,1.0,351700000.0,351700000.0,,160.406,40796300000,530900000,1422400000.0,1033300000,115.997,-3167700000
17,AET,ART,2014-06-30,2014-07-29,2014-06-30,2018-10-30,-656100000,53160700000,51101100000.0,11647100000,41513600000,1.071,41.443,-480200000.0,1760100000,1760100000,40757000000.0,2104400000.0,0.78,2.614,8224800000,612400000,7612400000,8224800000,583800000,632400000.0,0,0.011,0.875,3753100000.0,4385500000.0,0.08,4385500000.0,3753100000.0,3413800000.0,5.77,5.7,5.77,14695800000,14160775000.0,14695800000,35499348000.0,9.0,8.095,3306300000.0,9.324,1.0,13965500000.0,0.255,12288400000,339300000.0,32404300000,31615200000.0,0,25010700000,3150600000,21860100000,38407900000,14932700000,23475200000,29034648000.0,-496700000.0,-81600000.0,-1503100000.0,-643600000.0,-309900000.0,-2490200000.0,-1793000000.0,-1231200000.0,3786500000.0,0.0,2101800000.0,2101800000.0,2101800000.0,0.0,2600000.0,0.038,10117900000.0,3847600000.0,0,0.152,1.976,13.814,14.191,680200000,0.0,81.88,0.531,0.531,4686600000,10889400000,54722500000.0,54722500000.0,0.0,0.041,0.148,0.119,0.069,152400000.0,9863400000.0,1.0,354600000.0,354600000.0,,154.322,40872300000,424800000,1312000000.0,1141700000,115.263,-3285600000
18,AET,ART,2014-03-31,2014-04-24,2014-03-31,2018-10-30,-786400000,52119000000,50243500000.0,11414800000,40704200000,1.03,40.021,-486800000.0,2074100000,2074100000,38462600000.0,2090400000.0,0.783,2.64,8238600000,620200000,7618400000,8238600000,573300000,615200000.0,0,0.012,0.85,3679600000.0,4294800000.0,0.083,4294800000.0,3679600000.0,3338100000.0,5.73,5.67,5.73,14303600000,13849400000.0,14303600000,32240404000.0,9.0,7.507,2670300000.0,7.471,1.0,13287900000.0,0.257,12259400000,341500000.0,31442900000,31430225000.0,0,24220900000,2930500000,21290400000,37758000000,14581200000,23176800000,26075904000.0,-1153800000.0,-1646800000.0,-1688600000.0,-41500000.0,-294800000.0,-2003500000.0,-2307400000.0,-173800000.0,3157100000.0,0.0,2089000000.0,2089000000.0,2089000000.0,0.0,1400000.0,0.04,9601000000.0,3686900000.0,0,0.148,1.823,12.482,12.733,704100000,0.0,72.96,0.504,0.504,4285700000,10675500000,51750500000.0,51750500000.0,0.0,0.042,0.151,0.117,0.071,141400000.0,9356600000.0,1.0,357400000.0,357400000.0,,144.797,39859600000,449800000,1249100000.0,1227500000,111.527,-3166400000
19,AET,ART,2013-12-31,2014-02-28,2013-12-31,2018-10-30,-912100000,49871800000,47843050000.0,9718900000,40152900000,0.989,38.67,-479100000.0,1412300000,1412300000,35246400000.0,1911900000.0,0.771,2.552,8252600000,387300000,7865300000,8252600000,458700000,569100000.0,0,0.011,0.825,3275900000.0,3845000000.0,0.081,3845000000.0,3275900000.0,2942200000.0,5.38,5.33,5.38,14025500000,12943725000.0,14025500000,33212217000.0,10.0,8.638,1799600000.0,4.962,1.0,12048200000.0,0.255,12321600000,333700000.0,31787600000,30921600000.0,0,23791400000,2856400000,20935000000,35793600000,12602900000,23190700000,26371917000.0,-1166900000.0,-1646800000.0,-1407700000.0,0.0,-278700000.0,-1525800000.0,-1919800000.0,203600000.0,2278700000.0,0.0,1913600000.0,1913600000.0,1913600000.0,0.0,-1700000.0,0.04,8860000000.0,3188200000.0,0,0.153,1.88,13.781,13.515,721900000,0.0,72.71,0.558,0.558,3871800000,10555400000,47294600000.0,47294600000.0,0.0,0.04,0.148,0.106,0.069,127100000.0,8645400000.0,1.0,362700000.0,362700000.0,,130.396,37550200000,590700000,1028600000.0,864200000,103.53,-2884000000
20,AET,ART,2013-09-30,2013-10-29,2013-09-30,2018-10-30,-1456100000,49252900000,45748725000.0,10031900000,39221000000,0.963,37.056,-417300000.0,2082400000,2082400000,31816100000.0,1733200000.0,0.819,2.613,8266300000,392200000,7874100000,8266300000,479200000,518400000.0,0,0.013,0.8,3021800000.0,3540200000.0,0.08,3540200000.0,3021800000.0,2697800000.0,4.98,4.93,4.98,13618200000,12038800000.0,13618200000,28509525000.0,9.0,8.053,1782100000.0,4.849,1.0,12224300000.0,0.278,12364900000,324000000.0,30826000000,30443675000.0,0,23085200000,2586600000,20498600000,35583400000,12245900000,23337500000,22325625000.0,1444200000.0,-1635900000.0,-1450700000.0,1728300000.0,-263700000.0,153700000.0,-908900000.0,1141800000.0,2199400000.0,0.0,1734800000.0,1734800000.0,1734800000.0,0.0,-1600000.0,0.039,9240600000.0,2983700000.0,0,0.161,1.639,12.869,12.199,715600000,0.0,60.75,0.507,0.507,4001200000,10717900000,44040400000.0,44040400000.0,0.0,0.038,0.144,0.099,0.069,116600000.0,8062500000.0,1.0,367500000.0,367500000.0,,119.838,36888000000,565900000,963000000.0,550400000,100.376,-2214000000
21,AET,ART,2013-06-30,2013-07-30,2013-06-30,2018-10-30,-1475000000,49730300000,43395100000.0,10739400000,38990900000,0.92,36.147,-375600000.0,2256800000,2256800000,28461800000.0,1713400000.0,0.881,2.694,8825900000,545800000,8280100000,8825900000,480800000,471100000.0,0,0.012,0.775,2972200000.0,3443300000.0,0.086,3443300000.0,2972200000.0,2665800000.0,5.07,5.02,5.07,13450300000,11358450000.0,13450300000,29992795000.0,10.0,8.71,919900000.0,2.472,1.0,11459500000.0,0.287,12440800000,306400000.0,31664400000,29873725000.0,0,22780100000,2769700000,20010400000,36229100000,12194200000,24034900000,23423695000.0,1334700000.0,-1644500000.0,-1117700000.0,2220500000.0,-247800000.0,1008800000.0,-969600000.0,1048000000.0,1295500000.0,0.0,1715400000.0,1715400000.0,1715400000.0,0.0,-2000000.0,0.043,8490400000.0,2969100000.0,0,0.153,1.741,13.655,12.416,688700000,0.0,62.95,0.587,0.587,4280300000,10605700000,39921300000.0,39921300000.0,0.0,0.04,0.151,0.099,0.074,113200000.0,7397600000.0,1.0,372100000.0,372100000.0,,107.286,37289500000,598000000,950400000.0,505200000,100.214,-1454800000
22,AET,ART,2013-03-31,2013-04-30,2013-03-31,2018-10-30,-1113900000,42517200000,40825700000.0,9392700000,33124500000,0.912,32.774,-356300000.0,3227900000,3227900000,26307400000.0,1637800000.0,0.992,2.976,6583700000,99900000,6483800000,6583700000,455600000,443500000.0,0,0.013,0.75,2798300000.0,3241800000.0,0.087,3241800000.0,2798300000.0,2511000000.0,4.91,4.85,4.91,10680900000,10559825000.0,10680900000,22075496000.0,8.0,6.81,989800000.0,3.037,1.0,10911600000.0,0.293,6995500000,287300000.0,29408400000,28886200000.0,0,21855000000,2240900000,19614100000,31790400000,9469100000,22321300000,18719696000.0,2418800000.0,-8600000.0,-1257900000.0,2337500000.0,-243300000.0,960000000.0,112700000.0,475100000.0,1346100000.0,0.0,1637000000.0,1637000000.0,1637000000.0,0.0,800000.0,0.044,8027600000.0,2884000000.0,0,0.153,1.753,11.435,11.699,538500000,0.0,57.44,0.503,0.503,2893100000,10584700000,37219000000.0,37219000000.0,0.0,0.04,0.155,0.097,0.075,113700000.0,6949600000.0,1.0,325900000.0,325900000.0,,114.204,35521700000,351600000,874000000.0,394800000,108.996,-76400000
23,AET,ART,2012-12-31,2013-02-19,2012-12-31,2018-10-30,-1033400000,41494500000,40030425000.0,8244400000,33250100000,0.914,31.725,-338200000.0,2579200000,2579200000,25737000000.0,1657900000.0,0.971,2.988,6481300000,0,6481300000,6481300000,403500000,449900000.0,0,0.015,0.725,2814200000.0,3264100000.0,0.089,3264100000.0,2814200000.0,2545400000.0,4.87,4.81,4.87,10405800000,10464350000.0,10405800000,19878980000.0,7.0,6.09,1483800000.0,4.524,1.0,10858900000.0,0.297,7033100000,268800000.0,29875900000,28174900000.0,0,21967200000,2269000000,19698200000,31088700000,8487600000,22601100000,15976880000.0,1899500000.0,-8600000.0,-1417500000.0,1961700000.0,-239100000.0,308800000.0,-231300000.0,115500000.0,1822000000.0,0.0,1657900000.0,1657900000.0,1657900000.0,0.0,0.0,0.045,7959800000.0,2899100000.0,0,0.149,1.535,9.637,10.002,540000000,0.0,48.71,0.437,0.437,2489500000,10343900000,36595900000.0,36595900000.0,0.0,0.041,0.158,0.1,0.077,122200000.0,6876400000.0,1.0,328000000.0,328000000.0,,111.573,34461400000,566400000,887500000.0,473500000,105.065,-243200000
24,AET,ART,2012-09-30,2012-10-25,2012-09-30,2018-10-30,-888900000,39838400000,39305075000.0,6236000000,33602400000,0.897,32.576,-397300000.0,638200000,638200000,25160400000.0,1840400000.0,0.753,2.656,4685600000,70000000,4615600000,4685600000,388900000,458800000.0,0,0.016,0.7,3113000000.0,3571800000.0,0.101,3571800000.0,3113000000.0,2861200000.0,5.34,5.25,5.34,10896800000,10392950000.0,10896800000,18909235000.0,6.0,5.294,1373900000.0,4.107,1.0,10079300000.0,0.286,7063100000,251800000.0,28546200000,27364000000.0,0,21361300000,2544200000,18817100000,28941600000,8276500000,20665100000,14861835000.0,-1319600000.0,-434100000.0,-1509900000.0,209400000.0,-234900000.0,-1496200000.0,-1594600000.0,-763200000.0,1771200000.0,0.0,1840400000.0,1840400000.0,1840400000.0,0.0,0.0,0.052,6930900000.0,3148400000.0,0,0.131,1.364,8.075,8.32,538700000,0.0,44.43,0.422,0.422,2697400000,10712200000,35239700000.0,35239700000.0,0.0,0.047,0.177,0.114,0.088,129900000.0,6784900000.0,1.0,334500000.0,334500000.0,,105.35,32775300000,103600000,1020800000.0,227200000,97.983,-2040500000
25,AET,ART,2012-06-30,2012-07-31,2012-06-30,2018-10-30,-1054900000,39452700000,39019025000.0,6474700000,32978000000,0.892,30.688,-385700000.0,922100000,922100000,24612000000.0,1831600000.0,0.768,2.847,4706300000,0,4706300000,4706300000,839600000,459000000.0,0,0.019,0.675,3081300000.0,3540300000.0,0.102,3540300000.0,3081300000.0,2838300000.0,5.18,5.08,5.18,10255800000,10300925000.0,10255800000,15835452000.0,5.0,4.473,2335600000.0,6.989,1.0,10186500000.0,0.293,7087500000,243000000.0,27714300000,26657000000.0,0,20678000000,2347000000,18331000000,29196900000,8435100000,20761800000,12051252000.0,11600000.0,-457500000.0,-2036500000.0,163100000.0,-232300000.0,-2050700000.0,-659000000.0,184200000.0,2721300000.0,0.0,1831600000.0,1831600000.0,1831600000.0,0.0,0.0,0.053,7105200000.0,3081300000.0,0,0.13,1.175,6.58,6.961,542200000,0.0,36.06,0.346,0.346,2529300000,10270900000,34798500000.0,34798500000.0,0.0,0.047,0.178,0.116,0.089,131200000.0,6961600000.0,1.0,334200000.0,334200000.0,,104.125,32365200000,450300000,1006700000.0,341000000,96.844,-1960400000
26,AET,ART,2012-03-31,2012-04-26,2012-03-31,2018-10-30,-1147700000,39336100000,38710400000.0,6343700000,32992400000,0.886,29.646,-377500000.0,809100000,809100000,24064900000.0,1910700000.0,0.707,2.819,4128300000,150000000,3978300000,4128300000,880300000,455600000.0,0,0.014,0.65,3203800000.0,3659400000.0,0.107,3659400000.0,3203800000.0,2963700000.0,5.26,5.15,5.26,10299000000,10342850000.0,10299000000,19059894000.0,6.0,5.208,2577800000.0,7.42,1.0,10242900000.0,0.299,7124200000,240100000.0,26563200000,26409775000.0,0,20805500000,2525800000,18279700000,29037100000,8967900000,20069200000,15740694000.0,-635300000.0,-1062000000.0,-1911700000.0,95100000.0,-228500000.0,-1907400000.0,-1683200000.0,-243700000.0,2955300000.0,0.0,1910700000.0,1910700000.0,1910700000.0,0.0,0.0,0.056,7039100000.0,3203800000.0,0,0.124,1.528,8.238,8.614,550800000,0.0,45.31,0.459,0.459,2462400000,10452600000,34307800000.0,34307800000.0,0.0,0.049,0.185,0.121,0.093,137600000.0,6906900000.0,1.0,347400000.0,347400000.0,,98.756,32211900000,396500000,1053000000.0,320100000,92.723,-2624200000
27,AET,ART,2011-12-31,2012-02-24,2011-12-31,2018-10-30,-1189200000,38593100000,38326700000.0,5890000000,32703100000,0.881,28.882,-372000000.0,679700000,679700000,23530000000.0,1985700000.0,0.691,2.813,4403600000,425900000,3977700000,4403600000,369700000,447200000.0,0,0.013,0.625,3324700000.0,3771900000.0,0.112,3771900000.0,3324700000.0,3077800000.0,5.33,5.22,5.33,10120200000,10318900000.0,10120200000,20154156000.0,6.0,5.343,2135800000.0,6.095,1.0,10249800000.0,0.303,7162500000,246900000.0,26632300000,26198050000.0,0,20295000000,2211800000,18083200000,28472900000,8522200000,19950700000,16430256000.0,-1187900000.0,-1555700000.0,-1813000000.0,6000000.0,-167200000.0,-1815500000.0,-1880200000.0,47500000.0,2507800000.0,0.0,1985700000.0,1985700000.0,1985700000.0,0.0,0.0,0.059,6925100000.0,3324700000.0,0,0.117,1.624,8.274,8.797,556900000,0.0,46.89,0.486,0.486,2384600000,10346600000,33779800000.0,33779800000.0,0.0,0.052,0.192,0.127,0.098,141400000.0,6804400000.0,1.0,350400000.0,350400000.0,,96.404,31430600000,549100000,1092100000.0,208800000,89.699,-2632200000
28,AET,ART,2011-09-30,2011-10-27,2011-09-30,2018-10-30,-1001400000,38694200000,38113275000.0,6885900000,31808300000,0.885,29.061,-298800000.0,1957800000,1957800000,23739700000.0,1828700000.0,0.796,2.675,4427000000,449900000,3977100000,4427000000,794200000,457500000.0,0,0.012,0.49,3039800000.0,3497300000.0,0.104,3497300000.0,3039800000.0,2783400000.0,4.86,4.76,4.86,10528700000,10261550000.0,10528700000,17088005000.0,6.0,4.886,2280500000.0,6.295,1.0,10007700000.0,0.297,6790100000,256400000.0,25718200000,26008850000.0,0,19706500000,2042700000,17663800000,28165500000,8655100000,19510400000,14618805000.0,162300000.0,-1130200000.0,-1901200000.0,-205400000.0,-129000000.0,-2043000000.0,-374000000.0,1055000000.0,2579300000.0,0.0,1828700000.0,1828700000.0,1828700000.0,0.0,0.0,0.054,6967900000.0,3039800000.0,0,0.101,1.388,7.994,8.302,533000000,0.0,40.35,0.433,0.433,2501200000,10620500000,33747400000.0,33747400000.0,0.0,0.048,0.178,0.117,0.09,132200000.0,6861100000.0,1.0,362300000.0,362300000.0,,93.148,31904100000,428000000,954700000.0,224300000,88.06,-1769200000
29,AET,ART,2011-06-30,2011-07-27,2011-06-30,2018-10-30,-1093500000,38218200000,38227375000.0,6075700000,32142500000,0.884,27.953,-281300000.0,910500000,910500000,24053700000.0,1835900000.0,0.73,2.667,4526400000,549900000,3976500000,4526400000,368200000,453000000.0,0,0.008,0.34,3059800000.0,3512800000.0,0.104,3512800000.0,3059800000.0,2799200000.0,4.74,4.65,4.74,10423500000,10128525000.0,10423500000,19173288000.0,6.0,5.458,1272500000.0,3.412,1.0,9757200000.0,0.289,6785300000,260600000.0,26725400000,26404750000.0,0,20084300000,2115400000,17968900000,27794700000,8323400000,19471300000,15557388000.0,-495500000.0,-1098200000.0,-1840500000.0,377700000.0,-73100000.0,-1374900000.0,-674400000.0,705100000.0,1553800000.0,0.0,1835900000.0,1835900000.0,1835900000.0,0.0,0.0,0.054,6697400000.0,3059800000.0,0,0.072,1.493,8.474,8.802,535400000,0.0,41.72,0.46,0.46,2673200000,10676000000,33810900000.0,33810900000.0,0.0,0.048,0.181,0.116,0.09,127800000.0,6598900000.0,1.0,372900000.0,372900000.0,,90.67,31432900000,428700000,963300000.0,155300000,84.293,-2247700000
30,AET,ART,2011-03-31,2011-04-28,2011-03-31,2018-10-30,-1187200000,37801300000,38259775000.0,6426600000,31374700000,0.889,26.886,-276700000.0,1444400000,1444400000,24348500000.0,1790200000.0,0.755,2.705,4018000000,535000000,3483000000,4018000000,404300000,448700000.0,0,0.005,0.19,3001400000.0,3450100000.0,0.101,3450100000.0,3001400000.0,2741600000.0,4.48,4.4,4.48,10203200000,10109225000.0,10203200000,18303875000.0,6.0,5.305,870300000.0,2.293,1.0,9663800000.0,0.284,6150600000,259800000.0,25716300000,26167225000.0,0,19718000000,2154800000,17563200000,27598100000,8508000000,19090100000,15730275000.0,-126000000.0,-493700000.0,-1689000000.0,-146700000.0,-16100000.0,-1799100000.0,526100000.0,1296500000.0,1147000000.0,0.0,1790200000.0,1790200000.0,1790200000.0,0.0,0.0,0.053,6662400000.0,3001400000.0,0,0.042,1.542,8.787,9.252,521200000,0.0,41.45,0.462,0.462,2612400000,10680600000,34012300000.0,34012300000.0,0.0,0.047,0.177,0.115,0.088,119600000.0,6565300000.0,1.0,379500000.0,379500000.0,,89.624,31650700000,370400000,951400000.0,111600000,83.401,-2081400000
31,AET,ART,2010-12-31,2011-02-25,2010-12-31,2018-10-30,-1162600000,37739400000,38552650000.0,6994200000,30745200000,0.888,25.724,-288700000.0,1867600000,1867600000,24733000000.0,1766800000.0,0.801,2.816,4382500000,899900000,3482600000,4382500000,318700000,444400000.0,0,0.001,0.04,2898800000.0,3343200000.0,0.098,3343200000.0,2898800000.0,2644200000.0,4.25,4.18,4.25,9890800000,10039400000.0,9890800000,16868285000.0,6.0,5.046,1123400000.0,2.922,1.0,9513000000.0,0.278,5641900000,254600000.0,25875500000,26229500000.0,0,19926600000,2380300000,17546300000,27848600000,8736900000,19111700000,14353385000.0,664000000.0,-100000.0,-1606000000.0,217000000.0,-16100000.0,-1382600000.0,634500000.0,923300000.0,1412100000.0,0.0,1766800000.0,1766800000.0,1766800000.0,0.0,0.0,0.052,6614200000.0,2898800000.0,0,0.009,1.451,8.124,8.784,529300000,0.0,37.33,0.419,0.419,2314600000,10401900000,34246000000.0,34246000000.0,0.0,0.046,0.176,0.111,0.085,110400000.0,6519000000.0,1.0,384500000.0,384500000.0,,89.066,32097500000,567000000,877400000.0,0,83.479,-1742700000
32,AET,ART,2010-09-30,2010-11-03,2010-09-30,2018-10-30,-1361600000,39150600000,38755400000.0,7074400000,32076200000,0.889,24.985,-319700000.0,1795500000,1795500000,25129000000.0,1717100000.0,0.785,2.916,4617400000,1135100000,3482300000,4617400000,326400000,422500000.0,0,0.001,0.04,2816400000.0,3238900000.0,0.094,3238900000.0,2816400000.0,2570300000.0,4.06,3.99,4.06,9996600000,9942650000.0,9996600000,15160984000.0,5.0,4.681,1159400000.0,2.898,1.0,9333300000.0,0.271,5664400000,246100000.0,27301800000,26577125000.0,0,20917500000,2488000000,18429500000,29154000000,9006300000,20147700000,12339084000.0,-34600000.0,-69100000.0,-1048200000.0,823400000.0,-17300000.0,-253300000.0,-1260400000.0,-871600000.0,1479100000.0,0.0,1717100000.0,1717100000.0,1717100000.0,0.0,0.0,0.05,6516900000.0,2816400000.0,0,0.01,1.234,7.186,7.596,539800000,0.0,30.84,0.358,0.358,2537300000,10784700000,34462300000.0,34462300000.0,0.0,0.044,0.173,0.106,0.082,95500000.0,6420600000.0,1.0,400100000.0,400100000.0,,86.134,33486200000,607300000,853200000.0,0,83.695,-1931900000
33,AET,ART,2010-06-30,2010-07-28,2010-06-30,2018-10-30,-1025600000,38347800000,38501500000.0,6914000000,31433800000,0.9,24.787,-338200000.0,1406000000,1406000000,25582900000.0,1545700000.0,0.723,2.706,4090200000,1349700000,2740500000,4090200000,364200000,421400000.0,0,0.001,0.04,2524200000.0,2945600000.0,0.085,2945600000.0,2524200000.0,2281400000.0,3.6,3.53,3.6,10346300000,9828500000.0,10346300000,14183570000.0,6.0,4.815,1978200000.0,4.739,1.0,9063000000.0,0.262,5687800000,242800000.0,25775300000,26237875000.0,0,20878400000,2811200000,18067200000,28001500000,9568900000,18432600000,11499370000.0,198500000.0,-69100000.0,-706500000.0,255400000.0,-17300000.0,-475300000.0,-1642600000.0,-1235300000.0,2316400000.0,0.0,1545700000.0,1545700000.0,1545700000.0,0.0,0.0,0.045,6538800000.0,2524200000.0,0,0.011,1.111,7.44,7.653,550900000,0.0,27.55,0.332,0.332,2530600000,10829500000,34645900000.0,34645900000.0,0.0,0.04,0.157,0.096,0.073,92300000.0,6442000000.0,1.0,417400000.0,417400000.0,,83.004,32660000000,615000000,735700000.0,0,78.246,-2654900000
34,AET,ART,2010-03-31,2010-04-29,2010-03-31,2018-10-30,-1142700000,38972800000,38105200000.0,7426400000,31546400000,0.912,23.356,-347900000.0,1570400000,1570400000,26049800000.0,1401300000.0,0.754,2.927,4119400000,929300000,3190100000,4119400000,411200000,421300000.0,0,0.001,0.04,2276100000.0,2697400000.0,0.078,2697400000.0,2276100000.0,2033300000.0,3.22,3.16,3.22,9923900000,9461225000.0,9923900000,15822876000.0,7.0,5.866,2151400000.0,5.063,1.0,8721100000.0,0.251,5712000000,242800000.0,25965400000,26230725000.0,0,21083800000,3274300000,17809500000,29048900000,9844400000,19204500000,13273876000.0,-176900000.0,-75200000.0,-671200000.0,379600000.0,-17300000.0,-262900000.0,-2413300000.0,-1990200000.0,2499300000.0,0.0,1401300000.0,1401300000.0,1401300000.0,0.0,0.0,0.04,6445000000.0,2276100000.0,0,0.012,1.338,9.473,9.702,556300000,0.0,31.24,0.382,0.382,2370800000,10567400000,34770900000.0,34770900000.0,0.0,0.037,0.148,0.087,0.065,81100000.0,6347900000.0,1.0,424900000.0,424900000.0,,81.833,33260800000,635200000,632000000.0,117300000,78.279,-2418000000
35,AET,ART,2009-12-31,2010-02-26,2009-12-31,2018-10-30,-1223000000,38550400000,37356700000.0,6826900000,31723500000,0.931,22.051,-362000000.0,1203600000,1203600000,26139300000.0,1276500000.0,0.807,3.056,4120300000,480800000,3639500000,4120300000,306400000,416000000.0,0,0.001,0.04,2144600000.0,2560600000.0,0.074,2560600000.0,2144600000.0,1901200000.0,2.89,2.84,2.89,9503800000,9071225000.0,9503800000,15842390000.0,7.0,6.187,2126300000.0,4.933,1.0,8624800000.0,0.248,5736900000,243400000.0,27266000000,25847050000.0,0,20183800000,3132700000,17051100000,29046600000,8464200000,20582400000,12925690000.0,24100000.0,-75100000.0,-773000000.0,266100000.0,-17300000.0,-464500000.0,-1999700000.0,-1562600000.0,2488300000.0,0.0,1276500000.0,1276500000.0,1276500000.0,0.0,0.0,0.037,6480200000.0,2144600000.0,0,0.014,1.36,10.126,10.377,551000000,0.0,29.99,0.372,0.372,2244000000,10256700000,34764100000.0,34764100000.0,0.0,0.034,0.141,0.083,0.062,90700000.0,6383000000.0,1.0,431000000.0,431000000.0,,80.659,32813500000,806300000,624700000.0,0,76.133,-1637300000
36,AET,ART,2009-09-30,2009-10-29,2009-09-30,2018-10-30,-1118600000,38135000000,36682225000.0,7100400000,31034600000,0.921,22.007,-401400000.0,1830100000,1830100000,25291500000.0,1305300000.0,0.843,2.997,3749000000,109800000,3639200000,3749000000,292600000,405200000.0,0,0.002,0.04,2265400000.0,2670600000.0,0.079,2670600000.0,2265400000.0,2017700000.0,2.94,2.88,2.94,9540000000,8741875000.0,9540000000,13471675000.0,6.0,5.044,1908900000.0,4.403,1.0,8475700000.0,0.251,5683900000,247700000.0,25944800000,25335350000.0,0,19438000000,2593900000,16844100000,28595000000,8425200000,20169800000,11552775000.0,965900000.0,-6100000.0,-772100000.0,-371300000.0,-18400000.0,-1142800000.0,-201600000.0,205900000.0,2310300000.0,0.0,1305300000.0,1305300000.0,1305300000.0,0.0,0.0,0.039,6210300000.0,2265400000.0,0,0.014,1.211,8.851,9.065,532600000,0.0,26.65,0.342,0.342,2358400000,10201800000,33767200000.0,33767200000.0,0.0,0.036,0.149,0.089,0.067,96600000.0,6109700000.0,1.0,433500000.0,433500000.0,,77.894,32451100000,711200000,712400000.0,0,74.858,-1324800000
37,AET,ART,2009-06-30,2009-07-31,2009-06-30,2018-10-30,-1550400000,36762600000,36464125000.0,6917700000,29844900000,0.896,20.337,-422000000.0,1207500000,1207500000,24388700000.0,1256400000.0,0.872,3.141,3833600000,194700000,3638900000,3833600000,301400000,393300000.0,0,0.001,0.04,2209700000.0,2603000000.0,0.08,2603000000.0,2209700000.0,1962100000.0,2.78,2.73,2.78,8877200000,8681025000.0,8877200000,14398505000.0,7.0,5.532,1627500000.0,3.729,1.0,8280700000.0,0.253,5707800000,247600000.0,25746700000,25450050000.0,0,18398100000,2780900000,15617200000,27885400000,7934200000,19951200000,11772405000.0,376700000.0,-6100000.0,-1163500000.0,44500000.0,-18400000.0,-1109000000.0,-563800000.0,-135700000.0,2049500000.0,0.0,1256400000.0,1256400000.0,1256400000.0,0.0,0.0,0.038,6071000000.0,2209700000.0,0,0.014,1.326,9.37,9.701,509500000,0.0,26.97,0.36,0.36,2521200000,10006800000,32669400000.0,32669400000.0,0.0,0.034,0.145,0.087,0.068,95900000.0,5968900000.0,1.0,436500000.0,436500000.0,,74.844,31054800000,1037300000,705700000.0,0,71.145,-1016500000
38,AET,ART,2009-03-31,2009-04-29,2009-03-31,2018-10-30,-1909500000,35978800000,36946525000.0,5716900000,30261900000,0.861,18.715,-452500000.0,1747300000,1747300000,23436600000.0,1390300000.0,0.732,3.302,3738600000,100000000,3638600000,3738600000,380900000,387100000.0,0,0.002,0.04,2426100000.0,2813200000.0,0.088,2813200000.0,2426100000.0,2182600000.0,3.0,2.93,3.0,8363900000,8888200000.0,8363900000,11769472000.0,5.0,4.184,1683100000.0,3.766,1.0,8390100000.0,0.264,5728500000,243500000.0,24430700000,25849525000.0,0,17043900000,1372200000,15671700000,27614900000,7810900000,19804000000,9778172000.0,376600000.0,0.0,-1498900000.0,206900000.0,-18400000.0,-1318500000.0,-440500000.0,12000000.0,2135600000.0,0.0,1390300000.0,1390300000.0,1390300000.0,0.0,0.0,0.044,6007800000.0,2382300000.0,0,0.013,1.169,7.033,7.293,492600000,0.0,21.88,0.307,0.307,2482000000,9877400000,31826700000.0,31826700000.0,0.0,0.038,0.156,0.094,0.076,101200000.0,5902900000.0,1.0,446900000.0,446900000.0,,71.217,30250300000,1125600000,792300000.0,0,67.689,-2094000000
39,AET,ART,2008-12-31,2009-02-27,2008-12-31,2018-10-30,-1881300000,35852500000,37741450000.0,4918400000,30934100000,0.82,18.052,-446600000.0,1179500000,1179500000,22724200000.0,1384100000.0,0.651,3.38,3854000000,215700000,3638300000,3854000000,238600000,378300000.0,0,0.002,0.04,2410600000.0,2788900000.0,0.09,2788900000.0,2410600000.0,2174200000.0,2.91,2.83,2.91,8186400000,9267600000.0,8186400000,13499545000.0,6.0,4.84,1760300000.0,3.882,1.0,8226500000.0,0.266,5753000000,236400000.0,25219200000,26440125000.0,0,17619000000,1455600000,16163400000,27666100000,7554800000,20111300000,10825045000.0,-74500000.0,0.0,-1787700000.0,570400000.0,-18400000.0,-1208100000.0,-1073300000.0,-626700000.0,2206900000.0,0.0,1384100000.0,1384100000.0,1384100000.0,0.0,0.0,0.045,5859700000.0,2366800000.0,0,0.014,1.322,7.821,8.203,467500000,0.0,23.87,0.35,0.35,2181000000,9716500000,30950700000.0,30950700000.0,0.0,0.037,0.149,0.091,0.078,95700000.0,5751500000.0,1.0,453500000.0,453500000.0,,68.249,30099500000,1245100000,790100000.0,0,66.372,-2636400000
40,AET,ART,2008-09-30,2008-10-29,2008-09-30,2018-10-30,-665900000,37262600000,41459500000.0,4950900000,32311700000,0.732,20.162,-432700000.0,864200000,864200000,21954600000.0,1637800000.0,0.594,3.008,4120100000,482200000,3637900000,4120100000,265400000,369500000.0,0,0.002,0.04,2726700000.0,3096200000.0,0.102,3096200000.0,2726700000.0,2503700000.0,3.36,3.26,3.36,9296600000,9730600000.0,9296600000,15037005000.0,6.0,4.857,1978700000.0,4.291,1.0,8381200000.0,0.276,5782300000,223000000.0,26403600000,29941775000.0,0,18772800000,1811900000,16960900000,27966000000,8332600000,19633400000,11781105000.0,-266400000.0,-66300000.0,-2033900000.0,1100800000.0,-20000000.0,-856700000.0,-1821100000.0,-1322100000.0,2411400000.0,0.0,1637800000.0,1637800000.0,1637800000.0,0.0,0.0,0.054,5698300000.0,2682900000.0,0,0.012,1.267,7.193,7.604,421800000,0.0,25.55,0.388,0.388,2332300000,9636600000,30335800000.0,30335800000.0,0.0,0.04,0.168,0.091,0.09,100800000.0,5589700000.0,1.0,461100000.0,461100000.0,,65.79,31480300000,552500000,865900000.0,11400000,68.272,-3381700000
41,AET,ART,2008-06-30,2008-08-01,2008-06-30,2018-10-30,-432600000,38692200000,44659575000.0,4570400000,34121800000,0.664,20.581,-419500000.0,830800000,830800000,21134000000.0,1857200000.0,0.539,2.986,3774700000,635600000,3139100000,3774700000,248300000,359100000.0,0,0.001,0.04,3046800000.0,3405900000.0,0.115,3405900000.0,3046800000.0,2840300000.0,3.75,3.63,3.75,9705900000,9808150000.0,9705900000,21789036000.0,7.0,6.397,1581100000.0,3.353,1.0,8538500000.0,0.288,5806600000,206500000.0,27344600000,32863200000.0,0,19319400000,1495500000,17823900000,28986300000,8484900000,20501400000,18845136000.0,-576600000.0,-572200000.0,-2226500000.0,1299900000.0,-20000000.0,-786300000.0,-1790900000.0,-799200000.0,2000600000.0,0.0,1857200000.0,1857200000.0,1857200000.0,0.0,0.0,0.063,5535500000.0,3003000000.0,0,0.011,1.942,10.147,10.656,393400000,0.0,39.96,0.635,0.635,2382800000,9850400000,29672500000.0,29672500000.0,0.0,0.042,0.189,0.093,0.103,99200000.0,5426400000.0,1.0,471600000.0,471600000.0,,62.919,32885600000,308700000,983100000.0,8700000,69.732,-3914500000
42,AET,ART,2008-03-31,2008-04-24,2008-03-31,2018-10-30,-337800000,39158500000,47379550000.0,5368400000,33790100000,0.604,20.383,-403700000.0,1370700000,1370700000,20370500000.0,1828000000.0,0.619,2.963,3517900000,379100000,3138800000,3517900000,326500000,337400000.0,0,0.001,0.04,2985700000.0,3323100000.0,0.116,3323100000.0,2985700000.0,2793000000.0,3.63,3.51,3.63,9881500000,9801800000.0,9881500000,22634848000.0,8.0,6.811,1730700000.0,3.57,1.0,8267800000.0,0.289,5833600000,192700000.0,26793100000,35504850000.0,0,19422900000,1798300000,17624600000,29277000000,8679000000,20598000000,20487648000.0,-59100000.0,-572200000.0,-1946000000.0,1033300000.0,-20000000.0,-651100000.0,-1542400000.0,-566500000.0,2134400000.0,0.0,1828000000.0,1828000000.0,1828000000.0,0.0,0.0,0.064,5346400000.0,2921400000.0,0,0.011,2.073,11.208,11.642,375400000,0.0,42.26,0.715,0.715,2373600000,9969700000,28638300000.0,28638300000.0,0.0,0.039,0.186,0.084,0.104,95900000.0,5242800000.0,1.0,484800000.0,484800000.0,,59.072,33324900000,278800000,965000000.0,264100000,68.739,-3310600000
43,AET,ART,2007-12-31,2008-02-29,2007-12-31,2018-10-30,-288400000,50724700000,49749075000.0,5288400000,45436300000,0.555,20.214,-400400000.0,1254000000,1254000000,19542900000.0,1831000000.0,0.689,4.053,3269200000,130700000,3138500000,3269200000,198400000,321500000.0,0,0.001,0.04,2977000000.0,3298500000.0,0.12,3298500000.0,2977000000.0,2796400000.0,3.6,3.47,3.6,10038400000,9702275000.0,10038400000,26646560000.0,9.0,8.078,1665100000.0,3.353,1.0,8056700000.0,0.292,5839400000,180600000.0,39225800000,38019825000.0,0,19034000000,1993900000,17040100000,40686300000,7674700000,33011600000,24631360000.0,374000000.0,-572200000.0,-1695600000.0,749400000.0,-20000000.0,-653700000.0,-1037800000.0,-65200000.0,2065500000.0,0.0,1831000000.0,1831000000.0,1831000000.0,0.0,0.0,0.066,5144000000.0,2912700000.0,0,0.011,2.454,13.452,13.778,364000000,0.0,49.6,0.892,0.892,2162100000,10138000000,27599600000.0,27599600000.0,0.0,0.037,0.189,0.078,0.108,89400000.0,5046400000.0,1.0,496600000.0,496600000.0,,55.577,44885300000,321700000,965400000.0,165300000,90.385,-2386300000
44,AET,ART,2007-09-30,2007-10-25,2007-09-30,2018-10-30,-539300000,50062900000,48974500000.0,18676900000,31386000000,0.548,19.198,-359000000.0,1130600000,1130600000,18923300000.0,1816700000.0,2.323,4.211,2976400000,533400000,2443000000,2976400000,148500000,304400000.0,0,0.001,0.04,2945000000.0,3249400000.0,0.121,3249400000.0,2945000000.0,2774800000.0,3.54,3.41,3.54,9606800000,9478950000.0,9606800000,29863196000.0,10.0,9.19,1542800000.0,3.083,1.0,7891400000.0,0.294,5779100000,170200000.0,38089300000,37422250000.0,0,18780900000,15371700000,3409200000,40456100000,8040300000,32415800000,28017396000.0,-83700000.0,-506900000.0,-1732700000.0,528900000.0,-20800000.0,-912400000.0,-1073100000.0,-207200000.0,1901800000.0,0.0,1816700000.0,1816700000.0,1816700000.0,0.0,0.0,0.068,5010700000.0,2880700000.0,0,0.011,2.916,15.422,15.816,332400000,0.0,55.99,1.045,1.045,2251100000,10037700000,26814700000.0,26814700000.0,0.0,0.037,0.192,0.079,0.11,80600000.0,4919300000.0,1.0,500400000.0,500400000.0,,53.587,44283800000,394700000,958100000.0,55000000,88.497,10636600000
45,AET,ART,2007-06-30,2007-07-26,2007-06-30,2018-10-30,-607600000,49572100000,48194350000.0,18830600000,30741500000,0.543,18.929,-327400000.0,1407400000,1407400000,18414100000.0,1796400000.0,2.529,4.121,2443000000,300000,2442700000,2443000000,456300000,290300000.0,0,0.001,0.04,2910400000.0,3200700000.0,0.122,3200700000.0,2910400000.0,2744300000.0,3.45,3.31,3.45,9680500000,9489775000.0,9680500000,26528890000.0,9.0,8.288,1894900000.0,3.705,1.0,7738800000.0,0.296,5251600000,166100000.0,37911200000,36808950000.0,0,18662100000,15277400000,3384700000,39891600000,7444900000,32446700000,25493290000.0,-241200000.0,-2100000.0,-1978800000.0,-32700000.0,-20800000.0,-1934600000.0,-528900000.0,-199400000.0,2222300000.0,0.0,1796400000.0,1796400000.0,1796400000.0,0.0,0.0,0.069,4892700000.0,2846100000.0,0,0.012,2.633,14.191,14.449,294900000,0.0,49.85,0.975,0.975,2205700000,10276600000,26152900000.0,26152900000.0,0.0,0.037,0.189,0.079,0.111,69400000.0,4805200000.0,1.0,511400000.0,511400000.0,,51.14,44320500000,646200000,947900000.0,154500000,86.665,11385700000
46,AET,ART,2007-03-31,2007-04-26,2007-03-31,2018-10-30,-514000000,48636600000,47342625000.0,18825300000,29811300000,0.541,18.511,-307300000.0,1429800000,1429800000,18000600000.0,1734600000.0,2.499,4.129,2452300000,9800000,2442500000,2452300000,450200000,277500000.0,0,0.001,0.04,2810300000.0,3087800000.0,0.121,3087800000.0,2810300000.0,2653200000.0,3.26,3.13,3.26,9483400000,9560425000.0,9483400000,25213306000.0,9.0,8.165,1845600000.0,3.603,1.0,7610400000.0,0.297,5273400000,157100000.0,36853000000,36018375000.0,0,18794700000,15424100000,3370600000,39153200000,7532700000,31620500000,24190806000.0,89000000.0,-3900000.0,-2473800000.0,828300000.0,-20800000.0,-1656700000.0,-407200000.0,-96000000.0,2152900000.0,0.0,1734600000.0,1734600000.0,1734600000.0,0.0,0.0,0.068,4915500000.0,2694900000.0,0,0.012,2.551,13.946,14.485,283100000,0.0,47.22,0.945,0.945,2190400000,9838200000,25611000000.0,25611000000.0,0.0,0.037,0.181,0.078,0.11,60800000.0,4828000000.0,1.0,512300000.0,512300000.0,,49.992,43363200000,524200000,918600000.0,338000000,84.644,11292600000
47,AET,ART,2006-12-31,2007-02-27,2006-12-31,2018-10-30,-625700000,47626400000,46599075000.0,18303800000,29322600000,0.54,17.709,-290500000.0,880000000,880000000,17620000000.0,1701700000.0,2.577,4.208,2487300000,45000000,2442300000,2487300000,185600000,270400000.0,0,0.001,0.04,2751000000.0,3021400000.0,0.12,3021400000.0,2751000000.0,2602700000.0,3.12,2.99,3.12,9145100000,9802825000.0,9145100000,24473492000.0,9.0,8.1,1397800000.0,2.707,1.0,7525700000.0,0.299,5295200000,148300000.0,36835500000,35010500000.0,0,18941400000,15720000000,3221400000,38481300000,7103000000,31378300000,22866192000.0,-312600000.0,-160900000.0,-2322500000.0,873900000.0,-20800000.0,-1447600000.0,-553300000.0,-101900000.0,1688300000.0,0.0,1701700000.0,1701700000.0,1701700000.0,-16100000.0,0.0,0.068,4906200000.0,2619500000.0,0,0.013,2.5,13.437,14.192,283600000,0.0,44.28,0.909,0.909,2000600000,9404600000,25145700000.0,25145700000.0,0.0,0.037,0.174,0.079,0.109,73700000.0,4820600000.0,1.0,516400000.0,516400000.0,,48.694,42331200000,463200000,901000000.0,42600000,81.974,11200800000
48,AET,ART,2006-09-30,2006-10-26,2006-09-30,2018-10-30,207400000,46942300000,45783625000.0,18208400000,28733900000,0.538,18.487,-292300000.0,1214300000,1214300000,17225900000.0,1690600000.0,2.529,3.864,2443500000,1500000,2442000000,2443500000,187700000,292900000.0,0,0.0,0.02,2738700000.0,3031600000.0,0.123,3031600000.0,2738700000.0,2598900000.0,3.03,2.895,3.03,9650100000,10042775000.0,9650100000,22834780000.0,8.0,7.532,1547400000.0,2.964,1.0,7427700000.0,0.301,5336200000,139800000.0,35636100000,33779825000.0,0,18380400000,15317600000,3062800000,37292200000,7199200000,30093000000,21605580000.0,181600000.0,-246000000.0,-2363600000.0,830400000.0,-11400000.0,-1517600000.0,-140500000.0,397800000.0,1839700000.0,0.0,1690600000.0,1690600000.0,1690600000.0,-16100000.0,0.0,0.069,4820500000.0,2607200000.0,0,0.007,2.239,12.78,13.66,276300000,0.0,41.39,0.876,0.876,2078000000,8970400000,24653600000.0,24653600000.0,0.0,0.037,0.168,0.081,0.111,61900000.0,4737500000.0,1.0,522000000.0,522000000.0,,47.229,41606100000,75900000,908300000.0,72500000,79.705,11009200000
49,AET,ART,2006-06-30,2006-07-27,2006-06-30,2018-10-30,50800000,46165200000,44862425000.0,18211400000,27953800000,0.536,18.191,-300000000.0,1648600000,1648600000,16846600000.0,1592000000.0,2.644,3.634,2474800000,33000000,2441800000,2474800000,356100000,261100000.0,0,0.001,0.02,2591100000.0,2852200000.0,0.119,2852200000.0,2591100000.0,2458700000.0,2.795,2.675,2.795,9963100000,9960275000.0,9963100000,19037225000.0,7.0,6.675,1461100000.0,2.668,1.0,7208200000.0,0.3,5355400000,132400000.0,34748900000,32615350000.0,0,17713600000,14690800000,3022800000,36202100000,6887100000,29315000000,18211025000.0,529700000.0,-635300000.0,-1817800000.0,861900000.0,-11400000.0,-755600000.0,-475800000.0,459500000.0,1761100000.0,0.0,1592000000.0,1592000000.0,1592000000.0,-16100000.0,0.0,0.066,4748600000.0,2459600000.0,0,0.007,1.828,11.439,11.896,276800000,0.0,33.25,0.757,0.757,2153500000,8514900000,24054800000.0,24054800000.0,0.0,0.035,0.16,0.079,0.108,50000000.0,4671700000.0,1.0,547700000.0,547700000.0,,43.92,40809800000,236400000,866700000.0,0,74.511,11324300000
50,AET,ART,2006-03-31,2006-04-27,2006-03-31,2018-10-30,145300000,45662400000,44089575000.0,18176600000,27485800000,0.528,18.436,-287100000.0,1340800000,1340800000,16195500000.0,1612200000.0,2.349,3.368,1616100000,460400000,1155700000,1616100000,353300000,235200000.0,0,0.001,0.02,2627500000.0,2862700000.0,0.123,2862700000.0,2627500000.0,2498400000.0,2.81,2.68,2.81,10453000000,9830725000.0,10453000000,21254300000.0,8.0,7.425,1825900000.0,3.22,1.0,7104200000.0,0.305,5377300000,129100000.0,32821500000,31752100000.0,0,18364800000,15205000000,3159800000,35209400000,7738900000,27470500000,20979000000.0,410800000.0,-1022900000.0,-1272700000.0,10400000.0,-11400000.0,-1030900000.0,-671300000.0,638700000.0,2113000000.0,0.0,1612200000.0,1612200000.0,1612200000.0,-16100000.0,0.0,0.069,4559500000.0,2544700000.0,0,0.007,2.007,13.013,13.167,275800000,0.0,37.0,0.9,0.9,2040700000,8125400000,23299700000.0,23299700000.0,0.0,0.037,0.164,0.083,0.113,38100000.0,4492900000.0,1.0,567000000.0,567000000.0,,41.093,40285100000,174300000,886200000.0,144500000,71.05,10437700000
51,AET,ART,2005-12-31,2006-03-01,2005-12-31,2018-10-30,257500000,44364600000,43185900000.0,18234700000,26129900000,0.521,17.819,-271600000.0,1192600000,1192600000,15472400000.0,1634500000.0,2.394,3.39,1605700000,450000000,1155700000,1605700000,156900000,204400000.0,0,0.0,0.02,2670200000.0,2874600000.0,0.128,2874600000.0,2670200000.0,2547400000.0,2.82,2.7,2.82,10104900000,9477250000.0,10104900000,29499659000.0,11.0,10.262,1621800000.0,2.86,1.0,7019500000.0,0.312,5248100000,122800000.0,31912800000,31297050000.0,0,18840400000,15717500000,3122900000,34259700000,7616800000,26642900000,29086559000.0,-203400000.0,-1107600000.0,-1650000000.0,0.0,-11400000.0,-1386700000.0,-710100000.0,669100000.0,1893400000.0,0.0,1634500000.0,1634500000.0,1634500000.0,0.0,0.0,0.073,4416000000.0,2603500000.0,0,0.007,2.878,17.795,18.188,272800000,0.0,51.29,1.293,1.293,1859600000,8169500000,22491900000.0,22491900000.0,0.0,0.038,0.172,0.085,0.119,0.0,4358600000.0,1.0,567100000.0,567100000.0,,39.661,39116500000,0,912900000.0,62200000,68.976,10617900000
52,AET,ART,2005-09-30,2005-10-27,2005-09-30,2018-10-30,-422100000,43257500000,42628175000.0,18695900000,24561600000,0.511,16.293,-238900000.0,1032700000,1032700000,15049400000.0,1512200000.0,2.424,3.641,1605600000,449900000,1155700000,1605600000,224200000,143600000.0,0,0.0,0.01,2475400000.0,2619000000.0,0.12,2619000000.0,2475400000.0,2357100000.0,2.61,2.508,2.61,9320100000,9221375000.0,9320100000,24540605375.0,10.0,9.37,1487000000.0,2.6,1.0,6743400000.0,0.309,5139200000,118300000.0,30978200000,31115850000.0,0,19195600000,15938200000,3257400000,33937400000,7713000000,26224400000,23967705375.0,-334200000.0,-1031000000.0,-1571000000.0,0.0,-5900000.0,-1323100000.0,-737000000.0,532900000.0,1725900000.0,0.0,1512200000.0,1512200000.0,1512200000.0,0.0,0.0,0.069,4334700000.0,2408700000.0,0,0.004,2.572,15.85,16.054,251500000,0.0,41.9,1.1,1.1,1975400000,7746500000,21792800000.0,21792800000.0,0.0,0.035,0.164,0.08,0.114,0.0,4288800000.0,1.0,572021608.0,572021608.0,,38.098,38118300000,445000000,844900000.0,0,66.638,10982900000
53,AET,ART,2005-06-30,2005-07-28,2005-06-30,2018-10-30,-246000000,43073800000,42192050000.0,19321600000,23752200000,0.501,16.287,-225100000.0,1118900000,1118900000,14620100000.0,2426700000.0,2.568,3.561,1605500000,449800000,1155700000,1605500000,156800000,139800000.0,0,0.0,0.01,3341900000.0,3481700000.0,0.165,3481700000.0,3341900000.0,3230200000.0,4.093,3.93,4.093,9444900000,9162500000.0,9444900000,23218874432.0,7.0,6.669,1676400000.0,2.891,1.0,6511500000.0,0.308,4740400000,111700000.0,31295900000,31026625000.0,0,19546600000,16492600000,3054000000,33628900000,7524100000,26104800000,22732274432.0,-30600000.0,-640600000.0,-1877800000.0,0.0,-5900000.0,-1687900000.0,-244200000.0,621500000.0,1901500000.0,0.0,2426700000.0,2426700000.0,2426700000.0,-990000000.0,0.0,0.115,4226300000.0,2285200000.0,0,0.002,2.407,9.368,9.577,241600000,0.0,39.2,1.076,1.076,1991200000,7380100000,21131600000.0,21131600000.0,0.0,0.058,0.265,0.108,0.158,0.0,4187000000.0,1.0,579904960.0,579904960.0,,36.44,38333400000,414400000,803500000.0,0,66.103,11797500000
54,AET,ART,2005-03-31,2005-04-28,2005-03-31,2018-10-30,-382900000,42047700000,41612375000.0,18887300000,23160400000,0.493,15.561,-203200000.0,930000000,930000000,14204200000.0,2303300000.0,2.561,3.652,1601400000,449700000,1151700000,1601400000,141200000,139000000.0,0,0.0,0.01,3147100000.0,3286100000.0,0.16,3286100000.0,3147100000.0,3040700000.0,3.855,3.703,3.855,9039100000,8878325000.0,9039100000,21385979051.0,7.0,6.508,1318700000.0,2.27,1.0,6305500000.0,0.307,4342900000,106400000.0,31001300000,30714325000.0,0,19411000000,16237700000,3173300000,33008600000,7374900000,25633700000,20714579051.0,222000000.0,-251200000.0,-1657400000.0,0.0,-5900000.0,-1584200000.0,284300000.0,738700000.0,1521900000.0,0.0,2303300000.0,2303300000.0,2303300000.0,-990000000.0,0.0,0.112,4148400000.0,2157100000.0,0,0.003,2.292,8.993,9.25,233700000,0.0,35.66,1.01,1.01,1927000000,6970400000,20509700000.0,20509700000.0,0.0,0.055,0.259,0.102,0.153,0.0,4107900000.0,1.0,580891168.0,580891168.0,,35.307,37704800000,677200000,737400000.0,0,64.909,11512400000
55,AET,ART,2004-12-31,2005-03-01,2004-12-31,2018-10-30,-266700000,42133700000,41448300000.0,19516200000,22617500000,0.48,15.425,-190300000.0,1396000000,1396000000,13829200000.0,2245100000.0,2.784,3.64,1609700000,0,1609700000,1609700000,121800000,139700000.0,0,0.0,0.01,3033600000.0,3173300000.0,0.159,3173300000.0,3033600000.0,2928900000.0,3.708,3.575,3.708,9081400000,8662375000.0,9081400000,22014399302.0,7.0,6.937,1246500000.0,2.117,1.0,6074900000.0,0.305,4148100000,104700000.0,31188000000,30638750000.0,0,19690500000,16624200000,3066300000,33052300000,7011300000,26041000000,21800699302.0,-37400000.0,-9500000.0,-1493000000.0,0.0,-5900000.0,-1541600000.0,67400000.0,267200000.0,1436800000.0,0.0,2245100000.0,2245100000.0,2245100000.0,-1030000000.0,0.0,0.113,4071300000.0,2003600000.0,0,0.003,2.401,9.71,9.987,233600000,0.0,37.03,1.095,1.095,1743100000,6546400000,19904100000.0,19904100000.0,0.0,0.054,0.259,0.099,0.152,0.0,4028800000.0,1.0,588730740.0,588730740.0,,33.808,37985600000,722800000,683800000.0,0,64.521,12504900000
56,AET,ART,2004-09-30,2004-10-28,2004-09-30,2018-10-30,-136500000,41513000000,41152425000.0,19404000000,22109000000,0.469,15.382,-177200000.0,1366900000,1366900000,13383300000.0,2193900000.0,2.775,3.57,1614300000,0,1614300000,1614300000,110200000,144200000.0,0,0.0,0.01,2933900000.0,3078100000.0,0.159,3078100000.0,2933900000.0,2831400000.0,3.607,3.465,3.607,9084600000,8373025000.0,9084600000,14318661045.0,5.0,4.652,1160700000.0,1.965,1.0,5927300000.0,0.307,4145900000,102500000.0,30621300000,30238600000.0,0,19547200000,16445700000,3101500000,32428400000,6993200000,25435200000,14071261045.0,-413400000.0,-53500000.0,-1242000000.0,0.0,-6100000.0,-1373300000.0,-378000000.0,-147300000.0,1337900000.0,0.0,2193900000.0,2193900000.0,2193900000.0,-1030000000.0,0.0,0.114,4023400000.0,1903900000.0,0,0.003,1.549,6.414,6.605,240500000,0.0,23.825,0.729,0.729,1876400000,6245700000,19310600000.0,19310600000.0,0.0,0.053,0.262,0.097,0.152,0.0,3491900000.0,1.0,590609068.0,590609068.0,,32.696,37367100000,754800000,637500000.0,0,63.269,12410800000
57,AET,ART,2004-06-30,2004-07-29,2004-06-30,2018-10-30,-287000000,40755100000,41038000000.0,18959400000,21795700000,0.457,13.525,-217400000.0,1149500000,1149500000,12950700000.0,1117500000.0,2.703,3.905,1606600000,0,1606600000,1606600000,113700000,145600000.0,0,0.0,0.01,1806700000.0,1952300000.0,0.104,1952300000.0,1806700000.0,1704500000.0,1.823,1.75,1.823,8308200000,8024875000.0,8308200000,13395033310.0,7.0,6.861,520300000.0,0.847,1.0,5789500000.0,0.309,4152200000,102200000.0,30046700000,29815875000.0,0,19533000000,16532300000,3000700000,32446900000,7013300000,25433600000,12937933310.0,-717000000.0,-53500000.0,-673400000.0,0.0,-6100000.0,-861000000.0,-593700000.0,-322800000.0,737700000.0,0.0,1117500000.0,1117500000.0,1117500000.0,-40000000.0,0.0,0.06,4022800000.0,1766700000.0,0,0.005,1.557,11.578,11.554,246900000,0.0,21.063,0.69,0.69,1769200000,4959300000,18740200000.0,18740200000.0,0.0,0.027,0.139,0.061,0.096,0.0,3034700000.0,1.0,614263896.0,614263896.0,,30.508,36602900000,763400000,587000000.0,223000000,59.588,11946100000
58,AET,ART,2004-03-31,2004-04-29,2004-03-31,2018-10-30,-65600000,41391400000,40993775000.0,19702000000,21689400000,0.447,13.412,-218700000.0,708000000,708000000,12619900000.0,969600000.0,2.646,4.063,1627300000,0,1627300000,1627300000,184600000,142000000.0,0,0.0,0.01,1582700000.0,1724700000.0,0.094,1724700000.0,1582700000.0,1480200000.0,1.58,1.52,1.58,8175300000,7872100000.0,8175300000,13677516464.0,9.0,7.93,250000000.0,0.41,1.0,5711300000.0,0.312,4164900000,102500000.0,30699000000,29522500000.0,0,20563700000,17682400000,2881300000,33216100000,7446800000,25769300000,12758216464.0,-1215400000.0,-53500000.0,-795300000.0,0.0,-6100000.0,-862200000.0,-821900000.0,-549700000.0,468700000.0,0.0,969600000.0,969600000.0,969600000.0,-40000000.0,0.0,0.053,4168600000.0,1542700000.0,0,0.006,1.561,13.158,13.247,258600000,0.0,20.93,0.696,0.696,1807300000,4673000000,18331200000.0,18331200000.0,0.0,0.024,0.123,0.054,0.086,0.0,2598200000.0,1.0,609566004.0,609566004.0,,30.073,37226500000,557600000,510600000.0,266100000,61.07,12255200000
59,AET,ART,2003-12-31,2004-02-27,2003-12-31,2018-10-30,-137600000,40950200000,40703425000.0,19556800000,21393400000,0.442,12.92,-210800000.0,1433400000,1433400000,12226600000.0,933800000.0,2.654,4.168,1613700000,0,1613700000,1613700000,203700000,148800000.0,0,0.0,0.01,1544500000.0,1693300000.0,0.094,1693300000.0,1544500000.0,1441600000.0,1.53,1.478,1.53,7924000000,7671350000.0,7924000000,12567269371.0,8.0,7.422,159800000.0,0.261,1.0,5749800000.0,0.32,4175600000,102900000.0,29587400000,28895075000.0,0,19606200000,16731600000,2874600000,33026200000,7367500000,25658700000,12386969371.0,-369500000.0,-53500000.0,-445200000.0,0.0,-6100000.0,-575700000.0,-164400000.0,99900000.0,370600000.0,0.0,933800000.0,933800000.0,933800000.0,0.0,0.0,0.052,4205300000.0,1544500000.0,0,0.007,1.563,13.265,13.201,267500000,0.0,20.198,0.689,0.689,1910700000,4307200000,17976400000.0,17976400000.0,0.0,0.023,0.122,0.053,0.086,0.0,2179100000.0,1.0,613292208.0,613292208.0,,29.311,36774600000,613600000,507800000.0,154700000,59.963,12189300000
60,AET,ART,2003-09-30,2003-10-30,2003-09-30,2018-10-30,-136500000,41055300000,40477750000.0,19916800000,21138500000,0.448,12.604,-209200000.0,1780300000,1780300000,12525500000.0,782500000.0,2.539,4.337,1626700000,0,1626700000,1626700000,137400000,154800000.0,0,0.001,0.01,1321700000.0,1476500000.0,0.081,1476500000.0,1321700000.0,1214200000.0,1.313,1.26,1.313,7692000000,7435350000.0,7692000000,8436047931.0,6.0,5.714,345900000.0,0.567,1.0,5593800000.0,0.309,4127200000,107500000.0,28930400000,28496650000.0,0,19709300000,16739900000,2969400000,33363300000,7844100000,25519200000,8589647931.0,-53900000.0,0.0,-384700000.0,0.0,-6000000.0,-531800000.0,-77200000.0,132000000.0,555100000.0,0.0,782500000.0,782500000.0,782500000.0,50000000.0,0.0,0.043,4263800000.0,1330000000.0,0,0.008,1.117,10.977,10.72,274300000,0.0,14.075,0.474,0.474,1945100000,4057700000,18119300000.0,18119300000.0,0.0,0.019,0.105,0.046,0.073,0.0,2198600000.0,1.0,610276940.0,610276940.0,,29.69,36928100000,761500000,431700000.0,251400000,60.51,12072700000
61,AET,ART,2003-06-30,2003-07-31,2003-06-30,2018-10-30,-1500000,40578200000,40005425000.0,19664900000,20913300000,0.462,12.505,-153600000.0,1866500000,1866500000,12912600000.0,665400000.0,2.68,4.272,1640400000,0,1640400000,1640400000,133200000,163900000.0,0,0.001,0.01,1133300000.0,1297200000.0,0.07,1297200000.0,1133300000.0,1022900000.0,1.125,1.083,1.125,7697100000,7419625000.0,7697100000,9255909807.0,8.0,7.135,290700000.0,0.472,1.0,5569700000.0,0.301,4139900000,110400000.0,28873200000,28099650000.0,0,19554700000,16449900000,3104800000,32881100000,7339000000,25542100000,9482009807.0,491100000.0,0.0,-250100000.0,0.0,-6000000.0,-496800000.0,543600000.0,697200000.0,444300000.0,0.0,665400000.0,665400000.0,665400000.0,50000000.0,0.0,0.036,4428100000.0,1141600000.0,0,0.009,1.232,14.25,13.693,226900000,0.0,15.405,0.513,0.513,1907500000,3847900000,18482300000.0,18482300000.0,0.0,0.017,0.09,0.04,0.061,0.0,2242000000.0,1.0,615515080.0,615515080.0,,30.027,36438300000,650800000,357500000.0,242600000,59.2,12325900000
62,AET,ART,2003-03-31,2003-04-24,2003-03-31,2018-10-30,-119100000,40230000000,39625900000.0,19530400000,20699600000,0.482,12.137,-151400000.0,1923400000,1923400000,13578000000.0,635200000.0,2.57,4.457,1633200000,0,1633200000,1633200000,178800000,171000000.0,0,0.001,0.01,1075200000.0,1246200000.0,0.065,1246200000.0,1075200000.0,959100000.0,1.083,1.04,1.083,7372300000,7332150000.0,7372300000,7140406094.0,7.0,5.73,331500000.0,0.546,1.0,5502500000.0,0.288,4152600000,116100000.0,28189300000,27845475000.0,0,19103000000,16020600000,3082400000,32857700000,7597900000,25259800000,7430606094.0,364000000.0,0.0,-178900000.0,0.0,-6000000.0,-415000000.0,296100000.0,447500000.0,482900000.0,0.0,635200000.0,635200000.0,635200000.0,50000000.0,0.0,0.033,4427300000.0,1075200000.0,0,0.009,1.008,11.698,11.295,230800000,0.0,12.232,0.389,0.389,2150700000,3709500000,19080500000.0,19080500000.0,0.0,0.016,0.087,0.039,0.056,0.0,2252400000.0,1.0,607447872.0,607447872.0,,31.411,36077400000,772200000,323900000.0,449700000,59.392,11932500000
63,AET,ART,2002-12-31,2003-02-28,2002-12-31,2018-10-30,-161600000,40047500000,39468325000.0,19349300000,20698200000,0.504,11.606,-155500000.0,1802900000,1802900000,14698300000.0,-2522500000.0,2.507,4.737,1633200000,0,1633200000,1633200000,184100000,170700000.0,0,0.001,0.01,-2251400000.0,-2080700000.0,-0.105,-2080700000.0,-2251400000.0,-2370900000.0,-4.235,-4.122,-4.235,6980000000,7246025000.0,6980000000,6163116805.0,-3.0,-2.962,150900000.0,0.251,1.0,5180400000.0,0.261,4165300000,119500000.0,27993700000,27795800000.0,0,19558500000,16288700000,3269800000,33067500000,7718800000,25348700000,6332816805.0,404700000.0,0.0,-165200000.0,-109700000.0,-6000000.0,-512400000.0,610700000.0,766200000.0,306400000.0,0.0,-2522500000.0,-2522500000.0,-2522500000.0,0.0,0.0,-0.127,4516100000.0,664300000.0,0,-0.002,0.907,-2.511,-2.486,244800000,0.0,10.53,0.319,0.319,1930000000,3379500000,19878700000.0,19878700000.0,0.0,-0.064,-0.348,-0.081,-0.113,0.0,2245200000.0,1.0,601407104.0,601407104.0,,33.054,35882200000,783800000,151600000.0,322500000,59.664,11630500000
64,AET,ART,2002-09-30,2002-10-31,2002-09-30,2018-10-30,575200000,39166000000,40270225000.0,18920100000,20245900000,0.526,12.669,-140100000.0,1834200000,1834200000,16128000000.0,-2808300000.0,2.545,4.134,1623300000,0,1623300000,1623300000,100100000,268000000.0,0,0.001,0.01,-2685400000.0,-2417400000.0,-0.114,-2417400000.0,-2685400000.0,-2815300000.0,-4.348,-4.415,-4.348,7629100000,7973600000.0,7629100000,5855896577.0,-2.0,-2.422,-253200000.0,-0.42,1.0,5072800000.0,0.239,4178000000,129900000.0,27342400000,27830500000.0,0,18982500000,15694500000,3288000000,31536900000,7434700000,24102200000,6066796577.0,222800000.0,0.0,-116400000.0,-222800000.0,-5700000.0,-645400000.0,981300000.0,1121400000.0,-113100000.0,0.0,-2808300000.0,-2808300000.0,-2808300000.0,-50000000.0,0.0,-0.132,4767700000.0,305100000.0,0,-0.002,0.795,-2.16,-2.317,285500000,0.0,10.075,0.286,0.286,2159100000,3281300000,21200800000.0,21200800000.0,0.0,-0.07,-0.352,-0.096,-0.127,0.0,2235600000.0,1.0,602163432.0,602163432.0,,35.208,34988000000,381300000,-7000000.0,96200000,58.104,11485400000
65,AET,ART,2002-06-30,2002-08-02,2002-06-30,2018-10-30,413300000,39060100000,41605850000.0,18268900000,20791200000,0.542,12.218,-126600000.0,1375400000,1375400000,17620900000.0,-2961500000.0,2.526,4.316,1603000000,0,1603000000,1603000000,130700000,367500000.0,0,0.001,0.01,-2881400000.0,-2513900000.0,-0.111,-2513900000.0,-2881400000.0,-3020800000.0,-4.607,-4.575,-4.607,7347200000,8592925000.0,7347200000,6561496327.0,-2.0,-2.61,-251000000.0,-0.417,1.0,4933700000.0,0.219,4197800000,139400000.0,27856500000,28293850000.0,0,18874100000,15503100000,3371000000,31712900000,7233400000,24479500000,6333896327.0,-310400000.0,0.0,-104300000.0,-490400000.0,-5700000.0,-813300000.0,627300000.0,571900000.0,-124400000.0,0.0,-2961500000.0,-2961500000.0,-2961500000.0,-50000000.0,0.0,-0.131,4824600000.0,109100000.0,0,-0.002,0.862,-2.139,-2.286,292100000,0.0,10.533,0.281,0.281,2146400000,3188500000,22554600000.0,22554600000.0,0.0,-0.071,-0.345,-0.102,-0.128,0.0,2215300000.0,1.0,601366848.0,601366848.0,,37.506,34862300000,516000000,-59300000.0,92900000,57.972,11035500000
66,AET,ART,2002-03-31,2002-04-29,2002-03-31,2018-10-30,337200000,39599700000,43238700000.0,18114000000,21485700000,0.556,12.04,-156600000.0,1559400000,1559400000,19187400000.0,-3059100000.0,2.45,4.635,1590300000,0,1590300000,1590300000,164800000,476400000.0,0,0.001,0.01,-2995000000.0,-2518600000.0,-0.105,-2518600000.0,-2995000000.0,-3136800000.0,-4.772,-4.732,-4.772,7027800000,9270650000.0,7027800000,7041063307.0,-2.0,-2.796,-168700000.0,-0.289,1.0,4839400000.0,0.201,4246900000,141800000.0,27990600000,28852950000.0,0,18423400000,15123700000,3299700000,32571900000,7393100000,25178800000,7010163307.0,31900000.0,0.0,0.0,-217600000.0,-5700000.0,-726000000.0,770000000.0,923600000.0,-12100000.0,0.0,-3059100000.0,-3059100000.0,-3059100000.0,-50000000.0,0.0,-0.127,4930100000.0,-90700000.0,0,-0.002,0.997,-2.292,-2.517,308500000,0.0,12.01,0.292,0.292,2154400000,3080300000,24026800000.0,24026800000.0,0.0,-0.071,-0.33,-0.104,-0.125,0.0,2226800000.0,1.0,583693864.0,583693864.0,,41.163,35352800000,593200000,-77700000.0,131000000,60.567,10720900000
67,AET,ART,2001-12-31,2002-02-25,2001-12-31,2018-10-30,428200000,43255100000,45077100000.0,18751200000,24503900000,0.559,17.085,-142600000.0,1398200000,1398200000,20397100000.0,-279600000.0,2.304,3.373,1701000000,109700000,1591300000,1701000000,208000000,597600000.0,0,0.001,0.01,-224000000.0,373600000.0,0.015,373600000.0,-224000000.0,-366800000.0,0.02,0.0,0.02,9890300000,10043175000.0,9890300000,5299998174.0,-24.0,14.186,-176600000.0,-0.305,1.0,4793700000.0,0.19,7286800000,142800000.0,28132500000,29342100000.0,0,19121000000,15657600000,3463400000,33364800000,8138600000,25226200000,4997198174.0,-254300000.0,0.0,-95600000.0,83600000.0,-5700000.0,-544200000.0,323900000.0,466500000.0,-34000000.0,0.0,-279600000.0,-279600000.0,-279600000.0,0.0,0.0,-0.011,5029600000.0,-235900000.0,0,0.5,0.505,-17.873,431.625,327000000,0.0,8.633,0.198,0.198,2402600000,5908000000,25190800000.0,25190800000.0,0.0,-0.006,-0.028,-0.008,-0.009,0.0,2290400000.0,1.0,578881920.0,578881920.0,,43.516,35968300000,474600000,-87200000.0,147400000,62.134,10612600000
68,AET,ART,2001-09-30,2001-11-07,2001-09-30,2018-10-30,466100000,44508500000,46124750000.0,19149300000,25359200000,,17.628,,1611400000,1611400000,,,2.355,3.404,1818000000,222800000,1595200000,1818000000,300900000,,0,0.0,0.0,,,,,,,,,,10106400000,10102375000.0,10106400000,4684182652.0,,,,,1.0,,,7387300000,,29195800000,29655800000.0,0,18883300000,15561900000,3321400000,34402100000,8132000000,26270100000,4477582652.0,,,,,,,,,,,,,,,,,,,0,,0.443,,,349500000,,7.81,,,2663800000,6095600000,,,,,,,,,,1.0,573314040.0,573314040.0,,,37121200000,409400000,,193700000,64.748,11017300000
69,AET,ART,2001-06-30,2001-08-08,2001-06-30,2018-10-30,367600000,45591500000,,19368500000,26223000000,,17.61,,1685800000,1685800000,,,2.303,3.533,2085400000,490400000,1595000000,2085400000,292100000,,0,0.004,0.025,,,,,,,,,,10058100000,,10058100000,4110632077.0,,,,,1.0,,,7488900000,,30092900000,,0,19034100000,15709200000,3324900000,35533400000,8409300000,27124100000,3711032077.0,,,,,,,,,,,,,,,,,,,0,,0.369,,,366100000,,6.497,,,2666000000,6155700000,,,,,,,,,,1.0,571147684.0,571147684.0,,,38102600000,449500000,,191700000,66.712,10959200000
70,AET,ART,2001-03-31,2001-05-10,2001-03-31,2018-10-30,436900000,46953300000,,19817600000,27135700000,,17.756,,1818800000,1818800000,,,2.114,3.641,1783700000,888800000,894900000,1783700000,327200000,,0,0.012,0.075,,,,,,,,,,10117900000,,10117900000,3616125170.0,,,,,1.0,,,7596200000,,29947200000,,0,19157600000,15870800000,3286800000,36835400000,9374800000,27460600000,3651225170.0,,,,,,,,,,,,,,,,,,,0,,0.361,,,377400000,,6.407,,,2689600000,6145100000,,,,,,,,,,1.0,569836156.0,569836156.0,,,39357100000,419900000,,330800000,69.067,10442800000
71,AET,ART,2000-12-31,2001-02-26,2000-12-31,2018-10-30,354300000,47445700000,49713550000.0,19767500000,27678200000,0.539,17.604,-36900000.0,1943800000,1943800000,21037600000.0,127100000.0,1.976,3.685,1592200000,1592200000,0,1592200000,269300000,587900000.0,0,0.014,0.125,463700000.0,1051600000.0,0.039,1051600000.0,463700000.0,215500000.0,0.45,,0.45,10127100000,10415150000.0,10127100000,4928038771.0,11.0,4.686,1489700000.0,2.59,1.0,5781300000.0,0.216,7703400000,248200000.0,29387300000,32230100000.0,0,18743900000,15573000000,3170900000,37318600000,10003400000,27315200000,5279638771.0,315100000.0,0.0,21800000.0,-132800000.0,0.0,-1503600000.0,1007600000.0,1062300000.0,1526600000.0,0.0,127100000.0,127100000.0,127100000.0,0.0,0.0,0.005,5572100000.0,209200000.0,0,0.278,0.521,41.539,20.394,390000000,0.0,9.178,0.197,0.197,2892900000,6193300000,26818900000.0,26818900000.0,0.0,0.003,0.012,0.014,0.017,0.0,2328700000.0,1.0,575280716.0,575280716.0,,46.619,39742300000,407300000,88400000.0,297800000,69.083,9764100000
72,AET,ART,1999-12-31,2000-12-01,1999-12-31,2018-10-30,-390900000,52421900000,,21326900000,31095000000,,,-58100000.0,1628700000,1628700000,16872000000.0,716500000.0,1.971,3.898,3818900000,1725000000,2093900000,3818900000,473600000,488400000.0,0,0.021,0.175,1294600000.0,1783000000.0,0.081,1783000000.0,1294600000.0,1061900000.0,,,,10703200000,,10703200000,,,,1607900000.0,,1.0,5237700000.0,0.237,8655000000,232700000.0,35135200000,,0,19884200000,16863600000,3020600000,41718700000,10821900000,30896800000,,231200000.0,-299700000.0,0.0,501700000.0,0.0,-1209900000.0,-155100000.0,1681800000.0,1666000000.0,0.0,716500000.0,716500000.0,716500000.0,-317100000.0,0.0,0.032,4260200000.0,977500000.0,805000000,,,,,473000000,0.0,8.414,,,2851400000,7639500000,22109700000.0,22109700000.0,0.0,,,,0.059,0.0,1866200000.0,1.0,,,,,43766900000,426200000,345400000.0,200600000,,10505000000
73,AET,ART,1999-12-31,2000-10-18,1999-12-31,2018-10-30,-390900000,51981400000,,20886400000,31095000000,,,-58100000.0,1628700000,1628700000,16872000000.0,716500000.0,2.012,3.857,3818900000,1725000000,2093900000,3818900000,473600000,474800000.0,0,0.027,0.2,1294600000.0,1769400000.0,0.08,1769400000.0,1294600000.0,1061900000.0,,,,10703200000,,10703200000,,,,1607900000.0,,1.0,5237700000.0,0.237,8655000000,232700000.0,35135200000,,0,19884200000,16863600000,3020600000,41278200000,10381400000,30896800000,,266100000.0,-299700000.0,0.0,501700000.0,0.0,-1209900000.0,-155100000.0,1681800000.0,1666000000.0,0.0,716500000.0,716500000.0,716500000.0,-317100000.0,0.0,0.032,4260200000.0,977500000.0,805000000,,,,,473000000,0.0,7.375,,,2450900000,7639500000,22109700000.0,22109700000.0,0.0,,,,0.059,0.0,1866200000.0,1.0,,,,,43326400000,426200000,345400000.0,200600000,,10505000000
74,AET,ART,1999-12-31,2000-09-01,1999-12-31,2018-10-30,-390900000,51981400000,,21493900000,30487500000,,,-58100000.0,1628700000,1628700000,16872000000.0,716500000.0,2.058,3.857,3818900000,1725000000,2093900000,3818900000,473600000,474800000.0,0,0.029,0.2,1294600000.0,1769400000.0,0.08,1769400000.0,1294600000.0,1061900000.0,,,,10703200000,,10703200000,,,,1607900000.0,,1.0,5237700000.0,0.237,8655000000,232700000.0,35072900000,,0,19884200000,17493100000,2391100000,41278200000,10443700000,30834500000,,266100000.0,-299700000.0,0.0,501700000.0,0.0,-1209900000.0,-155100000.0,1851600000.0,1666000000.0,0.0,716500000.0,716500000.0,716500000.0,-317100000.0,0.0,0.032,4260200000.0,977500000.0,805000000,,,,,473000000,0.0,6.976,,,2450900000,7639500000,22109700000.0,22109700000.0,0.0,,,,0.059,0.0,1866200000.0,1.0,,,,,43326400000,426200000,345400000.0,200600000,,11050200000
