None,ticker,dimension,calendardate,datekey,reportperiod,lastupdated,accoci,assets,assetsavg,assetsc,assetsnc,assetturnover,bvps,capex,cashneq,cashnequsd,cor,consolinc,currentratio,de,debt,debtc,debtnc,debtusd,deferredrev,depamor,deposits,divyield,dps,ebit,ebitda,ebitdamargin,ebitdausd,ebitusd,ebt,eps,epsdil,epsusd,equity,equityavg,equityusd,ev,evebit,evebitda,fcf,fcfps,fxusd,gp,grossmargin,intangibles,intexp,invcap,invcapavg,inventory,investments,investmentsc,investmentsnc,liabilities,liabilitiesc,liabilitiesnc,marketcap,ncf,ncfbus,ncfcommon,ncfdebt,ncfdiv,ncff,ncfi,ncfinv,ncfo,ncfx,netinc,netinccmn,netinccmnusd,netincdis,netincnci,netmargin,opex,opinc,payables,payoutratio,pb,pe,pe1,ppnenet,prefdivis,price,ps,ps1,receivables,retearn,revenue,revenueusd,rnd,roa,roe,roic,ros,sbcomp,sgna,sharefactor,sharesbas,shareswa,shareswadil,sps,tangibles,taxassets,taxexp,taxliabilities,tbvps,workingcapital
0,AET,MRY,2017-12-31,2017-12-31,2017-12-31,2018-10-30,-1244000000.0,55151000000.0,56399750000.0,15523000000.0,39628000000.0,1.073,47.777,-410000000.0,4076000000.0,4076000000.0,44628000000.0,1905000000.0,0.922,2.523,9159000000.0,999000000.0,8160000000.0,9159000000.0,654000000.0,705000000.0,0.0,0.01,1.75,3433000000.0,4138000000.0,0.068,4138000000.0,3433000000.0,2991000000.0,5.71,5.68,5.71,15580000000.0,15207000000.0,15580000000.0,63056179000.0,18.0,15.238,-874000000.0,-2.68,1.0,15907000000.0,0.263,11751000000.0,442000000.0,31646000000.0,30649500000.0,0.0,20073000000.0,2280000000.0,17793000000.0,39314000000.0,16837000000.0,22477000000.0,58825179000.0,-13920000000.0,1366000000.0,-3845000000.0,-11746000000.0,-583000000.0,-16186000000.0,2730000000.0,1774000000.0,-464000000.0,0.0,1904000000.0,1904000000.0,1904000000.0,0.0,1000000.0,0.031,12336000000.0,3571000000.0,0.0,0.306,3.776,30.896,31.592,586000000.0,0.0,180.39,0.972,0.972,9444000000.0,12118000000.0,60535000000.0,60535000000.0,0.0,0.034,0.125,0.112,0.057,187000000.0,12064000000.0,1.0,326100000.0,326100000.0,,185.633,43400000000.0,560000000.0,1087000000.0,0.0,133.088,-1314000000.0
1,AET,MRY,2016-12-31,2016-12-31,2016-12-31,2018-10-30,-1552000000.0,69146000000.0,67013575000.0,28449000000.0,40697000000.0,0.942,50.958,-270000000.0,17996000000.0,17996000000.0,46356000000.0,2256000000.0,1.522,2.864,20661000000.0,1634000000.0,19027000000.0,20661000000.0,556000000.0,681000000.0,0.0,0.008,1.0,4610000000.0,5291000000.0,0.084,5291000000.0,4610000000.0,4006000000.0,6.46,6.41,6.46,17881000000.0,17672200000.0,17881000000.0,45111109000.0,10.0,8.526,3449000000.0,9.829,1.0,16799000000.0,0.266,12079000000.0,604000000.0,41038000000.0,39243250000.0,0.0,24879000000.0,3046000000.0,21833000000.0,51203000000.0,18694000000.0,32509000000.0,43515109000.0,15472000000.0,0.0,0.0,12886000000.0,-351000000.0,12134000000.0,-381000000.0,-111000000.0,3719000000.0,0.0,2271000000.0,2271000000.0,2271000000.0,0.0,-15000000.0,0.036,12332000000.0,4467000000.0,0.0,0.155,2.434,19.161,19.197,587000000.0,0.0,124.01,0.689,0.689,5599000000.0,14717000000.0,63155000000.0,63155000000.0,0.0,0.034,0.129,0.117,0.073,191000000.0,12085000000.0,1.0,350900000.0,350900000.0,,179.98,57067000000.0,44000000.0,1735000000.0,4000000.0,162.63,9755000000.0
2,AET,MRY,2015-12-31,2015-12-31,2015-12-31,2018-10-30,-1330000000.0,53509000000.0,54295975000.0,12725000000.0,40784000000.0,1.111,46.212,-363000000.0,2524000000.0,2524000000.0,43833000000.0,2395000000.0,0.815,2.317,7785000000.0,0.0,7785000000.0,7785000000.0,676000000.0,671000000.0,0.0,0.009,1.0,4600000000.0,5271000000.0,0.087,5271000000.0,4600000000.0,4231000000.0,6.84,6.78,6.84,16114000000.0,15610500000.0,16114000000.0,43738944000.0,10.0,8.298,3503000000.0,10.046,1.0,16504000000.0,0.274,12325000000.0,369000000.0,30836000000.0,32125050000.0,0.0,24680000000.0,3015000000.0,21665000000.0,37330000000.0,15609000000.0,21721000000.0,37701444000.0,1104000000.0,-20000000.0,-296000000.0,-931000000.0,-349000000.0,-1735000000.0,-1027000000.0,-644000000.0,3866000000.0,0.0,2390000000.0,2390000000.0,2390000000.0,0.0,5000000.0,0.04,11899000000.0,4605000000.0,0.0,0.146,2.34,15.775,15.807,630000000.0,0.0,108.12,0.625,0.625,4911000000.0,12797000000.0,60337000000.0,60337000000.0,0.0,0.044,0.153,0.143,0.076,181000000.0,11644000000.0,1.0,348700000.0,348700000.0,,173.034,41184000000.0,261000000.0,1841000000.0,177000000.0,118.107,-2884000000.0
3,AET,MRY,2014-12-31,2014-12-31,2014-12-31,2018-10-30,-1111300000.0,53402100000.0,52926850000.0,11764000000.0,41638100000.0,1.096,41.179,-370000000.0,1420400000.0,1420400000.0,42912000000.0,2045000000.0,0.766,2.683,8581300000.0,729300000.0,7852000000.0,8581300000.0,519500000.0,629000000.0,0.0,0.01,0.9,3830000000.0,4459000000.0,0.077,4459000000.0,3830000000.0,3496000000.0,5.74,5.68,5.74,14482600000.0,14600800000.0,14482600000.0,37447811000.0,10.0,8.398,3003000000.0,8.539,1.0,15091000000.0,0.26,12561500000.0,334000000.0,32645000000.0,32215550000.0,0.0,24789100000.0,2595200000.0,22193900000.0,38850300000.0,15356500000.0,23493800000.0,31241511000.0,8000000.0,-440000000.0,-1218000000.0,386000000.0,-321000000.0,-1235000000.0,-2130000000.0,-1320000000.0,3373000000.0,0.0,2041000000.0,2041000000.0,2041000000.0,0.0,4000000.0,0.035,11076000000.0,4015000000.0,0.0,0.157,2.157,15.307,15.476,669800000.0,0.0,88.83,0.539,0.539,4440300000.0,11051700000.0,58003000000.0,58003000000.0,0.0,0.039,0.14,0.119,0.066,163000000.0,10833000000.0,1.0,351700000.0,351700000.0,,164.922,40840600000.0,815700000.0,1455000000.0,867500000.0,116.123,-3592500000.0
4,AET,MRY,2013-12-31,2013-12-31,2013-12-31,2018-10-30,-912100000.0,49764800000.0,47816300000.0,9611900000.0,40152900000.0,0.989,38.165,-479100000.0,1412300000.0,1412300000.0,35246400000.0,1911900000.0,0.771,2.544,8252600000.0,387300000.0,7865300000.0,8252600000.0,458700000.0,569100000.0,0.0,0.012,0.8,3275900000.0,3845000000.0,0.081,3845000000.0,3275900000.0,2942200000.0,5.38,5.33,5.38,14025500000.0,12943725000.0,14025500000.0,31390725000.0,10.0,8.164,1799600000.0,4.897,1.0,12048200000.0,0.255,12321600000.0,333700000.0,31810500000.0,30927325000.0,0.0,23791400000.0,2856400000.0,20935000000.0,35686600000.0,12473000000.0,23213600000.0,25206825000.0,-1166900000.0,-1644300000.0,-1407700000.0,0.0,-278700000.0,-1525800000.0,-1919800000.0,203600000.0,2278700000.0,0.0,1913600000.0,1913600000.0,1913600000.0,0.0,-1700000.0,0.04,8860000000.0,3188200000.0,0.0,0.149,1.797,13.172,12.749,721900000.0,0.0,68.59,0.533,0.533,3894700000.0,10555400000.0,47294600000.0,47294600000.0,0.0,0.04,0.148,0.106,0.069,127100000.0,8645400000.0,1.0,367500000.0,367500000.0,,128.693,37443200000.0,590700000.0,1028600000.0,864200000.0,101.886,-2861100000.0
5,AET,MRY,2012-12-31,2012-12-31,2012-12-31,2018-10-30,-1033400000.0,41494500000.0,40030425000.0,8244400000.0,33250100000.0,0.914,31.109,-338200000.0,2579200000.0,2579200000.0,26680400000.0,1659800000.0,0.976,2.985,6481300000.0,0.0,6481300000.0,6481300000.0,403500000.0,449900000.0,0.0,0.015,0.7,2814200000.0,3264100000.0,0.089,3264100000.0,2814200000.0,2545400000.0,4.87,4.81,4.87,10405800000.0,10464350000.0,10405800000.0,19538095000.0,7.0,5.986,1486700000.0,4.445,1.0,9919400000.0,0.271,7033100000.0,268800000.0,29915500000.0,28184800000.0,0.0,21967200000.0,2269000000.0,19698200000.0,31065300000.0,8448000000.0,22617300000.0,15490695000.0,1899500000.0,-8600000.0,-1417500000.0,1961700000.0,-239100000.0,305900000.0,-231300000.0,115500000.0,1824900000.0,0.0,1657900000.0,1657900000.0,1657900000.0,0.0,1900000.0,0.045,7018400000.0,2901000000.0,0.0,0.144,1.489,9.344,9.509,540000000.0,0.0,46.31,0.423,0.423,2489500000.0,10343900000.0,36599800000.0,36599800000.0,0.0,0.041,0.158,0.1,0.077,122200000.0,6876400000.0,1.0,334500000.0,334500000.0,,109.416,34461400000.0,566400000.0,887500000.0,473500000.0,103.024,-203600000.0
6,AET,MRY,2011-12-31,2011-12-31,2011-12-31,2018-10-30,-1189200000.0,38593100000.0,38326700000.0,5890000000.0,32703100000.0,0.881,27.933,-372000000.0,679700000.0,679700000.0,23531200000.0,1986900000.0,0.691,2.813,4403600000.0,425900000.0,3977700000.0,4403600000.0,369700000.0,447200000.0,0.0,0.011,0.45,3324700000.0,3771900000.0,0.112,3771900000.0,3324700000.0,3077800000.0,5.33,5.22,5.33,10120200000.0,10318900000.0,10120200000.0,17754637000.0,5.0,4.707,2139100000.0,5.904,1.0,10251000000.0,0.303,7162500000.0,246900000.0,26632300000.0,26198050000.0,0.0,20295000000.0,2211800000.0,18083200000.0,28472900000.0,8522200000.0,19950700000.0,15285437000.0,-1187900000.0,-1555700000.0,-1813000000.0,6000000.0,-167200000.0,-1818800000.0,-1880200000.0,47500000.0,2511100000.0,0.0,1985700000.0,1985700000.0,1985700000.0,0.0,1200000.0,0.059,6925100000.0,3325900000.0,0.0,0.084,1.51,7.698,7.916,556900000.0,0.0,42.19,0.452,0.452,2384600000.0,10346600000.0,33782200000.0,33782200000.0,0.0,0.052,0.192,0.127,0.098,141400000.0,6804400000.0,1.0,362300000.0,362300000.0,,93.244,31430600000.0,549100000.0,1092100000.0,208800000.0,86.753,-2632200000.0
7,AET,MRY,2010-12-31,2010-12-31,2010-12-31,2018-10-30,-1162600000.0,37739400000.0,38552650000.0,6994200000.0,30745200000.0,0.888,24.721,-288700000.0,1867600000.0,1867600000.0,24733000000.0,1766800000.0,0.801,2.816,4382500000.0,899900000.0,3482600000.0,4382500000.0,318700000.0,444400000.0,0.0,0.001,0.04,2898800000.0,3343200000.0,0.098,3343200000.0,2898800000.0,2644200000.0,4.25,4.18,4.25,9890800000.0,10039400000.0,9890800000.0,15028951000.0,5.0,4.495,1123400000.0,2.808,1.0,9513000000.0,0.278,5641900000.0,254600000.0,25875500000.0,26229500000.0,0.0,19926600000.0,2380300000.0,17546300000.0,27848600000.0,8736900000.0,19111700000.0,12207051000.0,664000000.0,-100000.0,-1606000000.0,217000000.0,-16100000.0,-1382600000.0,634500000.0,923300000.0,1412100000.0,0.0,1766800000.0,1766800000.0,1766800000.0,0.0,0.0,0.052,6614200000.0,2898800000.0,0.0,0.009,1.234,6.909,7.179,529300000.0,0.0,30.51,0.356,0.356,2314600000.0,10401900000.0,34246000000.0,34246000000.0,0.0,0.046,0.176,0.111,0.085,110400000.0,6519000000.0,1.0,400100000.0,400100000.0,,85.594,32097500000.0,567000000.0,877400000.0,0.0,80.224,-1742700000.0
8,AET,MRY,2009-12-31,2009-12-31,2009-12-31,2018-10-30,-1223000000.0,38550400000.0,37356700000.0,6883000000.0,31667400000.0,0.931,21.923,-362000000.0,1203600000.0,1203600000.0,26139300000.0,1276500000.0,0.823,3.056,4120300000.0,480800000.0,3639500000.0,4120300000.0,306400000.0,416000000.0,0.0,0.001,0.04,2144600000.0,2560600000.0,0.074,2560600000.0,2144600000.0,1901200000.0,2.89,2.84,2.89,9503800000.0,9071225000.0,9503800000.0,15660850000.0,7.0,6.116,2126300000.0,4.905,1.0,8624800000.0,0.248,5736900000.0,243400000.0,27370300000.0,25873125000.0,0.0,20183800000.0,3132700000.0,17051100000.0,29046600000.0,8359900000.0,20686700000.0,13741950000.0,24100000.0,-75100000.0,-773000000.0,266100000.0,-17300000.0,-464500000.0,-1999700000.0,-1562600000.0,2488300000.0,0.0,1276500000.0,1276500000.0,1276500000.0,0.0,0.0,0.037,6480200000.0,2144600000.0,0.0,0.014,1.446,10.765,10.969,551000000.0,0.0,31.7,0.395,0.395,2244000000.0,10256700000.0,34764100000.0,34764100000.0,0.0,0.034,0.141,0.083,0.062,90700000.0,6383000000.0,1.0,433500000.0,433500000.0,,80.194,32813500000.0,806300000.0,624700000.0,0.0,75.694,-1476900000.0
9,AET,MRY,2008-12-31,2008-12-31,2008-12-31,2018-10-30,-1881300000.0,35852500000.0,37741450000.0,4918400000.0,30934100000.0,0.82,17.754,-446600000.0,1179500000.0,1179500000.0,22724200000.0,1384100000.0,0.651,3.38,3854000000.0,215700000.0,3638300000.0,3854000000.0,238600000.0,378300000.0,0.0,0.001,0.04,2410600000.0,2788900000.0,0.09,2788900000.0,2410600000.0,2174200000.0,2.91,2.83,2.91,8186400000.0,9267600000.0,8186400000.0,16397250000.0,7.0,5.879,1760300000.0,3.818,1.0,8226500000.0,0.266,5753000000.0,236400000.0,25219200000.0,26440125000.0,0.0,17619000000.0,1455600000.0,16163400000.0,27666100000.0,7554800000.0,20111300000.0,13141350000.0,-74500000.0,0.0,-1787700000.0,570400000.0,-18400000.0,-1208100000.0,-1073300000.0,-626700000.0,2206900000.0,0.0,1384100000.0,1384100000.0,1384100000.0,0.0,0.0,0.045,5859700000.0,2366800000.0,0.0,0.014,1.605,9.495,9.794,467500000.0,0.0,28.5,0.425,0.425,2181000000.0,9716500000.0,30950700000.0,30950700000.0,0.0,0.037,0.149,0.091,0.078,95700000.0,5751500000.0,1.0,461100000.0,461100000.0,,67.124,30099500000.0,1245100000.0,790100000.0,0.0,65.278,-2636400000.0
10,AET,MRY,2007-12-31,2007-12-31,2007-12-31,2018-10-30,-288400000.0,50724700000.0,49749075000.0,5266400000.0,45458300000.0,0.555,20.061,-400400000.0,1254000000.0,1254000000.0,19542900000.0,1831000000.0,0.686,4.053,3269200000.0,130700000.0,3138500000.0,3269200000.0,198400000.0,321500000.0,0.0,0.001,0.04,2977000000.0,3298500000.0,0.12,3298500000.0,2977000000.0,2796400000.0,3.6,3.47,3.6,10038400000.0,9702275000.0,10038400000.0,30733892000.0,10.0,9.318,1665100000.0,3.328,1.0,8056700000.0,0.292,5861400000.0,180600000.0,39203800000.0,38014325000.0,0.0,19034000000.0,1993900000.0,17040100000.0,40686300000.0,7674700000.0,33011600000.0,28888092000.0,374000000.0,-572200000.0,-1695600000.0,749400000.0,-20000000.0,-653700000.0,-1037800000.0,-65200000.0,2065500000.0,0.0,1831000000.0,1831000000.0,1831000000.0,0.0,0.0,0.066,5144000000.0,2912700000.0,0.0,0.011,2.878,15.777,16.036,364000000.0,0.0,57.73,1.047,1.047,2162100000.0,10138000000.0,27599600000.0,27599600000.0,0.0,0.037,0.189,0.078,0.108,89400000.0,5046400000.0,1.0,500400000.0,500400000.0,,55.155,44863300000.0,321700000.0,965400000.0,146400000.0,89.655,-2408300000.0
11,AET,MRY,2006-12-31,2006-12-31,2006-12-31,2018-10-30,-625700000.0,47626400000.0,46599075000.0,4638100000.0,42988300000.0,0.54,17.519,-290500000.0,880000000.0,880000000.0,17620000000.0,1701700000.0,0.653,4.208,2487300000.0,45000000.0,2442300000.0,2487300000.0,185600000.0,270400000.0,0.0,0.001,0.04,2751000000.0,3021400000.0,0.12,3021400000.0,2751000000.0,2602700000.0,3.12,2.99,3.12,9145100000.0,9802825000.0,9145100000.0,23769160000.0,9.0,7.867,1397800000.0,2.678,1.0,7525700000.0,0.299,5295200000.0,148300000.0,36835500000.0,35010500000.0,0.0,18941400000.0,2062300000.0,16879100000.0,38481300000.0,7103000000.0,31378300000.0,22539960000.0,-312600000.0,-160900000.0,-2322500000.0,873900000.0,-20800000.0,-1447600000.0,-553300000.0,-101900000.0,1688300000.0,0.0,1701700000.0,1701700000.0,1701700000.0,-16100000.0,0.0,0.068,4906200000.0,2619500000.0,0.0,0.013,2.465,13.246,13.84,283600000.0,0.0,43.18,0.896,0.896,2000600000.0,9404600000.0,25145700000.0,25145700000.0,0.0,0.037,0.174,0.079,0.109,73700000.0,4820600000.0,1.0,522000000.0,522000000.0,,48.172,42331200000.0,463200000.0,901000000.0,42600000.0,81.094,-2464900000.0
12,AET,MRY,2005-12-31,2005-12-31,2005-12-31,2018-10-30,50300000.0,44433300000.0,43203075000.0,18234700000.0,26198600000.0,0.521,17.812,-271600000.0,1192600000.0,1192600000.0,15472400000.0,1573300000.0,2.394,3.361,1605700000.0,450000000.0,1155700000.0,1605700000.0,156900000.0,204400000.0,0.0,0.0,0.02,2576100000.0,2780500000.0,0.124,2780500000.0,2576100000.0,2453300000.0,2.72,2.6,2.72,10188700000.0,9498200000.0,10188700000.0,27546578925.0,11.0,9.907,1448700000.0,2.533,1.0,7019500000.0,0.312,5248100000.0,122800000.0,31981500000.0,31314225000.0,0.0,19047600000.0,15717500000.0,3330100000.0,34244600000.0,7616800000.0,26627800000.0,26973678925.0,-203400000.0,-1107600000.0,-1650000000.0,0.0,-11400000.0,-1213600000.0,-710100000.0,669100000.0,1720300000.0,0.0,1573300000.0,1573300000.0,1573300000.0,0.0,0.0,0.07,4510100000.0,2509400000.0,0.0,0.007,2.647,17.145,17.336,272800000.0,0.0,47.155,1.199,1.199,1859600000.0,7723700000.0,22491900000.0,22491900000.0,0.0,0.036,0.166,0.082,0.115,94100000.0,4452700000.0,1.0,572021608.0,572021608.0,,39.32,39185200000.0,68700000.0,880000000.0,47100000.0,68.503,10617900000.0
13,AET,MRY,2004-12-31,2004-12-31,2004-12-31,2018-10-30,-266700000.0,42133700000.0,41448300000.0,19516200000.0,22617500000.0,0.48,15.376,-190300000.0,1396000000.0,1396000000.0,13829200000.0,2154800000.0,2.784,3.64,1609700000.0,0.0,1609700000.0,1609700000.0,121800000.0,182200000.0,0.0,0.0,0.01,2894700000.0,3076900000.0,0.155,3076900000.0,2894700000.0,2790000000.0,3.56,3.43,3.56,9081400000.0,8662375000.0,9081400000.0,18667020308.0,6.0,6.067,1093600000.0,1.852,1.0,6074900000.0,0.305,4148100000.0,104700000.0,31188000000.0,30638750000.0,0.0,19690500000.0,16624200000.0,3066300000.0,33052300000.0,7011300000.0,26041000000.0,18419620308.0,-37400000.0,-9500000.0,-1493000000.0,0.0,-5900000.0,-1388700000.0,67400000.0,267200000.0,1283900000.0,0.0,2154800000.0,2154800000.0,2154800000.0,-1030000000.0,0.0,0.108,4210200000.0,1864700000.0,0.0,0.003,2.028,8.548,8.761,233600000.0,0.0,31.188,0.925,0.925,1743100000.0,6546400000.0,19904100000.0,19904100000.0,0.0,0.052,0.249,0.094,0.145,138900000.0,4167700000.0,1.0,590609068.0,590609068.0,,33.701,37985600000.0,722800000.0,635200000.0,0.0,64.316,12504900000.0
14,AET,MRY,2003-12-31,2003-12-31,2003-12-31,2018-10-30,-137600000.0,40950200000.0,40703425000.0,19556800000.0,21393400000.0,0.442,12.984,-210800000.0,1433400000.0,1433400000.0,12226600000.0,933800000.0,2.654,4.168,1613700000.0,0.0,1613700000.0,1613700000.0,203700000.0,199600000.0,0.0,0.001,0.01,1544500000.0,1744100000.0,0.097,1744100000.0,1544500000.0,1441600000.0,1.53,1.48,1.53,7924000000.0,7671350000.0,7924000000.0,10157028901.0,7.0,5.824,159800000.0,0.262,1.0,5749800000.0,0.32,4175600000.0,102900000.0,29587400000.0,28895075000.0,0.0,19606200000.0,16731600000.0,2874600000.0,33026200000.0,7367500000.0,25658700000.0,10310628901.0,-369500000.0,-53500000.0,-445200000.0,0.0,-6100000.0,-575700000.0,-164400000.0,99900000.0,370600000.0,0.0,933800000.0,933800000.0,933800000.0,0.0,0.0,0.052,4205300000.0,1544500000.0,0.0,0.007,1.301,11.042,11.042,267500000.0,0.0,16.895,0.574,0.574,1910700000.0,4307200000.0,17976400000.0,17976400000.0,0.0,0.023,0.122,0.053,0.086,0.0,4154500000.0,1.0,610276940.0,610276940.0,,29.456,36774600000.0,613600000.0,507800000.0,154700000.0,60.259,12189300000.0
15,AET,MRY,2002-12-31,2002-12-31,2002-12-31,2018-10-30,-161600000.0,40047500000.0,39468325000.0,19459300000.0,20588200000.0,0.504,11.592,-155500000.0,1802900000.0,1802900000.0,14698300000.0,-2522500000.0,2.521,4.737,1633200000.0,0.0,1633200000.0,1633200000.0,184100000.0,170700000.0,0.0,0.001,0.01,-2251400000.0,-2080700000.0,-0.105,-2080700000.0,-2251400000.0,-2370900000.0,-4.235,-4.122,-4.235,6980000000.0,7246025000.0,6980000000.0,5979340081.0,-3.0,-2.874,150900000.0,0.251,1.0,5180400000.0,0.261,4165300000.0,119500000.0,27993700000.0,27795800000.0,0.0,19558500000.0,16288700000.0,3269800000.0,33067500000.0,7718800000.0,25348700000.0,6190240081.0,404700000.0,0.0,-165200000.0,-109700000.0,-6000000.0,-512400000.0,610700000.0,766200000.0,306400000.0,0.0,-2522500000.0,-2522500000.0,-2522500000.0,-50000000.0,0.0,-0.127,4524400000.0,656000000.0,0.0,-0.002,0.887,-2.454,-2.427,244800000.0,0.0,10.28,0.311,0.311,1930000000.0,3379500000.0,19878700000.0,19878700000.0,0.0,-0.064,-0.348,-0.081,-0.113,0.0,4232600000.0,1.0,602163432.0,602163432.0,,33.012,35882200000.0,783800000.0,151600000.0,322500000.0,59.589,11740500000.0
16,AET,MRY,2001-12-31,2001-12-31,2001-12-31,2018-10-30,428200000.0,43196700000.0,45062500000.0,18692800000.0,24503900000.0,0.559,17.251,-142600000.0,1398200000.0,1398200000.0,20397100000.0,-279600000.0,2.4,3.368,1701000000.0,109700000.0,1591300000.0,1701000000.0,208000000.0,379100000.0,0.0,0.001,0.01,-224000000.0,155100000.0,0.006,155100000.0,-224000000.0,-366800000.0,-0.487,-0.487,-0.487,9890300000.0,10043175000.0,9890300000.0,4935007545.0,-22.0,31.818,-176600000.0,-0.308,1.0,4793700000.0,0.19,7286800000.0,142800000.0,28425400000.0,29415325000.0,0.0,19125000000.0,15661600000.0,3463400000.0,33306400000.0,7787300000.0,25519100000.0,4728407545.0,-254300000.0,0.0,-95600000.0,83600000.0,-5700000.0,-544200000.0,323900000.0,466500000.0,-34000000.0,0.0,-279600000.0,-279600000.0,-279600000.0,-11400000.0,0.0,-0.011,5029600000.0,-235900000.0,0.0,-0.021,0.478,-16.911,-16.935,327000000.0,0.0,8.248,0.188,0.188,2370400000.0,5908000000.0,25190800000.0,25190800000.0,0.0,-0.006,-0.028,-0.008,-0.009,0.0,2290400000.0,1.0,573314040.0,573314040.0,,43.939,35909900000.0,474600000.0,-87200000.0,147400000.0,62.636,10905500000.0
17,AET,MRY,2000-12-31,2000-12-31,2000-12-31,2018-10-30,354300000.0,47673000000.0,50170300000.0,19767500000.0,27905500000.0,0.535,17.604,-36900000.0,1652500000.0,1652500000.0,21037600000.0,127100000.0,1.976,3.707,1592200000.0,1592200000.0,0.0,1592200000.0,274700000.0,395000000.0,0.0,0.017,0.175,463700000.0,858700000.0,0.032,858700000.0,463700000.0,215500000.0,0.225,0.225,0.225,10127100000.0,10415150000.0,10127100000.0,8095456550.0,17.0,9.428,1489700000.0,2.59,1.0,5781300000.0,0.216,7703400000.0,248200000.0,29905900000.0,32801150000.0,0.0,19262500000.0,15864300000.0,3398200000.0,37545900000.0,10003400000.0,27542500000.0,5905256550.0,-372200000.0,0.0,0.0,-132800000.0,0.0,-1503600000.0,1035800000.0,1090500000.0,1526600000.0,0.0,127100000.0,127100000.0,127100000.0,0.0,0.0,0.005,5572100000.0,209200000.0,0.0,0.778,0.583,46.461,45.622,390000000.0,0.0,10.265,0.22,0.22,2892900000.0,6193300000.0,26818900000.0,26818900000.0,0.0,0.003,0.012,0.014,0.017,0.0,2328700000.0,1.0,575280716.0,575280716.0,,46.619,39969600000.0,407300000.0,88400000.0,297800000.0,69.478,9764100000.0
18,AET,MRY,1999-12-31,1999-12-31,1999-12-31,2018-10-30,-390900000.0,52667600000.0,53011400000.0,20898300000.0,31769300000.0,0.417,,-58100000.0,1628700000.0,1628700000.0,16872000000.0,716500000.0,1.989,3.921,3818900000.0,1725000000.0,2093900000.0,3818900000.0,473600000.0,517000000.0,0.0,0.029,0.2,1294600000.0,1811600000.0,0.082,1811600000.0,1294600000.0,1061900000.0,0.55,0.545,0.55,10703200000.0,11066350000.0,10703200000.0,,,,1607900000.0,,1.0,5237700000.0,0.237,8655000000.0,232700000.0,35696400000.0,36686950000.0,0.0,19884200000.0,16863600000.0,3020600000.0,41964400000.0,10506400000.0,31458000000.0,,231200000.0,-299700000.0,0.0,501700000.0,0.0,-1209900000.0,-155100000.0,1681800000.0,1666000000.0,0.0,716500000.0,716500000.0,716500000.0,0.0,0.0,0.032,4260200000.0,977500000.0,0.0,0.364,,,12.684,473000000.0,0.0,6.976,,,3012100000.0,7639500000.0,22109700000.0,22109700000.0,0.0,0.014,0.065,0.035,0.059,0.0,1866200000.0,1.0,,,,,44012600000.0,511200000.0,345400000.0,285600000.0,,10391900000.0
19,AET,MRY,1998-12-31,1998-12-31,1998-12-31,2018-10-30,370100000.0,53355200000.0,,21267900000.0,32087300000.0,,,-85900000.0,1101000000.0,1101000000.0,12308900000.0,846800000.0,2.377,3.644,2963400000.0,1370100000.0,1593300000.0,2963400000.0,312300000.0,466900000.0,0.0,0.02,0.2,1444600000.0,1911500000.0,0.115,1911500000.0,1444600000.0,1238400000.0,0.688,0.682,0.688,11429500000.0,,11429500000.0,,,,721500000.0,,1.0,4280100000.0,0.258,8593500000.0,206200000.0,37677500000.0,,0.0,21583600000.0,18207900000.0,3375700000.0,41650700000.0,8946600000.0,32704100000.0,,-27600000.0,-971800000.0,0.0,990800000.0,0.0,-632800000.0,-130200000.0,1788200000.0,807400000.0,0.0,846800000.0,846800000.0,846800000.0,0.0,0.0,0.051,3231900000.0,1048200000.0,476300000.0,0.291,,,14.284,413100000.0,0.0,9.828,,,2047000000.0,7577700000.0,16589000000.0,16589000000.0,0.0,,,,0.087,0.0,1320000000.0,1.0,,,,,44761700000.0,296300000.0,391600000.0,169100000.0,,12321300000.0
20,AET,MRY,1997-12-31,1997-12-31,1997-12-31,2018-10-30,,,,,,,,-43200000.0,,,10611600000.0,899500000.0,,,,,,,,400600000.0,,0.023,0.2,1567300000.0,1967900000.0,0.134,1967900000.0,1567300000.0,1353400000.0,,,,,,,,,,1230900000.0,,1.0,4062800000.0,0.277,,213900000.0,,,,,,,,,,,73400000.0,0.0,0.0,-64000000.0,0.0,-2292200000.0,1360700000.0,2511100000.0,1274100000.0,0.0,899500000.0,899500000.0,899500000.0,-373800000.0,0.0,0.061,2869300000.0,1193500000.0,,,,,,,0.0,8.82,,,,,14674400000.0,14674400000.0,0.0,,,,0.107,0.0,1343500000.0,,,,,,,,453900000.0,,,
0,AET,MRQ,2018-09-30,2018-09-30,2018-09-30,2018-10-30,-1813000000.0,57103000000.0,,19371000000.0,37732000000.0,,55.867,-117000000.0,6769000000.0,6769000000.0,11242000000.0,992000000.0,1.162,2.107,8157000000.0,375000000.0,7782000000.0,8157000000.0,749000000.0,136000000.0,0.0,0.01,0.5,1460000000.0,1596000000.0,0.103,1596000000.0,1460000000.0,1375000000.0,3.05,3.03,3.05,18291000000.0,,18291000000.0,67125090000.0,13.0,11.248,-817000000.0,-2.495,1.0,4242000000.0,0.274,11634000000.0,85000000.0,30187000000.0,,0.0,18560000000.0,2796000000.0,15764000000.0,38540000000.0,16670000000.0,21870000000.0,66413090000.0,-678000000.0,-1000000.0,0.0,0.0,-164000000.0,-175000000.0,197000000.0,315000000.0,-700000000.0,0.0,1000000000.0,1000000000.0,1000000000.0,0.0,-8000000.0,0.065,2790000000.0,1452000000.0,0.0,0.164,3.631,18.121,18.112,568000000.0,0.0,202.85,1.085,1.085,9944000000.0,15325000000.0,15484000000.0,15484000000.0,0.0,,,,,42000000.0,2742000000.0,1.0,327400000.0,327400000.0,,47.294,45469000000.0,127000000.0,375000000.0,83000000.0,138.879,2701000000.0
1,AET,MRQ,2018-06-30,2018-06-30,2018-06-30,2018-10-30,-1816000000.0,58316000000.0,,19625000000.0,38691000000.0,,53.204,-120000000.0,7447000000.0,7447000000.0,11061000000.0,1217000000.0,1.091,2.336,8159000000.0,375000000.0,7784000000.0,8159000000.0,2355000000.0,132000000.0,0.0,0.011,0.5,1749000000.0,1881000000.0,0.121,1881000000.0,1749000000.0,1661000000.0,3.7,3.67,3.7,17403000000.0,,17403000000.0,61306850000.0,12.0,10.416,924000000.0,2.825,1.0,4500000000.0,0.289,11681000000.0,88000000.0,29356000000.0,,0.0,18986000000.0,2611000000.0,16375000000.0,40645000000.0,17991000000.0,22654000000.0,60022850000.0,-428000000.0,-1000000.0,0.0,-1000000000.0,-163000000.0,-1176000000.0,-296000000.0,-175000000.0,1044000000.0,0.0,1212000000.0,1212000000.0,1212000000.0,0.0,5000000.0,0.078,2816000000.0,1684000000.0,0.0,0.135,3.449,17.135,17.166,574000000.0,0.0,183.5,0.988,0.988,9410000000.0,14489000000.0,15561000000.0,15561000000.0,0.0,,,,,44000000.0,2769000000.0,1.0,327100000.0,327100000.0,,47.573,46635000000.0,284000000.0,449000000.0,0.0,142.571,1634000000.0
2,AET,MRQ,2018-03-31,2018-03-31,2018-03-31,2018-10-30,-1729000000.0,59197000000.0,,20701000000.0,38496000000.0,,50.177,-99000000.0,7875000000.0,7875000000.0,10947000000.0,1219000000.0,1.051,2.594,9159000000.0,1374000000.0,7785000000.0,9159000000.0,2528000000.0,132000000.0,0.0,0.012,0.5,1544000000.0,1676000000.0,0.109,1676000000.0,1544000000.0,1455000000.0,3.69,3.67,3.69,16398000000.0,,16398000000.0,60312200000.0,11.0,9.871,3242000000.0,9.92,1.0,4388000000.0,0.286,11728000000.0,89000000.0,29060000000.0,,0.0,18930000000.0,2521000000.0,16409000000.0,42532000000.0,19693000000.0,22839000000.0,55229200000.0,3799000000.0,-6000000.0,0.0,0.0,-164000000.0,-226000000.0,684000000.0,789000000.0,3341000000.0,0.0,1209000000.0,1209000000.0,1209000000.0,0.0,10000000.0,0.079,2834000000.0,1554000000.0,0.0,0.136,3.368,15.807,15.928,577000000.0,0.0,169.0,0.91,0.91,9929000000.0,13440000000.0,15335000000.0,15335000000.0,0.0,,,,,39000000.0,2787000000.0,1.0,326800000.0,326800000.0,,46.925,47469000000.0,400000000.0,246000000.0,0.0,145.254,1008000000.0
3,AET,MRQ,2017-12-31,2017-12-31,2017-12-31,2018-10-30,-1244000000.0,55151000000.0,,15523000000.0,39628000000.0,,47.777,-109000000.0,4076000000.0,4076000000.0,11091000000.0,254000000.0,0.922,2.523,9159000000.0,999000000.0,8160000000.0,9159000000.0,654000000.0,206000000.0,0.0,0.01,0.5,609000000.0,815000000.0,0.055,815000000.0,609000000.0,516000000.0,0.76,0.76,0.76,15580000000.0,,15580000000.0,63056179000.0,18.0,15.238,-2797000000.0,-8.577,1.0,3762000000.0,0.253,11751000000.0,93000000.0,31646000000.0,,0.0,20073000000.0,2280000000.0,17793000000.0,39314000000.0,16837000000.0,22477000000.0,58825179000.0,-1852000000.0,1390000000.0,0.0,-1000000000.0,-163000000.0,-1225000000.0,2061000000.0,780000000.0,-2688000000.0,0.0,244000000.0,244000000.0,244000000.0,0.0,10000000.0,0.016,3143000000.0,619000000.0,0.0,0.658,3.776,30.896,31.592,586000000.0,0.0,180.39,0.972,0.972,9444000000.0,12118000000.0,14853000000.0,14853000000.0,0.0,,,,,52000000.0,3047000000.0,1.0,326100000.0,326100000.0,,45.547,43400000000.0,560000000.0,272000000.0,0.0,133.088,-1314000000.0
4,AET,MRQ,2017-09-30,2017-09-30,2017-09-30,2018-10-30,-1161000000.0,57383000000.0,,16434000000.0,40949000000.0,,46.923,-121000000.0,5928000000.0,5928000000.0,10960000000.0,848000000.0,0.836,2.667,10159000000.0,1998000000.0,8161000000.0,10159000000.0,2046000000.0,160000000.0,0.0,0.009,0.5,1354000000.0,1514000000.0,0.101,1514000000.0,1354000000.0,1264000000.0,2.54,2.52,2.54,15583000000.0,,15583000000.0,58405221000.0,18.0,14.719,1411000000.0,4.249,1.0,4034000000.0,0.269,11956000000.0,90000000.0,30011000000.0,,0.0,24376000000.0,2869000000.0,21507000000.0,41565000000.0,19647000000.0,21918000000.0,52807221000.0,2354000000.0,-24000000.0,-545000000.0,988000000.0,-166000000.0,328000000.0,494000000.0,639000000.0,1532000000.0,0.0,838000000.0,838000000.0,838000000.0,0.0,10000000.0,0.056,2670000000.0,1364000000.0,0.0,0.197,3.389,29.354,29.23,581000000.0,0.0,159.01,0.86,0.86,5670000000.0,12037000000.0,14994000000.0,14994000000.0,0.0,,,,,41000000.0,2612000000.0,1.0,332100000.0,332100000.0,,45.149,45427000000.0,0.0,426000000.0,151000000.0,136.787,-3213000000.0
5,AET,MRQ,2017-06-30,2017-06-30,2017-06-30,2018-10-30,-1180000000.0,56714000000.0,,15501000000.0,41213000000.0,,46.44,-109000000.0,3574000000.0,3574000000.0,11116000000.0,1183000000.0,0.785,2.671,9172000000.0,1997000000.0,7175000000.0,9172000000.0,1989000000.0,179000000.0,0.0,0.008,0.5,1926000000.0,2105000000.0,0.136,2105000000.0,1926000000.0,1840000000.0,3.62,3.6,3.62,15404000000.0,,15404000000.0,55908011000.0,17.0,14.365,-316000000.0,-0.953,1.0,4407000000.0,0.284,11961000000.0,86000000.0,30611000000.0,,0.0,24887000000.0,2934000000.0,21953000000.0,41139000000.0,19740000000.0,21399000000.0,50362011000.0,-303000000.0,0.0,0.0,-250000000.0,-166000000.0,-327000000.0,231000000.0,340000000.0,-207000000.0,0.0,1203000000.0,1203000000.0,1203000000.0,0.0,-20000000.0,0.077,2610000000.0,1797000000.0,0.0,0.138,3.269,32.18,32.864,570000000.0,0.0,151.83,0.81,0.81,6636000000.0,12568000000.0,15523000000.0,15523000000.0,0.0,,,,,40000000.0,2552000000.0,1.0,331700000.0,331700000.0,,46.798,44753000000.0,173000000.0,637000000.0,106000000.0,134.92,-4239000000.0
6,AET,MRQ,2017-03-31,2017-03-31,2017-03-31,2018-10-30,-1276000000.0,56351000000.0,,15018000000.0,41333000000.0,,40.549,-71000000.0,3877000000.0,3877000000.0,11461000000.0,-379000000.0,0.768,2.946,9423000000.0,1249000000.0,8174000000.0,9423000000.0,2078000000.0,160000000.0,0.0,0.008,0.25,-457000000.0,-297000000.0,-0.02,-297000000.0,-457000000.0,-630000000.0,-1.11,-1.11,-1.11,14261000000.0,,14261000000.0,47524335000.0,17.0,13.835,828000000.0,2.354,1.0,3704000000.0,0.244,12019000000.0,173000000.0,30330000000.0,,0.0,25001000000.0,3079000000.0,21922000000.0,42013000000.0,19548000000.0,22465000000.0,44859335000.0,-14119000000.0,0.0,-3300000000.0,-11484000000.0,-88000000.0,-14962000000.0,-56000000.0,15000000.0,899000000.0,0.0,-381000000.0,-381000000.0,-381000000.0,0.0,2000000.0,-0.025,3913000000.0,-209000000.0,0.0,-0.225,3.146,38.907,39.246,577000000.0,0.0,127.55,0.716,0.716,5828000000.0,11531000000.0,15165000000.0,15165000000.0,0.0,,,,,54000000.0,3853000000.0,1.0,351700000.0,351700000.0,,43.119,44332000000.0,168000000.0,-249000000.0,0.0,126.051,-4530000000.0
7,AET,MRQ,2016-12-31,2016-12-31,2016-12-31,2018-10-30,-1552000000.0,69146000000.0,,28449000000.0,40697000000.0,,50.958,-73000000.0,17996000000.0,17996000000.0,11595000000.0,128000000.0,1.522,2.864,20661000000.0,1634000000.0,19027000000.0,20661000000.0,556000000.0,170000000.0,0.0,0.008,0.25,476000000.0,646000000.0,0.041,646000000.0,476000000.0,286000000.0,0.39,0.39,0.39,17881000000.0,,17881000000.0,45111109000.0,10.0,8.526,-975000000.0,-2.779,1.0,4133000000.0,0.263,12079000000.0,190000000.0,41038000000.0,,0.0,24879000000.0,3046000000.0,21833000000.0,51203000000.0,18694000000.0,32509000000.0,43515109000.0,-1070000000.0,0.0,0.0,0.0,-89000000.0,-113000000.0,-55000000.0,18000000.0,-902000000.0,0.0,139000000.0,139000000.0,139000000.0,0.0,-11000000.0,0.009,3668000000.0,465000000.0,0.0,0.641,2.434,19.161,19.197,587000000.0,0.0,124.01,0.689,0.689,5599000000.0,14717000000.0,15728000000.0,15728000000.0,0.0,,,,,44000000.0,3608000000.0,1.0,350900000.0,350900000.0,,44.822,57067000000.0,44000000.0,147000000.0,4000000.0,162.63,9755000000.0
8,AET,MRQ,2016-09-30,2016-09-30,2016-09-30,2018-10-30,-1081600000.0,71882600000.0,,29943400000.0,41939200000.0,,52.12,-68000000.0,19066200000.0,19066200000.0,11627000000.0,597000000.0,1.549,2.928,20662200000.0,640100000.0,20022100000.0,20662200000.0,1843000000.0,168000000.0,0.0,0.009,0.25,1270000000.0,1438000000.0,0.091,1438000000.0,1270000000.0,1081000000.0,1.72,1.7,1.72,18283700000.0,,18283700000.0,44043460000.0,9.0,7.99,2343000000.0,6.679,1.0,4154000000.0,0.263,12139100000.0,189000000.0,42004000000.0,,0.0,25738300000.0,2982200000.0,22756100000.0,53538100000.0,19335500000.0,34202600000.0,40499860000.0,1947000000.0,0.0,0.0,0.0,-87000000.0,-102000000.0,-362000000.0,-294000000.0,2411000000.0,0.0,604000000.0,604000000.0,604000000.0,0.0,-7000000.0,0.038,2891000000.0,1263000000.0,0.0,0.145,2.215,16.513,16.54,597000000.0,0.0,115.45,0.648,0.648,5797600000.0,14666000000.0,15781000000.0,15781000000.0,0.0,,,,,46000000.0,2830000000.0,1.0,350800000.0,350800000.0,,44.986,59743500000.0,0.0,477000000.0,485600000.0,170.306,10607900000.0
9,AET,MRQ,2016-06-30,2016-06-30,2016-06-30,2018-10-30,-1092400000.0,70602000000.0,,29125300000.0,41476700000.0,,50.515,-74000000.0,17119400000.0,17119400000.0,11757000000.0,793000000.0,1.594,2.983,20663000000.0,643900000.0,20019100000.0,20663000000.0,582400000.0,174000000.0,0.0,0.008,0.25,1474000000.0,1648000000.0,0.103,1648000000.0,1474000000.0,1351000000.0,2.25,2.23,2.25,17710600000.0,,17710600000.0,46833278000.0,10.0,8.735,345000000.0,0.984,1.0,4196000000.0,0.263,12200500000.0,123000000.0,43671200000.0,,0.0,25404800000.0,2981800000.0,22423000000.0,52824300000.0,18273900000.0,34550400000.0,42818778000.0,13353000000.0,0.0,0.0,12886000000.0,-88000000.0,12721000000.0,213000000.0,287000000.0,419000000.0,0.0,791000000.0,791000000.0,791000000.0,0.0,2000000.0,0.05,2848000000.0,1348000000.0,0.0,0.111,2.418,17.777,17.803,605000000.0,0.0,122.13,0.695,0.695,6657100000.0,14149800000.0,15953000000.0,15953000000.0,0.0,,,,,47000000.0,2784000000.0,1.0,350600000.0,350600000.0,,45.502,58401500000.0,0.0,560000000.0,504500000.0,166.576,10851400000.0
10,AET,MRQ,2016-03-31,2016-03-31,2016-03-31,2018-10-30,-1254900000.0,56423700000.0,,15393600000.0,41030100000.0,,48.094,-55000000.0,3766400000.0,3766400000.0,11377000000.0,738000000.0,0.859,2.352,7780900000.0,398400000.0,7382500000.0,7780900000.0,716300000.0,169000000.0,0.0,0.009,0.25,1390000000.0,1559000000.0,0.099,1559000000.0,1390000000.0,1288000000.0,2.1,2.08,2.1,16813500000.0,,16813500000.0,44581260000.0,10.0,8.544,1736000000.0,4.966,1.0,4316000000.0,0.275,12263200000.0,102000000.0,30259800000.0,,0.0,25240000000.0,3127800000.0,22112200000.0,39545000000.0,17915200000.0,21629800000.0,39277560000.0,1242000000.0,0.0,0.0,0.0,-87000000.0,-372000000.0,-177000000.0,-122000000.0,1791000000.0,0.0,737000000.0,737000000.0,737000000.0,0.0,1000000.0,0.047,2925000000.0,1391000000.0,0.0,0.119,2.336,16.717,16.744,616100000.0,0.0,112.35,0.645,0.645,5611300000.0,13436400000.0,15693000000.0,15693000000.0,0.0,,,,,54000000.0,2863000000.0,1.0,349600000.0,349600000.0,,44.888,44160500000.0,0.0,551000000.0,508900000.0,126.317,-2521600000.0
11,AET,MRQ,2015-12-31,2015-12-31,2015-12-31,2018-10-30,-1330000000.0,53509000000.0,,12725000000.0,40784000000.0,,46.212,-76000000.0,2524000000.0,2524000000.0,11090600000.0,321700000.0,0.815,2.317,7785000000.0,0.0,7785000000.0,7785000000.0,676000000.0,172000000.0,0.0,0.009,0.25,695400000.0,867400000.0,0.058,867400000.0,695400000.0,583800000.0,0.91,0.91,0.91,16114000000.0,,16114000000.0,43738944000.0,10.0,8.298,1034400000.0,2.966,1.0,3958400000.0,0.263,12325000000.0,111600000.0,30836000000.0,,0.0,24680000000.0,3015000000.0,21665000000.0,37330000000.0,15609000000.0,21721000000.0,37701444000.0,727900000.0,600000.0,300000.0,-500000.0,-87500000.0,-111100000.0,-271400000.0,-196000000.0,1110400000.0,0.0,320600000.0,320600000.0,320600000.0,0.0,1100000.0,0.021,3261900000.0,696500000.0,0.0,0.275,2.34,15.775,15.807,630000000.0,0.0,108.12,0.625,0.625,4911000000.0,12797000000.0,15049000000.0,15049000000.0,0.0,,,,,42500000.0,3198900000.0,1.0,348700000.0,348700000.0,,43.157,41184000000.0,261000000.0,263200000.0,177000000.0,118.107,-2884000000.0
12,AET,MRQ,2015-09-30,2015-09-30,2015-09-30,2018-10-30,-1315500000.0,53478400000.0,,12347300000.0,41131100000.0,,45.522,-99200000.0,1796500000.0,1796500000.0,10938300000.0,562400000.0,0.815,2.366,7834000000.0,0.0,7834000000.0,7834000000.0,502700000.0,169000000.0,0.0,0.009,0.25,1118200000.0,1287200000.0,0.086,1287200000.0,1118200000.0,1020600000.0,1.6,1.59,1.6,15868800000.0,,15868800000.0,44854626000.0,10.0,8.825,927300000.0,2.66,1.0,4014700000.0,0.268,12388400000.0,97600000.0,31975400000.0,,0.0,24911200000.0,2843300000.0,22067900000.0,37545900000.0,15152100000.0,22393800000.0,38140326000.0,670700000.0,0.0,0.0,0.0,-87200000.0,-130400000.0,-225400000.0,-126200000.0,1026500000.0,0.0,560100000.0,560100000.0,560100000.0,0.0,2300000.0,0.037,2894200000.0,1120500000.0,0.0,0.156,2.403,16.571,16.577,629300000.0,0.0,109.41,0.635,0.635,5184500000.0,12563800000.0,14953000000.0,14953000000.0,0.0,,,,,41800000.0,2829100000.0,1.0,348600000.0,348600000.0,,42.894,41090000000.0,525000000.0,460500000.0,695200000.0,117.871,-2804800000.0
13,AET,MRQ,2015-06-30,2015-06-30,2015-06-30,2018-10-30,-1273100000.0,54641100000.0,,12982100000.0,41659000000.0,,44.12,-105500000.0,1125800000.0,1125800000.0,11035500000.0,734600000.0,0.822,2.543,7840100000.0,0.0,7840100000.0,7840100000.0,548800000.0,166000000.0,0.0,0.007,0.25,1338400000.0,1504400000.0,0.099,1504400000.0,1338400000.0,1258800000.0,2.1,2.08,2.1,15406600000.0,,15406600000.0,50736332000.0,12.0,10.096,150200000.0,0.43,1.0,4205400000.0,0.276,12458000000.0,79600000.0,33095900000.0,,0.0,25269600000.0,3089500000.0,22180100000.0,39173300000.0,15801500000.0,23371800000.0,44509032000.0,-790000000.0,-9700000.0,-100000000.0,-297000000.0,-87200000.0,-493700000.0,-552000000.0,-436800000.0,255700000.0,0.0,731800000.0,731800000.0,731800000.0,0.0,2800000.0,0.048,2864200000.0,1341200000.0,0.0,0.119,2.889,19.054,19.081,653200000.0,0.0,127.46,0.744,0.744,6099100000.0,12090600000.0,15240900000.0,15240900000.0,0.0,,,,,46900000.0,2800500000.0,1.0,349200000.0,349200000.0,,43.645,42183100000.0,548400000.0,527000000.0,704900000.0,120.799,-2819400000.0
14,AET,MRQ,2015-03-31,2015-03-31,2015-03-31,2018-10-30,-1033100000.0,55555400000.0,,13391300000.0,42164100000.0,,43.168,-82300000.0,1915800000.0,1915800000.0,10768600000.0,776300000.0,0.803,2.686,8143100000.0,297000000.0,7846100000.0,8143100000.0,627600000.0,164000000.0,0.0,0.009,0.25,1448000000.0,1612000000.0,0.107,1612000000.0,1448000000.0,1367800000.0,2.22,2.2,2.22,15052600000.0,,15052600000.0,44307911000.0,11.0,9.458,1391100000.0,3.989,1.0,4325500000.0,0.287,12521900000.0,80200000.0,32592900000.0,,0.0,25825700000.0,3238100000.0,22587600000.0,40436500000.0,16667900000.0,23768600000.0,37147011000.0,495400000.0,-10900000.0,-196300000.0,-633500000.0,-87100000.0,-999800000.0,21800000.0,115000000.0,1473400000.0,0.0,777500000.0,777500000.0,777500000.0,0.0,-1200000.0,0.052,2878700000.0,1446800000.0,0.0,0.113,2.468,17.254,17.407,662600000.0,0.0,106.53,0.629,0.629,5152800000.0,11546000000.0,15094100000.0,15094100000.0,0.0,,,,,49800000.0,2815500000.0,1.0,348700000.0,348700000.0,,43.287,43033500000.0,493100000.0,590300000.0,1236300000.0,123.411,-3276600000.0
15,AET,MRQ,2014-12-31,2014-12-31,2014-12-31,2018-10-30,-1111300000.0,53402100000.0,,11764000000.0,41638100000.0,,41.179,-108900000.0,1420400000.0,1420400000.0,11040500000.0,229600000.0,0.766,2.683,8581300000.0,729300000.0,7852000000.0,8581300000.0,519500000.0,161300000.0,0.0,0.01,0.225,517900000.0,679200000.0,0.046,679200000.0,517900000.0,431400000.0,0.68,0.67,0.68,14482600000.0,,14482600000.0,37447811000.0,10.0,8.398,185400000.0,0.527,1.0,3730500000.0,0.253,12561500000.0,86500000.0,32645000000.0,,0.0,24789100000.0,2595200000.0,22193900000.0,38850300000.0,15356500000.0,23493800000.0,31241511000.0,-286800000.0,-369300000.0,-243000000.0,783900000.0,-79400000.0,436600000.0,-1017700000.0,-529500000.0,294300000.0,0.0,232200000.0,232200000.0,232200000.0,0.0,-2600000.0,0.016,3126100000.0,604400000.0,0.0,0.331,2.157,15.307,15.476,669800000.0,0.0,88.83,0.539,0.539,4440300000.0,11051700000.0,14771000000.0,14771000000.0,0.0,,,,,38800000.0,3066700000.0,1.0,351700000.0,351700000.0,,41.999,40840600000.0,815700000.0,199200000.0,867500000.0,116.123,-3592500000.0
16,AET,MRQ,2014-09-30,2014-09-30,2014-09-30,2018-10-30,-730300000.0,53025600000.0,,11464900000.0,41560700000.0,,42.079,-71800000.0,1707100000.0,1707100000.0,10876100000.0,598800000.0,0.784,2.55,7913400000.0,307100000.0,7606300000.0,7913400000.0,554900000.0,156500000.0,0.0,0.011,0.225,1073200000.0,1229700000.0,0.083,1229700000.0,1073200000.0,992600000.0,1.68,1.67,1.68,14921200000.0,,14921200000.0,35187300000.0,9.0,7.709,915600000.0,2.582,1.0,3851700000.0,0.262,12229300000.0,80600000.0,32370000000.0,,0.0,25203800000.0,3332300000.0,21871500000.0,38043200000.0,14632600000.0,23410600000.0,28722600000.0,-53000000.0,0.0,-254900000.0,-300100000.0,-79600000.0,-653100000.0,-387300000.0,-325500000.0,987400000.0,0.0,594500000.0,594500000.0,594500000.0,0.0,4300000.0,0.04,2774200000.0,1077500000.0,0.0,0.134,1.925,13.189,13.388,668900000.0,0.0,81.0,0.509,0.509,4158800000.0,11150100000.0,14727800000.0,14727800000.0,0.0,,,,,43400000.0,2714700000.0,1.0,354600000.0,354600000.0,,41.534,40796300000.0,530900000.0,398100000.0,1033300000.0,115.049,-3167700000.0
17,AET,MRQ,2014-06-30,2014-06-30,2014-06-30,2018-10-30,-656100000.0,53160700000.0,,11647100000.0,41513600000.0,,41.119,-95500000.0,1760100000.0,1760100000.0,10840400000.0,547200000.0,0.78,2.614,8224800000.0,612400000.0,7612400000.0,8224800000.0,583800000.0,156500000.0,0.0,0.01,0.225,1007500000.0,1164000000.0,0.08,1164000000.0,1007500000.0,926200000.0,1.54,1.52,1.54,14695800000.0,,14695800000.0,35142492000.0,9.0,8.013,573600000.0,1.605,1.0,3669000000.0,0.253,12288400000.0,81300000.0,32404300000.0,,0.0,25010700000.0,3150600000.0,21860100000.0,38407900000.0,14932700000.0,23475200000.0,28977992000.0,-314000000.0,-70700000.0,-255100000.0,-156200000.0,-80400000.0,-511900000.0,-471200000.0,-305000000.0,669100000.0,0.0,548800000.0,548800000.0,548800000.0,0.0,-1600000.0,0.038,2663100000.0,1005900000.0,0.0,0.146,1.972,13.787,14.052,680200000.0,0.0,81.08,0.53,0.53,4686600000.0,10889400000.0,14509400000.0,14509400000.0,0.0,,,,,42000000.0,2601200000.0,1.0,357400000.0,357400000.0,,40.597,40872300000.0,424800000.0,377400000.0,1141700000.0,114.36,-3285600000.0
18,AET,MRQ,2014-03-31,2014-03-31,2014-03-31,2018-10-30,-786400000.0,52119000000.0,,11414800000.0,40704200000.0,,39.436,-93800000.0,2074100000.0,2074100000.0,10155000000.0,669400000.0,0.783,2.64,8238600000.0,620200000.0,7618400000.0,8238600000.0,573300000.0,154700000.0,0.0,0.011,0.225,1231400000.0,1386100000.0,0.099,1386100000.0,1231400000.0,1145800000.0,1.84,1.82,1.84,14303600000.0,,14303600000.0,34031919000.0,9.0,7.924,1328400000.0,3.663,1.0,3839800000.0,0.274,12259400000.0,85600000.0,31442900000.0,,0.0,24220900000.0,2930500000.0,21290400000.0,37758000000.0,14581200000.0,23176800000.0,27191619000.0,661800000.0,0.0,-465000000.0,58400000.0,-81600000.0,-506600000.0,-253800000.0,-160000000.0,1422200000.0,0.0,665500000.0,665500000.0,665500000.0,0.0,3900000.0,0.048,2512600000.0,1327200000.0,0.0,0.122,1.901,13.017,13.084,704100000.0,0.0,74.97,0.525,0.525,4285700000.0,10675500000.0,13994800000.0,13994800000.0,0.0,,,,,38800000.0,2450400000.0,1.0,362700000.0,362700000.0,,38.585,39859600000.0,449800000.0,480300000.0,1227500000.0,109.897,-3166400000.0
19,AET,MRQ,2013-12-31,2013-12-31,2013-12-31,2018-10-30,-912100000.0,49764800000.0,,9611900000.0,40152900000.0,,38.165,-147500000.0,1412300000.0,1412300000.0,10042700000.0,368800000.0,0.771,2.544,8252600000.0,387300000.0,7865300000.0,8252600000.0,458700000.0,162600000.0,0.0,0.012,0.2,621800000.0,784400000.0,0.06,784400000.0,621800000.0,535500000.0,0.99,0.98,0.99,14025500000.0,,14025500000.0,31390725000.0,10.0,8.164,476600000.0,1.297,1.0,3140000000.0,0.238,12321600000.0,86300000.0,31810500000.0,,0.0,23791400000.0,2856400000.0,20935000000.0,35686600000.0,12473000000.0,23213600000.0,25206825000.0,-670100000.0,-8400000.0,-450000000.0,0.0,-73500000.0,-520600000.0,-773600000.0,-615200000.0,624100000.0,0.0,368900000.0,368900000.0,368900000.0,0.0,-100000.0,0.028,2518300000.0,621700000.0,0.0,0.202,1.797,13.172,12.749,721900000.0,0.0,68.59,0.533,0.533,3894700000.0,10555400000.0,13182700000.0,13182700000.0,0.0,,,,,36500000.0,2507300000.0,1.0,367500000.0,367500000.0,,35.871,37443200000.0,590700000.0,166600000.0,864200000.0,101.886,-2861100000.0
20,AET,MRQ,2013-09-30,2013-09-30,2013-09-30,2018-10-30,-1456100000.0,49252900000.0,,10031900000.0,39221000000.0,,36.598,-143400000.0,2082400000.0,2082400000.0,9718900000.0,519000000.0,0.819,2.613,8266300000.0,392200000.0,7874100000.0,8266300000.0,479200000.0,158600000.0,0.0,0.012,0.2,892400000.0,1051000000.0,0.081,1051000000.0,892400000.0,806300000.0,1.4,1.38,1.4,13618200000.0,,13618200000.0,30390942000.0,10.0,8.585,927700000.0,2.493,1.0,3316700000.0,0.254,12364900000.0,86100000.0,30826000000.0,,0.0,23085200000.0,2586600000.0,20498600000.0,35583400000.0,12245900000.0,23337500000.0,23821842000.0,-174400000.0,0.0,-333000000.0,-545800000.0,-74400000.0,-951100000.0,-294400000.0,-151000000.0,1071100000.0,0.0,518600000.0,518600000.0,518600000.0,0.0,400000.0,0.04,2423900000.0,892800000.0,0.0,0.143,1.749,13.732,12.855,715600000.0,0.0,64.02,0.541,0.541,4001200000.0,10717900000.0,13035600000.0,13035600000.0,0.0,,,,,35100000.0,2304500000.0,1.0,372100000.0,372100000.0,,35.033,36888000000.0,565900000.0,287700000.0,550400000.0,99.135,-2214000000.0
21,AET,MRQ,2013-06-30,2013-06-30,2013-06-30,2018-10-30,-1475000000.0,49730300000.0,,10739400000.0,38990900000.0,,41.271,-102100000.0,2256800000.0,2256800000.0,8546000000.0,533200000.0,0.881,2.694,8825900000.0,545800000.0,8280100000.0,8825900000.0,480800000.0,139300000.0,0.0,0.012,0.2,934000000.0,1073300000.0,0.093,1073300000.0,934000000.0,850500000.0,1.5,1.49,1.5,13450300000.0,,13450300000.0,24063486000.0,8.0,6.988,-62400000.0,-0.191,1.0,2991400000.0,0.259,12440800000.0,83500000.0,31664400000.0,,0.0,22780100000.0,2769700000.0,20010400000.0,36229100000.0,12194200000.0,24034900000.0,20707686000.0,-971100000.0,-1635900000.0,-440600000.0,445900000.0,-65300000.0,-25200000.0,-985600000.0,752400000.0,39700000.0,0.0,536000000.0,536000000.0,536000000.0,0.0,-2800000.0,0.046,2146200000.0,845200000.0,0.0,0.133,1.54,12.072,12.533,688700000.0,0.0,63.54,0.519,0.519,4280300000.0,10605700000.0,11537400000.0,11537400000.0,0.0,,,,,31000000.0,2094400000.0,1.0,325900000.0,325900000.0,,35.402,37289500000.0,598000000.0,314500000.0,505200000.0,114.42,-1454800000.0
22,AET,MRQ,2013-03-31,2013-03-31,2013-03-31,2018-10-30,-1113900000.0,42517200000.0,,9392700000.0,33124500000.0,,32.564,-86100000.0,3227900000.0,3227900000.0,6938800000.0,490900000.0,0.992,2.976,6583700000.0,99900000.0,6483800000.0,6583700000.0,455600000.0,108600000.0,0.0,0.014,0.2,827700000.0,936300000.0,0.098,936300000.0,827700000.0,749900000.0,1.5,1.48,1.5,10680900000.0,,10680900000.0,20672740000.0,7.0,6.377,457700000.0,1.395,1.0,2600100000.0,0.273,6995500000.0,77800000.0,29408400000.0,,0.0,21855000000.0,2240900000.0,19614100000.0,31790400000.0,9469100000.0,22321300000.0,16770640000.0,648700000.0,0.0,-184100000.0,99900000.0,-65500000.0,-28900000.0,133800000.0,217400000.0,543800000.0,0.0,490100000.0,490100000.0,490100000.0,0.0,800000.0,0.051,1771600000.0,828500000.0,0.0,0.133,1.57,10.245,10.413,538500000.0,0.0,51.13,0.451,0.451,2893100000.0,10584700000.0,9538900000.0,9538900000.0,0.0,,,,,24500000.0,1739200000.0,1.0,328000000.0,328000000.0,,29.082,35521700000.0,351600000.0,259800000.0,394800000.0,108.298,-76400000.0
23,AET,MRQ,2012-12-31,2012-12-31,2012-12-31,2018-10-30,-1033400000.0,41494500000.0,,8244400000.0,33250100000.0,,31.109,-85700000.0,2579200000.0,2579200000.0,7554400000.0,190600000.0,0.976,2.985,6481300000.0,0.0,6481300000.0,6481300000.0,403500000.0,111900000.0,0.0,0.015,0.175,367700000.0,479600000.0,0.048,479600000.0,367700000.0,291100000.0,0.58,0.58,0.58,10405800000.0,,10405800000.0,19538095000.0,7.0,5.986,459300000.0,1.373,1.0,2375200000.0,0.239,7033100000.0,76600000.0,29915500000.0,,0.0,21967200000.0,2269000000.0,19698200000.0,31065300000.0,8448000000.0,22617300000.0,15490695000.0,1941000000.0,0.0,-493000000.0,1728300000.0,-58500000.0,1158700000.0,237300000.0,323000000.0,545000000.0,0.0,190100000.0,190100000.0,190100000.0,0.0,500000.0,0.019,1957500000.0,417700000.0,0.0,0.302,1.489,9.344,9.509,540000000.0,0.0,46.31,0.423,0.423,2489500000.0,10343900000.0,9929600000.0,9929600000.0,0.0,,,,,26000000.0,1924400000.0,1.0,334500000.0,334500000.0,,29.685,34461400000.0,566400000.0,101000000.0,473500000.0,103.024,-203600000.0
24,AET,MRQ,2012-09-30,2012-09-30,2012-09-30,2018-10-30,-888900000.0,39838400000.0,,6236000000.0,33602400000.0,,32.606,-101700000.0,638200000.0,638200000.0,6365000000.0,499600000.0,0.753,2.656,4685600000.0,70000000.0,4615600000.0,4685600000.0,388900000.0,111300000.0,0.0,0.017,0.175,842800000.0,954100000.0,0.107,954100000.0,842800000.0,774300000.0,1.49,1.47,1.49,10896800000.0,,10896800000.0,17018520000.0,5.0,4.765,60400000.0,0.181,1.0,2552300000.0,0.286,7063100000.0,68500000.0,28546200000.0,,0.0,21361300000.0,2544200000.0,18817100000.0,28941600000.0,8276500000.0,20665100000.0,13234320000.0,-283900000.0,-8600000.0,0.0,-53600000.0,-58500000.0,-90900000.0,-355100000.0,-244800000.0,162100000.0,0.0,499200000.0,499200000.0,499200000.0,0.0,400000.0,0.056,1673700000.0,878600000.0,0.0,0.117,1.215,7.191,7.416,538700000.0,0.0,39.6,0.375,0.375,2697400000.0,10712200000.0,8917300000.0,8917300000.0,0.0,,,,,31700000.0,1639600000.0,1.0,334200000.0,334200000.0,,26.683,32775300000.0,103600000.0,275100000.0,227200000.0,98.071,-2040500000.0
25,AET,MRQ,2012-06-30,2012-06-30,2012-06-30,2018-10-30,-1054900000.0,39452700000.0,,6474700000.0,32978000000.0,,29.522,-82800000.0,922100000.0,922100000.0,6392000000.0,458000000.0,0.768,2.847,4706300000.0,0.0,4706300000.0,4706300000.0,839600000.0,111700000.0,0.0,0.017,0.175,760100000.0,871800000.0,0.099,871800000.0,760100000.0,695700000.0,1.34,1.32,1.34,10255800000.0,,10255800000.0,16787898000.0,5.0,4.742,14800000.0,0.043,1.0,2443900000.0,0.277,7087500000.0,64400000.0,27714300000.0,,0.0,20678000000.0,2347000000.0,18331000000.0,29196900000.0,8435100000.0,20761800000.0,13468698000.0,113000000.0,0.0,-580800000.0,562900000.0,-60800000.0,-81300000.0,96700000.0,179500000.0,97600000.0,0.0,457600000.0,457600000.0,457600000.0,0.0,400000.0,0.052,1683400000.0,760500000.0,0.0,0.131,1.313,7.354,7.485,542200000.0,0.0,38.77,0.387,0.387,2529300000.0,10270900000.0,8835900000.0,8835900000.0,0.0,,,,,31500000.0,1646400000.0,1.0,347400000.0,347400000.0,,25.434,32365200000.0,450300000.0,238100000.0,341000000.0,93.164,-1960400000.0
26,AET,MRQ,2012-03-31,2012-03-31,2012-03-31,2018-10-30,-1147700000.0,39336100000.0,,6343700000.0,32992400000.0,,29.392,-68000000.0,809100000.0,809100000.0,6369000000.0,511600000.0,0.707,2.819,4128300000.0,150000000.0,3978300000.0,4128300000.0,880300000.0,115000000.0,0.0,0.012,0.175,843600000.0,958600000.0,0.108,958600000.0,843600000.0,784300000.0,1.46,1.43,1.46,10299000000.0,,10299000000.0,21299964000.0,7.0,5.821,952200000.0,2.717,1.0,2548000000.0,0.286,7124200000.0,59300000.0,26563200000.0,,0.0,20805500000.0,2525800000.0,18279700000.0,29037100000.0,8967900000.0,20069200000.0,17576064000.0,129400000.0,0.0,-343700000.0,-275900000.0,-61300000.0,-680600000.0,-210200000.0,-142200000.0,1020200000.0,0.0,511000000.0,511000000.0,511000000.0,0.0,600000.0,0.057,1703800000.0,844200000.0,0.0,0.12,1.707,9.199,9.536,550800000.0,0.0,50.16,0.512,0.512,2462400000.0,10452600000.0,8917000000.0,8917000000.0,0.0,,,,,33000000.0,1666000000.0,1.0,350400000.0,350400000.0,,25.448,32211900000.0,396500000.0,273300000.0,320100000.0,91.929,-2624200000.0
27,AET,MRQ,2011-12-31,2011-12-31,2011-12-31,2018-10-30,-1189200000.0,38593100000.0,,5890000000.0,32703100000.0,,27.933,-144800000.0,679700000.0,679700000.0,6037000000.0,373800000.0,0.691,2.813,4403600000.0,425900000.0,3977700000.0,4403600000.0,369700000.0,120800000.0,0.0,0.011,0.15,666500000.0,787300000.0,0.092,787300000.0,666500000.0,606900000.0,1.05,1.03,1.05,10120200000.0,,10120200000.0,17754637000.0,5.0,4.707,352500000.0,0.973,1.0,2537700000.0,0.296,7162500000.0,59600000.0,26632300000.0,,0.0,20295000000.0,2211800000.0,18083200000.0,28472900000.0,8522200000.0,19950700000.0,15285437000.0,-1278100000.0,-425500000.0,-585400000.0,-24000000.0,-54300000.0,-649400000.0,-1126000000.0,-555700000.0,497300000.0,0.0,372600000.0,372600000.0,372600000.0,0.0,1200000.0,0.043,1870000000.0,667700000.0,0.0,0.143,1.51,7.698,7.916,556900000.0,0.0,42.19,0.452,0.452,2384600000.0,10346600000.0,8574700000.0,8574700000.0,0.0,,,,,33700000.0,1832900000.0,1.0,362300000.0,362300000.0,,23.667,31430600000.0,549100000.0,234300000.0,208800000.0,86.753,-2632200000.0
28,AET,MRQ,2011-09-30,2011-09-30,2011-09-30,2018-10-30,-1001400000.0,38694200000.0,,6885900000.0,31808300000.0,,28.235,-90100000.0,1957800000.0,1957800000.0,5816200000.0,490400000.0,0.796,2.675,4427000000.0,449900000.0,3977100000.0,4427000000.0,794200000.0,111500000.0,0.0,0.009,0.15,811100000.0,922600000.0,0.109,922600000.0,811100000.0,751400000.0,1.33,1.3,1.33,10528700000.0,,10528700000.0,17167086000.0,6.0,4.909,1027200000.0,2.755,1.0,2659100000.0,0.314,6790100000.0,59700000.0,25718200000.0,,0.0,19706500000.0,2042700000.0,17663800000.0,28165500000.0,8655100000.0,19510400000.0,13551186000.0,1047300000.0,-32000000.0,-526600000.0,-99900000.0,-55900000.0,-650500000.0,580500000.0,702600000.0,1117300000.0,0.0,490400000.0,490400000.0,490400000.0,0.0,0.0,0.058,1848000000.0,811100000.0,0.0,0.113,1.287,7.41,7.477,533000000.0,0.0,36.34,0.402,0.402,2501200000.0,10620500000.0,8475300000.0,8475300000.0,0.0,,,,,33000000.0,1816300000.0,1.0,372900000.0,372900000.0,,22.728,31904100000.0,428000000.0,261000000.0,224300000.0,85.557,-1769200000.0
29,AET,MRQ,2011-06-30,2011-06-30,2011-06-30,2018-10-30,-1093500000.0,38218200000.0,,6075700000.0,32142500000.0,,27.466,-74600000.0,910500000.0,910500000.0,5844500000.0,536700000.0,0.73,2.667,4526400000.0,549900000.0,3976500000.0,4526400000.0,368200000.0,108300000.0,0.0,0.004,0.15,882600000.0,990900000.0,0.119,990900000.0,882600000.0,821100000.0,1.42,1.39,1.42,10423500000.0,,10423500000.0,19305755000.0,6.0,5.496,249700000.0,0.658,1.0,2499900000.0,0.3,6785300000.0,61500000.0,26725400000.0,,0.0,20084300000.0,2115400000.0,17968900000.0,27794700000.0,8323400000.0,19471300000.0,16732155000.0,-533900000.0,-604500000.0,-456000000.0,494900000.0,-57000000.0,69300000.0,-927500000.0,-248400000.0,324300000.0,0.0,536700000.0,536700000.0,536700000.0,0.0,0.0,0.064,1617300000.0,882600000.0,0.0,0.106,1.605,9.114,9.302,535400000.0,0.0,44.09,0.495,0.495,2673200000.0,10676000000.0,8344400000.0,8344400000.0,0.0,,,,,37900000.0,1591700000.0,1.0,379500000.0,379500000.0,,21.988,31432900000.0,428700000.0,284400000.0,155300000.0,82.827,-2247700000.0
30,AET,MRQ,2011-03-31,2011-03-31,2011-03-31,2018-10-30,-1187200000.0,37801300000.0,,6426600000.0,31374700000.0,,26.536,-62500000.0,1444400000.0,1444400000.0,5833500000.0,586000000.0,0.755,2.705,4018000000.0,535000000.0,3483000000.0,4018000000.0,404300000.0,106600000.0,0.0,0.001,0.0,964500000.0,1071100000.0,0.128,1071100000.0,964500000.0,898400000.0,1.53,1.5,1.53,10203200000.0,,10203200000.0,16906735000.0,6.0,4.9,509700000.0,1.326,1.0,2554300000.0,0.305,6150600000.0,66100000.0,25716300000.0,,0.0,19718000000.0,2154800000.0,17563200000.0,27598100000.0,8508000000.0,19090100000.0,14391835000.0,-423200000.0,-493700000.0,-245000000.0,-365000000.0,0.0,-588200000.0,-407200000.0,149000000.0,572200000.0,0.0,586000000.0,586000000.0,586000000.0,0.0,0.0,0.07,1589800000.0,964500000.0,0.0,0.0,1.411,8.039,8.355,521200000.0,0.0,37.43,0.423,0.423,2612400000.0,10680600000.0,8387800000.0,8387800000.0,0.0,,,,,36800000.0,1563500000.0,1.0,384500000.0,384500000.0,,21.815,31650700000.0,370400000.0,312400000.0,111600000.0,82.317,-2081400000.0
31,AET,MRQ,2010-12-31,2010-12-31,2010-12-31,2018-10-30,-1162600000.0,37739400000.0,,6994200000.0,30745200000.0,,24.721,-71600000.0,1867600000.0,1867600000.0,6245500000.0,215600000.0,0.801,2.816,4382500000.0,899900000.0,3482600000.0,4382500000.0,318700000.0,131100000.0,0.0,0.001,0.04,381600000.0,512700000.0,0.06,512700000.0,381600000.0,312500000.0,0.58,0.57,0.58,9890800000.0,,9890800000.0,15028951000.0,5.0,4.495,493900000.0,1.234,1.0,2294400000.0,0.269,5641900000.0,69100000.0,25875500000.0,,0.0,19926600000.0,2380300000.0,17546300000.0,27848600000.0,8736900000.0,19111700000.0,12207051000.0,72100000.0,0.0,-673600000.0,-235400000.0,-16100000.0,-873600000.0,380200000.0,451800000.0,565500000.0,0.0,215600000.0,215600000.0,215600000.0,0.0,0.0,0.025,1912800000.0,381600000.0,0.0,0.069,1.234,6.909,7.179,529300000.0,0.0,30.51,0.356,0.356,2314600000.0,10401900000.0,8539900000.0,8539900000.0,0.0,,,,,24500000.0,1889600000.0,1.0,400100000.0,400100000.0,,21.344,32097500000.0,567000000.0,96900000.0,0.0,80.224,-1742700000.0
32,AET,MRQ,2010-09-30,2010-09-30,2010-09-30,2018-10-30,-1361600000.0,39150600000.0,,7074400000.0,32076200000.0,,23.95,-72600000.0,1795500000.0,1795500000.0,6130200000.0,497600000.0,0.785,2.916,4617400000.0,1135100000.0,3482300000.0,4617400000.0,326400000.0,107000000.0,0.0,0.001,0.0,831100000.0,938100000.0,0.11,938100000.0,831100000.0,767200000.0,1.21,1.19,1.21,9996600000.0,,9996600000.0,15878214000.0,6.0,4.902,19200000.0,0.046,1.0,2408600000.0,0.282,5664400000.0,63900000.0,27301800000.0,,0.0,20917500000.0,2488000000.0,18429500000.0,29154000000.0,9006300000.0,20147700000.0,13194014000.0,389500000.0,0.0,-465900000.0,483200000.0,0.0,17600000.0,280100000.0,352700000.0,91800000.0,0.0,497600000.0,497600000.0,497600000.0,0.0,0.0,0.058,1577500000.0,831100000.0,0.0,0.0,1.32,7.684,7.786,539800000.0,0.0,31.61,0.383,0.383,2537300000.0,10784700000.0,8538800000.0,8538800000.0,0.0,,,,,28600000.0,1554100000.0,1.0,417400000.0,417400000.0,,20.457,33486200000.0,607300000.0,269600000.0,0.0,80.226,-1931900000.0
33,AET,MRQ,2010-06-30,2010-06-30,2010-06-30,2018-10-30,-1025600000.0,38347800000.0,,6914000000.0,31433800000.0,,24.35,-70000000.0,1406000000.0,1406000000.0,6139300000.0,491000000.0,0.723,2.706,4090200000.0,1349700000.0,2740500000.0,4090200000.0,364200000.0,104000000.0,0.0,0.002,0.0,824200000.0,928200000.0,0.109,928200000.0,824200000.0,763500000.0,1.16,1.14,1.16,10346300000.0,,10346300000.0,13757862000.0,5.0,4.671,-152500000.0,-0.359,1.0,2406500000.0,0.282,5687800000.0,60700000.0,25775300000.0,,0.0,20878400000.0,2811200000.0,18067200000.0,28001500000.0,9568900000.0,18432600000.0,11208862000.0,-164400000.0,0.0,-304500000.0,-29500000.0,0.0,-354900000.0,273000000.0,343000000.0,-82500000.0,0.0,491000000.0,491000000.0,491000000.0,0.0,0.0,0.057,1582300000.0,824200000.0,0.0,0.0,1.083,7.252,7.328,550900000.0,0.0,26.38,0.324,0.324,2530600000.0,10829500000.0,8545800000.0,8545800000.0,0.0,,,,,29700000.0,1558100000.0,1.0,424900000.0,424900000.0,,20.112,32660000000.0,615000000.0,272500000.0,0.0,76.865,-2654900000.0
34,AET,MRQ,2010-03-31,2010-03-31,2010-03-31,2018-10-30,-1142700000.0,38972800000.0,,7426400000.0,31546400000.0,,23.025,-74500000.0,1570400000.0,1570400000.0,6218000000.0,562600000.0,0.754,2.927,4119400000.0,929300000.0,3190100000.0,4119400000.0,411200000.0,102300000.0,0.0,0.001,0.0,861900000.0,964200000.0,0.112,964200000.0,861900000.0,801000000.0,1.3,1.28,1.3,9923900000.0,,9923900000.0,18049110000.0,8.0,6.691,762800000.0,1.77,1.0,2403500000.0,0.279,5712000000.0,60900000.0,25965400000.0,,0.0,21083800000.0,3274300000.0,17809500000.0,29048900000.0,9844400000.0,19204500000.0,15132410000.0,366800000.0,-100000.0,-162000000.0,-1300000.0,0.0,-171700000.0,-298800000.0,-224200000.0,837300000.0,0.0,562600000.0,562600000.0,562600000.0,0.0,0.0,0.065,1541600000.0,861900000.0,0.0,0.0,1.525,10.799,10.904,556300000.0,0.0,35.11,0.435,0.435,2370800000.0,10567400000.0,8621500000.0,8621500000.0,0.0,,,,,27600000.0,1517200000.0,1.0,431000000.0,431000000.0,,20.003,33260800000.0,635200000.0,238400000.0,117300000.0,77.171,-2418000000.0
35,AET,MRQ,2009-12-31,2009-12-31,2009-12-31,2018-10-30,-1223000000.0,38550400000.0,,6883000000.0,31667400000.0,,21.923,-102600000.0,1203600000.0,1203600000.0,6641500000.0,165900000.0,0.823,3.056,4120300000.0,480800000.0,3639500000.0,4120300000.0,306400000.0,109200000.0,0.0,0.001,0.04,299200000.0,408400000.0,0.047,408400000.0,299200000.0,238600000.0,0.39,0.38,0.39,9503800000.0,,9503800000.0,15660850000.0,7.0,6.116,529900000.0,1.222,1.0,2114700000.0,0.242,5736900000.0,60600000.0,27370300000.0,,0.0,20183800000.0,3132700000.0,17051100000.0,29046600000.0,8359900000.0,20686700000.0,13741950000.0,-626500000.0,-69000000.0,-115800000.0,371000000.0,-17300000.0,255700000.0,-1514700000.0,-1343100000.0,632500000.0,0.0,165900000.0,165900000.0,165900000.0,0.0,0.0,0.019,1815500000.0,299200000.0,0.0,0.103,1.446,10.765,10.969,551000000.0,0.0,31.7,0.395,0.395,2244000000.0,10256700000.0,8756200000.0,8756200000.0,0.0,,,,,9600000.0,1791200000.0,1.0,433500000.0,433500000.0,,20.199,32813500000.0,806300000.0,72700000.0,0.0,75.694,-1476900000.0
36,AET,MRQ,2009-09-30,2009-09-30,2009-09-30,2018-10-30,-1118600000.0,38135000000.0,,7100400000.0,31034600000.0,,21.856,-91100000.0,1830100000.0,1830100000.0,6584100000.0,326200000.0,0.843,2.997,3749000000.0,109800000.0,3639200000.0,3749000000.0,292600000.0,105900000.0,0.0,0.001,0.0,538900000.0,644800000.0,0.074,644800000.0,538900000.0,478300000.0,0.75,0.73,0.75,9540000000.0,,9540000000.0,14773895000.0,7.0,5.532,838000000.0,1.92,1.0,2138300000.0,0.245,5683900000.0,60600000.0,25944800000.0,,0.0,19438000000.0,2593900000.0,16844100000.0,28595000000.0,8425200000.0,20169800000.0,12147795000.0,622600000.0,0.0,-124200000.0,-84800000.0,0.0,-204400000.0,-102100000.0,-11000000.0,929100000.0,0.0,326200000.0,326200000.0,326200000.0,0.0,0.0,0.037,1599400000.0,538900000.0,0.0,0.0,1.273,9.307,9.466,532600000.0,0.0,27.83,0.36,0.36,2358400000.0,10201800000.0,8722400000.0,8722400000.0,0.0,,,,,25400000.0,1575500000.0,1.0,436500000.0,436500000.0,,19.983,32451100000.0,711200000.0,152100000.0,0.0,74.344,-1324800000.0
37,AET,MRQ,2009-06-30,2009-06-30,2009-06-30,2018-10-30,-1550400000.0,36762600000.0,,6917700000.0,29844900000.0,,19.864,-79700000.0,1207500000.0,1207500000.0,6606200000.0,346600000.0,0.872,3.141,3833600000.0,194700000.0,3638900000.0,3833600000.0,301400000.0,103900000.0,0.0,0.002,0.0,576100000.0,680000000.0,0.078,680000000.0,576100000.0,515400000.0,0.78,0.77,0.78,8877200000.0,,8877200000.0,13186145000.0,6.0,5.066,20700000.0,0.046,1.0,2064600000.0,0.238,5707800000.0,60700000.0,25746700000.0,,0.0,18398100000.0,2780900000.0,15617200000.0,27885400000.0,7934200000.0,19951200000.0,11194845000.0,-539800000.0,-6100000.0,-269200000.0,94700000.0,0.0,-142500000.0,-497700000.0,-411900000.0,100400000.0,0.0,346600000.0,346600000.0,346600000.0,0.0,0.0,0.04,1488500000.0,576100000.0,0.0,0.0,1.261,8.91,9.011,509500000.0,0.0,25.05,0.343,0.343,2521200000.0,10006800000.0,8670800000.0,8670800000.0,0.0,,,,,18500000.0,1464000000.0,1.0,446900000.0,446900000.0,,19.402,31054800000.0,1037300000.0,168800000.0,0.0,69.489,-1016500000.0
38,AET,MRQ,2009-03-31,2009-03-31,2009-03-31,2018-10-30,-1909500000.0,35978800000.0,,5716900000.0,30261900000.0,,18.443,-88600000.0,1747300000.0,1747300000.0,6307500000.0,437800000.0,0.732,3.302,3738600000.0,100000000.0,3638600000.0,3738600000.0,380900000.0,97000000.0,0.0,0.002,0.0,730400000.0,827400000.0,0.096,827400000.0,730400000.0,668900000.0,0.97,0.95,0.97,8363900000.0,,8363900000.0,13708155000.0,6.0,4.873,737700000.0,1.627,1.0,2307200000.0,0.268,5728500000.0,61500000.0,24430700000.0,,0.0,17043900000.0,1372200000.0,15671700000.0,27614900000.0,7810900000.0,19804000000.0,11033655000.0,567800000.0,0.0,-263800000.0,-114800000.0,0.0,-373300000.0,114800000.0,203400000.0,826300000.0,0.0,437800000.0,437800000.0,437800000.0,0.0,0.0,0.051,1576800000.0,730400000.0,0.0,0.0,1.319,7.936,8.11,492600000.0,0.0,24.33,0.347,0.347,2482000000.0,9877400000.0,8614700000.0,8614700000.0,0.0,,,,,37200000.0,1552300000.0,1.0,453500000.0,453500000.0,,18.996,30250300000.0,1125600000.0,231100000.0,0.0,66.704,-2094000000.0
39,AET,MRQ,2008-12-31,2008-12-31,2008-12-31,2018-10-30,-1881300000.0,35852500000.0,,4918400000.0,30934100000.0,,17.754,-142000000.0,1179500000.0,1179500000.0,5793700000.0,194700000.0,0.651,3.38,3854000000.0,215700000.0,3638300000.0,3854000000.0,238600000.0,98400000.0,0.0,0.001,0.04,420000000.0,518400000.0,0.067,518400000.0,420000000.0,355100000.0,0.44,0.43,0.44,8186400000.0,,8186400000.0,16397250000.0,7.0,5.879,312500000.0,0.678,1.0,1965600000.0,0.253,5753000000.0,64900000.0,25219200000.0,,0.0,17619000000.0,1455600000.0,16163400000.0,27666100000.0,7554800000.0,20111300000.0,13141350000.0,315300000.0,0.0,-114900000.0,-266400000.0,-18400000.0,-422600000.0,283400000.0,425400000.0,454500000.0,0.0,194700000.0,194700000.0,194700000.0,0.0,0.0,0.025,1545600000.0,420000000.0,0.0,0.091,1.605,9.495,9.794,467500000.0,0.0,28.5,0.425,0.425,2181000000.0,9716500000.0,7759300000.0,7759300000.0,0.0,,,,,15500000.0,1517900000.0,1.0,461100000.0,461100000.0,,16.828,30099500000.0,1245100000.0,160400000.0,0.0,65.278,-2636400000.0
40,AET,MRQ,2008-09-30,2008-09-30,2008-09-30,2018-10-30,-665900000.0,37262600000.0,,4950900000.0,32311700000.0,,19.713,-111700000.0,864200000.0,864200000.0,5681300000.0,277300000.0,0.594,3.008,4120100000.0,482200000.0,3637900000.0,4120100000.0,265400000.0,94000000.0,0.0,0.001,0.0,483200000.0,577200000.0,0.076,577200000.0,483200000.0,422700000.0,0.59,0.58,0.59,9296600000.0,,9296600000.0,19973376000.0,7.0,6.451,556600000.0,1.18,1.0,1943300000.0,0.255,5782300000.0,60500000.0,26403600000.0,,0.0,18772800000.0,1811900000.0,16960900000.0,27966000000.0,8332600000.0,19633400000.0,17029476000.0,33400000.0,0.0,-515600000.0,331000000.0,0.0,-170600000.0,-464300000.0,-352600000.0,668300000.0,0.0,277300000.0,277300000.0,277300000.0,0.0,0.0,0.036,1460100000.0,483200000.0,0.0,0.0,1.832,10.398,10.747,421800000.0,0.0,36.11,0.561,0.561,2332300000.0,9636600000.0,7624600000.0,7624600000.0,0.0,,,,,24700000.0,1434700000.0,1.0,471600000.0,471600000.0,,16.168,31480300000.0,552500000.0,145400000.0,11400000.0,66.752,-3381700000.0
41,AET,MRQ,2008-06-30,2008-06-30,2008-06-30,2018-10-30,-432600000.0,38692200000.0,,4570400000.0,34121800000.0,,20.02,-110200000.0,830800000.0,830800000.0,5654100000.0,480500000.0,0.539,2.986,3774700000.0,635600000.0,3139100000.0,3774700000.0,248300000.0,97700000.0,0.0,0.001,0.0,792500000.0,890200000.0,0.114,890200000.0,792500000.0,735900000.0,1.0,0.97,1.0,9705900000.0,,9705900000.0,21796144000.0,7.0,6.4,76300000.0,0.157,1.0,2174000000.0,0.278,5806600000.0,56600000.0,27344600000.0,,0.0,19319400000.0,1495500000.0,17823900000.0,28986300000.0,8484900000.0,20501400000.0,19648944000.0,-539900000.0,0.0,-604600000.0,257100000.0,0.0,-352000000.0,-374400000.0,-264200000.0,186500000.0,0.0,480500000.0,480500000.0,480500000.0,0.0,0.0,0.061,1425300000.0,748700000.0,0.0,0.0,2.024,10.58,10.808,393400000.0,0.0,40.53,0.662,0.662,2382800000.0,9850400000.0,7828100000.0,7828100000.0,0.0,,,,,23800000.0,1398000000.0,1.0,484800000.0,484800000.0,,16.147,32885600000.0,308700000.0,255400000.0,8700000.0,67.833,-3914500000.0
42,AET,MRQ,2008-03-31,2008-03-31,2008-03-31,2018-10-30,-337800000.0,39158500000.0,,5368400000.0,33790100000.0,,19.898,-82700000.0,1370700000.0,1370700000.0,5595100000.0,431600000.0,0.619,2.963,3517900000.0,379100000.0,3138800000.0,3517900000.0,326500000.0,88200000.0,0.0,0.001,0.0,714900000.0,803100000.0,0.104,803100000.0,714900000.0,660500000.0,0.87,0.85,0.87,9881500000.0,,9881500000.0,22917094000.0,8.0,6.896,814900000.0,1.641,1.0,2143600000.0,0.277,5833600000.0,54400000.0,26793100000.0,,0.0,19422900000.0,1798300000.0,17624600000.0,29277000000.0,8679000000.0,20598000000.0,20901894000.0,116700000.0,0.0,-552600000.0,248700000.0,0.0,-262900000.0,-518000000.0,-435300000.0,897600000.0,0.0,431600000.0,431600000.0,431600000.0,0.0,0.0,0.056,1428700000.0,714900000.0,0.0,0.0,2.115,11.434,11.595,375400000.0,0.0,42.09,0.73,0.73,2373600000.0,9969700000.0,7738700000.0,7738700000.0,0.0,,,,,31700000.0,1400900000.0,1.0,496600000.0,496600000.0,,15.583,33324900000.0,278800000.0,228900000.0,264100000.0,67.106,-3310600000.0
43,AET,MRQ,2007-12-31,2007-12-31,2007-12-31,2018-10-30,-288400000.0,50724700000.0,,5266400000.0,45458300000.0,,20.061,-128100000.0,1254000000.0,1254000000.0,5024100000.0,448400000.0,0.686,4.053,3269200000.0,130700000.0,3138500000.0,3269200000.0,198400000.0,89600000.0,0.0,0.001,0.04,736100000.0,825700000.0,0.116,825700000.0,736100000.0,684600000.0,0.9,0.86,0.9,10038400000.0,,10038400000.0,30733892000.0,10.0,9.318,530900000.0,1.061,1.0,2120300000.0,0.297,5861400000.0,51500000.0,39203800000.0,,0.0,19034000000.0,1993900000.0,17040100000.0,40686300000.0,7674700000.0,33011600000.0,28888092000.0,123400000.0,-66300000.0,-361100000.0,264000000.0,-20000000.0,-71200000.0,-464400000.0,-270000000.0,659000000.0,0.0,448400000.0,448400000.0,448400000.0,0.0,0.0,0.063,1384200000.0,736100000.0,0.0,0.044,2.878,15.777,16.036,364000000.0,0.0,57.73,1.047,1.047,2162100000.0,10138000000.0,7144400000.0,7144400000.0,0.0,,,,,20600000.0,1356100000.0,1.0,500400000.0,500400000.0,,14.277,44863300000.0,321700000.0,236200000.0,146400000.0,89.655,-2408300000.0
44,AET,MRQ,2007-09-30,2007-09-30,2007-09-30,2018-10-30,-539300000.0,50062900000.0,,18676900000.0,31386000000.0,,18.785,-98500000.0,1130600000.0,1130600000.0,4860700000.0,496700000.0,2.323,4.211,2976400000.0,533400000.0,2443000000.0,2976400000.0,148500000.0,83600000.0,0.0,0.001,0.0,803300000.0,886900000.0,0.127,886900000.0,803300000.0,759300000.0,0.98,0.95,0.98,9606800000.0,,9606800000.0,28789278000.0,10.0,8.86,159000000.0,0.311,1.0,2100600000.0,0.302,5779100000.0,44000000.0,38089300000.0,,0.0,18780900000.0,15371700000.0,3409200000.0,40456100000.0,8040300000.0,32415800000.0,27753678000.0,-276800000.0,-505900000.0,-708200000.0,530100000.0,0.0,-100200000.0,-434100000.0,170300000.0,257500000.0,0.0,496700000.0,496700000.0,496700000.0,0.0,0.0,0.071,1297300000.0,803300000.0,0.0,0.0,2.889,15.277,15.331,332400000.0,0.0,54.27,1.035,1.035,2251100000.0,10037700000.0,6961300000.0,6961300000.0,0.0,,,,,23100000.0,1271400000.0,1.0,511400000.0,511400000.0,,13.612,44283800000.0,394700000.0,262600000.0,55000000.0,86.593,10636600000.0
45,AET,MRQ,2007-06-30,2007-06-30,2007-06-30,2018-10-30,-607600000.0,49572100000.0,,18830600000.0,30741500000.0,,18.896,-94400000.0,1407400000.0,1407400000.0,4890600000.0,451300000.0,2.529,4.121,2443000000.0,300000.0,2442700000.0,2443000000.0,456300000.0,76000000.0,0.0,0.001,0.0,731400000.0,807400000.0,0.119,807400000.0,731400000.0,688600000.0,0.88,0.85,0.88,9680500000.0,,9680500000.0,26330120000.0,9.0,8.226,225900000.0,0.441,1.0,1903300000.0,0.28,5251600000.0,42800000.0,37911200000.0,,0.0,18662100000.0,15277400000.0,3384700000.0,39891600000.0,7444900000.0,32446700000.0,25307620000.0,-22400000.0,0.0,-324100000.0,-9500000.0,0.0,-216800000.0,-125900000.0,-31500000.0,320300000.0,0.0,451300000.0,451300000.0,451300000.0,0.0,0.0,0.066,1236200000.0,667100000.0,0.0,0.0,2.614,14.088,14.319,294900000.0,0.0,49.4,0.968,0.968,2205700000.0,10276600000.0,6793900000.0,6793900000.0,0.0,,,,,20500000.0,1214400000.0,1.0,512300000.0,512300000.0,,13.262,44320500000.0,646200000.0,237300000.0,154500000.0,86.513,11385700000.0
46,AET,MRQ,2007-03-31,2007-03-31,2007-03-31,2018-10-30,-514000000.0,48636600000.0,,18825300000.0,29811300000.0,,18.364,-79400000.0,1429800000.0,1429800000.0,4767500000.0,434600000.0,2.499,4.129,2452300000.0,9800000.0,2442500000.0,2452300000.0,450200000.0,72300000.0,0.0,0.001,0.0,706200000.0,778500000.0,0.116,778500000.0,706200000.0,663900000.0,0.84,0.81,0.84,9483400000.0,,9483400000.0,24220456000.0,9.0,7.844,749300000.0,1.451,1.0,1932500000.0,0.288,5273400000.0,42300000.0,36853000000.0,,0.0,18794700000.0,15424100000.0,3370600000.0,39153200000.0,7532700000.0,31620500000.0,22613156000.0,549800000.0,0.0,-302200000.0,-35200000.0,0.0,-265500000.0,-13400000.0,66000000.0,828700000.0,0.0,434600000.0,434600000.0,434600000.0,0.0,0.0,0.065,1226300000.0,706200000.0,0.0,0.0,2.384,13.037,13.433,283100000.0,0.0,43.79,0.883,0.883,2190400000.0,9838200000.0,6700000000.0,6700000000.0,0.0,,,,,25200000.0,1204500000.0,1.0,516400000.0,516400000.0,,12.974,43363200000.0,524200000.0,229300000.0,338000000.0,83.972,11292600000.0
47,AET,MRQ,2006-12-31,2006-12-31,2006-12-31,2018-10-30,-625700000.0,47626400000.0,,4638100000.0,42988300000.0,,17.519,-86700000.0,880000000.0,880000000.0,4404500000.0,434100000.0,0.653,4.208,2487300000.0,45000000.0,2442300000.0,2487300000.0,185600000.0,72500000.0,0.0,0.001,0.04,704100000.0,776600000.0,0.122,776600000.0,704100000.0,663000000.0,0.84,0.8,0.84,9145100000.0,,9145100000.0,23769160000.0,9.0,7.867,408600000.0,0.783,1.0,1955000000.0,0.307,5295200000.0,41100000.0,36835500000.0,,0.0,18941400000.0,2062300000.0,16879100000.0,38481300000.0,7103000000.0,31378300000.0,22539960000.0,-334300000.0,-1000000.0,-398200000.0,43500000.0,-20800000.0,-329900000.0,-499700000.0,-412000000.0,495300000.0,0.0,434100000.0,434100000.0,434100000.0,0.0,0.0,0.068,1250900000.0,704100000.0,0.0,0.048,2.465,13.246,13.84,283600000.0,0.0,43.18,0.896,0.896,2000600000.0,9404600000.0,6359500000.0,6359500000.0,0.0,,,,,11800000.0,1229000000.0,1.0,522000000.0,522000000.0,,12.183,42331200000.0,463200000.0,228900000.0,42600000.0,81.094,-2464900000.0
48,AET,MRQ,2006-09-30,2006-09-30,2006-09-30,2018-10-30,207400000.0,46942300000.0,,18208400000.0,28733900000.0,,17.619,-66900000.0,1214300000.0,1214300000.0,4351500000.0,476400000.0,2.529,3.864,2443500000.0,1500000.0,2442000000.0,2443500000.0,187700000.0,69500000.0,0.0,0.001,0.0,768700000.0,838200000.0,0.133,838200000.0,768700000.0,728800000.0,0.89,0.85,0.89,9650100000.0,,9650100000.0,22487735000.0,8.0,7.538,511100000.0,0.933,1.0,1948000000.0,0.309,5336200000.0,39900000.0,35636100000.0,,0.0,18380400000.0,15317600000.0,3062800000.0,37292200000.0,7199200000.0,30093000000.0,21661535000.0,-434300000.0,-1100000.0,-954300000.0,-31500000.0,0.0,-1122400000.0,110100000.0,178100000.0,578000000.0,0.0,476400000.0,476400000.0,476400000.0,0.0,0.0,0.076,1179300000.0,768700000.0,0.0,0.0,2.245,12.864,13.096,276300000.0,0.0,39.55,0.879,0.879,2078000000.0,8970400000.0,6299500000.0,6299500000.0,0.0,,,,,11900000.0,1157300000.0,1.0,547700000.0,547700000.0,,11.502,41606100000.0,75900000.0,252400000.0,72500000.0,75.965,11009200000.0
49,AET,MRQ,2006-06-30,2006-06-30,2006-06-30,2018-10-30,50800000.0,46165200000.0,,18211400000.0,27953800000.0,,17.572,-74300000.0,1648600000.0,1648600000.0,4477100000.0,389500000.0,2.644,3.634,2474800000.0,33000000.0,2441800000.0,2474800000.0,356100000.0,63200000.0,0.0,0.001,0.0,631300000.0,694500000.0,0.111,694500000.0,631300000.0,597500000.0,0.69,0.67,0.69,9963100000.0,,9963100000.0,22915610000.0,9.0,8.149,176600000.0,0.311,1.0,1774900000.0,0.284,5355400000.0,33800000.0,34748900000.0,,0.0,17713600000.0,14690800000.0,3022800000.0,36202100000.0,6887100000.0,29315000000.0,22640310000.0,307800000.0,-1800000.0,-819100000.0,851500000.0,0.0,61100000.0,-4200000.0,71900000.0,250900000.0,0.0,389500000.0,389500000.0,389500000.0,0.0,0.0,0.062,1259000000.0,515900000.0,0.0,0.0,2.272,14.327,14.363,276800000.0,0.0,39.93,0.941,0.941,2153500000.0,8514900000.0,6252000000.0,6252000000.0,0.0,,,,,11900000.0,1237200000.0,1.0,567000000.0,567000000.0,,11.026,40809800000.0,236400000.0,208000000.0,0.0,71.975,11324300000.0
50,AET,MRQ,2006-03-31,2006-03-31,2006-03-31,2018-10-30,145300000.0,45662400000.0,,18176600000.0,27485800000.0,,18.432,-62600000.0,1340800000.0,1340800000.0,4386900000.0,401700000.0,2.349,3.368,1616100000.0,460400000.0,1155700000.0,1616100000.0,353300000.0,65200000.0,0.0,0.0,0.0,646900000.0,712100000.0,0.114,712100000.0,646900000.0,613400000.0,0.71,0.68,0.71,10453000000.0,,10453000000.0,28280394000.0,11.0,10.06,301500000.0,0.532,1.0,1847800000.0,0.296,5377300000.0,33500000.0,32821500000.0,,0.0,18364800000.0,15205000000.0,3159800000.0,35209400000.0,7738900000.0,27470500000.0,27867294000.0,148200000.0,-157000000.0,-150900000.0,10400000.0,0.0,-56400000.0,-159500000.0,60100000.0,364100000.0,0.0,401700000.0,401700000.0,401700000.0,-16100000.0,0.0,0.064,1217000000.0,630800000.0,0.0,0.0,2.666,17.574,17.74,275800000.0,0.0,49.14,1.196,1.196,2040700000.0,8125400000.0,6234700000.0,6234700000.0,0.0,,,,,38100000.0,1197100000.0,1.0,567100000.0,567100000.0,,10.994,40285100000.0,174300000.0,211700000.0,144500000.0,71.037,10437700000.0
51,AET,MRQ,2005-12-31,2005-12-31,2005-12-31,2018-10-30,50300000.0,44433300000.0,,18234700000.0,26198600000.0,,17.812,-88500000.0,1192600000.0,1192600000.0,4010400000.0,416300000.0,2.394,3.361,1605700000.0,450000000.0,1155700000.0,1605700000.0,156900000.0,56900000.0,0.0,0.0,0.02,681500000.0,738400000.0,0.126,738400000.0,681500000.0,648900000.0,0.73,0.69,0.73,10188700000.0,,10188700000.0,27546578925.0,11.0,9.907,522600000.0,0.914,1.0,1857000000.0,0.316,5248100000.0,32600000.0,31981500000.0,,0.0,19047600000.0,15717500000.0,3330100000.0,34244600000.0,7616800000.0,26627800000.0,26973678925.0,159900000.0,-86100000.0,-439300000.0,0.0,-11400000.0,-364300000.0,-86900000.0,87700000.0,611100000.0,0.0,416300000.0,416300000.0,416300000.0,0.0,0.0,0.071,1175500000.0,681500000.0,0.0,0.027,2.647,17.145,17.336,272800000.0,0.0,47.155,1.199,1.199,1859600000.0,7723700000.0,5867400000.0,5867400000.0,0.0,,,,,10300000.0,1156200000.0,1.0,572021608.0,572021608.0,,10.257,39185200000.0,68700000.0,232600000.0,47100000.0,68.503,10617900000.0
52,AET,MRQ,2005-09-30,2005-09-30,2005-09-30,2018-10-30,-422100000.0,43257500000.0,,18695900000.0,24561600000.0,,16.072,-74600000.0,1032700000.0,1032700000.0,3972200000.0,372800000.0,2.424,3.641,1605600000.0,449900000.0,1155700000.0,1605600000.0,224200000.0,53600000.0,0.0,0.0,0.0,613400000.0,667000000.0,0.117,667000000.0,613400000.0,580900000.0,0.65,0.62,0.65,9320100000.0,,9320100000.0,25463106627.0,11.0,10.28,403300000.0,0.695,1.0,1728500000.0,0.303,5139200000.0,32500000.0,30978200000.0,,0.0,19195600000.0,15938200000.0,3257400000.0,33937400000.0,7713000000.0,26224400000.0,24976506627.0,-86200000.0,-390400000.0,-408500000.0,0.0,0.0,-338900000.0,-225200000.0,239800000.0,477900000.0,0.0,372800000.0,372800000.0,372800000.0,0.0,0.0,0.065,1115100000.0,613400000.0,0.0,0.0,2.68,18.266,18.211,251500000.0,0.0,43.07,1.146,1.146,1975400000.0,7746500000.0,5700700000.0,5700700000.0,0.0,,,,,7700000.0,1099200000.0,1.0,579904960.0,579904960.0,,9.83,38118300000.0,445000000.0,208100000.0,0.0,65.732,10982900000.0
53,AET,MRQ,2005-06-30,2005-06-30,2005-06-30,2018-10-30,-246000000.0,43073800000.0,,19321600000.0,23752200000.0,,16.259,-61400000.0,1118900000.0,1118900000.0,3826000000.0,394900000.0,2.568,3.561,1605500000.0,449800000.0,1155700000.0,1605500000.0,156800000.0,48800000.0,0.0,0.0,0.0,645000000.0,693800000.0,0.126,693800000.0,645000000.0,614500000.0,0.68,0.65,0.68,9444900000.0,,9444900000.0,24726103267.0,8.0,7.422,496900000.0,0.855,1.0,1670900000.0,0.304,4740400000.0,30500000.0,31295900000.0,,0.0,19546600000.0,16492600000.0,3054000000.0,33628900000.0,7524100000.0,26104800000.0,24054703267.0,188900000.0,-389400000.0,-274000000.0,0.0,0.0,-169700000.0,-199700000.0,251100000.0,558300000.0,0.0,394900000.0,394900000.0,394900000.0,0.0,0.0,0.072,1092600000.0,578300000.0,0.0,0.0,2.547,10.518,10.756,241600000.0,0.0,41.41,1.138,1.138,1991200000.0,7380100000.0,5496900000.0,5496900000.0,0.0,,,,,22700000.0,1081100000.0,1.0,580891168.0,580891168.0,,9.463,38333400000.0,414400000.0,219600000.0,0.0,65.991,11797500000.0
54,AET,MRQ,2005-03-31,2005-03-31,2005-03-31,2018-10-30,-382900000.0,42047700000.0,,18887300000.0,23160400000.0,,15.354,-47100000.0,930000000.0,930000000.0,3663800000.0,389300000.0,2.561,3.652,1601400000.0,449700000.0,1151700000.0,1601400000.0,141200000.0,45100000.0,0.0,0.0,0.0,636200000.0,681300000.0,0.126,681300000.0,636200000.0,609000000.0,0.66,0.64,0.66,9039100000.0,,9039100000.0,22276384482.0,8.0,7.079,25900000.0,0.044,1.0,1763100000.0,0.325,4342900000.0,27200000.0,31001300000.0,,0.0,19411000000.0,16237700000.0,3173300000.0,33008600000.0,7374900000.0,25633700000.0,22062684482.0,-466000000.0,-241700000.0,-528200000.0,0.0,0.0,-340700000.0,-198300000.0,90500000.0,73000000.0,0.0,389300000.0,389300000.0,389300000.0,0.0,0.0,0.072,1126900000.0,636200000.0,0.0,0.0,2.441,10.128,10.309,233700000.0,0.0,37.475,1.076,1.076,1927000000.0,6970400000.0,5426900000.0,5426900000.0,0.0,,,,,53400000.0,1116200000.0,1.0,588730740.0,588730740.0,,9.218,37704800000.0,677200000.0,219700000.0,0.0,64.044,11512400000.0
55,AET,MRQ,2004-12-31,2004-12-31,2004-12-31,2018-10-30,-266700000.0,42133700000.0,,19516200000.0,22617500000.0,,15.376,-55800000.0,1396000000.0,1396000000.0,3587400000.0,210400000.0,2.784,3.64,1609700000.0,0.0,1609700000.0,1609700000.0,121800000.0,76700000.0,0.0,0.0,0.01,358100000.0,434800000.0,0.084,434800000.0,358100000.0,330000000.0,0.375,0.365,0.375,9081400000.0,,9081400000.0,18667020308.0,6.0,6.067,270500000.0,0.458,1.0,1580900000.0,0.306,4148100000.0,28100000.0,31188000000.0,,0.0,19690500000.0,16624200000.0,3066300000.0,33052300000.0,7011300000.0,26041000000.0,18419620308.0,29100000.0,-9500000.0,-360300000.0,0.0,-5900000.0,-183400000.0,-113800000.0,-48500000.0,326300000.0,0.0,210400000.0,210400000.0,210400000.0,0.0,0.0,0.041,1222800000.0,358100000.0,0.0,0.027,2.028,8.548,8.761,233600000.0,0.0,31.188,0.925,0.925,1743100000.0,6546400000.0,5168300000.0,5168300000.0,0.0,,,,,138900000.0,1215000000.0,1.0,590609068.0,590609068.0,,8.751,37985600000.0,722800000.0,119600000.0,0.0,64.316,12504900000.0
56,AET,MRQ,2004-09-30,2004-09-30,2004-09-30,2018-10-30,-136500000.0,41513000000.0,,19404000000.0,22109000000.0,,14.789,-60800000.0,1366900000.0,1366900000.0,3542900000.0,1292300000.0,2.775,3.57,1614300000.0,0.0,1614300000.0,1614300000.0,110200000.0,33900000.0,0.0,0.0,0.0,1487600000.0,1521500000.0,0.302,1521500000.0,1487600000.0,1461700000.0,2.135,2.05,2.135,9084600000.0,,9084600000.0,15802947782.0,5.0,5.051,614200000.0,1.0,1.0,1496600000.0,0.297,4145900000.0,25900000.0,30621300000.0,,0.0,19547200000.0,16445700000.0,3101500000.0,32428400000.0,6993200000.0,25435200000.0,15345847782.0,217400000.0,0.0,-715300000.0,0.0,0.0,-725200000.0,267600000.0,328400000.0,675000000.0,0.0,1292300000.0,1292300000.0,1292300000.0,-990000000.0,0.0,0.256,999000000.0,497600000.0,0.0,0.0,1.689,6.995,6.936,240500000.0,0.0,24.983,0.795,0.795,1876400000.0,6245700000.0,5039500000.0,5039500000.0,0.0,,,,,0.0,989700000.0,1.0,614263896.0,614263896.0,,8.204,37367100000.0,754800000.0,169400000.0,0.0,60.832,12410800000.0
57,AET,MRQ,2004-06-30,2004-06-30,2004-06-30,2018-10-30,-287000000.0,40755100000.0,,18959400000.0,21795700000.0,,13.63,-39500000.0,1149500000.0,1149500000.0,3410100000.0,286300000.0,2.703,3.905,1606600000.0,0.0,1606600000.0,1606600000.0,113700000.0,36500000.0,0.0,0.0,0.0,472900000.0,509400000.0,0.104,509400000.0,472900000.0,447700000.0,0.465,0.45,0.465,8308200000.0,,8308200000.0,13872577585.0,8.0,6.926,183700000.0,0.301,1.0,1464900000.0,0.3,4152200000.0,25200000.0,30046700000.0,,0.0,19533000000.0,16532300000.0,3000700000.0,32446900000.0,7013300000.0,25433600000.0,12953277585.0,441500000.0,0.0,-53600000.0,0.0,0.0,-110500000.0,328800000.0,368300000.0,223200000.0,0.0,286300000.0,286300000.0,286300000.0,0.0,0.0,0.059,992000000.0,472900000.0,0.0,0.0,1.559,11.591,11.676,246900000.0,0.0,21.25,0.691,0.691,1769200000.0,4959300000.0,4875000000.0,4875000000.0,0.0,,,,,0.0,979300000.0,1.0,609566004.0,609566004.0,,7.997,36602900000.0,763400000.0,161400000.0,223000000.0,60.047,11946100000.0
58,AET,MRQ,2004-03-31,2004-03-31,2004-03-31,2018-10-30,-65600000.0,41391400000.0,,19702000000.0,21689400000.0,,13.33,-34200000.0,708000000.0,708000000.0,3288800000.0,365800000.0,2.646,4.063,1627300000.0,0.0,1627300000.0,1627300000.0,184600000.0,35100000.0,0.0,0.0,0.0,576100000.0,611200000.0,0.127,611200000.0,576100000.0,550600000.0,0.595,0.57,0.595,8175300000.0,,8175300000.0,13936444225.0,9.0,7.849,25200000.0,0.041,1.0,1532500000.0,0.318,4164900000.0,25500000.0,30699000000.0,,0.0,20563700000.0,17682400000.0,2881300000.0,33216100000.0,7446800000.0,25769300000.0,13756144225.0,-725400000.0,0.0,-363800000.0,0.0,0.0,-369600000.0,-415200000.0,-381000000.0,59400000.0,0.0,365800000.0,365800000.0,365800000.0,-40000000.0,0.0,0.076,996400000.0,536100000.0,0.0,0.0,1.683,14.187,14.196,258600000.0,0.0,22.43,0.75,0.75,1807300000.0,4673000000.0,4821300000.0,4821300000.0,0.0,,,,,0.0,983700000.0,1.0,613292208.0,613292208.0,,7.861,37226500000.0,557600000.0,184800000.0,266100000.0,60.699,12255200000.0
59,AET,MRQ,2003-12-31,2003-12-31,2003-12-31,2018-10-30,-137600000.0,40950200000.0,,19556800000.0,21393400000.0,,12.984,-42700000.0,1433400000.0,1433400000.0,3141500000.0,249500000.0,2.654,4.168,1613700000.0,0.0,1613700000.0,1613700000.0,203700000.0,89500000.0,0.0,0.001,0.01,397300000.0,486800000.0,0.106,486800000.0,397300000.0,371400000.0,0.407,0.397,0.407,7924000000.0,,7924000000.0,10157028901.0,7.0,5.824,337600000.0,0.553,1.0,1433300000.0,0.313,4175600000.0,25900000.0,29587400000.0,,0.0,19606200000.0,16731600000.0,2874600000.0,33026200000.0,7367500000.0,25658700000.0,10310628901.0,-346900000.0,-53500000.0,-109300000.0,0.0,-6100000.0,-168000000.0,-559200000.0,-463000000.0,380300000.0,0.0,249500000.0,249500000.0,249500000.0,0.0,0.0,0.055,1036000000.0,397300000.0,0.0,0.025,1.301,11.042,11.042,267500000.0,0.0,16.895,0.574,0.574,1910700000.0,4307200000.0,4574800000.0,4574800000.0,0.0,,,,,0.0,1023300000.0,1.0,610276940.0,610276940.0,,7.496,36774600000.0,613600000.0,121900000.0,154700000.0,60.259,12189300000.0
60,AET,MRQ,2003-09-30,2003-09-30,2003-09-30,2018-10-30,-136500000.0,41055300000.0,,19916800000.0,21138500000.0,,12.497,-101000000.0,1780300000.0,1780300000.0,3110300000.0,215900000.0,2.539,4.337,1626700000.0,0.0,1626700000.0,1626700000.0,137400000.0,35300000.0,0.0,0.001,0.0,360400000.0,395700000.0,0.089,395700000.0,360400000.0,334800000.0,0.352,0.338,0.352,7692000000.0,,7692000000.0,9165121333.0,7.0,6.207,-26200000.0,-0.043,1.0,1358800000.0,0.304,4127200000.0,25600000.0,28930400000.0,,0.0,19709300000.0,16739900000.0,2969400000.0,33363300000.0,7844100000.0,25519200000.0,9391221333.0,-86200000.0,0.0,-146700000.0,0.0,0.0,-212900000.0,51900000.0,152900000.0,74800000.0,0.0,215900000.0,215900000.0,215900000.0,0.0,0.0,0.048,998400000.0,360400000.0,0.0,0.0,1.221,12.002,11.62,274300000.0,0.0,15.258,0.518,0.518,1945100000.0,4057700000.0,4469100000.0,4469100000.0,0.0,,,,,0.0,985700000.0,1.0,615515080.0,615515080.0,,7.261,36928100000.0,761500000.0,118900000.0,251400000.0,59.995,12072700000.0
61,AET,MRQ,2003-06-30,2003-06-30,2003-06-30,2018-10-30,-1500000.0,40578200000.0,,19664900000.0,20913300000.0,,12.671,-40800000.0,1866500000.0,1866500000.0,3079300000.0,138400000.0,2.68,4.272,1640400000.0,0.0,1640400000.0,1640400000.0,133200000.0,32900000.0,0.0,0.001,0.0,248900000.0,281800000.0,0.063,281800000.0,248900000.0,223400000.0,0.225,0.217,0.225,7697100000.0,,7697100000.0,8851890474.0,8.0,6.824,-86600000.0,-0.143,1.0,1386700000.0,0.311,4139900000.0,25500000.0,28873200000.0,,0.0,19554700000.0,16449900000.0,3104800000.0,32881100000.0,7339000000.0,25542100000.0,9142090474.0,-56900000.0,0.0,-175500000.0,0.0,0.0,-111700000.0,100600000.0,141400000.0,-45800000.0,0.0,138400000.0,138400000.0,138400000.0,0.0,0.0,0.031,1137800000.0,248900000.0,0.0,0.0,1.188,13.739,13.378,226900000.0,0.0,15.05,0.495,0.495,1907500000.0,3847900000.0,4466000000.0,4466000000.0,0.0,,,,,0.0,1125100000.0,1.0,607447872.0,607447872.0,,7.352,36438300000.0,650800000.0,85000000.0,242600000.0,59.986,12325900000.0
62,AET,MRQ,2003-03-31,2003-03-31,2003-03-31,2018-10-30,-119100000.0,40230000000.0,,19530400000.0,20699600000.0,,12.258,-26300000.0,1923400000.0,1923400000.0,2895500000.0,330000000.0,2.57,4.457,1633200000.0,0.0,1633200000.0,1633200000.0,178800000.0,41900000.0,0.0,0.001,0.0,537900000.0,579800000.0,0.13,579800000.0,537900000.0,512000000.0,0.547,0.53,0.547,7372300000.0,,7372300000.0,7242642557.0,7.0,5.812,-65000000.0,-0.108,1.0,1571000000.0,0.352,4152600000.0,25900000.0,28189300000.0,,0.0,19103000000.0,16020600000.0,3082400000.0,32857700000.0,7597900000.0,25259800000.0,7412342557.0,120500000.0,0.0,-13700000.0,0.0,0.0,-83100000.0,242300000.0,268600000.0,-38700000.0,0.0,330000000.0,330000000.0,330000000.0,0.0,0.0,0.074,1033100000.0,537900000.0,0.0,0.0,1.005,11.669,11.38,230800000.0,0.0,12.325,0.388,0.388,2150700000.0,3709500000.0,4466500000.0,4466500000.0,0.0,,,,,0.0,1020400000.0,1.0,601407104.0,601407104.0,,7.427,36077400000.0,772200000.0,182000000.0,449700000.0,59.988,11932500000.0
63,AET,MRQ,2002-12-31,2002-12-31,2002-12-31,2018-10-30,-161600000.0,40047500000.0,,19459300000.0,20588200000.0,,11.592,-41100000.0,1802900000.0,1802900000.0,3440400000.0,98200000.0,2.521,4.737,1633200000.0,0.0,1633200000.0,1633200000.0,184100000.0,44700000.0,0.0,0.001,0.01,174500000.0,219200000.0,0.046,219200000.0,174500000.0,144000000.0,0.188,0.175,0.188,6980000000.0,,6980000000.0,5979340081.0,-3.0,-2.874,523700000.0,0.87,1.0,1277300000.0,0.271,4165300000.0,30500000.0,27993700000.0,,0.0,19558500000.0,16288700000.0,3269800000.0,33067500000.0,7718800000.0,25348700000.0,6190240081.0,-31300000.0,0.0,-48800000.0,0.0,-6000000.0,-124100000.0,-472000000.0,-430900000.0,564800000.0,0.0,98200000.0,98200000.0,98200000.0,0.0,0.0,0.021,1102800000.0,174500000.0,0.0,0.053,0.887,-2.454,-2.427,244800000.0,0.0,10.28,0.311,0.311,1930000000.0,3379500000.0,4717700000.0,4717700000.0,0.0,,,,,0.0,2546100000.0,1.0,602163432.0,602163432.0,,7.835,35882200000.0,783800000.0,45800000.0,322500000.0,59.589,11740500000.0
64,AET,MRQ,2002-09-30,2002-09-30,2002-09-30,2018-10-30,575200000.0,39166000000.0,,18920100000.0,20245900000.0,,12.686,-45400000.0,1834200000.0,1834200000.0,3497400000.0,98800000.0,2.545,4.134,1623300000.0,0.0,1623300000.0,1623300000.0,100100000.0,44400000.0,0.0,0.001,0.0,172000000.0,216400000.0,0.045,216400000.0,172000000.0,143500000.0,0.165,0.16,0.165,7629100000.0,,7629100000.0,5611336707.0,-2.0,-2.273,-81400000.0,-0.135,1.0,1334700000.0,0.276,4178000000.0,28500000.0,27342400000.0,,0.0,18982500000.0,15694500000.0,3288000000.0,31536900000.0,7434700000.0,24102200000.0,5383736707.0,458800000.0,0.0,-12100000.0,0.0,0.0,-177900000.0,672700000.0,718100000.0,-36000000.0,0.0,98800000.0,98800000.0,98800000.0,0.0,0.0,0.02,1162700000.0,172000000.0,0.0,0.0,0.706,-1.917,-1.844,285500000.0,0.0,8.953,0.254,0.254,2159100000.0,3281300000.0,4832100000.0,4832100000.0,0.0,,,,,0.0,575900000.0,1.0,601366848.0,601366848.0,,8.035,34988000000.0,381300000.0,44700000.0,96200000.0,58.181,11485400000.0
65,AET,MRQ,2002-06-30,2002-06-30,2002-06-30,2018-10-30,413300000.0,39060100000.0,,18268900000.0,20791200000.0,,12.587,-38600000.0,1375400000.0,1375400000.0,3744700000.0,108200000.0,2.526,4.316,1603000000.0,0.0,1603000000.0,1603000000.0,130700000.0,40000000.0,0.0,0.001,0.0,190800000.0,230800000.0,0.046,230800000.0,190800000.0,159600000.0,0.182,0.175,0.182,7347200000.0,,7347200000.0,7030848664.0,-2.0,-2.687,-45800000.0,-0.078,1.0,1319500000.0,0.261,4197800000.0,31200000.0,27856500000.0,,0.0,18874100000.0,15503100000.0,3371000000.0,31712900000.0,7233400000.0,24479500000.0,6999948664.0,-184000000.0,0.0,-104300000.0,0.0,0.0,-29900000.0,-146900000.0,-108300000.0,-7200000.0,0.0,108200000.0,108200000.0,108200000.0,0.0,0.0,0.021,1137000000.0,182500000.0,0.0,0.0,0.953,-2.364,-2.345,292100000.0,0.0,11.992,0.31,0.31,2146400000.0,3188500000.0,5064200000.0,5064200000.0,0.0,,,,,0.0,553200000.0,1.0,583693864.0,583693864.0,,8.676,34862300000.0,516000000.0,51400000.0,92900000.0,59.727,11035500000.0
66,AET,MRQ,2002-03-31,2002-03-31,2002-03-31,2018-10-30,337200000.0,39599700000.0,,18114000000.0,21485700000.0,,12.14,-30400000.0,1559400000.0,1559400000.0,4015800000.0,-2827700000.0,2.45,4.635,1590300000.0,0.0,1590300000.0,1590300000.0,164800000.0,41600000.0,0.0,0.001,0.0,-2788700000.0,-2747100000.0,-0.522,-2747100000.0,-2788700000.0,-2818000000.0,-4.875,-4.75,-4.875,7027800000.0,,7027800000.0,5920849034.0,-2.0,-2.21,-245600000.0,-0.424,1.0,1248900000.0,0.237,4246900000.0,29300000.0,27990600000.0,,0.0,18423400000.0,15123700000.0,3299700000.0,32571900000.0,7393100000.0,25178800000.0,5618049034.0,161200000.0,0.0,0.0,-109700000.0,0.0,-180500000.0,556900000.0,587300000.0,-215200000.0,0.0,-2827700000.0,-2827700000.0,-2827700000.0,-50000000.0,0.0,-0.537,1121900000.0,127000000.0,0.0,0.0,0.799,-1.837,-1.838,308500000.0,0.0,9.705,0.234,0.234,2154400000.0,3080300000.0,5264700000.0,5264700000.0,0.0,,,,,0.0,557400000.0,1.0,578881920.0,578881920.0,,9.095,35352800000.0,593200000.0,9700000.0,131000000.0,61.071,10720900000.0
67,AET,MRQ,2001-12-31,2001-12-31,2001-12-31,2018-10-30,428200000.0,43196700000.0,,18692800000.0,24503900000.0,,17.251,-25700000.0,1398200000.0,1398200000.0,4870100000.0,-187600000.0,2.4,3.368,1701000000.0,109700000.0,1591300000.0,1701000000.0,208000000.0,91000000.0,0.0,0.001,0.01,-259500000.0,-168500000.0,-0.028,-168500000.0,-259500000.0,-300400000.0,-0.328,-0.487,-0.328,9890300000.0,,9890300000.0,4935007545.0,-22.0,31.818,119600000.0,0.209,1.0,1169700000.0,0.194,7286800000.0,40900000.0,28425400000.0,,0.0,19125000000.0,15661600000.0,3463400000.0,33306400000.0,7787300000.0,25519100000.0,4728407545.0,-213200000.0,0.0,0.0,-113100000.0,-5700000.0,-257100000.0,-101400000.0,-75700000.0,145300000.0,0.0,-187600000.0,-187600000.0,-187600000.0,-11400000.0,0.0,-0.031,1346100000.0,-176400000.0,0.0,-0.03,0.478,-16.911,-16.935,327000000.0,0.0,8.248,0.188,0.188,2370400000.0,5908000000.0,6039800000.0,6039800000.0,0.0,,,,,0.0,549100000.0,1.0,573314040.0,573314040.0,,10.535,35909900000.0,474600000.0,-112800000.0,147400000.0,62.636,10905500000.0
68,AET,MRQ,2001-09-30,2001-09-30,2001-09-30,2018-10-30,466100000.0,44508500000.0,,19149300000.0,25359200000.0,,17.695,-31900000.0,1611400000.0,1611400000.0,4990300000.0,-54400000.0,2.355,3.404,1818000000.0,222800000.0,1595200000.0,1818000000.0,300900000.0,91800000.0,0.0,0.003,0.0,-24000000.0,67800000.0,0.011,67800000.0,-24000000.0,-62000000.0,-0.095,0.0,-0.095,10106400000.0,,10106400000.0,4524714148.0,-11.0,-20.502,-153300000.0,-0.268,1.0,1195600000.0,0.193,7387300000.0,38000000.0,29195800000.0,,0.0,18883300000.0,15561900000.0,3321400000.0,34402100000.0,8132000000.0,26270100000.0,4125114148.0,-74400000.0,0.0,0.0,-267600000.0,0.0,-345800000.0,392800000.0,424700000.0,-121400000.0,0.0,-54400000.0,-54400000.0,-54400000.0,0.0,0.0,-0.009,1219600000.0,-24000000.0,0.0,0.0,0.408,-8.278,-8.189,349500000.0,0.0,7.223,0.16,0.16,2663800000.0,6095600000.0,6185900000.0,6185900000.0,0.0,,,,,0.0,555600000.0,1.0,571147684.0,571147684.0,,10.831,37121200000.0,409400000.0,-7600000.0,193700000.0,64.994,11017300000.0
69,AET,MRQ,2001-06-30,2001-06-30,2001-06-30,2018-10-30,367600000.0,45591500000.0,,19368500000.0,26223000000.0,,17.651,-68600000.0,1685800000.0,1685800000.0,5311200000.0,10600000.0,2.303,3.533,2085400000.0,490400000.0,1595000000.0,2085400000.0,292100000.0,91200000.0,0.0,0.012,0.0,77200000.0,168400000.0,0.026,168400000.0,77200000.0,43600000.0,0.018,0.018,0.018,10058100000.0,,10058100000.0,3653164520.0,-34.0,21.104,110600000.0,0.194,1.0,1225200000.0,0.187,7488900000.0,33600000.0,30092900000.0,,0.0,19034100000.0,15709200000.0,3324900000.0,35533400000.0,8409300000.0,27124100000.0,3688264520.0,158300000.0,0.0,0.0,272800000.0,0.0,57400000.0,-78300000.0,-12700000.0,179200000.0,0.0,10600000.0,10600000.0,10600000.0,0.0,0.0,0.002,1242500000.0,-17300000.0,0.0,0.0,0.367,-13.809,-13.626,366100000.0,0.0,6.473,0.14,0.14,2666000000.0,6155700000.0,6536400000.0,6536400000.0,0.0,,,,,0.0,564700000.0,1.0,569836156.0,569836156.0,,11.471,38102600000.0,449500000.0,33000000.0,191700000.0,66.866,10959200000.0
70,AET,MRQ,2001-03-31,2001-03-31,2001-03-31,2018-10-30,436900000.0,46953300000.0,,19817600000.0,27135700000.0,,17.588,-16400000.0,1818800000.0,1818800000.0,5225500000.0,-48200000.0,2.114,3.641,1783700000.0,888800000.0,894900000.0,1783700000.0,327200000.0,105100000.0,0.0,0.014,0.0,-17700000.0,87400000.0,0.014,87400000.0,-17700000.0,-48000000.0,-0.085,0.0,-0.085,10117900000.0,,10117900000.0,4814420830.0,33.0,9.789,-253500000.0,-0.441,1.0,1203200000.0,0.187,7596200000.0,30300000.0,29947200000.0,,0.0,19157600000.0,15870800000.0,3286800000.0,36835400000.0,9374800000.0,27460600000.0,5166020830.0,-125000000.0,0.0,-95600000.0,191500000.0,0.0,1300000.0,110800000.0,130200000.0,-237100000.0,0.0,-48200000.0,-48200000.0,-48200000.0,0.0,0.0,-0.007,1221400000.0,-18200000.0,0.0,0.0,0.511,-56.707,-55.432,377400000.0,0.0,8.98,0.195,0.195,2689600000.0,6145100000.0,6428700000.0,6428700000.0,0.0,,,,,0.0,621000000.0,1.0,575280716.0,575280716.0,,11.175,39357100000.0,419900000.0,200000.0,330800000.0,68.414,10442800000.0
71,AET,MRQ,2000-12-31,2000-12-31,2000-12-31,2018-10-30,354300000.0,47673000000.0,,19767500000.0,27905500000.0,,17.604,16100000.0,1652500000.0,1652500000.0,5216800000.0,-406300000.0,1.976,3.707,1592200000.0,1592200000.0,0.0,1592200000.0,274700000.0,-78400000.0,0.0,0.017,0.025,-465900000.0,-544300000.0,-0.082,-544300000.0,-465900000.0,-522900000.0,-0.72,-0.202,-0.72,10127100000.0,,10127100000.0,8095456550.0,17.0,9.428,848100000.0,1.474,1.0,1381600000.0,0.209,7703400000.0,57000000.0,29905900000.0,,0.0,19262500000.0,15864300000.0,3398200000.0,37545900000.0,10003400000.0,27542500000.0,5905256550.0,111100000.0,0.0,0.0,258400000.0,0.0,53600000.0,-289300000.0,-59000000.0,832000000.0,0.0,-406300000.0,-406300000.0,-406300000.0,288800000.0,0.0,-0.062,1667200000.0,-285600000.0,0.0,-0.035,0.583,46.461,45.622,390000000.0,0.0,10.265,0.22,0.22,2892900000.0,6193300000.0,6598400000.0,6598400000.0,0.0,,,,,0.0,468400000.0,1.0,575280716.0,575280716.0,,11.47,39969600000.0,407300000.0,-116600000.0,297800000.0,69.478,9764100000.0
72,AET,MRQ,2000-09-30,2000-09-30,2000-09-30,2018-10-30,,,,,,,,-14700000.0,,,5267200000.0,176800000.0,,,,,,,,161900000.0,,0.028,0.05,299700000.0,461600000.0,0.068,461600000.0,299700000.0,233800000.0,0.313,0.105,0.313,,,,,,,195100000.0,,1.0,1476900000.0,0.219,,65900000.0,,,,,,,,,,,226800000.0,0.0,0.0,12300000.0,0.0,-268600000.0,-805800000.0,10500000.0,209800000.0,0.0,176800000.0,176800000.0,176800000.0,-117200000.0,0.0,0.026,1294400000.0,182500000.0,,0.16,,,,,0.0,7.258,,,,,6744100000.0,6744100000.0,0.0,,,,,0.0,621600000.0,1.0,,,,,,,57000000.0,,,
73,AET,MRQ,2000-06-30,2000-06-30,2000-06-30,2018-10-30,,,,,,,,-12600000.0,,,5304400000.0,186600000.0,,,,,,,,156200000.0,,0.025,0.05,330900000.0,487100000.0,0.072,487100000.0,330900000.0,274500000.0,0.33,0.193,0.33,,,,,,,166500000.0,,1.0,1415000000.0,0.211,,56400000.0,,,,,,,,,,,-548700000.0,0.0,0.0,-62700000.0,0.0,-359800000.0,697200000.0,534900000.0,179100000.0,0.0,186600000.0,186600000.0,186600000.0,-77000000.0,0.0,0.028,1307100000.0,107900000.0,,0.152,,,,,0.0,8.024,,,,,6719400000.0,6719400000.0,0.0,,,,,0.0,638100000.0,1.0,,,,,,,87900000.0,,,
74,AET,MRQ,2000-03-31,2000-03-31,2000-03-31,2018-10-30,,,,,,,,-25700000.0,,,5249200000.0,170000000.0,,,,,,,,155300000.0,,0.029,0.05,299000000.0,454300000.0,0.067,454300000.0,299000000.0,230100000.0,0.3,0.133,0.3,,,,,,,280000000.0,,1.0,1507800000.0,0.223,,68900000.0,,,,,,,,,,,-161400000.0,0.0,0.0,-340800000.0,0.0,-928800000.0,1433700000.0,604100000.0,305700000.0,0.0,170000000.0,170000000.0,170000000.0,-94600000.0,0.0,0.025,1303400000.0,204400000.0,,0.167,,,,,0.0,6.938,,,,,6757000000.0,6757000000.0,0.0,,,,,0.0,600600000.0,1.0,,,,,,,60100000.0,,,
75,AET,MRQ,1999-12-31,1999-12-31,1999-12-31,2018-10-30,-390900000.0,52667600000.0,,20898300000.0,31769300000.0,,,,1628700000.0,1628700000.0,,,1.989,3.921,3818900000.0,1725000000.0,2093900000.0,3818900000.0,473600000.0,,0.0,0.029,0.05,,,,,,,,,,10703200000.0,,10703200000.0,,,,,,1.0,,,8655000000.0,,35696400000.0,,0.0,19884200000.0,16863600000.0,3020600000.0,41964400000.0,10506400000.0,31458000000.0,,,,,,,,,,,,,,,,,,,,0.0,,,,12.684,473000000.0,,6.976,,,3012100000.0,7639500000.0,,,,,,,,,,1.0,,,,,44012600000.0,511200000.0,,285600000.0,,10391900000.0
76,AET,MRQ,1998-12-31,1998-12-31,1998-12-31,2018-10-30,370100000.0,53355200000.0,,21267900000.0,32087300000.0,,,,1101000000.0,1101000000.0,,,2.377,3.644,2963400000.0,1370100000.0,1593300000.0,2963400000.0,312300000.0,,0.0,0.02,0.05,,,,,,,,,,11429500000.0,,11429500000.0,,,,,,1.0,,,8593500000.0,,37677500000.0,,0.0,21583600000.0,18207900000.0,3375700000.0,41650700000.0,8946600000.0,32704100000.0,,,,,,,,,,,,,,,,,,,,476300000.0,,,,14.284,413100000.0,,9.828,,,2047000000.0,7577700000.0,,,,,,,,,,1.0,,,,,44761700000.0,296300000.0,,169100000.0,,12321300000.0
0,AET,MRT,2018-09-30,2018-09-30,2018-09-30,2018-10-30,-1813000000.0,57103000000.0,57441750000.0,19371000000.0,37732000000.0,1.066,55.867,-445000000.0,6769000000.0,6769000000.0,44341000000.0,3682000000.0,1.162,2.107,8157000000.0,375000000.0,7782000000.0,8157000000.0,749000000.0,606000000.0,0.0,0.01,2.0,5362000000.0,5968000000.0,0.097,5968000000.0,5362000000.0,5007000000.0,11.2,11.13,11.2,18291000000.0,16918000000.0,18291000000.0,67125090000.0,13.0,11.248,552000000.0,1.686,1.0,16892000000.0,0.276,11634000000.0,355000000.0,30187000000.0,30062250000.0,0.0,18560000000.0,2796000000.0,15764000000.0,38540000000.0,16670000000.0,21870000000.0,66413090000.0,841000000.0,1382000000.0,0.0,-2000000000.0,-654000000.0,-2802000000.0,2646000000.0,1709000000.0,997000000.0,0.0,3665000000.0,3665000000.0,3665000000.0,0.0,17000000.0,0.06,11583000000.0,5309000000.0,0.0,0.179,3.631,18.121,18.112,568000000.0,0.0,202.85,1.085,1.085,9944000000.0,15325000000.0,61233000000.0,61233000000.0,0.0,0.064,0.217,0.178,0.088,177000000.0,11345000000.0,1.0,327400000.0,327400000.0,,187.028,45469000000.0,127000000.0,1342000000.0,83000000.0,138.879,2701000000.0
1,AET,MRT,2018-06-30,2018-06-30,2018-06-30,2018-10-30,-1816000000.0,58316000000.0,57511750000.0,19625000000.0,38691000000.0,1.056,53.204,-449000000.0,7447000000.0,7447000000.0,44059000000.0,3538000000.0,1.091,2.336,8159000000.0,375000000.0,7784000000.0,8159000000.0,2355000000.0,630000000.0,0.0,0.011,2.0,5256000000.0,5886000000.0,0.097,5886000000.0,5256000000.0,4896000000.0,10.69,10.62,10.69,17403000000.0,16241000000.0,17403000000.0,61306850000.0,12.0,10.416,2780000000.0,8.499,1.0,16684000000.0,0.275,11681000000.0,360000000.0,29356000000.0,30018250000.0,0.0,18986000000.0,2611000000.0,16375000000.0,40645000000.0,17991000000.0,22654000000.0,60022850000.0,3873000000.0,1359000000.0,-545000000.0,-1012000000.0,-656000000.0,-2299000000.0,2943000000.0,2033000000.0,3229000000.0,0.0,3503000000.0,3503000000.0,3503000000.0,0.0,35000000.0,0.058,11463000000.0,5221000000.0,0.0,0.187,3.449,17.135,17.166,574000000.0,0.0,183.5,0.988,0.988,9410000000.0,14489000000.0,60743000000.0,60743000000.0,0.0,0.061,0.216,0.175,0.087,176000000.0,11215000000.0,1.0,327100000.0,327100000.0,,185.702,46635000000.0,284000000.0,1393000000.0,0.0,142.571,1634000000.0
2,AET,MRT,2018-03-31,2018-03-31,2018-03-31,2018-10-30,-1729000000.0,59197000000.0,57111250000.0,20701000000.0,38496000000.0,1.063,50.177,-438000000.0,7875000000.0,7875000000.0,44114000000.0,3504000000.0,1.051,2.594,9159000000.0,1374000000.0,7785000000.0,9159000000.0,2528000000.0,677000000.0,0.0,0.012,2.0,5433000000.0,6110000000.0,0.101,6110000000.0,5433000000.0,5075000000.0,10.61,10.55,10.61,16398000000.0,15741250000.0,16398000000.0,60312200000.0,11.0,9.871,1540000000.0,4.712,1.0,16591000000.0,0.273,11728000000.0,358000000.0,29060000000.0,30332000000.0,0.0,18930000000.0,2521000000.0,16409000000.0,42532000000.0,19693000000.0,22839000000.0,55229200000.0,3998000000.0,1360000000.0,-545000000.0,-262000000.0,-659000000.0,-1450000000.0,3470000000.0,2548000000.0,1978000000.0,0.0,3494000000.0,3494000000.0,3494000000.0,0.0,10000000.0,0.058,11257000000.0,5334000000.0,0.0,0.189,3.368,15.807,15.928,577000000.0,0.0,169.0,0.91,0.91,9929000000.0,13440000000.0,60705000000.0,60705000000.0,0.0,0.061,0.222,0.179,0.089,172000000.0,10998000000.0,1.0,326800000.0,326800000.0,,185.756,47469000000.0,400000000.0,1581000000.0,0.0,145.254,1008000000.0
3,AET,MRT,2017-12-31,2017-12-31,2017-12-31,2018-10-30,-1244000000.0,55151000000.0,56399750000.0,15523000000.0,39628000000.0,1.073,47.777,-410000000.0,4076000000.0,4076000000.0,44628000000.0,1905000000.0,0.922,2.523,9159000000.0,999000000.0,8160000000.0,9159000000.0,654000000.0,705000000.0,0.0,0.01,1.75,3433000000.0,4138000000.0,0.068,4138000000.0,3433000000.0,2991000000.0,5.71,5.68,5.71,15580000000.0,15207000000.0,15580000000.0,63056179000.0,18.0,15.238,-874000000.0,-2.68,1.0,15907000000.0,0.263,11751000000.0,442000000.0,31646000000.0,30649500000.0,0.0,20073000000.0,2280000000.0,17793000000.0,39314000000.0,16837000000.0,22477000000.0,58825179000.0,-13920000000.0,1366000000.0,-3845000000.0,-11746000000.0,-583000000.0,-16186000000.0,2730000000.0,1774000000.0,-464000000.0,0.0,1904000000.0,1904000000.0,1904000000.0,0.0,1000000.0,0.031,12336000000.0,3571000000.0,0.0,0.306,3.776,30.896,31.592,586000000.0,0.0,180.39,0.972,0.972,9444000000.0,12118000000.0,60535000000.0,60535000000.0,0.0,0.034,0.125,0.112,0.057,187000000.0,12064000000.0,1.0,326100000.0,326100000.0,,185.633,43400000000.0,560000000.0,1087000000.0,0.0,133.088,-1314000000.0
4,AET,MRT,2017-09-30,2017-09-30,2017-09-30,2018-10-30,-1161000000.0,57383000000.0,59898500000.0,16434000000.0,40949000000.0,1.025,46.923,-374000000.0,5928000000.0,5928000000.0,45132000000.0,1780000000.0,0.836,2.667,10159000000.0,1998000000.0,8161000000.0,10159000000.0,2046000000.0,669000000.0,0.0,0.009,1.5,3299000000.0,3968000000.0,0.065,3968000000.0,3299000000.0,2760000000.0,5.44,5.4,5.44,15583000000.0,15782250000.0,15583000000.0,58405221000.0,18.0,14.719,948000000.0,2.855,1.0,16278000000.0,0.265,11956000000.0,539000000.0,30011000000.0,32997500000.0,0.0,24376000000.0,2869000000.0,21507000000.0,41565000000.0,19647000000.0,21918000000.0,52807221000.0,-13138000000.0,-24000000.0,-3845000000.0,-10746000000.0,-509000000.0,-15074000000.0,614000000.0,1012000000.0,1322000000.0,0.0,1799000000.0,1799000000.0,1799000000.0,0.0,-19000000.0,0.029,12861000000.0,3417000000.0,0.0,0.276,3.389,29.354,29.23,581000000.0,0.0,159.01,0.86,0.86,5670000000.0,12037000000.0,61410000000.0,61410000000.0,0.0,0.03,0.114,0.1,0.054,179000000.0,12625000000.0,1.0,332100000.0,332100000.0,,184.914,45427000000.0,0.0,961000000.0,151000000.0,136.787,-3213000000.0
5,AET,MRT,2017-06-30,2017-06-30,2017-06-30,2018-10-30,-1180000000.0,56714000000.0,63523400000.0,15501000000.0,41213000000.0,0.979,46.44,-321000000.0,3574000000.0,3574000000.0,45799000000.0,1529000000.0,0.785,2.671,9172000000.0,1997000000.0,7175000000.0,9172000000.0,1989000000.0,677000000.0,0.0,0.008,1.25,3215000000.0,3892000000.0,0.063,3892000000.0,3215000000.0,2577000000.0,4.62,4.58,4.62,15404000000.0,16457425000.0,15404000000.0,55908011000.0,17.0,14.365,1880000000.0,5.668,1.0,16398000000.0,0.264,11961000000.0,638000000.0,30611000000.0,35995750000.0,0.0,24887000000.0,2934000000.0,21953000000.0,41139000000.0,19740000000.0,21399000000.0,50362011000.0,-13545000000.0,0.0,-3300000000.0,-11734000000.0,-430000000.0,-15504000000.0,-242000000.0,79000000.0,2201000000.0,0.0,1565000000.0,1565000000.0,1565000000.0,0.0,-36000000.0,0.025,13082000000.0,3316000000.0,0.0,0.271,3.269,32.18,32.864,570000000.0,0.0,151.83,0.81,0.81,6636000000.0,12568000000.0,62197000000.0,62197000000.0,0.0,0.025,0.095,0.089,0.052,184000000.0,12843000000.0,1.0,331700000.0,331700000.0,,187.51,44753000000.0,173000000.0,1012000000.0,106000000.0,134.92,-4239000000.0
6,AET,MRT,2017-03-31,2017-03-31,2017-03-31,2018-10-30,-1276000000.0,56351000000.0,66995400000.0,15018000000.0,41333000000.0,0.935,40.549,-286000000.0,3877000000.0,3877000000.0,46440000000.0,1139000000.0,0.768,2.946,9423000000.0,1249000000.0,8174000000.0,9423000000.0,2078000000.0,672000000.0,0.0,0.008,1.0,2763000000.0,3435000000.0,0.055,3435000000.0,2763000000.0,2088000000.0,3.25,3.21,3.25,14261000000.0,17034075000.0,14261000000.0,47524335000.0,17.0,13.835,2541000000.0,7.225,1.0,16187000000.0,0.258,12019000000.0,675000000.0,30330000000.0,39260800000.0,0.0,25001000000.0,3079000000.0,21922000000.0,42013000000.0,19548000000.0,22465000000.0,44859335000.0,111000000.0,0.0,-3300000000.0,1402000000.0,-352000000.0,-2456000000.0,-260000000.0,26000000.0,2827000000.0,0.0,1153000000.0,1153000000.0,1153000000.0,0.0,-14000000.0,0.018,13320000000.0,2867000000.0,0.0,0.308,3.146,38.907,39.246,577000000.0,0.0,127.55,0.716,0.716,5828000000.0,11531000000.0,62627000000.0,62627000000.0,0.0,0.017,0.068,0.07,0.044,191000000.0,13075000000.0,1.0,351700000.0,351700000.0,,178.069,44332000000.0,168000000.0,935000000.0,0.0,126.051,-4530000000.0
7,AET,MRT,2016-12-31,2016-12-31,2016-12-31,2018-10-30,-1552000000.0,69146000000.0,67013575000.0,28449000000.0,40697000000.0,0.942,50.958,-270000000.0,17996000000.0,17996000000.0,46356000000.0,2256000000.0,1.522,2.864,20661000000.0,1634000000.0,19027000000.0,20661000000.0,556000000.0,681000000.0,0.0,0.008,1.0,4610000000.0,5291000000.0,0.084,5291000000.0,4610000000.0,4006000000.0,6.46,6.41,6.46,17881000000.0,17672200000.0,17881000000.0,45111109000.0,10.0,8.526,3449000000.0,9.829,1.0,16799000000.0,0.266,12079000000.0,604000000.0,41038000000.0,39243250000.0,0.0,24879000000.0,3046000000.0,21833000000.0,51203000000.0,18694000000.0,32509000000.0,43515109000.0,15472000000.0,0.0,0.0,12886000000.0,-351000000.0,12134000000.0,-381000000.0,-111000000.0,3719000000.0,0.0,2271000000.0,2271000000.0,2271000000.0,0.0,-15000000.0,0.036,12332000000.0,4467000000.0,0.0,0.155,2.434,19.161,19.197,587000000.0,0.0,124.01,0.689,0.689,5599000000.0,14717000000.0,63155000000.0,63155000000.0,0.0,0.034,0.129,0.117,0.073,191000000.0,12085000000.0,1.0,350900000.0,350900000.0,,179.98,57067000000.0,44000000.0,1735000000.0,4000000.0,162.63,9755000000.0
8,AET,MRT,2016-09-30,2016-09-30,2016-09-30,2018-10-30,-1081600000.0,71882600000.0,63104325000.0,29943400000.0,41939200000.0,0.99,52.12,-273000000.0,19066200000.0,19066200000.0,45851600000.0,2449700000.0,1.549,2.928,20662200000.0,640100000.0,20022100000.0,20662200000.0,1843000000.0,683000000.0,0.0,0.009,1.0,4829400000.0,5512400000.0,0.088,5512400000.0,4829400000.0,4303800000.0,6.98,6.92,6.98,18283700000.0,17230450000.0,18283700000.0,44043460000.0,9.0,7.99,5458400000.0,15.56,1.0,16624400000.0,0.266,12139100000.0,525600000.0,42004000000.0,36692750000.0,0.0,25738300000.0,2982200000.0,22756100000.0,53538100000.0,19335500000.0,34202600000.0,40499860000.0,17269900000.0,600000.0,300000.0,12885500000.0,-349500000.0,12135900000.0,-597400000.0,-325000000.0,5731400000.0,0.0,2452600000.0,2452600000.0,2452600000.0,0.0,-2900000.0,0.039,11925900000.0,4698500000.0,0.0,0.143,2.215,16.513,16.54,597000000.0,0.0,115.45,0.648,0.648,5797600000.0,14666000000.0,62476000000.0,62476000000.0,0.0,0.039,0.142,0.132,0.077,189500000.0,11675900000.0,1.0,350800000.0,350800000.0,,178.096,59743500000.0,0.0,1851200000.0,485600000.0,170.306,10607900000.0
9,AET,MRT,2016-06-30,2016-06-30,2016-06-30,2018-10-30,-1092400000.0,70602000000.0,58503275000.0,29125300000.0,41476700000.0,1.054,50.515,-304200000.0,17119400000.0,17119400000.0,45162900000.0,2415100000.0,1.594,2.983,20663000000.0,643900000.0,20019100000.0,20663000000.0,582400000.0,684000000.0,0.0,0.008,1.0,4677600000.0,5361600000.0,0.087,5361600000.0,4677600000.0,4243400000.0,6.86,6.81,6.86,17710600000.0,16626725000.0,17710600000.0,46833278000.0,10.0,8.735,4042700000.0,11.531,1.0,16485100000.0,0.267,12200500000.0,434200000.0,43671200000.0,34185600000.0,0.0,25404800000.0,2981800000.0,22423000000.0,52824300000.0,18273900000.0,34550400000.0,42818778000.0,15993600000.0,600000.0,300000.0,12885500000.0,-349700000.0,12107500000.0,-460800000.0,-157200000.0,4346900000.0,0.0,2408700000.0,2408700000.0,2408700000.0,0.0,6400000.0,0.039,11929100000.0,4556000000.0,0.0,0.146,2.418,17.777,17.803,605000000.0,0.0,122.13,0.695,0.695,6657100000.0,14149800000.0,61648000000.0,61648000000.0,0.0,0.041,0.145,0.137,0.076,185300000.0,11675000000.0,1.0,350600000.0,350600000.0,,175.836,58401500000.0,0.0,1834700000.0,504500000.0,166.576,10851400000.0
10,AET,MRT,2016-03-31,2016-03-31,2016-03-31,2018-10-30,-1254900000.0,56423700000.0,54513050000.0,15393600000.0,41030100000.0,1.118,48.094,-335700000.0,3766400000.0,3766400000.0,44441400000.0,2356700000.0,0.859,2.352,7780900000.0,398400000.0,7382500000.0,7780900000.0,716300000.0,676000000.0,0.0,0.009,1.0,4542000000.0,5218000000.0,0.086,5218000000.0,4542000000.0,4151200000.0,6.71,6.66,6.71,16813500000.0,16050725000.0,16813500000.0,44581260000.0,10.0,8.544,3847900000.0,11.007,1.0,16494500000.0,0.271,12263200000.0,390800000.0,30259800000.0,31541775000.0,0.0,25240000000.0,3127800000.0,22112200000.0,39545000000.0,17915200000.0,21629800000.0,39277560000.0,1850600000.0,-9100000.0,-99700000.0,-297500000.0,-348900000.0,-1107200000.0,-1225800000.0,-881000000.0,4183600000.0,0.0,2349500000.0,2349500000.0,2349500000.0,0.0,7200000.0,0.039,11945300000.0,4549200000.0,0.0,0.149,2.336,16.717,16.744,616100000.0,0.0,112.35,0.645,0.645,5611300000.0,13436400000.0,60935900000.0,60935900000.0,0.0,0.043,0.146,0.144,0.075,185200000.0,11691500000.0,1.0,349600000.0,349600000.0,,174.302,44160500000.0,0.0,1801700000.0,508900000.0,126.317,-2521600000.0
11,AET,MRT,2015-12-31,2015-12-31,2015-12-31,2018-10-30,-1330000000.0,53509000000.0,54295975000.0,12725000000.0,40784000000.0,1.111,46.212,-363000000.0,2524000000.0,2524000000.0,43833000000.0,2395000000.0,0.815,2.317,7785000000.0,0.0,7785000000.0,7785000000.0,676000000.0,671000000.0,0.0,0.009,1.0,4600000000.0,5271000000.0,0.087,5271000000.0,4600000000.0,4231000000.0,6.84,6.78,6.84,16114000000.0,15610500000.0,16114000000.0,43738944000.0,10.0,8.298,3503000000.0,10.046,1.0,16504000000.0,0.274,12325000000.0,369000000.0,30836000000.0,32125050000.0,0.0,24680000000.0,3015000000.0,21665000000.0,37330000000.0,15609000000.0,21721000000.0,37701444000.0,1104000000.0,-20000000.0,-296000000.0,-931000000.0,-349000000.0,-1735000000.0,-1027000000.0,-644000000.0,3866000000.0,0.0,2390000000.0,2390000000.0,2390000000.0,0.0,5000000.0,0.04,11899000000.0,4605000000.0,0.0,0.146,2.34,15.775,15.807,630000000.0,0.0,108.12,0.625,0.625,4911000000.0,12797000000.0,60337000000.0,60337000000.0,0.0,0.044,0.153,0.143,0.076,181000000.0,11644000000.0,1.0,348700000.0,348700000.0,,173.034,41184000000.0,261000000.0,1841000000.0,177000000.0,118.107,-2884000000.0
12,AET,MRT,2015-09-30,2015-09-30,2015-09-30,2018-10-30,-1315500000.0,53478400000.0,54269250000.0,12347300000.0,41131100000.0,1.107,45.522,-395900000.0,1796500000.0,1796500000.0,43782900000.0,2302900000.0,0.815,2.366,7834000000.0,0.0,7834000000.0,7834000000.0,502700000.0,660300000.0,0.0,0.009,0.975,4422500000.0,5082800000.0,0.085,5082800000.0,4422500000.0,4078600000.0,6.6,6.54,6.6,15868800000.0,15202650000.0,15868800000.0,44854626000.0,10.0,8.825,2654000000.0,7.613,1.0,16276100000.0,0.271,12388400000.0,343900000.0,31975400000.0,32577300000.0,0.0,24911200000.0,2843300000.0,22067900000.0,37545900000.0,15152100000.0,22393800000.0,38140326000.0,89300000.0,-389900000.0,-539300000.0,-146600000.0,-340900000.0,-1187300000.0,-1773300000.0,-977500000.0,3049900000.0,0.0,2301600000.0,2301600000.0,2301600000.0,0.0,1300000.0,0.038,11763200000.0,4512900000.0,0.0,0.148,2.403,16.571,16.577,629300000.0,0.0,109.41,0.635,0.635,5184500000.0,12563800000.0,60059000000.0,60059000000.0,0.0,0.042,0.151,0.136,0.074,177300000.0,11511800000.0,1.0,348600000.0,348600000.0,,172.286,41090000000.0,525000000.0,1777000000.0,695200000.0,117.871,-2804800000.0
13,AET,MRT,2015-06-30,2015-06-30,2015-06-30,2018-10-30,-1273100000.0,54641100000.0,54156050000.0,12982100000.0,41659000000.0,1.105,44.12,-368500000.0,1125800000.0,1125800000.0,43720700000.0,2339300000.0,0.822,2.543,7840100000.0,0.0,7840100000.0,7840100000.0,548800000.0,647800000.0,0.0,0.007,0.95,4377500000.0,5025300000.0,0.084,5025300000.0,4377500000.0,4050600000.0,6.68,6.62,6.68,15406600000.0,14965750000.0,15406600000.0,50736332000.0,12.0,10.096,2642300000.0,7.567,1.0,16113100000.0,0.269,12458000000.0,326900000.0,33095900000.0,32675950000.0,0.0,25269600000.0,3089500000.0,22180100000.0,39173300000.0,15801500000.0,23371800000.0,44509032000.0,-634400000.0,-389900000.0,-794200000.0,-446700000.0,-333300000.0,-1710000000.0,-1935200000.0,-1176800000.0,3010800000.0,0.0,2336000000.0,2336000000.0,2336000000.0,0.0,3300000.0,0.039,11643200000.0,4469900000.0,0.0,0.142,2.889,19.054,19.081,653200000.0,0.0,127.46,0.744,0.744,6099100000.0,12090600000.0,59833800000.0,59833800000.0,0.0,0.043,0.156,0.134,0.073,178900000.0,11397400000.0,1.0,349200000.0,349200000.0,,171.345,42183100000.0,548400000.0,1714600000.0,704900000.0,120.799,-2819400000.0
14,AET,MRT,2015-03-31,2015-03-31,2015-03-31,2018-10-30,-1033100000.0,55555400000.0,53785950000.0,13391300000.0,42164100000.0,1.099,43.168,-358500000.0,1915800000.0,1915800000.0,43525600000.0,2151900000.0,0.803,2.686,8143100000.0,297000000.0,7846100000.0,8143100000.0,627600000.0,638300000.0,0.0,0.009,0.925,4046600000.0,4684900000.0,0.079,4684900000.0,4046600000.0,3718000000.0,6.12,6.06,6.12,15052600000.0,14788050000.0,15052600000.0,44307911000.0,11.0,9.458,3065700000.0,8.792,1.0,15576700000.0,0.264,12521900000.0,328600000.0,32592900000.0,32503050000.0,0.0,25825700000.0,3238100000.0,22587600000.0,40436500000.0,16667900000.0,23768600000.0,37147011000.0,-158400000.0,-450900000.0,-949300000.0,-305900000.0,-326500000.0,-1728200000.0,-1854400000.0,-1045000000.0,3424200000.0,0.0,2153000000.0,2153000000.0,2153000000.0,0.0,-1100000.0,0.036,11442100000.0,4134600000.0,0.0,0.151,2.468,17.254,17.407,662600000.0,0.0,106.53,0.629,0.629,5152800000.0,11546000000.0,59102300000.0,59102300000.0,0.0,0.04,0.146,0.124,0.068,174000000.0,11198100000.0,1.0,348700000.0,348700000.0,,169.493,43033500000.0,493100000.0,1565000000.0,1236300000.0,123.411,-3276600000.0
15,AET,MRT,2014-12-31,2014-12-31,2014-12-31,2018-10-30,-1111300000.0,53402100000.0,52926850000.0,11764000000.0,41638100000.0,1.096,41.179,-370000000.0,1420400000.0,1420400000.0,42912000000.0,2045000000.0,0.766,2.683,8581300000.0,729300000.0,7852000000.0,8581300000.0,519500000.0,629000000.0,0.0,0.01,0.9,3830000000.0,4459000000.0,0.077,4459000000.0,3830000000.0,3496000000.0,5.74,5.68,5.74,14482600000.0,14600800000.0,14482600000.0,37447811000.0,10.0,8.398,3003000000.0,8.539,1.0,15091000000.0,0.26,12561500000.0,334000000.0,32645000000.0,32215550000.0,0.0,24789100000.0,2595200000.0,22193900000.0,38850300000.0,15356500000.0,23493800000.0,31241511000.0,8000000.0,-440000000.0,-1218000000.0,386000000.0,-321000000.0,-1235000000.0,-2130000000.0,-1320000000.0,3373000000.0,0.0,2041000000.0,2041000000.0,2041000000.0,0.0,4000000.0,0.035,11076000000.0,4015000000.0,0.0,0.157,2.157,15.307,15.476,669800000.0,0.0,88.83,0.539,0.539,4440300000.0,11051700000.0,58003000000.0,58003000000.0,0.0,0.039,0.14,0.119,0.066,163000000.0,10833000000.0,1.0,351700000.0,351700000.0,,164.922,40840600000.0,815700000.0,1455000000.0,867500000.0,116.123,-3592500000.0
16,AET,MRT,2014-09-30,2014-09-30,2014-09-30,2018-10-30,-730300000.0,53025600000.0,52017525000.0,11464900000.0,41560700000.0,1.085,42.079,-408600000.0,1707100000.0,1707100000.0,41914200000.0,2184200000.0,0.784,2.55,7913400000.0,307100000.0,7606300000.0,7913400000.0,554900000.0,630300000.0,0.0,0.011,0.875,3933900000.0,4564200000.0,0.081,4564200000.0,3933900000.0,3600100000.0,6.05,5.99,6.05,14921200000.0,14486525000.0,14921200000.0,35187300000.0,9.0,7.709,3294200000.0,9.29,1.0,14500500000.0,0.257,12229300000.0,333800000.0,32370000000.0,32006925000.0,0.0,25203800000.0,3332300000.0,21871500000.0,38043200000.0,14632600000.0,23410600000.0,28722600000.0,-375300000.0,-79100000.0,-1425000000.0,-397900000.0,-315100000.0,-2192200000.0,-1885900000.0,-1405700000.0,3702800000.0,0.0,2177700000.0,2177700000.0,2177700000.0,0.0,6500000.0,0.039,10468200000.0,4032300000.0,0.0,0.145,1.925,13.189,13.388,668900000.0,0.0,81.0,0.509,0.509,4158800000.0,11150100000.0,56414700000.0,56414700000.0,0.0,0.042,0.15,0.123,0.07,160700000.0,10273600000.0,1.0,354600000.0,354600000.0,,159.094,40796300000.0,530900000.0,1422400000.0,1033300000.0,115.049,-3167700000.0
17,AET,MRT,2014-06-30,2014-06-30,2014-06-30,2018-10-30,-656100000.0,53160700000.0,51074350000.0,11647100000.0,41513600000.0,1.071,41.119,-480200000.0,1760100000.0,1760100000.0,40757000000.0,2104400000.0,0.78,2.614,8224800000.0,612400000.0,7612400000.0,8224800000.0,583800000.0,632400000.0,0.0,0.01,0.85,3753100000.0,4385500000.0,0.08,4385500000.0,3753100000.0,3413800000.0,5.77,5.7,5.77,14695800000.0,14160775000.0,14695800000.0,35142492000.0,9.0,8.013,3306300000.0,9.251,1.0,13965500000.0,0.255,12288400000.0,339300000.0,32404300000.0,31620925000.0,0.0,25010700000.0,3150600000.0,21860100000.0,38407900000.0,14932700000.0,23475200000.0,28977992000.0,-496700000.0,-79100000.0,-1503100000.0,-643600000.0,-309900000.0,-2490200000.0,-1793000000.0,-1231200000.0,3786500000.0,0.0,2101800000.0,2101800000.0,2101800000.0,0.0,2600000.0,0.038,10117900000.0,3847600000.0,0.0,0.147,1.972,13.787,14.052,680200000.0,0.0,81.08,0.53,0.53,4686600000.0,10889400000.0,54722500000.0,54722500000.0,0.0,0.041,0.148,0.119,0.069,152400000.0,9863400000.0,1.0,357400000.0,357400000.0,,153.113,40872300000.0,424800000.0,1312000000.0,1141700000.0,114.36,-3285600000.0
18,AET,MRT,2014-03-31,2014-03-31,2014-03-31,2018-10-30,-786400000.0,52119000000.0,50216750000.0,11414800000.0,40704200000.0,1.031,39.436,-486800000.0,2074100000.0,2074100000.0,38462600000.0,2090400000.0,0.783,2.64,8238600000.0,620200000.0,7618400000.0,8238600000.0,573300000.0,615200000.0,0.0,0.011,0.825,3679600000.0,4294800000.0,0.083,4294800000.0,3679600000.0,3338100000.0,5.73,5.67,5.73,14303600000.0,13849400000.0,14303600000.0,34031919000.0,9.0,7.924,2670300000.0,7.362,1.0,13287900000.0,0.257,12259400000.0,341500000.0,31442900000.0,31435950000.0,0.0,24220900000.0,2930500000.0,21290400000.0,37758000000.0,14581200000.0,23176800000.0,27191619000.0,-1153800000.0,-1644300000.0,-1688600000.0,-41500000.0,-294800000.0,-2003500000.0,-2307400000.0,-173800000.0,3157100000.0,0.0,2089000000.0,2089000000.0,2089000000.0,0.0,1400000.0,0.04,9601000000.0,3686900000.0,0.0,0.144,1.901,13.017,13.084,704100000.0,0.0,74.97,0.525,0.525,4285700000.0,10675500000.0,51750500000.0,51750500000.0,0.0,0.042,0.151,0.117,0.071,141400000.0,9356600000.0,1.0,362700000.0,362700000.0,,142.681,39859600000.0,449800000.0,1249100000.0,1227500000.0,109.897,-3166400000.0
19,AET,MRT,2013-12-31,2013-12-31,2013-12-31,2018-10-30,-912100000.0,49764800000.0,47816300000.0,9611900000.0,40152900000.0,0.989,38.165,-479100000.0,1412300000.0,1412300000.0,35246400000.0,1911900000.0,0.771,2.544,8252600000.0,387300000.0,7865300000.0,8252600000.0,458700000.0,569100000.0,0.0,0.012,0.8,3275900000.0,3845000000.0,0.081,3845000000.0,3275900000.0,2942200000.0,5.38,5.33,5.38,14025500000.0,12943725000.0,14025500000.0,31390725000.0,10.0,8.164,1799600000.0,4.897,1.0,12048200000.0,0.255,12321600000.0,333700000.0,31810500000.0,30927325000.0,0.0,23791400000.0,2856400000.0,20935000000.0,35686600000.0,12473000000.0,23213600000.0,25206825000.0,-1166900000.0,-1644300000.0,-1407700000.0,0.0,-278700000.0,-1525800000.0,-1919800000.0,203600000.0,2278700000.0,0.0,1913600000.0,1913600000.0,1913600000.0,0.0,-1700000.0,0.04,8860000000.0,3188200000.0,0.0,0.149,1.797,13.172,12.749,721900000.0,0.0,68.59,0.533,0.533,3894700000.0,10555400000.0,47294600000.0,47294600000.0,0.0,0.04,0.148,0.106,0.069,127100000.0,8645400000.0,1.0,367500000.0,367500000.0,,128.693,37443200000.0,590700000.0,1028600000.0,864200000.0,101.886,-2861100000.0
20,AET,MRT,2013-09-30,2013-09-30,2013-09-30,2018-10-30,-1456100000.0,49252900000.0,45748725000.0,10031900000.0,39221000000.0,0.963,36.598,-417300000.0,2082400000.0,2082400000.0,32758100000.0,1733700000.0,0.819,2.613,8266300000.0,392200000.0,7874100000.0,8266300000.0,479200000.0,518400000.0,0.0,0.012,0.775,3021800000.0,3540200000.0,0.08,3540200000.0,3021800000.0,2697800000.0,4.98,4.93,4.98,13618200000.0,12038800000.0,13618200000.0,30390942000.0,10.0,8.585,1782300000.0,4.79,1.0,11283400000.0,0.256,12364900000.0,324000000.0,30826000000.0,30453575000.0,0.0,23085200000.0,2586600000.0,20498600000.0,35583400000.0,12245900000.0,23337500000.0,23821842000.0,1444200000.0,-1635900000.0,-1450700000.0,1728300000.0,-263700000.0,153500000.0,-908900000.0,1141800000.0,2199600000.0,0.0,1734800000.0,1734800000.0,1734800000.0,0.0,-1100000.0,0.039,8299200000.0,2984200000.0,0.0,0.156,1.749,13.732,12.855,715600000.0,0.0,64.02,0.541,0.541,4001200000.0,10717900000.0,44041500000.0,44041500000.0,0.0,0.038,0.144,0.099,0.069,116600000.0,8062500000.0,1.0,372100000.0,372100000.0,,118.359,36888000000.0,565900000.0,963000000.0,550400000.0,99.135,-2214000000.0
21,AET,MRT,2013-06-30,2013-06-30,2013-06-30,2018-10-30,-1475000000.0,49730300000.0,43395100000.0,10739400000.0,38990900000.0,0.92,41.271,-375600000.0,2256800000.0,2256800000.0,29404200000.0,1714300000.0,0.881,2.694,8825900000.0,545800000.0,8280100000.0,8825900000.0,480800000.0,471100000.0,0.0,0.012,0.75,2972200000.0,3443300000.0,0.086,3443300000.0,2972200000.0,2665800000.0,5.07,5.02,5.07,13450300000.0,11358450000.0,13450300000.0,24063486000.0,8.0,6.988,915000000.0,2.808,1.0,10519000000.0,0.263,12440800000.0,306400000.0,31664400000.0,29883625000.0,0.0,22780100000.0,2769700000.0,20010400000.0,36229100000.0,12194200000.0,24034900000.0,20707686000.0,1334700000.0,-1644500000.0,-1117700000.0,2220500000.0,-247800000.0,1013700000.0,-969600000.0,1048000000.0,1290600000.0,0.0,1715400000.0,1715400000.0,1715400000.0,0.0,-1100000.0,0.043,7549000000.0,2970000000.0,0.0,0.148,1.54,12.072,12.533,688700000.0,0.0,63.54,0.519,0.519,4280300000.0,10605700000.0,39923200000.0,39923200000.0,0.0,0.04,0.151,0.099,0.074,113200000.0,7397600000.0,1.0,325900000.0,325900000.0,,122.501,37289500000.0,598000000.0,950400000.0,505200000.0,114.42,-1454800000.0
22,AET,MRT,2013-03-31,2013-03-31,2013-03-31,2018-10-30,-1113900000.0,42517200000.0,40825700000.0,9392700000.0,33124500000.0,0.912,32.564,-356300000.0,3227900000.0,3227900000.0,27250200000.0,1639100000.0,0.992,2.976,6583700000.0,99900000.0,6483800000.0,6583700000.0,455600000.0,443500000.0,0.0,0.014,0.725,2798300000.0,3241800000.0,0.087,3241800000.0,2798300000.0,2511000000.0,4.91,4.85,4.91,10680900000.0,10559825000.0,10680900000.0,20672740000.0,7.0,6.377,992200000.0,3.025,1.0,9971500000.0,0.268,6995500000.0,287300000.0,29408400000.0,28896100000.0,0.0,21855000000.0,2240900000.0,19614100000.0,31790400000.0,9469100000.0,22321300000.0,16770640000.0,2418800000.0,-8600000.0,-1257900000.0,2337500000.0,-243300000.0,957600000.0,112700000.0,475100000.0,1348500000.0,0.0,1637000000.0,1637000000.0,1637000000.0,0.0,2100000.0,0.044,7086200000.0,2885300000.0,0.0,0.148,1.57,10.245,10.413,538500000.0,0.0,51.13,0.451,0.451,2893100000.0,10584700000.0,37221700000.0,37221700000.0,0.0,0.04,0.155,0.097,0.075,113700000.0,6949600000.0,1.0,328000000.0,328000000.0,,113.481,35521700000.0,351600000.0,874000000.0,394800000.0,108.298,-76400000.0
23,AET,MRT,2012-12-31,2012-12-31,2012-12-31,2018-10-30,-1033400000.0,41494500000.0,40030425000.0,8244400000.0,33250100000.0,0.914,31.109,-338200000.0,2579200000.0,2579200000.0,26680400000.0,1659800000.0,0.976,2.985,6481300000.0,0.0,6481300000.0,6481300000.0,403500000.0,449900000.0,0.0,0.015,0.7,2814200000.0,3264100000.0,0.089,3264100000.0,2814200000.0,2545400000.0,4.87,4.81,4.87,10405800000.0,10464350000.0,10405800000.0,19538095000.0,7.0,5.986,1486700000.0,4.445,1.0,9919400000.0,0.271,7033100000.0,268800000.0,29915500000.0,28184800000.0,0.0,21967200000.0,2269000000.0,19698200000.0,31065300000.0,8448000000.0,22617300000.0,15490695000.0,1899500000.0,-8600000.0,-1417500000.0,1961700000.0,-239100000.0,305900000.0,-231300000.0,115500000.0,1824900000.0,0.0,1657900000.0,1657900000.0,1657900000.0,0.0,1900000.0,0.045,7018400000.0,2901000000.0,0.0,0.144,1.489,9.344,9.509,540000000.0,0.0,46.31,0.423,0.423,2489500000.0,10343900000.0,36599800000.0,36599800000.0,0.0,0.041,0.158,0.1,0.077,122200000.0,6876400000.0,1.0,334500000.0,334500000.0,,109.416,34461400000.0,566400000.0,887500000.0,473500000.0,103.024,-203600000.0
24,AET,MRT,2012-09-30,2012-09-30,2012-09-30,2018-10-30,-888900000.0,39838400000.0,39305075000.0,6236000000.0,33602400000.0,0.897,32.606,-397300000.0,638200000.0,638200000.0,25163000000.0,1843000000.0,0.753,2.656,4685600000.0,70000000.0,4615600000.0,4685600000.0,388900000.0,458800000.0,0.0,0.017,0.675,3113000000.0,3571800000.0,0.101,3571800000.0,3113000000.0,2861200000.0,5.34,5.25,5.34,10896800000.0,10392950000.0,10896800000.0,17018520000.0,5.0,4.765,1379900000.0,4.129,1.0,10081900000.0,0.286,7063100000.0,251800000.0,28546200000.0,27364000000.0,0.0,21361300000.0,2544200000.0,18817100000.0,28941600000.0,8276500000.0,20665100000.0,13234320000.0,-1319600000.0,-434100000.0,-1509900000.0,209400000.0,-234900000.0,-1502200000.0,-1594600000.0,-763200000.0,1777200000.0,0.0,1840400000.0,1840400000.0,1840400000.0,0.0,2600000.0,0.052,6930900000.0,3151000000.0,0.0,0.126,1.215,7.191,7.416,538700000.0,0.0,39.6,0.375,0.375,2697400000.0,10712200000.0,35244900000.0,35244900000.0,0.0,0.047,0.177,0.114,0.088,129900000.0,6784900000.0,1.0,334200000.0,334200000.0,,105.461,32775300000.0,103600000.0,1020800000.0,227200000.0,98.071,-2040500000.0
25,AET,MRT,2012-06-30,2012-06-30,2012-06-30,2018-10-30,-1054900000.0,39452700000.0,39019025000.0,6474700000.0,32978000000.0,0.892,29.522,-385700000.0,922100000.0,922100000.0,24614200000.0,1833800000.0,0.768,2.847,4706300000.0,0.0,4706300000.0,4706300000.0,839600000.0,459000000.0,0.0,0.017,0.65,3081300000.0,3540300000.0,0.102,3540300000.0,3081300000.0,2838300000.0,5.18,5.08,5.18,10255800000.0,10300925000.0,10255800000.0,16787898000.0,5.0,4.742,2346700000.0,6.755,1.0,10188700000.0,0.293,7087500000.0,243000000.0,27714300000.0,26657000000.0,0.0,20678000000.0,2347000000.0,18331000000.0,29196900000.0,8435100000.0,20761800000.0,13468698000.0,11600000.0,-457500000.0,-2036500000.0,163100000.0,-232300000.0,-2061800000.0,-659000000.0,184200000.0,2732400000.0,0.0,1831600000.0,1831600000.0,1831600000.0,0.0,2200000.0,0.053,7105200000.0,3083500000.0,0.0,0.125,1.313,7.354,7.485,542200000.0,0.0,38.77,0.387,0.387,2529300000.0,10270900000.0,34802900000.0,34802900000.0,0.0,0.047,0.178,0.116,0.089,131200000.0,6961600000.0,1.0,347400000.0,347400000.0,,100.181,32365200000.0,450300000.0,1006700000.0,341000000.0,93.164,-1960400000.0
26,AET,MRT,2012-03-31,2012-03-31,2012-03-31,2018-10-30,-1147700000.0,39336100000.0,38710400000.0,6343700000.0,32992400000.0,0.886,29.392,-377500000.0,809100000.0,809100000.0,24066700000.0,1912500000.0,0.707,2.819,4128300000.0,150000000.0,3978300000.0,4128300000.0,880300000.0,455600000.0,0.0,0.012,0.625,3203800000.0,3659400000.0,0.107,3659400000.0,3203800000.0,2963700000.0,5.26,5.15,5.26,10299000000.0,10342850000.0,10299000000.0,21299964000.0,7.0,5.821,2581600000.0,7.368,1.0,10244700000.0,0.299,7124200000.0,240100000.0,26563200000.0,26409775000.0,0.0,20805500000.0,2525800000.0,18279700000.0,29037100000.0,8967900000.0,20069200000.0,17576064000.0,-635300000.0,-1062000000.0,-1911700000.0,95100000.0,-228500000.0,-1911200000.0,-1683200000.0,-243700000.0,2959100000.0,0.0,1910700000.0,1910700000.0,1910700000.0,0.0,1800000.0,0.056,7039100000.0,3205600000.0,0.0,0.119,1.707,9.199,9.536,550800000.0,0.0,50.16,0.512,0.512,2462400000.0,10452600000.0,34311400000.0,34311400000.0,0.0,0.049,0.185,0.121,0.093,137600000.0,6906900000.0,1.0,350400000.0,350400000.0,,97.921,32211900000.0,396500000.0,1053000000.0,320100000.0,91.929,-2624200000.0
27,AET,MRT,2011-12-31,2011-12-31,2011-12-31,2018-10-30,-1189200000.0,38593100000.0,38326700000.0,5890000000.0,32703100000.0,0.881,27.933,-372000000.0,679700000.0,679700000.0,23531200000.0,1986900000.0,0.691,2.813,4403600000.0,425900000.0,3977700000.0,4403600000.0,369700000.0,447200000.0,0.0,0.011,0.45,3324700000.0,3771900000.0,0.112,3771900000.0,3324700000.0,3077800000.0,5.33,5.22,5.33,10120200000.0,10318900000.0,10120200000.0,17754637000.0,5.0,4.707,2139100000.0,5.904,1.0,10251000000.0,0.303,7162500000.0,246900000.0,26632300000.0,26198050000.0,0.0,20295000000.0,2211800000.0,18083200000.0,28472900000.0,8522200000.0,19950700000.0,15285437000.0,-1187900000.0,-1555700000.0,-1813000000.0,6000000.0,-167200000.0,-1818800000.0,-1880200000.0,47500000.0,2511100000.0,0.0,1985700000.0,1985700000.0,1985700000.0,0.0,1200000.0,0.059,6925100000.0,3325900000.0,0.0,0.084,1.51,7.698,7.916,556900000.0,0.0,42.19,0.452,0.452,2384600000.0,10346600000.0,33782200000.0,33782200000.0,0.0,0.052,0.192,0.127,0.098,141400000.0,6804400000.0,1.0,362300000.0,362300000.0,,93.244,31430600000.0,549100000.0,1092100000.0,208800000.0,86.753,-2632200000.0
28,AET,MRT,2011-09-30,2011-09-30,2011-09-30,2018-10-30,-1001400000.0,38694200000.0,38113275000.0,6885900000.0,31808300000.0,0.885,28.235,-298800000.0,1957800000.0,1957800000.0,23739700000.0,1828700000.0,0.796,2.675,4427000000.0,449900000.0,3977100000.0,4427000000.0,794200000.0,457500000.0,0.0,0.009,0.34,3039800000.0,3497300000.0,0.104,3497300000.0,3039800000.0,2783400000.0,4.86,4.76,4.86,10528700000.0,10261550000.0,10528700000.0,17167086000.0,6.0,4.909,2280500000.0,6.116,1.0,10007700000.0,0.297,6790100000.0,256400000.0,25718200000.0,26008850000.0,0.0,19706500000.0,2042700000.0,17663800000.0,28165500000.0,8655100000.0,19510400000.0,13551186000.0,162300000.0,-1130200000.0,-1901200000.0,-205400000.0,-129000000.0,-2043000000.0,-374000000.0,1055000000.0,2579300000.0,0.0,1828700000.0,1828700000.0,1828700000.0,0.0,0.0,0.054,6967900000.0,3039800000.0,0.0,0.07,1.287,7.41,7.477,533000000.0,0.0,36.34,0.402,0.402,2501200000.0,10620500000.0,33747400000.0,33747400000.0,0.0,0.048,0.178,0.117,0.09,132200000.0,6861100000.0,1.0,372900000.0,372900000.0,,90.5,31904100000.0,428000000.0,954700000.0,224300000.0,85.557,-1769200000.0
29,AET,MRT,2011-06-30,2011-06-30,2011-06-30,2018-10-30,-1093500000.0,38218200000.0,38227375000.0,6075700000.0,32142500000.0,0.884,27.466,-281300000.0,910500000.0,910500000.0,24053700000.0,1835900000.0,0.73,2.667,4526400000.0,549900000.0,3976500000.0,4526400000.0,368200000.0,453000000.0,0.0,0.004,0.19,3059800000.0,3512800000.0,0.104,3512800000.0,3059800000.0,2799200000.0,4.74,4.65,4.74,10423500000.0,10128525000.0,10423500000.0,19305755000.0,6.0,5.496,1272500000.0,3.353,1.0,9757200000.0,0.289,6785300000.0,260600000.0,26725400000.0,26404750000.0,0.0,20084300000.0,2115400000.0,17968900000.0,27794700000.0,8323400000.0,19471300000.0,16732155000.0,-495500000.0,-1098200000.0,-1840500000.0,377700000.0,-73100000.0,-1374900000.0,-674400000.0,705100000.0,1553800000.0,0.0,1835900000.0,1835900000.0,1835900000.0,0.0,0.0,0.054,6697400000.0,3059800000.0,0.0,0.04,1.605,9.114,9.302,535400000.0,0.0,44.09,0.495,0.495,2673200000.0,10676000000.0,33810900000.0,33810900000.0,0.0,0.048,0.181,0.116,0.09,127800000.0,6598900000.0,1.0,379500000.0,379500000.0,,89.093,31432900000.0,428700000.0,963300000.0,155300000.0,82.827,-2247700000.0
30,AET,MRT,2011-03-31,2011-03-31,2011-03-31,2018-10-30,-1187200000.0,37801300000.0,38259775000.0,6426600000.0,31374700000.0,0.889,26.536,-276700000.0,1444400000.0,1444400000.0,24348500000.0,1790200000.0,0.755,2.705,4018000000.0,535000000.0,3483000000.0,4018000000.0,404300000.0,448700000.0,0.0,0.001,0.04,3001400000.0,3450100000.0,0.101,3450100000.0,3001400000.0,2741600000.0,4.48,4.4,4.48,10203200000.0,10109225000.0,10203200000.0,16906735000.0,6.0,4.9,870300000.0,2.263,1.0,9663800000.0,0.284,6150600000.0,259800000.0,25716300000.0,26167225000.0,0.0,19718000000.0,2154800000.0,17563200000.0,27598100000.0,8508000000.0,19090100000.0,14391835000.0,-126000000.0,-493700000.0,-1689000000.0,-146700000.0,-16100000.0,-1799100000.0,526100000.0,1296500000.0,1147000000.0,0.0,1790200000.0,1790200000.0,1790200000.0,0.0,0.0,0.053,6662400000.0,3001400000.0,0.0,0.009,1.411,8.039,8.355,521200000.0,0.0,37.43,0.423,0.423,2612400000.0,10680600000.0,34012300000.0,34012300000.0,0.0,0.047,0.177,0.115,0.088,119600000.0,6565300000.0,1.0,384500000.0,384500000.0,,88.459,31650700000.0,370400000.0,951400000.0,111600000.0,82.317,-2081400000.0
31,AET,MRT,2010-12-31,2010-12-31,2010-12-31,2018-10-30,-1162600000.0,37739400000.0,38552650000.0,6994200000.0,30745200000.0,0.888,24.721,-288700000.0,1867600000.0,1867600000.0,24733000000.0,1766800000.0,0.801,2.816,4382500000.0,899900000.0,3482600000.0,4382500000.0,318700000.0,444400000.0,0.0,0.001,0.04,2898800000.0,3343200000.0,0.098,3343200000.0,2898800000.0,2644200000.0,4.25,4.18,4.25,9890800000.0,10039400000.0,9890800000.0,15028951000.0,5.0,4.495,1123400000.0,2.808,1.0,9513000000.0,0.278,5641900000.0,254600000.0,25875500000.0,26229500000.0,0.0,19926600000.0,2380300000.0,17546300000.0,27848600000.0,8736900000.0,19111700000.0,12207051000.0,664000000.0,-100000.0,-1606000000.0,217000000.0,-16100000.0,-1382600000.0,634500000.0,923300000.0,1412100000.0,0.0,1766800000.0,1766800000.0,1766800000.0,0.0,0.0,0.052,6614200000.0,2898800000.0,0.0,0.009,1.234,6.909,7.179,529300000.0,0.0,30.51,0.356,0.356,2314600000.0,10401900000.0,34246000000.0,34246000000.0,0.0,0.046,0.176,0.111,0.085,110400000.0,6519000000.0,1.0,400100000.0,400100000.0,,85.594,32097500000.0,567000000.0,877400000.0,0.0,80.224,-1742700000.0
32,AET,MRT,2010-09-30,2010-09-30,2010-09-30,2018-10-30,-1361600000.0,39150600000.0,38755400000.0,7074400000.0,32076200000.0,0.889,23.95,-319700000.0,1795500000.0,1795500000.0,25129000000.0,1717100000.0,0.785,2.916,4617400000.0,1135100000.0,3482300000.0,4617400000.0,326400000.0,422500000.0,0.0,0.001,0.04,2816400000.0,3238900000.0,0.094,3238900000.0,2816400000.0,2570300000.0,4.06,3.99,4.06,9996600000.0,9942650000.0,9996600000.0,15878214000.0,6.0,4.902,1159400000.0,2.778,1.0,9333300000.0,0.271,5664400000.0,246100000.0,27301800000.0,26603200000.0,0.0,20917500000.0,2488000000.0,18429500000.0,29154000000.0,9006300000.0,20147700000.0,13194014000.0,-34600000.0,-69100000.0,-1048200000.0,823400000.0,-17300000.0,-253300000.0,-1260400000.0,-871600000.0,1479100000.0,0.0,1717100000.0,1717100000.0,1717100000.0,0.0,0.0,0.05,6516900000.0,2816400000.0,0.0,0.01,1.32,7.684,7.786,539800000.0,0.0,31.61,0.383,0.383,2537300000.0,10784700000.0,34462300000.0,34462300000.0,0.0,0.044,0.173,0.106,0.082,95500000.0,6420600000.0,1.0,417400000.0,417400000.0,,82.564,33486200000.0,607300000.0,853200000.0,0.0,80.226,-1931900000.0
33,AET,MRT,2010-06-30,2010-06-30,2010-06-30,2018-10-30,-1025600000.0,38347800000.0,38501500000.0,6914000000.0,31433800000.0,0.9,24.35,-338200000.0,1406000000.0,1406000000.0,25582900000.0,1545700000.0,0.723,2.706,4090200000.0,1349700000.0,2740500000.0,4090200000.0,364200000.0,421400000.0,0.0,0.002,0.04,2524200000.0,2945600000.0,0.085,2945600000.0,2524200000.0,2281400000.0,3.6,3.53,3.6,10346300000.0,9828500000.0,10346300000.0,13757862000.0,5.0,4.671,1978200000.0,4.656,1.0,9063000000.0,0.262,5687800000.0,242800000.0,25775300000.0,26263950000.0,0.0,20878400000.0,2811200000.0,18067200000.0,28001500000.0,9568900000.0,18432600000.0,11208862000.0,198500000.0,-69100000.0,-706500000.0,255400000.0,-17300000.0,-475300000.0,-1642600000.0,-1235300000.0,2316400000.0,0.0,1545700000.0,1545700000.0,1545700000.0,0.0,0.0,0.045,6538800000.0,2524200000.0,0.0,0.011,1.083,7.252,7.328,550900000.0,0.0,26.38,0.324,0.324,2530600000.0,10829500000.0,34645900000.0,34645900000.0,0.0,0.04,0.157,0.096,0.073,92300000.0,6442000000.0,1.0,424900000.0,424900000.0,,81.539,32660000000.0,615000000.0,735700000.0,0.0,76.865,-2654900000.0
34,AET,MRT,2010-03-31,2010-03-31,2010-03-31,2018-10-30,-1142700000.0,38972800000.0,38105200000.0,7426400000.0,31546400000.0,0.912,23.025,-347900000.0,1570400000.0,1570400000.0,26049800000.0,1401300000.0,0.754,2.927,4119400000.0,929300000.0,3190100000.0,4119400000.0,411200000.0,421300000.0,0.0,0.001,0.04,2276100000.0,2697400000.0,0.078,2697400000.0,2276100000.0,2033300000.0,3.22,3.16,3.22,9923900000.0,9461225000.0,9923900000.0,18049110000.0,8.0,6.691,2151400000.0,4.992,1.0,8721100000.0,0.251,5712000000.0,242800000.0,25965400000.0,26256800000.0,0.0,21083800000.0,3274300000.0,17809500000.0,29048900000.0,9844400000.0,19204500000.0,15132410000.0,-176900000.0,-75200000.0,-671200000.0,379600000.0,-17300000.0,-262900000.0,-2413300000.0,-1990200000.0,2499300000.0,0.0,1401300000.0,1401300000.0,1401300000.0,0.0,0.0,0.04,6445000000.0,2276100000.0,0.0,0.012,1.525,10.799,10.904,556300000.0,0.0,35.11,0.435,0.435,2370800000.0,10567400000.0,34770900000.0,34770900000.0,0.0,0.037,0.148,0.087,0.065,81100000.0,6347900000.0,1.0,431000000.0,431000000.0,,80.675,33260800000.0,635200000.0,632000000.0,117300000.0,77.171,-2418000000.0
35,AET,MRT,2009-12-31,2009-12-31,2009-12-31,2018-10-30,-1223000000.0,38550400000.0,37356700000.0,6883000000.0,31667400000.0,0.931,21.923,-362000000.0,1203600000.0,1203600000.0,26139300000.0,1276500000.0,0.823,3.056,4120300000.0,480800000.0,3639500000.0,4120300000.0,306400000.0,416000000.0,0.0,0.001,0.04,2144600000.0,2560600000.0,0.074,2560600000.0,2144600000.0,1901200000.0,2.89,2.84,2.89,9503800000.0,9071225000.0,9503800000.0,15660850000.0,7.0,6.116,2126300000.0,4.905,1.0,8624800000.0,0.248,5736900000.0,243400000.0,27370300000.0,25873125000.0,0.0,20183800000.0,3132700000.0,17051100000.0,29046600000.0,8359900000.0,20686700000.0,13741950000.0,24100000.0,-75100000.0,-773000000.0,266100000.0,-17300000.0,-464500000.0,-1999700000.0,-1562600000.0,2488300000.0,0.0,1276500000.0,1276500000.0,1276500000.0,0.0,0.0,0.037,6480200000.0,2144600000.0,0.0,0.014,1.446,10.765,10.969,551000000.0,0.0,31.7,0.395,0.395,2244000000.0,10256700000.0,34764100000.0,34764100000.0,0.0,0.034,0.141,0.083,0.062,90700000.0,6383000000.0,1.0,433500000.0,433500000.0,,80.194,32813500000.0,806300000.0,624700000.0,0.0,75.694,-1476900000.0
36,AET,MRT,2009-09-30,2009-09-30,2009-09-30,2018-10-30,-1118600000.0,38135000000.0,36682225000.0,7100400000.0,31034600000.0,0.921,21.856,-401400000.0,1830100000.0,1830100000.0,25291500000.0,1305300000.0,0.843,2.997,3749000000.0,109800000.0,3639200000.0,3749000000.0,292600000.0,405200000.0,0.0,0.001,0.04,2265400000.0,2670600000.0,0.079,2670600000.0,2265400000.0,2017700000.0,2.94,2.88,2.94,9540000000.0,8741875000.0,9540000000.0,14773895000.0,7.0,5.532,1908900000.0,4.373,1.0,8475700000.0,0.251,5683900000.0,247700000.0,25944800000.0,25335350000.0,0.0,19438000000.0,2593900000.0,16844100000.0,28595000000.0,8425200000.0,20169800000.0,12147795000.0,965900000.0,-6100000.0,-772100000.0,-371300000.0,-18400000.0,-1142800000.0,-201600000.0,205900000.0,2310300000.0,0.0,1305300000.0,1305300000.0,1305300000.0,0.0,0.0,0.039,6210300000.0,2265400000.0,0.0,0.014,1.273,9.307,9.466,532600000.0,0.0,27.83,0.36,0.36,2358400000.0,10201800000.0,33767200000.0,33767200000.0,0.0,0.036,0.149,0.089,0.067,96600000.0,6109700000.0,1.0,436500000.0,436500000.0,,77.359,32451100000.0,711200000.0,712400000.0,0.0,74.344,-1324800000.0
37,AET,MRT,2009-06-30,2009-06-30,2009-06-30,2018-10-30,-1550400000.0,36762600000.0,36464125000.0,6917700000.0,29844900000.0,0.896,19.864,-422000000.0,1207500000.0,1207500000.0,24388700000.0,1256400000.0,0.872,3.141,3833600000.0,194700000.0,3638900000.0,3833600000.0,301400000.0,393300000.0,0.0,0.002,0.04,2209700000.0,2603000000.0,0.08,2603000000.0,2209700000.0,1962100000.0,2.78,2.73,2.78,8877200000.0,8681025000.0,8877200000.0,13186145000.0,6.0,5.066,1627500000.0,3.642,1.0,8280700000.0,0.253,5707800000.0,247600000.0,25746700000.0,25450050000.0,0.0,18398100000.0,2780900000.0,15617200000.0,27885400000.0,7934200000.0,19951200000.0,11194845000.0,376700000.0,-6100000.0,-1163500000.0,44500000.0,-18400000.0,-1109000000.0,-563800000.0,-135700000.0,2049500000.0,0.0,1256400000.0,1256400000.0,1256400000.0,0.0,0.0,0.038,6071000000.0,2209700000.0,0.0,0.014,1.261,8.91,9.011,509500000.0,0.0,25.05,0.343,0.343,2521200000.0,10006800000.0,32669400000.0,32669400000.0,0.0,0.034,0.145,0.087,0.068,95900000.0,5968900000.0,1.0,446900000.0,446900000.0,,73.102,31054800000.0,1037300000.0,705700000.0,0.0,69.489,-1016500000.0
38,AET,MRT,2009-03-31,2009-03-31,2009-03-31,2018-10-30,-1909500000.0,35978800000.0,36946525000.0,5716900000.0,30261900000.0,0.861,18.443,-452500000.0,1747300000.0,1747300000.0,23436600000.0,1390300000.0,0.732,3.302,3738600000.0,100000000.0,3638600000.0,3738600000.0,380900000.0,387100000.0,0.0,0.002,0.04,2426100000.0,2813200000.0,0.088,2813200000.0,2426100000.0,2182600000.0,3.0,2.93,3.0,8363900000.0,8888200000.0,8363900000.0,13708155000.0,6.0,4.873,1683100000.0,3.711,1.0,8390100000.0,0.264,5728500000.0,243500000.0,24430700000.0,25849525000.0,0.0,17043900000.0,1372200000.0,15671700000.0,27614900000.0,7810900000.0,19804000000.0,11033655000.0,376600000.0,0.0,-1498900000.0,206900000.0,-18400000.0,-1318500000.0,-440500000.0,12000000.0,2135600000.0,0.0,1390300000.0,1390300000.0,1390300000.0,0.0,0.0,0.044,6007800000.0,2382300000.0,0.0,0.013,1.319,7.936,8.11,492600000.0,0.0,24.33,0.347,0.347,2482000000.0,9877400000.0,31826700000.0,31826700000.0,0.0,0.038,0.156,0.094,0.076,101200000.0,5902900000.0,1.0,453500000.0,453500000.0,,70.18,30250300000.0,1125600000.0,792300000.0,0.0,66.704,-2094000000.0
39,AET,MRT,2008-12-31,2008-12-31,2008-12-31,2018-10-30,-1881300000.0,35852500000.0,37741450000.0,4918400000.0,30934100000.0,0.82,17.754,-446600000.0,1179500000.0,1179500000.0,22724200000.0,1384100000.0,0.651,3.38,3854000000.0,215700000.0,3638300000.0,3854000000.0,238600000.0,378300000.0,0.0,0.001,0.04,2410600000.0,2788900000.0,0.09,2788900000.0,2410600000.0,2174200000.0,2.91,2.83,2.91,8186400000.0,9267600000.0,8186400000.0,16397250000.0,7.0,5.879,1760300000.0,3.818,1.0,8226500000.0,0.266,5753000000.0,236400000.0,25219200000.0,26440125000.0,0.0,17619000000.0,1455600000.0,16163400000.0,27666100000.0,7554800000.0,20111300000.0,13141350000.0,-74500000.0,0.0,-1787700000.0,570400000.0,-18400000.0,-1208100000.0,-1073300000.0,-626700000.0,2206900000.0,0.0,1384100000.0,1384100000.0,1384100000.0,0.0,0.0,0.045,5859700000.0,2366800000.0,0.0,0.014,1.605,9.495,9.794,467500000.0,0.0,28.5,0.425,0.425,2181000000.0,9716500000.0,30950700000.0,30950700000.0,0.0,0.037,0.149,0.091,0.078,95700000.0,5751500000.0,1.0,461100000.0,461100000.0,,67.124,30099500000.0,1245100000.0,790100000.0,0.0,65.278,-2636400000.0
40,AET,MRT,2008-09-30,2008-09-30,2008-09-30,2018-10-30,-665900000.0,37262600000.0,41459500000.0,4950900000.0,32311700000.0,0.732,19.713,-432700000.0,864200000.0,864200000.0,21954600000.0,1637800000.0,0.594,3.008,4120100000.0,482200000.0,3637900000.0,4120100000.0,265400000.0,369500000.0,0.0,0.001,0.04,2726700000.0,3096200000.0,0.102,3096200000.0,2726700000.0,2503700000.0,3.36,3.26,3.36,9296600000.0,9730600000.0,9296600000.0,19973376000.0,7.0,6.451,1978700000.0,4.196,1.0,8381200000.0,0.276,5782300000.0,223000000.0,26403600000.0,29936275000.0,0.0,18772800000.0,1811900000.0,16960900000.0,27966000000.0,8332600000.0,19633400000.0,17029476000.0,-266400000.0,-66300000.0,-2033900000.0,1100800000.0,-20000000.0,-856700000.0,-1821100000.0,-1322100000.0,2411400000.0,0.0,1637800000.0,1637800000.0,1637800000.0,0.0,0.0,0.054,5698300000.0,2682900000.0,0.0,0.012,1.832,10.398,10.747,421800000.0,0.0,36.11,0.561,0.561,2332300000.0,9636600000.0,30335800000.0,30335800000.0,0.0,0.04,0.168,0.091,0.09,100800000.0,5589700000.0,1.0,471600000.0,471600000.0,,64.325,31480300000.0,552500000.0,865900000.0,11400000.0,66.752,-3381700000.0
41,AET,MRT,2008-06-30,2008-06-30,2008-06-30,2018-10-30,-432600000.0,38692200000.0,44659575000.0,4570400000.0,34121800000.0,0.664,20.02,-419500000.0,830800000.0,830800000.0,21134000000.0,1857200000.0,0.539,2.986,3774700000.0,635600000.0,3139100000.0,3774700000.0,248300000.0,359100000.0,0.0,0.001,0.04,3046800000.0,3405900000.0,0.115,3405900000.0,3046800000.0,2840300000.0,3.75,3.63,3.75,9705900000.0,9808150000.0,9705900000.0,21796144000.0,7.0,6.4,1581100000.0,3.261,1.0,8538500000.0,0.288,5806600000.0,206500000.0,27344600000.0,32857700000.0,0.0,19319400000.0,1495500000.0,17823900000.0,28986300000.0,8484900000.0,20501400000.0,19648944000.0,-576600000.0,-572200000.0,-2226500000.0,1299900000.0,-20000000.0,-786300000.0,-1790900000.0,-799200000.0,2000600000.0,0.0,1857200000.0,1857200000.0,1857200000.0,0.0,0.0,0.063,5535500000.0,3003000000.0,0.0,0.011,2.024,10.58,10.808,393400000.0,0.0,40.53,0.662,0.662,2382800000.0,9850400000.0,29672500000.0,29672500000.0,0.0,0.042,0.189,0.093,0.103,99200000.0,5426400000.0,1.0,484800000.0,484800000.0,,61.206,32885600000.0,308700000.0,983100000.0,8700000.0,67.833,-3914500000.0
42,AET,MRT,2008-03-31,2008-03-31,2008-03-31,2018-10-30,-337800000.0,39158500000.0,47379550000.0,5368400000.0,33790100000.0,0.604,19.898,-403700000.0,1370700000.0,1370700000.0,20370500000.0,1828000000.0,0.619,2.963,3517900000.0,379100000.0,3138800000.0,3517900000.0,326500000.0,337400000.0,0.0,0.001,0.04,2985700000.0,3323100000.0,0.116,3323100000.0,2985700000.0,2793000000.0,3.63,3.51,3.63,9881500000.0,9801800000.0,9881500000.0,22917094000.0,8.0,6.896,1730700000.0,3.485,1.0,8267800000.0,0.289,5833600000.0,192700000.0,26793100000.0,35499350000.0,0.0,19422900000.0,1798300000.0,17624600000.0,29277000000.0,8679000000.0,20598000000.0,20901894000.0,-59100000.0,-572200000.0,-1946000000.0,1033300000.0,-20000000.0,-651100000.0,-1542400000.0,-566500000.0,2134400000.0,0.0,1828000000.0,1828000000.0,1828000000.0,0.0,0.0,0.064,5346400000.0,2921400000.0,0.0,0.011,2.115,11.434,11.595,375400000.0,0.0,42.09,0.73,0.73,2373600000.0,9969700000.0,28638300000.0,28638300000.0,0.0,0.039,0.186,0.084,0.104,95900000.0,5242800000.0,1.0,496600000.0,496600000.0,,57.669,33324900000.0,278800000.0,965000000.0,264100000.0,67.106,-3310600000.0
43,AET,MRT,2007-12-31,2007-12-31,2007-12-31,2018-10-30,-288400000.0,50724700000.0,49749075000.0,5266400000.0,45458300000.0,0.555,20.061,-400400000.0,1254000000.0,1254000000.0,19542900000.0,1831000000.0,0.686,4.053,3269200000.0,130700000.0,3138500000.0,3269200000.0,198400000.0,321500000.0,0.0,0.001,0.04,2977000000.0,3298500000.0,0.12,3298500000.0,2977000000.0,2796400000.0,3.6,3.47,3.6,10038400000.0,9702275000.0,10038400000.0,30733892000.0,10.0,9.318,1665100000.0,3.328,1.0,8056700000.0,0.292,5861400000.0,180600000.0,39203800000.0,38014325000.0,0.0,19034000000.0,1993900000.0,17040100000.0,40686300000.0,7674700000.0,33011600000.0,28888092000.0,374000000.0,-572200000.0,-1695600000.0,749400000.0,-20000000.0,-653700000.0,-1037800000.0,-65200000.0,2065500000.0,0.0,1831000000.0,1831000000.0,1831000000.0,0.0,0.0,0.066,5144000000.0,2912700000.0,0.0,0.011,2.878,15.777,16.036,364000000.0,0.0,57.73,1.047,1.047,2162100000.0,10138000000.0,27599600000.0,27599600000.0,0.0,0.037,0.189,0.078,0.108,89400000.0,5046400000.0,1.0,500400000.0,500400000.0,,55.155,44863300000.0,321700000.0,965400000.0,146400000.0,89.655,-2408300000.0
44,AET,MRT,2007-09-30,2007-09-30,2007-09-30,2018-10-30,-539300000.0,50062900000.0,48974500000.0,18676900000.0,31386000000.0,0.548,18.785,-359000000.0,1130600000.0,1130600000.0,18923300000.0,1816700000.0,2.323,4.211,2976400000.0,533400000.0,2443000000.0,2976400000.0,148500000.0,304400000.0,0.0,0.001,0.04,2945000000.0,3249400000.0,0.121,3249400000.0,2945000000.0,2774800000.0,3.54,3.41,3.54,9606800000.0,9478950000.0,9606800000.0,28789278000.0,10.0,8.86,1542800000.0,3.017,1.0,7891400000.0,0.294,5779100000.0,170200000.0,38089300000.0,37422250000.0,0.0,18780900000.0,15371700000.0,3409200000.0,40456100000.0,8040300000.0,32415800000.0,27753678000.0,-83700000.0,-506900000.0,-1732700000.0,528900000.0,-20800000.0,-912400000.0,-1073100000.0,-207200000.0,1901800000.0,0.0,1816700000.0,1816700000.0,1816700000.0,0.0,0.0,0.068,5010700000.0,2880700000.0,0.0,0.011,2.889,15.277,15.331,332400000.0,0.0,54.27,1.035,1.035,2251100000.0,10037700000.0,26814700000.0,26814700000.0,0.0,0.037,0.192,0.079,0.11,80600000.0,4919300000.0,1.0,511400000.0,511400000.0,,52.434,44283800000.0,394700000.0,958100000.0,55000000.0,86.593,10636600000.0
45,AET,MRT,2007-06-30,2007-06-30,2007-06-30,2018-10-30,-607600000.0,49572100000.0,48194350000.0,18830600000.0,30741500000.0,0.543,18.896,-327400000.0,1407400000.0,1407400000.0,18414100000.0,1796400000.0,2.529,4.121,2443000000.0,300000.0,2442700000.0,2443000000.0,456300000.0,290300000.0,0.0,0.001,0.04,2910400000.0,3200700000.0,0.122,3200700000.0,2910400000.0,2744300000.0,3.45,3.31,3.45,9680500000.0,9489775000.0,9680500000.0,26330120000.0,9.0,8.226,1894900000.0,3.699,1.0,7738800000.0,0.296,5251600000.0,166100000.0,37911200000.0,36808950000.0,0.0,18662100000.0,15277400000.0,3384700000.0,39891600000.0,7444900000.0,32446700000.0,25307620000.0,-241200000.0,-2100000.0,-1978800000.0,-32700000.0,-20800000.0,-1934600000.0,-528900000.0,-199400000.0,2222300000.0,0.0,1796400000.0,1796400000.0,1796400000.0,0.0,0.0,0.069,4892700000.0,2846100000.0,0.0,0.012,2.614,14.088,14.319,294900000.0,0.0,49.4,0.968,0.968,2205700000.0,10276600000.0,26152900000.0,26152900000.0,0.0,0.037,0.189,0.079,0.111,69400000.0,4805200000.0,1.0,512300000.0,512300000.0,,51.05,44320500000.0,646200000.0,947900000.0,154500000.0,86.513,11385700000.0
46,AET,MRT,2007-03-31,2007-03-31,2007-03-31,2018-10-30,-514000000.0,48636600000.0,47342625000.0,18825300000.0,29811300000.0,0.541,18.364,-307300000.0,1429800000.0,1429800000.0,18000600000.0,1734600000.0,2.499,4.129,2452300000.0,9800000.0,2442500000.0,2452300000.0,450200000.0,277500000.0,0.0,0.001,0.04,2810300000.0,3087800000.0,0.121,3087800000.0,2810300000.0,2653200000.0,3.26,3.13,3.26,9483400000.0,9560425000.0,9483400000.0,24220456000.0,9.0,7.844,1845600000.0,3.574,1.0,7610400000.0,0.297,5273400000.0,157100000.0,36853000000.0,36018375000.0,0.0,18794700000.0,15424100000.0,3370600000.0,39153200000.0,7532700000.0,31620500000.0,22613156000.0,89000000.0,-3900000.0,-2473800000.0,828300000.0,-20800000.0,-1656700000.0,-407200000.0,-96000000.0,2152900000.0,0.0,1734600000.0,1734600000.0,1734600000.0,0.0,0.0,0.068,4915500000.0,2694900000.0,0.0,0.012,2.384,13.037,13.433,283100000.0,0.0,43.79,0.883,0.883,2190400000.0,9838200000.0,25611000000.0,25611000000.0,0.0,0.037,0.181,0.078,0.11,60800000.0,4828000000.0,1.0,516400000.0,516400000.0,,49.595,43363200000.0,524200000.0,918600000.0,338000000.0,83.972,11292600000.0
47,AET,MRT,2006-12-31,2006-12-31,2006-12-31,2018-10-30,-625700000.0,47626400000.0,46599075000.0,4638100000.0,42988300000.0,0.54,17.519,-290500000.0,880000000.0,880000000.0,17620000000.0,1701700000.0,0.653,4.208,2487300000.0,45000000.0,2442300000.0,2487300000.0,185600000.0,270400000.0,0.0,0.001,0.04,2751000000.0,3021400000.0,0.12,3021400000.0,2751000000.0,2602700000.0,3.12,2.99,3.12,9145100000.0,9802825000.0,9145100000.0,23769160000.0,9.0,7.867,1397800000.0,2.678,1.0,7525700000.0,0.299,5295200000.0,148300000.0,36835500000.0,35010500000.0,0.0,18941400000.0,2062300000.0,16879100000.0,38481300000.0,7103000000.0,31378300000.0,22539960000.0,-312600000.0,-160900000.0,-2322500000.0,873900000.0,-20800000.0,-1447600000.0,-553300000.0,-101900000.0,1688300000.0,0.0,1701700000.0,1701700000.0,1701700000.0,-16100000.0,0.0,0.068,4906200000.0,2619500000.0,0.0,0.013,2.465,13.246,13.84,283600000.0,0.0,43.18,0.896,0.896,2000600000.0,9404600000.0,25145700000.0,25145700000.0,0.0,0.037,0.174,0.079,0.109,73700000.0,4820600000.0,1.0,522000000.0,522000000.0,,48.172,42331200000.0,463200000.0,901000000.0,42600000.0,81.094,-2464900000.0
48,AET,MRT,2006-09-30,2006-09-30,2006-09-30,2018-10-30,207400000.0,46942300000.0,45800800000.0,18208400000.0,28733900000.0,0.538,17.619,-292300000.0,1214300000.0,1214300000.0,17225900000.0,1683900000.0,2.529,3.864,2443500000.0,1500000.0,2442000000.0,2443500000.0,187700000.0,254800000.0,0.0,0.001,0.02,2728400000.0,2983200000.0,0.121,2983200000.0,2728400000.0,2588600000.0,3.02,2.89,3.02,9650100000.0,10063725000.0,9650100000.0,22487735000.0,8.0,7.538,1511800000.0,2.76,1.0,7427700000.0,0.301,5336200000.0,139800000.0,35636100000.0,33797000000.0,0.0,18380400000.0,15317600000.0,3062800000.0,37292200000.0,7199200000.0,30093000000.0,21661535000.0,181600000.0,-246000000.0,-2363600000.0,830400000.0,-11400000.0,-1482000000.0,-140500000.0,397800000.0,1804100000.0,0.0,1683900000.0,1683900000.0,1683900000.0,-16100000.0,0.0,0.068,4830800000.0,2596900000.0,0.0,0.007,2.245,12.864,13.096,276300000.0,0.0,39.55,0.879,0.879,2078000000.0,8970400000.0,24653600000.0,24653600000.0,0.0,0.037,0.167,0.081,0.111,72200000.0,4747800000.0,1.0,547700000.0,547700000.0,,45.013,41606100000.0,75900000.0,904700000.0,72500000.0,75.965,11009200000.0
49,AET,MRT,2006-06-30,2006-06-30,2006-06-30,2018-10-30,50800000.0,46165200000.0,44879600000.0,18211400000.0,27953800000.0,0.536,17.572,-300000000.0,1648600000.0,1648600000.0,16846600000.0,1580300000.0,2.644,3.634,2474800000.0,33000000.0,2441800000.0,2474800000.0,356100000.0,238900000.0,0.0,0.001,0.02,2573100000.0,2812000000.0,0.117,2812000000.0,2573100000.0,2440700000.0,2.78,2.66,2.78,9963100000.0,9981225000.0,9963100000.0,22915610000.0,9.0,8.149,1404000000.0,2.476,1.0,7208200000.0,0.3,5355400000.0,132400000.0,34748900000.0,32632525000.0,0.0,17713600000.0,14690800000.0,3022800000.0,36202100000.0,6887100000.0,29315000000.0,22640310000.0,529700000.0,-635300000.0,-1817800000.0,861900000.0,-11400000.0,-698500000.0,-475800000.0,459500000.0,1704000000.0,0.0,1580300000.0,1580300000.0,1580300000.0,-16100000.0,0.0,0.066,4766600000.0,2441600000.0,0.0,0.007,2.272,14.327,14.363,276800000.0,0.0,39.93,0.941,0.941,2153500000.0,8514900000.0,24054800000.0,24054800000.0,0.0,0.035,0.158,0.079,0.107,68000000.0,4689700000.0,1.0,567000000.0,567000000.0,,42.425,40809800000.0,236400000.0,860400000.0,0.0,71.975,11324300000.0
50,AET,MRT,2006-03-31,2006-03-31,2006-03-31,2018-10-30,145300000.0,45662400000.0,44106750000.0,18176600000.0,27485800000.0,0.528,18.432,-287100000.0,1340800000.0,1340800000.0,16195500000.0,1585700000.0,2.349,3.368,1616100000.0,460400000.0,1155700000.0,1616100000.0,353300000.0,224500000.0,0.0,0.0,0.02,2586800000.0,2811300000.0,0.121,2811300000.0,2586800000.0,2457700000.0,2.77,2.64,2.77,10453000000.0,9851675000.0,10453000000.0,28280394000.0,11.0,10.06,1724300000.0,3.041,1.0,7104200000.0,0.305,5377300000.0,129100000.0,32821500000.0,31769275000.0,0.0,18364800000.0,15205000000.0,3159800000.0,35209400000.0,7738900000.0,27470500000.0,27867294000.0,410800000.0,-1022900000.0,-1272700000.0,10400000.0,-11400000.0,-929300000.0,-671300000.0,638700000.0,2011400000.0,0.0,1585700000.0,1585700000.0,1585700000.0,-16100000.0,0.0,0.068,4600200000.0,2504000000.0,0.0,0.007,2.666,17.574,17.74,275800000.0,0.0,49.14,1.196,1.196,2040700000.0,8125400000.0,23299700000.0,23299700000.0,0.0,0.036,0.161,0.081,0.111,78800000.0,4533600000.0,1.0,567100000.0,567100000.0,,41.086,40285100000.0,174300000.0,872000000.0,144500000.0,71.037,10437700000.0
51,AET,MRT,2005-12-31,2005-12-31,2005-12-31,2018-10-30,50300000.0,44433300000.0,43203075000.0,18234700000.0,26198600000.0,0.521,17.812,-271600000.0,1192600000.0,1192600000.0,15472400000.0,1573300000.0,2.394,3.361,1605700000.0,450000000.0,1155700000.0,1605700000.0,156900000.0,204400000.0,0.0,0.0,0.02,2576100000.0,2780500000.0,0.124,2780500000.0,2576100000.0,2453300000.0,2.72,2.6,2.72,10188700000.0,9498200000.0,10188700000.0,27546578925.0,11.0,9.907,1448700000.0,2.533,1.0,7019500000.0,0.312,5248100000.0,122800000.0,31981500000.0,31314225000.0,0.0,19047600000.0,15717500000.0,3330100000.0,34244600000.0,7616800000.0,26627800000.0,26973678925.0,-203400000.0,-1107600000.0,-1650000000.0,0.0,-11400000.0,-1213600000.0,-710100000.0,669100000.0,1720300000.0,0.0,1573300000.0,1573300000.0,1573300000.0,0.0,0.0,0.07,4510100000.0,2509400000.0,0.0,0.007,2.647,17.145,17.336,272800000.0,0.0,47.155,1.199,1.199,1859600000.0,7723700000.0,22491900000.0,22491900000.0,0.0,0.036,0.166,0.082,0.115,94100000.0,4452700000.0,1.0,572021608.0,572021608.0,,39.32,39185200000.0,68700000.0,880000000.0,47100000.0,68.503,10617900000.0
52,AET,MRT,2005-09-30,2005-09-30,2005-09-30,2018-10-30,-422100000.0,43257500000.0,42628175000.0,18695900000.0,24561600000.0,0.511,16.072,-238900000.0,1032700000.0,1032700000.0,15049400000.0,1367400000.0,2.424,3.641,1605600000.0,449900000.0,1155700000.0,1605600000.0,224200000.0,224200000.0,0.0,0.0,0.01,2252700000.0,2476900000.0,0.114,2476900000.0,2252700000.0,2134400000.0,2.365,2.275,2.365,9320100000.0,9221375000.0,9320100000.0,25463106627.0,11.0,10.28,1196600000.0,2.063,1.0,6743400000.0,0.309,5139200000.0,118300000.0,30978200000.0,31115850000.0,0.0,19195600000.0,15938200000.0,3257400000.0,33937400000.0,7713000000.0,26224400000.0,24976506627.0,-334200000.0,-1031000000.0,-1571000000.0,0.0,-5900000.0,-1032700000.0,-737000000.0,532900000.0,1435500000.0,0.0,1367400000.0,1367400000.0,1367400000.0,0.0,0.0,0.063,4557400000.0,2186000000.0,0.0,0.004,2.68,18.266,18.211,251500000.0,0.0,43.07,1.146,1.146,1975400000.0,7746500000.0,21792800000.0,21792800000.0,0.0,0.032,0.148,0.072,0.103,222700000.0,4511500000.0,1.0,579904960.0,579904960.0,,37.58,38118300000.0,445000000.0,767000000.0,0.0,65.732,10982900000.0
53,AET,MRT,2005-06-30,2005-06-30,2005-06-30,2018-10-30,-246000000.0,43073800000.0,42192050000.0,19321600000.0,23752200000.0,0.501,16.259,-225100000.0,1118900000.0,1118900000.0,14620100000.0,2286900000.0,2.568,3.561,1605500000.0,449800000.0,1155700000.0,1605500000.0,156800000.0,204500000.0,0.0,0.0,0.01,3126900000.0,3331400000.0,0.158,3331400000.0,3126900000.0,3015200000.0,3.85,3.705,3.85,9444900000.0,9162500000.0,9444900000.0,24726103267.0,8.0,7.422,1407500000.0,2.423,1.0,6511500000.0,0.308,4740400000.0,111700000.0,31295900000.0,31026625000.0,0.0,19546600000.0,16492600000.0,3054000000.0,33628900000.0,7524100000.0,26104800000.0,24054703267.0,-30600000.0,-640600000.0,-1877800000.0,0.0,-5900000.0,-1419000000.0,-244200000.0,621500000.0,1632600000.0,0.0,2286900000.0,2286900000.0,2286900000.0,-990000000.0,0.0,0.108,4441300000.0,2070200000.0,0.0,0.003,2.547,10.518,10.756,241600000.0,0.0,41.41,1.138,1.138,1991200000.0,7380100000.0,21131600000.0,21131600000.0,0.0,0.054,0.25,0.101,0.148,215000000.0,4402000000.0,1.0,580891168.0,580891168.0,,36.378,38333400000.0,414400000.0,728300000.0,0.0,65.991,11797500000.0
54,AET,MRT,2005-03-31,2005-03-31,2005-03-31,2018-10-30,-382900000.0,42047700000.0,41612375000.0,18887300000.0,23160400000.0,0.493,15.354,-203200000.0,930000000.0,930000000.0,14204200000.0,2178300000.0,2.561,3.652,1601400000.0,449700000.0,1151700000.0,1601400000.0,141200000.0,192200000.0,0.0,0.0,0.01,2954800000.0,3147000000.0,0.153,3147000000.0,2954800000.0,2848400000.0,3.635,3.505,3.635,9039100000.0,8878325000.0,9039100000.0,22276384482.0,8.0,7.079,1094300000.0,1.859,1.0,6305500000.0,0.307,4342900000.0,106400000.0,31001300000.0,30714325000.0,0.0,19411000000.0,16237700000.0,3173300000.0,33008600000.0,7374900000.0,25633700000.0,22062684482.0,222000000.0,-251200000.0,-1657400000.0,0.0,-5900000.0,-1359800000.0,284300000.0,738700000.0,1297500000.0,0.0,2178300000.0,2178300000.0,2178300000.0,-990000000.0,0.0,0.106,4340700000.0,1964800000.0,0.0,0.003,2.441,10.128,10.309,233700000.0,0.0,37.475,1.076,1.076,1927000000.0,6970400000.0,20509700000.0,20509700000.0,0.0,0.052,0.245,0.096,0.144,192300000.0,4300200000.0,1.0,588730740.0,588730740.0,,34.837,37704800000.0,677200000.0,670100000.0,0.0,64.044,11512400000.0
55,AET,MRT,2004-12-31,2004-12-31,2004-12-31,2018-10-30,-266700000.0,42133700000.0,41448300000.0,19516200000.0,22617500000.0,0.48,15.376,-190300000.0,1396000000.0,1396000000.0,13829200000.0,2154800000.0,2.784,3.64,1609700000.0,0.0,1609700000.0,1609700000.0,121800000.0,182200000.0,0.0,0.0,0.01,2894700000.0,3076900000.0,0.155,3076900000.0,2894700000.0,2790000000.0,3.56,3.43,3.56,9081400000.0,8662375000.0,9081400000.0,18667020308.0,6.0,6.067,1093600000.0,1.852,1.0,6074900000.0,0.305,4148100000.0,104700000.0,31188000000.0,30638750000.0,0.0,19690500000.0,16624200000.0,3066300000.0,33052300000.0,7011300000.0,26041000000.0,18419620308.0,-37400000.0,-9500000.0,-1493000000.0,0.0,-5900000.0,-1388700000.0,67400000.0,267200000.0,1283900000.0,0.0,2154800000.0,2154800000.0,2154800000.0,-1030000000.0,0.0,0.108,4210200000.0,1864700000.0,0.0,0.003,2.028,8.548,8.761,233600000.0,0.0,31.188,0.925,0.925,1743100000.0,6546400000.0,19904100000.0,19904100000.0,0.0,0.052,0.249,0.094,0.145,138900000.0,4167700000.0,1.0,590609068.0,590609068.0,,33.701,37985600000.0,722800000.0,635200000.0,0.0,64.316,12504900000.0
56,AET,MRT,2004-09-30,2004-09-30,2004-09-30,2018-10-30,-136500000.0,41513000000.0,41152425000.0,19404000000.0,22109000000.0,0.469,14.789,-177200000.0,1366900000.0,1366900000.0,13383300000.0,2193900000.0,2.775,3.57,1614300000.0,0.0,1614300000.0,1614300000.0,110200000.0,195000000.0,0.0,0.0,0.01,2933900000.0,3128900000.0,0.162,3128900000.0,2933900000.0,2831400000.0,3.602,3.467,3.602,9084600000.0,8373025000.0,9084600000.0,15802947782.0,5.0,5.051,1160700000.0,1.89,1.0,5927300000.0,0.307,4145900000.0,102500000.0,30621300000.0,30238600000.0,0.0,19547200000.0,16445700000.0,3101500000.0,32428400000.0,6993200000.0,25435200000.0,15345847782.0,-413400000.0,-53500000.0,-1242000000.0,0.0,-6100000.0,-1373300000.0,-378000000.0,-147300000.0,1337900000.0,0.0,2193900000.0,2193900000.0,2193900000.0,-1030000000.0,0.0,0.114,4023400000.0,1903900000.0,0.0,0.003,1.689,6.995,6.936,240500000.0,0.0,24.983,0.795,0.795,1876400000.0,6245700000.0,19310600000.0,19310600000.0,0.0,0.053,0.262,0.097,0.152,0.0,3976000000.0,1.0,614263896.0,614263896.0,,31.437,37367100000.0,754800000.0,637500000.0,0.0,60.832,12410800000.0
57,AET,MRT,2004-06-30,2004-06-30,2004-06-30,2018-10-30,-287000000.0,40755100000.0,41038000000.0,18959400000.0,21795700000.0,0.457,13.63,-217400000.0,1149500000.0,1149500000.0,12950700000.0,1117500000.0,2.703,3.905,1606600000.0,0.0,1606600000.0,1606600000.0,113700000.0,196400000.0,0.0,0.0,0.01,1806700000.0,2003100000.0,0.107,2003100000.0,1806700000.0,1704500000.0,1.82,1.755,1.82,8308200000.0,8024875000.0,8308200000.0,13872577585.0,8.0,6.926,520300000.0,0.854,1.0,5789500000.0,0.309,4152200000.0,102200000.0,30046700000.0,29815875000.0,0.0,19533000000.0,16532300000.0,3000700000.0,32446900000.0,7013300000.0,25433600000.0,12953277585.0,-717000000.0,-53500000.0,-673400000.0,0.0,-6100000.0,-861000000.0,-593700000.0,-322800000.0,737700000.0,0.0,1117500000.0,1117500000.0,1117500000.0,-40000000.0,0.0,0.06,4022800000.0,1766700000.0,0.0,0.005,1.559,11.591,11.676,246900000.0,0.0,21.25,0.691,0.691,1769200000.0,4959300000.0,18740200000.0,18740200000.0,0.0,0.027,0.139,0.061,0.096,0.0,3972000000.0,1.0,609566004.0,609566004.0,,30.744,36602900000.0,763400000.0,587000000.0,223000000.0,60.047,11946100000.0
58,AET,MRT,2004-03-31,2004-03-31,2004-03-31,2018-10-30,-65600000.0,41391400000.0,40993775000.0,19702000000.0,21689400000.0,0.447,13.33,-218700000.0,708000000.0,708000000.0,12619900000.0,969600000.0,2.646,4.063,1627300000.0,0.0,1627300000.0,1627300000.0,184600000.0,192800000.0,0.0,0.0,0.01,1582700000.0,1775500000.0,0.097,1775500000.0,1582700000.0,1480200000.0,1.58,1.522,1.58,8175300000.0,7872100000.0,8175300000.0,13936444225.0,9.0,7.849,250000000.0,0.408,1.0,5711300000.0,0.312,4164900000.0,102500000.0,30699000000.0,29522500000.0,0.0,20563700000.0,17682400000.0,2881300000.0,33216100000.0,7446800000.0,25769300000.0,13756144225.0,-1215400000.0,-53500000.0,-795300000.0,0.0,-6100000.0,-862200000.0,-821900000.0,-549700000.0,468700000.0,0.0,969600000.0,969600000.0,969600000.0,-40000000.0,0.0,0.053,4168600000.0,1542700000.0,0.0,0.006,1.683,14.187,14.196,258600000.0,0.0,22.43,0.75,0.75,1807300000.0,4673000000.0,18331200000.0,18331200000.0,0.0,0.024,0.123,0.054,0.086,0.0,4117800000.0,1.0,613292208.0,613292208.0,,29.89,37226500000.0,557600000.0,510600000.0,266100000.0,60.699,12255200000.0
59,AET,MRT,2003-12-31,2003-12-31,2003-12-31,2018-10-30,-137600000.0,40950200000.0,40703425000.0,19556800000.0,21393400000.0,0.442,12.984,-210800000.0,1433400000.0,1433400000.0,12226600000.0,933800000.0,2.654,4.168,1613700000.0,0.0,1613700000.0,1613700000.0,203700000.0,199600000.0,0.0,0.001,0.01,1544500000.0,1744100000.0,0.097,1744100000.0,1544500000.0,1441600000.0,1.53,1.48,1.53,7924000000.0,7671350000.0,7924000000.0,10157028901.0,7.0,5.824,159800000.0,0.262,1.0,5749800000.0,0.32,4175600000.0,102900000.0,29587400000.0,28895075000.0,0.0,19606200000.0,16731600000.0,2874600000.0,33026200000.0,7367500000.0,25658700000.0,10310628901.0,-369500000.0,-53500000.0,-445200000.0,0.0,-6100000.0,-575700000.0,-164400000.0,99900000.0,370600000.0,0.0,933800000.0,933800000.0,933800000.0,0.0,0.0,0.052,4205300000.0,1544500000.0,0.0,0.007,1.301,11.042,11.042,267500000.0,0.0,16.895,0.574,0.574,1910700000.0,4307200000.0,17976400000.0,17976400000.0,0.0,0.023,0.122,0.053,0.086,0.0,4154500000.0,1.0,610276940.0,610276940.0,,29.456,36774600000.0,613600000.0,507800000.0,154700000.0,60.259,12189300000.0
60,AET,MRT,2003-09-30,2003-09-30,2003-09-30,2018-10-30,-136500000.0,41055300000.0,40477750000.0,19916800000.0,21138500000.0,0.448,12.497,-209200000.0,1780300000.0,1780300000.0,12525500000.0,782500000.0,2.539,4.337,1626700000.0,0.0,1626700000.0,1626700000.0,137400000.0,154800000.0,0.0,0.001,0.01,1321700000.0,1476500000.0,0.081,1476500000.0,1321700000.0,1214200000.0,1.313,1.26,1.313,7692000000.0,7435350000.0,7692000000.0,9165121333.0,7.0,6.207,345900000.0,0.562,1.0,5593800000.0,0.309,4127200000.0,107500000.0,28930400000.0,28496650000.0,0.0,19709300000.0,16739900000.0,2969400000.0,33363300000.0,7844100000.0,25519200000.0,9391221333.0,-53900000.0,0.0,-384700000.0,0.0,-6000000.0,-531800000.0,-77200000.0,132000000.0,555100000.0,0.0,782500000.0,782500000.0,782500000.0,0.0,0.0,0.043,4272100000.0,1321700000.0,0.0,0.008,1.221,12.002,11.62,274300000.0,0.0,15.258,0.518,0.518,1945100000.0,4057700000.0,18119300000.0,18119300000.0,0.0,0.019,0.105,0.046,0.073,0.0,5677300000.0,1.0,615515080.0,615515080.0,,29.438,36928100000.0,761500000.0,431700000.0,251400000.0,59.995,12072700000.0
61,AET,MRT,2003-06-30,2003-06-30,2003-06-30,2018-10-30,-1500000.0,40578200000.0,40005425000.0,19664900000.0,20913300000.0,0.462,12.671,-153600000.0,1866500000.0,1866500000.0,12912600000.0,665400000.0,2.68,4.272,1640400000.0,0.0,1640400000.0,1640400000.0,133200000.0,163900000.0,0.0,0.001,0.01,1133300000.0,1297200000.0,0.07,1297200000.0,1133300000.0,1022900000.0,1.125,1.083,1.125,7697100000.0,7419625000.0,7697100000.0,8851890474.0,8.0,6.824,290700000.0,0.479,1.0,5569700000.0,0.301,4139900000.0,110400000.0,28873200000.0,28099650000.0,0.0,19554700000.0,16449900000.0,3104800000.0,32881100000.0,7339000000.0,25542100000.0,9142090474.0,491100000.0,0.0,-250100000.0,0.0,-6000000.0,-496800000.0,543600000.0,697200000.0,444300000.0,0.0,665400000.0,665400000.0,665400000.0,0.0,0.0,0.036,4436400000.0,1133300000.0,0.0,0.009,1.188,13.739,13.378,226900000.0,0.0,15.05,0.495,0.495,1907500000.0,3847900000.0,18482300000.0,18482300000.0,0.0,0.017,0.09,0.04,0.061,0.0,5267500000.0,1.0,607447872.0,607447872.0,,30.426,36438300000.0,650800000.0,357500000.0,242600000.0,59.986,12325900000.0
62,AET,MRT,2003-03-31,2003-03-31,2003-03-31,2018-10-30,-119100000.0,40230000000.0,39625900000.0,19530400000.0,20699600000.0,0.482,12.258,-151400000.0,1923400000.0,1923400000.0,13578000000.0,635200000.0,2.57,4.457,1633200000.0,0.0,1633200000.0,1633200000.0,178800000.0,171000000.0,0.0,0.001,0.01,1075200000.0,1246200000.0,0.065,1246200000.0,1075200000.0,959100000.0,1.083,1.04,1.083,7372300000.0,7332150000.0,7372300000.0,7242642557.0,7.0,5.812,331500000.0,0.551,1.0,5502500000.0,0.288,4152600000.0,116100000.0,28189300000.0,27845475000.0,0.0,19103000000.0,16020600000.0,3082400000.0,32857700000.0,7597900000.0,25259800000.0,7412342557.0,364000000.0,0.0,-178900000.0,0.0,-6000000.0,-415000000.0,296100000.0,447500000.0,482900000.0,0.0,635200000.0,635200000.0,635200000.0,0.0,0.0,0.033,4435600000.0,1066900000.0,0.0,0.009,1.005,11.669,11.38,230800000.0,0.0,12.325,0.388,0.388,2150700000.0,3709500000.0,19080500000.0,19080500000.0,0.0,0.016,0.087,0.039,0.056,0.0,4695600000.0,1.0,601407104.0,601407104.0,,31.726,36077400000.0,772200000.0,323900000.0,449700000.0,59.988,11932500000.0
63,AET,MRT,2002-12-31,2002-12-31,2002-12-31,2018-10-30,-161600000.0,40047500000.0,39468325000.0,19459300000.0,20588200000.0,0.504,11.592,-155500000.0,1802900000.0,1802900000.0,14698300000.0,-2522500000.0,2.521,4.737,1633200000.0,0.0,1633200000.0,1633200000.0,184100000.0,170700000.0,0.0,0.001,0.01,-2251400000.0,-2080700000.0,-0.105,-2080700000.0,-2251400000.0,-2370900000.0,-4.235,-4.122,-4.235,6980000000.0,7246025000.0,6980000000.0,5979340081.0,-3.0,-2.874,150900000.0,0.251,1.0,5180400000.0,0.261,4165300000.0,119500000.0,27993700000.0,27795800000.0,0.0,19558500000.0,16288700000.0,3269800000.0,33067500000.0,7718800000.0,25348700000.0,6190240081.0,404700000.0,0.0,-165200000.0,-109700000.0,-6000000.0,-512400000.0,610700000.0,766200000.0,306400000.0,0.0,-2522500000.0,-2522500000.0,-2522500000.0,-50000000.0,0.0,-0.127,4524400000.0,656000000.0,0.0,-0.002,0.887,-2.454,-2.427,244800000.0,0.0,10.28,0.311,0.311,1930000000.0,3379500000.0,19878700000.0,19878700000.0,0.0,-0.064,-0.348,-0.081,-0.113,0.0,4232600000.0,1.0,602163432.0,602163432.0,,33.012,35882200000.0,783800000.0,151600000.0,322500000.0,59.589,11740500000.0
64,AET,MRT,2002-09-30,2002-09-30,2002-09-30,2018-10-30,575200000.0,39166000000.0,40255625000.0,18920100000.0,20245900000.0,0.527,12.686,-140100000.0,1834200000.0,1834200000.0,16128000000.0,-2808300000.0,2.545,4.134,1623300000.0,0.0,1623300000.0,1623300000.0,100100000.0,217000000.0,0.0,0.001,0.01,-2685400000.0,-2468400000.0,-0.116,-2468400000.0,-2685400000.0,-2815300000.0,-4.855,-4.902,-4.855,7629100000.0,7973600000.0,7629100000.0,5611336707.0,-2.0,-2.273,-253200000.0,-0.421,1.0,5072800000.0,0.239,4178000000.0,129900000.0,27342400000.0,27903725000.0,0.0,18982500000.0,15694500000.0,3288000000.0,31536900000.0,7434700000.0,24102200000.0,5383736707.0,222800000.0,0.0,-116400000.0,-222800000.0,-5700000.0,-645400000.0,981300000.0,1121400000.0,-113100000.0,0.0,-2808300000.0,-2808300000.0,-2808300000.0,-61400000.0,0.0,-0.132,4767700000.0,305100000.0,0.0,-0.002,0.706,-1.917,-1.844,285500000.0,0.0,8.953,0.254,0.254,2159100000.0,3281300000.0,21200800000.0,21200800000.0,0.0,-0.07,-0.352,-0.096,-0.127,0.0,2235600000.0,1.0,601366848.0,601366848.0,,35.254,34988000000.0,381300000.0,-7000000.0,96200000.0,58.181,11485400000.0
65,AET,MRT,2002-06-30,2002-06-30,2002-06-30,2018-10-30,413300000.0,39060100000.0,41591250000.0,18268900000.0,20791200000.0,0.542,12.587,-126600000.0,1375400000.0,1375400000.0,17620900000.0,-2961500000.0,2.526,4.316,1603000000.0,0.0,1603000000.0,1603000000.0,130700000.0,264400000.0,0.0,0.001,0.01,-2881400000.0,-2617000000.0,-0.116,-2617000000.0,-2881400000.0,-3020800000.0,-5.115,-5.063,-5.115,7347200000.0,8592925000.0,7347200000.0,7030848664.0,-2.0,-2.687,-325100000.0,-0.557,1.0,4933700000.0,0.219,4197800000.0,139400000.0,27856500000.0,28367075000.0,0.0,18874100000.0,15503100000.0,3371000000.0,31712900000.0,7233400000.0,24479500000.0,6999948664.0,-310400000.0,0.0,-104300000.0,-490400000.0,-5700000.0,-813300000.0,701400000.0,828000000.0,-198500000.0,0.0,-2961500000.0,-2961500000.0,-2961500000.0,-61400000.0,0.0,-0.131,4824600000.0,109100000.0,0.0,-0.002,0.953,-2.364,-2.345,292100000.0,0.0,11.992,0.31,0.31,2146400000.0,3188500000.0,22554600000.0,22554600000.0,0.0,-0.071,-0.345,-0.102,-0.128,0.0,2215300000.0,1.0,583693864.0,583693864.0,,38.641,34862300000.0,516000000.0,-59300000.0,92900000.0,59.727,11035500000.0
66,AET,MRT,2002-03-31,2002-03-31,2002-03-31,2018-10-30,337200000.0,39599700000.0,43224100000.0,18114000000.0,21485700000.0,0.556,12.14,-156600000.0,1559400000.0,1559400000.0,19187400000.0,-3059100000.0,2.45,4.635,1590300000.0,0.0,1590300000.0,1590300000.0,164800000.0,315600000.0,0.0,0.001,0.01,-2995000000.0,-2679400000.0,-0.112,-2679400000.0,-2995000000.0,-3136800000.0,-5.28,-5.22,-5.28,7027800000.0,9270650000.0,7027800000.0,5920849034.0,-2.0,-2.21,-168700000.0,-0.291,1.0,4839400000.0,0.201,4246900000.0,141800000.0,27990600000.0,28926175000.0,0.0,18423400000.0,15123700000.0,3299700000.0,32571900000.0,7393100000.0,25178800000.0,5618049034.0,31900000.0,0.0,0.0,-217600000.0,-5700000.0,-726000000.0,770000000.0,923600000.0,-12100000.0,0.0,-3059100000.0,-3059100000.0,-3059100000.0,-61400000.0,0.0,-0.127,4930100000.0,-90700000.0,0.0,-0.002,0.799,-1.837,-1.838,308500000.0,0.0,9.705,0.234,0.234,2154400000.0,3080300000.0,24026800000.0,24026800000.0,0.0,-0.071,-0.33,-0.104,-0.125,0.0,2226800000.0,1.0,578881920.0,578881920.0,,41.506,35352800000.0,593200000.0,-77700000.0,131000000.0,61.071,10720900000.0
67,AET,MRT,2001-12-31,2001-12-31,2001-12-31,2018-10-30,428200000.0,43196700000.0,45062500000.0,18692800000.0,24503900000.0,0.559,17.251,-142600000.0,1398200000.0,1398200000.0,20397100000.0,-279600000.0,2.4,3.368,1701000000.0,109700000.0,1591300000.0,1701000000.0,208000000.0,379100000.0,0.0,0.001,0.01,-224000000.0,155100000.0,0.006,155100000.0,-224000000.0,-366800000.0,-0.487,-0.487,-0.487,9890300000.0,10043175000.0,9890300000.0,4935007545.0,-22.0,31.818,-176600000.0,-0.308,1.0,4793700000.0,0.19,7286800000.0,142800000.0,28425400000.0,29415325000.0,0.0,19125000000.0,15661600000.0,3463400000.0,33306400000.0,7787300000.0,25519100000.0,4728407545.0,-254300000.0,0.0,-95600000.0,83600000.0,-5700000.0,-544200000.0,323900000.0,466500000.0,-34000000.0,0.0,-279600000.0,-279600000.0,-279600000.0,-11400000.0,0.0,-0.011,5029600000.0,-235900000.0,0.0,-0.021,0.478,-16.911,-16.935,327000000.0,0.0,8.248,0.188,0.188,2370400000.0,5908000000.0,25190800000.0,25190800000.0,0.0,-0.006,-0.028,-0.008,-0.009,0.0,2290400000.0,1.0,573314040.0,573314040.0,,43.939,35909900000.0,474600000.0,-87200000.0,147400000.0,62.636,10905500000.0
68,AET,MRT,2001-09-30,2001-09-30,2001-09-30,2018-10-30,466100000.0,44508500000.0,46181575000.0,19149300000.0,25359200000.0,0.558,17.695,-100800000.0,1611400000.0,1611400000.0,20743800000.0,-498300000.0,2.355,3.404,1818000000.0,222800000.0,1595200000.0,1818000000.0,300900000.0,209700000.0,0.0,0.003,0.025,-430400000.0,-220700000.0,-0.009,-220700000.0,-430400000.0,-589300000.0,-0.882,-0.185,-0.882,10106400000.0,10102375000.0,10106400000.0,4524714148.0,-11.0,-20.502,551900000.0,0.966,1.0,5005600000.0,0.194,7387300000.0,158900000.0,29195800000.0,29785450000.0,0.0,18883300000.0,15561900000.0,3321400000.0,34402100000.0,8132000000.0,26270100000.0,4125114148.0,70000000.0,0.0,-95600000.0,455100000.0,0.0,-233500000.0,136000000.0,483200000.0,652700000.0,0.0,-498300000.0,-498300000.0,-498300000.0,288800000.0,0.0,-0.019,5350700000.0,-345100000.0,0.0,-0.028,0.408,-8.278,-8.189,349500000.0,0.0,7.223,0.16,0.16,2663800000.0,6095600000.0,25749400000.0,25749400000.0,0.0,-0.011,-0.049,-0.014,-0.017,0.0,2209700000.0,1.0,571147684.0,571147684.0,,45.084,37121200000.0,409400000.0,-91000000.0,193700000.0,64.994,11017300000.0
69,AET,MRT,2001-06-30,2001-06-30,2001-06-30,2018-10-30,367600000.0,45591500000.0,,19368500000.0,26223000000.0,,17.651,-83600000.0,1685800000.0,1685800000.0,21020700000.0,-267100000.0,2.303,3.533,2085400000.0,490400000.0,1595000000.0,2085400000.0,292100000.0,279800000.0,0.0,0.012,0.075,-106700000.0,173100000.0,0.007,173100000.0,-106700000.0,-293500000.0,-0.475,-0.08,-0.475,10058100000.0,,10058100000.0,3653164520.0,-34.0,21.104,900300000.0,1.58,1.0,5286900000.0,0.201,7488900000.0,186800000.0,30092900000.0,,0.0,19034100000.0,15709200000.0,3324900000.0,35533400000.0,8409300000.0,27124100000.0,3688264520.0,371200000.0,0.0,-95600000.0,735000000.0,0.0,-156300000.0,-1062600000.0,69000000.0,983900000.0,0.0,-267100000.0,-267100000.0,-267100000.0,171600000.0,0.0,-0.01,5425500000.0,-138600000.0,0.0,-0.158,0.367,-13.809,-13.626,366100000.0,0.0,6.473,0.14,0.14,2666000000.0,6155700000.0,26307600000.0,26307600000.0,0.0,,,,-0.004,0.0,2275700000.0,1.0,569836156.0,569836156.0,,46.167,38102600000.0,449500000.0,-26400000.0,191700000.0,66.866,10959200000.0
70,AET,MRT,2001-03-31,2001-03-31,2001-03-31,2018-10-30,436900000.0,46953300000.0,,19817600000.0,27135700000.0,,17.588,-27600000.0,1818800000.0,1818800000.0,21013900000.0,-91100000.0,2.114,3.641,1783700000.0,888800000.0,894900000.0,1783700000.0,327200000.0,344800000.0,0.0,0.014,0.125,147000000.0,491800000.0,0.019,491800000.0,147000000.0,-62600000.0,-0.162,0.095,-0.162,10117900000.0,,10117900000.0,4814420830.0,33.0,9.789,956200000.0,1.662,1.0,5476700000.0,0.207,7596200000.0,209600000.0,29947200000.0,,0.0,19157600000.0,15870800000.0,3286800000.0,36835400000.0,9374800000.0,27460600000.0,5166020830.0,-335800000.0,0.0,-95600000.0,399500000.0,0.0,-573500000.0,-287100000.0,616600000.0,983800000.0,0.0,-91100000.0,-91100000.0,-91100000.0,94600000.0,0.0,-0.003,5490100000.0,-13400000.0,0.0,-0.772,0.511,-56.707,-55.432,377400000.0,0.0,8.98,0.195,0.195,2689600000.0,6145100000.0,26490600000.0,26490600000.0,0.0,,,,0.006,0.0,2349100000.0,1.0,575280716.0,575280716.0,,46.048,39357100000.0,419900000.0,28500000.0,330800000.0,68.414,10442800000.0
71,AET,MRT,2000-12-31,2000-12-31,2000-12-31,2018-10-30,354300000.0,47673000000.0,50170300000.0,19767500000.0,27905500000.0,0.535,17.604,-36900000.0,1652500000.0,1652500000.0,21037600000.0,127100000.0,1.976,3.707,1592200000.0,1592200000.0,0.0,1592200000.0,274700000.0,395000000.0,0.0,0.017,0.175,463700000.0,858700000.0,0.032,858700000.0,463700000.0,215500000.0,0.225,0.225,0.225,10127100000.0,10415150000.0,10127100000.0,8095456550.0,17.0,9.428,1489700000.0,2.59,1.0,5781300000.0,0.216,7703400000.0,248200000.0,29905900000.0,32801150000.0,0.0,19262500000.0,15864300000.0,3398200000.0,37545900000.0,10003400000.0,27542500000.0,5905256550.0,-372200000.0,0.0,0.0,-132800000.0,0.0,-1503600000.0,1035800000.0,1090500000.0,1526600000.0,0.0,127100000.0,127100000.0,127100000.0,0.0,0.0,0.005,5572100000.0,209200000.0,0.0,0.778,0.583,46.461,45.622,390000000.0,0.0,10.265,0.22,0.22,2892900000.0,6193300000.0,26818900000.0,26818900000.0,0.0,0.003,0.012,0.014,0.017,0.0,2328700000.0,1.0,575280716.0,575280716.0,,46.619,39969600000.0,407300000.0,88400000.0,297800000.0,69.478,9764100000.0
72,AET,MRT,2000-09-30,2000-09-30,2000-09-30,2018-10-30,,,,,,,,,,,,,,,,,,,,,,0.028,0.2,,,,,,,,,,,,,,,,,,1.0,,,,,,,,,,,,,,,,,,,,,,,,,,,,,,,,,,,,,,,,7.258,,,,,,,,,,,,,,1.0,,,,,,,,,,
73,AET,MRT,2000-06-30,2000-06-30,2000-06-30,2018-10-30,,,,,,,,,,,,,,,,,,,,,,0.025,0.2,,,,,,,,,,,,,,,,,,1.0,,,,,,,,,,,,,,,,,,,,,,,,,,,,,,,,,,,,,,,,8.024,,,,,,,,,,,,,,1.0,,,,,,,,,,
74,AET,MRT,2000-03-31,2000-03-31,2000-03-31,2018-10-30,,,,,,,,,,,,,,,,,,,,,,0.029,0.2,,,,,,,,,,,,,,,,,,1.0,,,,,,,,,,,,,,,,,,,,,,,,,,,,,,,,,,,,,,,,6.938,,,,,,,,,,,,,,1.0,,,,,,,,,,
75,AET,MRT,1999-12-31,1999-12-31,1999-12-31,2018-10-30,-390900000.0,52667600000.0,53011400000.0,20898300000.0,31769300000.0,0.417,,-58100000.0,1628700000.0,1628700000.0,16872000000.0,716500000.0,1.989,3.921,3818900000.0,1725000000.0,2093900000.0,3818900000.0,473600000.0,517000000.0,0.0,0.029,0.2,1294600000.0,1811600000.0,0.082,1811600000.0,1294600000.0,1061900000.0,0.55,0.545,0.55,10703200000.0,11066350000.0,10703200000.0,,,,1607900000.0,,1.0,5237700000.0,0.237,8655000000.0,232700000.0,35696400000.0,36686950000.0,0.0,19884200000.0,16863600000.0,3020600000.0,41964400000.0,10506400000.0,31458000000.0,,231200000.0,-299700000.0,0.0,501700000.0,0.0,-1209900000.0,-155100000.0,1681800000.0,1666000000.0,0.0,716500000.0,716500000.0,716500000.0,0.0,0.0,0.032,4260200000.0,977500000.0,0.0,0.364,,,12.684,473000000.0,0.0,6.976,,,3012100000.0,7639500000.0,22109700000.0,22109700000.0,0.0,0.014,0.065,0.035,0.059,0.0,1866200000.0,1.0,,,,,44012600000.0,511200000.0,345400000.0,285600000.0,,10391900000.0
76,AET,MRT,1998-12-31,1998-12-31,1998-12-31,2018-10-30,370100000.0,53355200000.0,,21267900000.0,32087300000.0,,,-85900000.0,1101000000.0,1101000000.0,12308900000.0,846800000.0,2.377,3.644,2963400000.0,1370100000.0,1593300000.0,2963400000.0,312300000.0,466900000.0,0.0,0.02,0.2,1444600000.0,1911500000.0,0.115,1911500000.0,1444600000.0,1238400000.0,0.688,0.682,0.688,11429500000.0,,11429500000.0,,,,721500000.0,,1.0,4280100000.0,0.258,8593500000.0,206200000.0,37677500000.0,,0.0,21583600000.0,18207900000.0,3375700000.0,41650700000.0,8946600000.0,32704100000.0,,-27600000.0,-971800000.0,0.0,990800000.0,0.0,-632800000.0,-130200000.0,1788200000.0,807400000.0,0.0,846800000.0,846800000.0,846800000.0,0.0,0.0,0.051,3231900000.0,1048200000.0,476300000.0,0.291,,,14.284,413100000.0,0.0,9.828,,,2047000000.0,7577700000.0,16589000000.0,16589000000.0,0.0,,,,0.087,0.0,1320000000.0,1.0,,,,,44761700000.0,296300000.0,391600000.0,169100000.0,,12321300000.0
77,AET,MRT,1997-12-31,1997-12-31,1997-12-31,2018-10-30,,,,,,,,-43200000.0,,,10611600000.0,899500000.0,,,,,,,,400600000.0,,0.023,0.2,1567300000.0,1967900000.0,0.134,1967900000.0,1567300000.0,1353400000.0,,,,,,,,,,1230900000.0,,1.0,4062800000.0,0.277,,213900000.0,,,,,,,,,,,73400000.0,0.0,0.0,-64000000.0,0.0,-2292200000.0,1360700000.0,2511100000.0,1274100000.0,0.0,899500000.0,899500000.0,899500000.0,-373800000.0,0.0,0.061,2869300000.0,1193500000.0,,,,,,,0.0,8.82,,,,,14674400000.0,14674400000.0,0.0,,,,0.107,0.0,1343500000.0,,,,,,,,453900000.0,,,
