None,ticker,dimension,calendardate,datekey,reportperiod,lastupdated,accoci,assets,assetsavg,assetsc,assetsnc,assetturnover,bvps,capex,cashneq,cashnequsd,cor,consolinc,currentratio,de,debt,debtc,debtnc,debtusd,deferredrev,depamor,deposits,divyield,dps,ebit,ebitda,ebitdamargin,ebitdausd,ebitusd,ebt,eps,epsdil,epsusd,equity,equityavg,equityusd,ev,evebit,evebitda,fcf,fcfps,fxusd,gp,grossmargin,intangibles,intexp,invcap,invcapavg,inventory,investments,investmentsc,investmentsnc,liabilities,liabilitiesc,liabilitiesnc,marketcap,ncf,ncfbus,ncfcommon,ncfdebt,ncfdiv,ncff,ncfi,ncfinv,ncfo,ncfx,netinc,netinccmn,netinccmnusd,netincdis,netincnci,netmargin,opex,opinc,payables,payoutratio,pb,pe,pe1,ppnenet,prefdivis,price,ps,ps1,receivables,retearn,revenue,revenueusd,rnd,roa,roe,roic,ros,sbcomp,sgna,sharefactor,sharesbas,shareswa,shareswadil,sps,tangibles,taxassets,taxexp,taxliabilities,tbvps,workingcapital
0,UDR,MRY,2020-12-31,2020-12-31,2020-12-31,2021-10-16,-9144000.0,9637533000.0,9611124250.0,,,0.129,10.98,-703182000.0,24171000.0,24171000.0,382394000.0,68970000.0,,1.708,5172140000.0,,,5172140000.0,0.0,618629000.0,0.0,0.046,1.782,269517000.0,888146000.0,0.716,888146000.0,269517000.0,66811000.0,0.2,0.2,0.2,3234200000.0,3352073250.0,3234200000.0,16406715968.0,61.0,18.473,-98866000.0,-0.336,1.0,858771000.0,0.692,0.0,202706000.0,14785502000.0,14670829000.0,0.0,758225000.0,,,5522648000.0,,,11316923968.0,-9120000.0,-28261000.0,82439000.0,233306000.0,-419350000.0,-152594000.0,-460842000.0,270601000.0,604316000.0,0.0,64266000.0,60036000.0,60036000.0,0.0,4704000.0,0.048,609668000.0,249103000.0,226794000.0,8.91,3.499,188.502,192.15,8667019000.0,4230000.0,38.43,9.118,9.12,0.0,-2685770000.0,1241165000.0,1241165000.0,0.0,0.006,0.018,0.018,0.217,19616000.0,85423000.0,1.0,294481498.0,294545000,294927000.0,4.214,9637533000.0,0.0,2545000.0,29946000.0,32.72,
1,UDR,MRY,2019-12-31,2019-12-31,2019-12-31,2021-10-16,-10448000.0,9636472000.0,8621765000.0,,,0.134,11.774,-1580518000.0,33291000.0,33291000.0,329835000.0,199579000.0,,1.557,4906082000.0,,,4906082000.0,0.0,507923000.0,0.0,0.029,1.35,359720000.0,867643000.0,0.753,867643000.0,359720000.0,188803000.0,0.63,0.63,0.63,3358542000.0,3125872500.0,3358542000.0,17728085854.0,49.0,20.432,-949814000.0,-3.33,1.0,822358000.0,0.714,0.0,170917000.0,14509263000.0,12747725000.0,0.0,741912000.0,,,5228493000.0,,,13685594854.0,-175600000.0,-32778000.0,725315000.0,587733000.0,-383079000.0,880383000.0,-1686687000.0,-73391000.0,630704000.0,0.0,184965000.0,180861000.0,180861000.0,0.0,14614000.0,0.157,601301000.0,221057000.0,199414000.0,2.143,4.075,75.669,74.127,8674973000.0,4104000.0,46.7,11.878,11.561,0.0,-2462132000.0,1152193000.0,1152193000.0,0.0,0.021,0.058,0.028,0.312,24330000.0,84254000.0,1.0,293053423.0,285247000,286015000.0,4.039,9636472000.0,0.0,3838000.0,29445000.0,33.783,
2,UDR,MRY,2018-12-31,2018-12-31,2018-12-31,2021-10-16,-67000.0,7711728000.0,7701729500.0,,,0.136,10.835,-267447000.0,208891000.0,208891000.0,302990000.0,221542000.0,,1.313,3547787000.0,,,3547787000.0,0.0,435679000.0,0.0,0.032,1.278,337962000.0,773641000.0,0.739,773641000.0,337962000.0,203794000.0,0.74,0.74,0.74,2905625000.0,2783458500.0,2905625000.0,14416733868.0,43.0,18.635,293229000.0,1.093,1.0,743869000.0,0.711,0.0,134168000.0,11050624000.0,11327483500.0,0.0,823128000.0,,,3816211000.0,,,10633633868.0,187061000.0,-70342000.0,279837000.0,-123063000.0,-342241000.0,-260067000.0,-113548000.0,224241000.0,560676000.0,0.0,203106000.0,199238000.0,199238000.0,0.0,18436000.0,0.19,389151000.0,354718000.0,174009000.0,1.727,3.66,53.372,53.541,6541999000.0,3868000.0,39.62,10.158,10.15,0.0,-2063996000.0,1046859000.0,1046859000.0,0.0,0.026,0.072,0.03,0.323,14244000.0,75448000.0,1.0,268390557.0,268179000,269483000.0,3.904,7711728000.0,0.0,688000.0,20608000.0,28.756,
3,UDR,MRY,2017-12-31,2017-12-31,2017-12-31,2021-10-16,-2681000.0,7733273000.0,7749455750.0,,,0.128,10.583,-471449000.0,21830000.0,21830000.0,285806000.0,132655000.0,,1.398,3671663000.0,,,3671663000.0,0.0,436462000.0,0.0,0.032,1.225,250029000.0,686491000.0,0.689,686491000.0,250029000.0,121318000.0,0.44,0.44,0.44,2825800000.0,2899900750.0,2825800000.0,13970772969.0,56.0,20.351,47466000.0,0.178,1.0,709985000.0,0.713,0.0,128711000.0,11383106000.0,11358294000.0,0.0,740299000.0,,,3949771000.0,,,10313962969.0,-276000.0,-7513000.0,0.0,272166000.0,-327793000.0,-111785000.0,-407406000.0,71556000.0,518915000.0,0.0,121558000.0,117850000.0,117850000.0,0.0,11097000.0,0.118,482087000.0,227898000.0,194411000.0,2.784,3.65,87.518,87.545,6847040000.0,3708000.0,38.52,10.358,10.329,0.0,-1871603000.0,995791000.0,995791000.0,0.0,0.015,0.041,0.022,0.251,12862000.0,75634000.0,1.0,267756048.0,267024000,268830000.0,3.729,7733273000.0,0.0,-240000.0,18349000.0,28.961,
4,UDR,MRY,2016-12-31,2016-12-31,2016-12-31,2021-10-16,-5609000.0,7679584000.0,7635600750.0,,,0.126,11.655,-437473000.0,22106000.0,22106000.0,275376000.0,320380000.0,,1.188,3401478000.0,,,3401478000.0,0.0,425638000.0,0.0,0.032,1.163,427323000.0,852961000.0,0.889,852961000.0,427323000.0,304292000.0,1.09,1.08,1.09,3093110000.0,2983889750.0,3093110000.0,13269077559.0,31.0,15.556,99095000.0,0.373,1.0,684485000.0,0.713,0.0,123031000.0,11058956000.0,11067061000.0,0.0,846815000.0,,,3673132000.0,,,9749221559.0,-5434000.0,25954000.0,173211000.0,-249011000.0,-308923000.0,-429282000.0,-112720000.0,298799000.0,536568000.0,0.0,292718000.0,289001000.0,289001000.0,0.0,27662000.0,0.301,283664000.0,400821000.0,190771000.0,1.067,3.152,33.734,33.468,6692128000.0,3717000.0,36.48,10.157,10.086,0.0,-1585825000.0,959861000.0,959861000.0,0.0,0.038,0.097,0.039,0.445,13398000.0,75844000.0,1.0,267248398.0,265386000,267311000.0,3.617,7679584000.0,0.0,11574000.0,17388000.0,28.937,
5,UDR,MRY,2015-12-31,2015-12-31,2015-12-31,2021-10-16,-12678000.0,7663844000.0,7096203750.0,,,0.126,11.21,-465423000.0,27540000.0,27540000.0,258059000.0,357159000.0,,1.316,3570795000.0,,,3570795000.0,0.0,381277000.0,0.0,0.029,1.094,458372000.0,839649000.0,0.939,839649000.0,458372000.0,336497000.0,1.3,1.29,1.3,2899755000.0,2860484250.0,2899755000.0,13332103454.0,29.0,15.878,-6796000.0,-0.026,1.0,636579000.0,0.712,0.0,121875000.0,11207099000.0,10610472750.0,0.0,955600000.0,,,3816797000.0,,,9843912454.0,-8482000.0,-185363000.0,210011000.0,-95088000.0,-283168000.0,-201648000.0,-265461000.0,385325000.0,458627000.0,0.0,340383000.0,336661000.0,336661000.0,0.0,16776000.0,0.376,476988000.0,159591000.0,161724000.0,0.842,3.395,29.24,28.9,6543402000.0,3722000.0,37.57,11.003,10.863,0.0,-1584459000.0,894638000.0,894638000.0,0.0,0.047,0.118,0.043,0.512,18017000.0,83668000.0,1.0,262015237.0,258669000,263752000.0,3.459,7663844000.0,0.0,-3886000.0,18786000.0,29.628,
6,UDR,MRY,2014-12-31,2014-12-31,2014-12-31,2021-10-16,-8855000.0,6828728000.0,6873311000.0,,,0.119,10.874,-353669000.0,37564000.0,37564000.0,248603000.0,159842000.0,,1.393,3565299000.0,,,3565299000.0,0.0,363929000.0,0.0,0.033,1.02,269690000.0,633619000.0,0.775,633619000.0,269690000.0,139236000.0,0.6,0.59,0.6,2735097000.0,2734224750.0,2735097000.0,11455433770.0,42.0,18.079,43634000.0,0.173,1.0,569443000.0,0.696,0.0,130454000.0,10356463000.0,10474366250.0,0.0,732595000.0,,,3810298000.0,,,7865815770.0,-15025000.0,-397484000.0,99849000.0,63497000.0,-256100000.0,-113725000.0,-298603000.0,452550000.0,397303000.0,0.0,154334000.0,150610000.0,150610000.0,-10000.0,5508000.0,0.184,442679000.0,126764000.0,160742000.0,1.7,2.876,52.226,51.367,5948487000.0,3724000.0,30.82,9.615,9.476,0.0,-1528917000.0,818046000.0,818046000.0,0.0,0.022,0.055,0.026,0.33,13954000.0,69938000.0,1.0,255217903.0,251528000,253445000.0,3.252,6828728000.0,0.0,-15098000.0,15978000.0,27.149,
7,UDR,MRY,2013-12-31,2013-12-31,2013-12-31,2021-10-16,-5125000.0,6807722000.0,6799528000.0,,,0.112,11.248,-441918000.0,53045000.0,53045000.0,238084000.0,46282000.0,,1.344,3523703000.0,,,3523703000.0,0.0,348231000.0,0.0,0.04,0.94,163596000.0,511827000.0,0.674,511827000.0,163596000.0,37513000.0,0.16,0.16,0.16,2811648000.0,2859311750.0,2811648000.0,9283760503.0,57.0,18.138,-102016000.0,-0.408,1.0,520842000.0,0.686,0.0,126083000.0,10278380000.0,10231493500.0,0.0,590688000.0,,,3777621000.0,,,5854759503.0,18134000.0,87693000.0,0.0,54879000.0,-231822000.0,-198559000.0,-123209000.0,231016000.0,339902000.0,0.0,44812000.0,41088000.0,41088000.0,-43942000.0,1470000.0,0.054,403922000.0,116920000.0,180589000.0,5.875,2.082,142.493,145.938,5999183000.0,3724000.0,23.35,7.715,7.691,0.0,-1342070000.0,758926000.0,758926000.0,0.0,0.006,0.014,0.016,0.216,9531000.0,62766000.0,1.0,250739165.0,249969000,249969000.0,3.036,6807722000.0,0.0,-7299000.0,13847000.0,27.234,
8,UDR,MRY,2012-12-31,2012-12-31,2012-12-31,2021-10-16,-11257000.0,6859103000.0,6921285250.0,,,0.104,12.53,-399747000.0,35676000.0,35676000.0,225938000.0,220303000.0,,1.217,3409333000.0,,,3409333000.0,0.0,354505000.0,0.0,0.046,1.1,320687000.0,675192000.0,0.942,675192000.0,320687000.0,181895000.0,0.85,0.85,0.85,2992916000.0,2921957750.0,2992916000.0,9183495205.0,29.0,13.601,-72560000.0,-0.304,1.0,490674000.0,0.685,0.0,138792000.0,10232760000.0,10329012250.0,0.0,541637000.0,,,3641853000.0,,,5948248205.0,-388000.0,-341004000.0,756138000.0,-540235000.0,-207470000.0,-115993000.0,-211582000.0,529169000.0,327187000.0,0.0,212177000.0,203376000.0,203376000.0,-266608000.0,8126000.0,0.284,423414000.0,67260000.0,162482000.0,1.294,1.987,29.248,27.976,6131146000.0,8801000.0,23.78,8.301,7.926,0.0,-1143781000.0,716612000.0,716612000.0,0.0,0.029,0.07,0.031,0.448,0.0,63170000.0,1.0,250136594.0,238851000,238851000.0,3.0,6859103000.0,0.0,-30282000.0,14076000.0,28.717,
9,UDR,MRY,2011-12-31,2011-12-31,2011-12-31,2021-10-16,-13902000.0,6721354000.0,6247477750.0,,,0.1,11.496,-203426000.0,37137000.0,37137000.0,202098000.0,20585000.0,,1.8,3918370000.0,,,3918370000.0,0.0,374274000.0,0.0,0.031,0.78,170742000.0,545016000.0,0.874,545016000.0,170742000.0,14376000.0,0.05,0.05,0.05,2314050000.0,2025150750.0,2314050000.0,9454197309.0,55.0,17.347,47985000.0,0.238,1.0,421259000.0,0.676,0.0,156366000.0,10602587000.0,9994209250.0,0.0,213040000.0,,,4166095000.0,,,5497975309.0,3017000.0,-1162535000.0,879754000.0,119567000.0,-150446000.0,806289000.0,-1054683000.0,311278000.0,251411000.0,0.0,20023000.0,10537000.0,10537000.0,-147454000.0,562000.0,0.017,398811000.0,22448000.0,146504000.0,15.6,2.376,521.778,502.0,6242744000.0,9486000.0,25.1,8.82,8.105,0.0,-1142895000.0,623357000.0,623357000.0,0.0,0.002,0.005,0.017,0.274,0.0,64132000.0,1.0,219042841.0,201294000,201294000.0,3.097,6721354000.0,0.0,-5647000.0,13397000.0,33.391,
10,UDR,MRY,2010-12-31,2010-12-31,2010-12-31,2021-10-16,-3469000.0,5529540000.0,5300495750.0,,,0.099,9.685,-170461000.0,24933000.0,24933000.0,163545000.0,-106588000.0,,2.366,3567504000.0,,,3567504000.0,0.0,308289000.0,0.0,0.031,0.73,33292000.0,341581000.0,0.651,341581000.0,33292000.0,-105432000.0,-0.68,-0.68,-0.68,1606343000.0,1514045750.0,1606343000.0,7738547040.0,232.0,22.655,43719000.0,0.264,1.0,361507000.0,0.689,0.0,138724000.0,9072111000.0,8744648500.0,0.0,159723000.0,,,3800453000.0,,,4283863040.0,3501000.0,-473519000.0,467565000.0,35232000.0,-120729000.0,373075000.0,-583754000.0,60226000.0,214180000.0,0.0,-102899000.0,-112362000.0,-112362000.0,-11342000.0,-3689000.0,-0.214,334308000.0,27199000.0,142486000.0,-1.074,2.667,-38.126,-34.588,5243021000.0,9463000.0,23.52,8.159,7.43,0.0,-973864000.0,525052000.0,525052000.0,0.0,-0.021,-0.074,0.004,0.063,11411000.0,71301000.0,1.0,182137034.0,165857000,165857000.0,3.166,5529540000.0,0.0,-2533000.0,14585000.0,33.339,
11,UDR,MRY,2009-12-31,2009-12-31,2009-12-31,2021-10-16,2000.0,5132617000.0,5074825500.0,,,0.111,9.36,-274829000.0,14864000.0,14864000.0,172902000.0,-91623000.0,,2.605,3426589000.0,,,3426589000.0,0.0,283552000.0,0.0,0.041,0.67,48096000.0,331648000.0,0.59,331648000.0,48096000.0,-87221000.0,-0.64,-0.64,-0.64,1395441000.0,1466584250.0,1395441000.0,5754195454.0,120.0,17.35,-45446000.0,-0.305,1.0,389192000.0,0.692,0.0,135317000.0,8544342000.0,8366920500.0,0.0,59576000.0,,,3634877000.0,,,2512383454.0,-6755000.0,-51775000.0,66751000.0,39715000.0,-144576000.0,-78093000.0,-158045000.0,168559000.0,229383000.0,0.0,-87532000.0,-95858000.0,-95858000.0,-5857000.0,-4091000.0,-0.171,331607000.0,57585000.0,111542000.0,-1.047,1.8,-26.209,-25.688,4963754000.0,8326000.0,16.44,4.47,4.361,0.0,-687180000.0,562094000.0,562094000.0,0.0,-0.019,-0.065,0.006,0.086,7605000.0,67021000.0,1.0,152821378.0,149090000,149090000.0,3.77,5132617000.0,0.0,311000.0,16976000.0,34.426,
12,UDR,MRY,2008-12-31,2008-12-31,2008-12-31,2021-10-16,-11927000.0,5143805000.0,5087592000.0,,,0.116,10.874,-306557000.0,20466000.0,20466000.0,174570000.0,743867000.0,,2.554,3261133000.0,,,3261133000.0,0.0,256850000.0,0.0,0.165,2.28,856315000.0,1113165000.0,1.892,1113165000.0,856315000.0,697790000.0,5.29,5.29,5.29,1415989000.0,1497819500.0,1415989000.0,5215531246.0,6.0,4.685,-126803000.0,-0.974,1.0,413693000.0,0.703,0.0,158525000.0,8384472000.0,8312057000.0,0.0,254498000.0,,,3616374000.0,,,1877933246.0,9521000.0,-939628000.0,46382000.0,-299550000.0,-166983000.0,-472537000.0,302304000.0,1492272000.0,179754000.0,0.0,697790000.0,688708000.0,688708000.0,-807069000.0,46077000.0,1.171,330265000.0,83428000.0,261584000.0,0.431,1.326,2.727,2.607,4753064000.0,9082000.0,13.79,3.192,3.053,0.0,-448737000.0,588263000.0,588263000.0,0.0,0.135,0.46,0.103,1.456,7024000.0,68781000.0,1.0,136180801.0,130219000,130219000.0,4.517,5143805000.0,0.0,0.0,14035000.0,39.501,
13,UDR,MRY,2007-12-31,2007-12-31,2007-12-31,2021-10-16,-814000.0,4801121000.0,4756057750.0,,,0.106,7.606,-300434000.0,8066000.0,8066000.0,155563000.0,226730000.0,,3.649,3502676000.0,,,3502676000.0,0.0,261038000.0,0.0,0.065,1.3,359677000.0,620715000.0,1.227,620715000.0,359677000.0,198019000.0,1.48,1.48,1.48,1019392000.0,1006256250.0,1019392000.0,6093743888.0,17.0,9.817,-31153000.0,-0.232,1.0,350375000.0,0.693,0.0,161658000.0,8295731000.0,8249557000.0,0.0,60919000.0,,,3719680000.0,,,2663352888.0,1076000.0,-468495000.0,-75415000.0,103246000.0,-175923000.0,-178105000.0,-90100000.0,735046000.0,269281000.0,0.0,215129000.0,198958000.0,198958000.0,-182070000.0,11601000.0,0.393,266697000.0,83678000.0,101222000.0,0.878,2.613,13.387,13.412,4584722000.0,16171000.0,19.85,5.264,5.258,0.0,-916280000.0,505938000.0,505938000.0,0.0,0.042,0.198,0.044,0.711,6356000.0,66367000.0,1.0,134173949.0,134016000,134016000.0,3.775,4801121000.0,0.0,-17110000.0,8922000.0,35.825,
14,UDR,MRY,2006-12-31,2006-12-31,2006-12-31,2021-10-16,0.0,4675875000.0,4651953750.0,,,0.101,7.288,-321035000.0,7745000.0,7745000.0,147995000.0,128605000.0,,3.347,3338785000.0,,,3338785000.0,0.0,246934000.0,0.0,0.039,1.23,299412000.0,546346000.0,1.16,546346000.0,299412000.0,120337000.0,0.78,0.78,0.78,1055255000.0,1069578000.0,1055255000.0,7580365605.0,25.0,13.875,-83154000.0,-0.574,1.0,323101000.0,0.686,0.0,179075000.0,8006915000.0,7950235750.0,0.0,16350000.0,,,3531787000.0,,,4281861605.0,-13400000.0,-376783000.0,5303000.0,110788000.0,-166785000.0,-93040000.0,-158241000.0,538781000.0,237881000.0,0.0,128605000.0,113235000.0,113235000.0,-197363000.0,0.0,0.24,226343000.0,96758000.0,99828000.0,1.577,4.058,37.814,40.756,4566395000.0,15370000.0,31.79,9.089,9.77,0.0,-810875000.0,471096000.0,471096000.0,0.0,0.024,0.106,0.038,0.636,0.0,57093000.0,1.0,134692092.0,144785000,144785000.0,3.254,4675875000.0,0.0,-8268000.0,12212000.0,32.295,
15,UDR,MRY,2005-12-31,2005-12-31,2005-12-31,2021-10-16,0.0,4541593000.0,4434819750.0,,,0.096,8.136,-208674000.0,20126000.0,20126000.0,129554000.0,155166000.0,,3.024,3159777000.0,,,3159777000.0,0.0,215192000.0,0.0,0.051,1.19,314599000.0,529791000.0,1.239,529791000.0,314599000.0,155166000.0,1.03,1.03,1.03,1107724000.0,1152061500.0,1107724000.0,6262239282.0,20.0,11.82,39512000.0,0.29,1.0,298148000.0,0.697,0.0,159433000.0,7681244000.0,7440924250.0,0.0,64805000.0,,,3350050000.0,,,3215610282.0,7639000.0,-413286000.0,-68908000.0,238878000.0,-163001000.0,-21530000.0,-219017000.0,373598000.0,248186000.0,0.0,155166000.0,139796000.0,139796000.0,-214126000.0,0.0,0.327,195552000.0,102596000.0,98475000.0,1.155,2.903,23.002,22.757,4388595000.0,15370000.0,23.44,7.518,7.461,0.0,-755702000.0,427702000.0,427702000.0,0.0,0.032,0.121,0.042,0.736,2939000.0,56975000.0,1.0,137184739.0,136143000,136143000.0,3.142,4541593000.0,0.0,0.0,22413000.0,33.359,
16,UDR,MRY,2004-12-31,2004-12-31,2004-12-31,2021-10-16,0.0,4332001000.0,3867332250.0,,,0.133,9.332,-103099000.0,13990000.0,13990000.0,181458000.0,97152000.0,,2.554,2879982000.0,,,2879982000.0,0.0,184088000.0,0.0,0.046,1.15,219176000.0,403264000.0,0.781,403264000.0,219176000.0,97152000.0,0.56,0.56,0.56,1195451000.0,1145576000.0,1195451000.0,5798114883.0,26.0,14.378,148648000.0,1.16,1.0,334613000.0,0.648,0.0,122024000.0,7197993000.0,6333060000.0,0.0,5458000.0,,,3052957000.0,,,3286832883.0,3080000.0,-755966000.0,99411000.0,428716000.0,-147387000.0,347299000.0,-595966000.0,265691000.0,251747000.0,0.0,97152000.0,71892000.0,71892000.0,-90176000.0,0.0,0.139,206661000.0,127952000.0,94381000.0,2.054,2.749,45.719,44.286,4235409000.0,25260000.0,24.8,6.369,6.156,0.0,-731808000.0,516071000.0,516071000.0,0.0,0.019,0.063,0.035,0.425,2780000.0,55101000.0,1.0,132533584.0,128097000,128097000.0,4.029,4332001000.0,0.0,0.0,28380000.0,33.818,
17,UDR,MRY,2003-12-31,2003-12-31,2003-12-31,2021-10-16,-1862000.0,3543643000.0,3413730750.0,,,0.15,10.146,-68644000.0,12364000.0,12364000.0,172373000.0,70404000.0,,1.965,2132037000.0,,,2132037000.0,0.0,166637000.0,0.0,0.058,1.12,186698000.0,353335000.0,0.692,353335000.0,186698000.0,70404000.0,0.22,0.22,0.22,1163436000.0,1114163250.0,1163436000.0,4307827426.0,23.0,12.192,166301000.0,1.45,1.0,338250000.0,0.662,0.0,116294000.0,5663316000.0,5470610000.0,0.0,14673000.0,,,2286001000.0,,,2319046426.0,1672000.0,-314739000.0,180397000.0,61852000.0,-128188000.0,70944000.0,-304217000.0,93613000.0,234945000.0,0.0,70404000.0,24807000.0,24807000.0,-46216000.0,0.0,0.049,197259000.0,140991000.0,85372000.0,5.091,1.993,93.484,87.273,3454921000.0,45597000.0,19.2,4.542,4.312,0.0,-651497000.0,510623000.0,510623000.0,0.0,0.007,0.022,0.034,0.366,0.0,56040000.0,1.0,120783668.0,114672000,114672000.0,4.453,3543643000.0,0.0,0.0,29776000.0,30.902,
18,UDR,MRY,2002-12-31,2002-12-31,2002-12-31,2021-10-16,-9958000.0,3276136000.0,3329886750.0,,,0.157,9.439,-67296000.0,14925000.0,14925000.0,171319000.0,53229000.0,,2.203,2057640000.0,,,2057640000.0,0.0,163328000.0,0.0,0.068,1.11,181751000.0,345079000.0,0.66,345079000.0,181751000.0,53229000.0,0.24,0.24,0.24,1001271000.0,1037460500.0,1001271000.0,3737566570.0,21.0,10.831,161705000.0,1.524,1.0,351426000.0,0.672,0.0,128522000.0,5318851000.0,5373857250.0,0.0,0.0,,,2205649000.0,,,1752775570.0,-1489000.0,-282600000.0,43742000.0,-53403000.0,-117116000.0,-163127000.0,-67363000.0,282533000.0,229001000.0,0.0,53229000.0,25805000.0,25805000.0,-57520000.0,0.0,0.049,194700000.0,156726000.0,84583000.0,4.625,1.751,67.924,68.167,3218750000.0,27424000.0,16.36,3.353,3.32,0.0,-541428000.0,522745000.0,522745000.0,0.0,0.008,0.025,0.034,0.348,0.0,55496000.0,1.0,107137871.0,106078000,106078000.0,4.928,3276136000.0,0.0,0.0,28949000.0,30.884,
19,UDR,MRY,2001-12-31,2001-12-31,2001-12-31,2021-10-16,-14871000.0,3348091000.0,3358559250.0,,,0.165,10.392,-108145000.0,31471000.0,31471000.0,179702000.0,61828000.0,,2.138,2064197000.0,,,2064197000.0,0.0,155327000.0,0.0,0.075,1.08,201298000.0,356625000.0,0.643,356625000.0,201298000.0,61828000.0,0.27,0.27,0.27,1042725000.0,1066978500.0,1042725000.0,3453506246.0,17.0,9.684,116266000.0,1.159,1.0,374781000.0,0.676,0.0,139470000.0,5380817000.0,5366716250.0,0.0,3355000.0,,,2229701000.0,,,1426799246.0,-5664000.0,-74372000.0,-83611000.0,77545000.0,-108511000.0,-166020000.0,-64055000.0,109713000.0,224411000.0,0.0,61828000.0,27142000.0,27142000.0,-37230000.0,0.0,0.049,203353000.0,171428000.0,100145000.0,4.0,1.368,52.568,53.333,3261301000.0,34686000.0,14.4,2.573,2.606,0.0,-448345000.0,554483000.0,554483000.0,0.0,0.008,0.025,0.038,0.363,0.0,58801000.0,1.0,99083281.0,100339000,100339000.0,5.526,3348091000.0,0.0,0.0,28099000.0,33.368,
20,UDR,MRY,2000-12-31,2000-12-31,2000-12-31,2021-10-16,0.0,3453957000.0,3550365000.0,,,0.164,11.826,-127093000.0,55248000.0,55248000.0,189606000.0,76615000.0,,1.761,1992330000.0,,,1992330000.0,0.0,157361000.0,0.0,0.1,1.08,228326000.0,385687000.0,0.664,385687000.0,228326000.0,76615000.0,0.41,0.41,0.41,1218892000.0,1256186500.0,1218892000.0,3064872640.0,13.0,7.947,97067000.0,0.942,1.0,391377000.0,0.674,0.0,151711000.0,5391039000.0,5538741250.0,0.0,8088000.0,,,2146739000.0,,,1115351640.0,2627000.0,-4635000.0,-20738000.0,-101880000.0,-110098000.0,-280238000.0,58705000.0,160257000.0,224160000.0,0.0,76615000.0,42653000.0,42653000.0,-14642000.0,0.0,0.073,175201000.0,216176000.0,83272000.0,2.634,0.915,26.149,26.366,3326915000.0,33962000.0,10.81,1.92,1.918,0.0,-366531000.0,580983000.0,580983000.0,0.0,0.012,0.034,0.041,0.393,0.0,55474000.0,1.0,103177765.0,103072000,103208000.0,5.637,3453957000.0,0.0,0.0,30554000.0,33.51,
21,UDR,MRY,1999-12-31,1999-12-31,1999-12-31,2021-10-16,0.0,3688317000.0,3752141500.0,,,0.167,12.646,-196139000.0,64647000.0,64647000.0,208204000.0,93622000.0,,1.743,2127305000.0,,,2127305000.0,0.0,126152000.0,0.0,0.108,1.07,247370000.0,373522000.0,0.596,373522000.0,247370000.0,93622000.0,0.54,0.54,0.54,1310212000.0,1344189000.0,1310212000.0,3129482736.0,13.0,8.378,-5537000.0,-0.053,1.0,418853000.0,0.668,0.0,153748000.0,5750975000.0,5847212750.0,0.0,0.0,,,2283938000.0,,,1017605736.0,-18403000.0,-69969000.0,-14313000.0,74877000.0,-109608000.0,-105169000.0,-103836000.0,161140000.0,190602000.0,0.0,93622000.0,55908000.0,55908000.0,0.0,0.0,0.089,185426000.0,233427000.0,87141000.0,1.981,0.777,18.201,18.296,3557181000.0,37714000.0,9.88,1.623,1.632,0.0,-296030000.0,627057000.0,627057000.0,0.0,0.015,0.042,0.042,0.394,0.0,57735000.0,1.0,102996532.0,103604000,103639000.0,6.052,3688317000.0,0.0,0.0,30887000.0,35.6,
22,UDR,MRY,1998-12-31,1998-12-31,1998-12-31,2021-10-16,0.0,3762940000.0,3063531000.0,,,0.157,13.746,-188218000.0,76886000.0,76886000.0,163305000.0,72332000.0,,1.654,2117749000.0,,,2117749000.0,0.0,103233000.0,0.0,0.1,1.03,178570000.0,281803000.0,0.585,281803000.0,178570000.0,72332000.0,0.49,0.49,0.49,1374121000.0,1255608250.0,1374121000.0,2588332625.0,14.0,9.185,-47621000.0,-0.476,1.0,318795000.0,0.661,0.0,106238000.0,5803803000.0,4662277500.0,0.0,0.0,,,2273377000.0,,,1067919625.0,25608000.0,-229254000.0,76686000.0,203815000.0,-103074000.0,148875000.0,-263864000.0,155459000.0,140597000.0,0.0,72332000.0,48739000.0,48739000.0,0.0,0.0,0.101,165218000.0,153577000.0,84711000.0,2.102,0.777,21.911,21.041,3636122000.0,23593000.0,10.31,2.215,2.138,0.0,-242331000.0,482100000.0,482100000.0,0.0,0.016,0.039,0.038,0.37,0.0,46150000.0,1.0,103580953.0,99966000,100062000.0,4.823,3762940000.0,0.0,0.0,29078000.0,37.642,
23,UDR,MRY,1997-12-31,1997-12-31,1997-12-31,2021-10-16,0.0,2313725000.0,2200542750.0,,,0.176,12.145,-423211000.0,17580000.0,17580000.0,135841000.0,70149000.0,,1.172,1156226000.0,,,1156226000.0,0.0,78772000.0,0.0,0.054,0.75,149153000.0,227925000.0,0.588,227925000.0,149153000.0,70149000.0,0.61,0.6,0.61,1058357000.0,1018332750.0,1058357000.0,2323735066.0,16.0,10.195,-285308000.0,-3.274,1.0,251954000.0,0.65,0.0,79004000.0,3452371000.0,3283619250.0,0.0,0.0,,,1240675000.0,,,1228973066.0,-12979000.0,0.0,100751000.0,47763000.0,-85777000.0,191391000.0,-342273000.0,77257000.0,137903000.0,0.0,70149000.0,52804000.0,52804000.0,0.0,0.0,0.136,113737000.0,138217000.0,35688000.0,1.23,1.161,23.274,22.852,2272031000.0,17345000.0,13.94,3.169,3.133,0.0,-183312000.0,387795000.0,387795000.0,0.0,0.024,0.052,0.045,0.385,0.0,34582000.0,1.0,88161626.0,87145000,87339000.0,4.45,2313725000.0,0.0,0.0,21744000.0,26.55,
24,UDR,MRY,1996-12-31,1996-12-31,1996-12-31,2021-10-16,2056000.0,1966904000.0,1523760000.0,,,0.159,14.794,-199552000.0,13452000.0,13452000.0,75748000.0,37991000.0,,1.311,1044835000.0,,,1044835000.0,0.0,48709000.0,0.0,0.077,1.19,88834000.0,137543000.0,0.566,137543000.0,88834000.0,37991000.0,0.49,0.49,0.49,850379000.0,683384000.0,850379000.0,,,,-109488000.0,-1.905,1.0,167219000.0,0.688,0.0,50843000.0,2998287000.0,2303169000.0,0.0,0.0,,,1114496000.0,,,1337475284.0,10548000.0,1129000.0,15012000.0,130736000.0,-53979000.0,82056000.0,-161572000.0,33823000.0,90064000.0,0.0,37991000.0,28278000.0,28278000.0,0.0,0.0,0.116,82360000.0,84859000.0,13608000.0,2.429,1.573,47.297,31.633,1911732000.0,9713000.0,15.5,5.505,3.667,0.0,-147529000.0,242967000.0,242967000.0,0.0,0.019,0.041,0.039,0.366,0.0,10993000.0,1.0,86288728.0,57482000,57655000.0,4.227,1966904000.0,0.0,0.0,13209000.0,34.218,
25,UDR,MRY,1995-12-31,1995-12-31,1995-12-31,2021-10-16,448000.0,1080616000.0,,,,,9.784,-209550000.0,2904000.0,2904000.0,58896000.0,33127000.0,,1.093,530339000.0,,,530339000.0,0.0,40042000.0,0.0,0.059,0.89,73773000.0,113815000.0,0.58,113815000.0,73773000.0,33127000.0,0.5,0.5,0.5,516389000.0,,516389000.0,,,,-143122000.0,-2.712,1.0,137307000.0,0.7,0.0,40646000.0,1608051000.0,,0.0,0.0,,,564227000.0,,,,-4357000.0,0.0,79615000.0,-17598000.0,-45737000.0,113145000.0,-183930000.0,23464000.0,66428000.0,0.0,33127000.0,26490000.0,26490000.0,0.0,0.0,0.135,66924000.0,70383000.0,21193000.0,1.78,,,30.0,1052659000.0,6637000.0,15.0,,4.035,0.0,-120314000.0,196203000.0,196203000.0,0.0,,,,0.376,0.0,10165000.0,1.0,,52781000,52972000.0,3.717,1080616000.0,0.0,0.0,0.0,20.474,
26,UDR,MRY,1994-12-31,1994-12-31,1994-12-31,2021-10-16,,,,,,,,-365884000.0,,,42080000.0,19137000.0,,,,,,,,29644000.0,,0.054,0.78,47658000.0,77302000.0,0.549,77302000.0,47658000.0,19137000.0,0.41,,0.41,,,,,,,-311340000.0,-6.742,1.0,98648000.0,0.701,,28521000.0,,,,,,,,,,,1488000.0,0.0,115407000.0,226173000.0,-35005000.0,306575000.0,-359631000.0,6253000.0,54544000.0,0.0,19137000.0,19137000.0,19137000.0,0.0,0.0,0.136,51009000.0,47639000.0,,1.902,,,35.073,,0.0,14.38,,4.719,,,140728000.0,140728000.0,0.0,,,,0.339,0.0,9448000.0,1.0,,46182000,,3.047,,,0.0,,,
0,UDR,MRQ,2021-06-30,2021-06-30,2021-06-30,2021-10-16,-8301000.0,9919271000.0,,,,,9.388,-355232000.0,36070000.0,36070000.0,100480000.0,12535000.0,,2.158,5646165000.0,,,5646165000.0,0.0,148771000.0,0.0,0.037,0.362,47259000.0,196030000.0,0.63,196030000.0,47259000.0,11855000.0,0.04,0.04,0.04,2784270000.0,,2784270000.0,19740362855.0,77.0,23.073,-148680000.0,-0.501,1.0,210868000.0,0.677,0.0,35404000.0,15529366000.0,,0.0,758219000.0,,,6009822000.0,,,14538958855.0,1470000.0,3316000.0,0.0,269231000.0,-107600000.0,150694000.0,-355776000.0,-3860000.0,206552000.0,0.0,11720000.0,10663000.0,10663000.0,0.0,815000.0,0.034,175081000.0,35787000.0,236093000.0,9.05,5.222,1223.509,1224.5,8940224000.0,1057000.0,48.98,11.866,11.857,0.0,-3143000000.0,311348000.0,311348000.0,0.0,,,,,6398000.0,24400000.0,1.0,296834603.0,296589000,297542000.0,1.05,9919271000.0,0.0,135000.0,34146000.0,33.445,
1,UDR,MRQ,2021-03-31,2021-03-31,2021-03-31,2021-10-16,-8614000.0,9566556000.0,,,,,10.123,-87841000.0,34600000.0,34600000.0,98768000.0,3274000.0,,1.852,5236004000.0,,,5236004000.0,0.0,146689000.0,0.0,0.041,0.36,81879000.0,228568000.0,0.758,228568000.0,81879000.0,3723000.0,0.01,0.01,0.01,3001728000.0,,3001728000.0,18166537841.0,59.0,19.865,35764000.0,0.121,1.0,202673000.0,0.672,0.0,78156000.0,14767960000.0,,0.0,775317000.0,,,5560469000.0,,,13018568841.0,10429000.0,-28777000.0,0.0,-32473000.0,-106833000.0,-154215000.0,41039000.0,157657000.0,123605000.0,0.0,3104000.0,2048000.0,2048000.0,0.0,170000.0,0.007,127603000.0,75070000.0,220911000.0,36.0,4.337,224.733,230.842,8565943000.0,1056000.0,43.86,10.661,10.651,0.0,-2923073000.0,301441000.0,301441000.0,0.0,,,,,4912000.0,21731000.0,1.0,296820995.0,296537000,297026000.0,1.017,9566556000.0,0.0,619000.0,32437000.0,32.261,
2,UDR,MRQ,2020-12-31,2020-12-31,2020-12-31,2021-10-16,-9144000.0,9637533000.0,,,,,10.99,-341218000.0,24171000.0,24171000.0,96324000.0,28551000.0,,1.708,5172140000.0,,,5172140000.0,0.0,148209000.0,0.0,0.046,0.72,89724000.0,237933000.0,0.787,237933000.0,89724000.0,27200000.0,0.08,0.08,0.08,3234200000.0,,3234200000.0,16406715968.0,61.0,18.473,-193494000.0,-0.657,1.0,206060000.0,0.681,0.0,62524000.0,14785502000.0,,0.0,758225000.0,,,5522648000.0,,,11316923968.0,-29000.0,30047000.0,102234000.0,36464000.0,-106024000.0,20358000.0,-168111000.0,143060000.0,147724000.0,0.0,26532000.0,25481000.0,25481000.0,0.0,2019000.0,0.084,117803000.0,88257000.0,226794000.0,9.0,3.499,188.502,192.15,8667019000.0,1051000.0,38.43,9.118,9.12,0.0,-2685770000.0,302384000.0,302384000.0,0.0,,,,,4530000.0,20637000.0,1.0,294481498.0,294299000,294894000.0,1.027,9637533000.0,0.0,668000.0,29946000.0,32.747,
3,UDR,MRQ,2020-09-30,2020-09-30,2020-09-30,2021-10-16,-10494000.0,9551388000.0,,,,,11.24,-85786000.0,24200000.0,24200000.0,97713000.0,-27217000.0,,1.648,5113992000.0,,,5113992000.0,0.0,155836000.0,0.0,0.043,0.36,37197000.0,193033000.0,0.623,193033000.0,37197000.0,-25071000.0,-0.09,-0.09,-0.09,3312656000.0,,3312656000.0,14563150761.0,43.0,15.274,53791000.0,0.183,1.0,212331000.0,0.685,0.0,62268000.0,14641180000.0,,0.0,803351000.0,,,5457950000.0,,,9622130761.0,1324000.0,-43998000.0,-19795000.0,131546000.0,-106231000.0,-7416000.0,-130837000.0,-1053000.0,139577000.0,0.0,-25258000.0,-26309000.0,-26309000.0,0.0,-1959000.0,-0.085,182216000.0,30115000.0,217252000.0,-4.0,2.905,73.36,74.114,8550003000.0,1051000.0,32.61,7.737,7.728,0.0,-2500827000.0,310044000.0,310044000.0,0.0,,,,,4278000.0,20837000.0,1.0,295066874.0,294713000,295003000.0,1.052,9551388000.0,0.0,187000.0,49239000.0,32.409,
4,UDR,MRQ,2020-06-30,2020-06-30,2020-06-30,2021-10-16,-11940000.0,9564471000.0,,,,,11.528,-75902000.0,22876000.0,22876000.0,93729000.0,62096000.0,,1.564,4963896000.0,,,4963896000.0,0.0,157083000.0,0.0,0.037,0.36,97894000.0,254977000.0,0.83,254977000.0,97894000.0,59297000.0,0.19,0.19,0.19,3397322000.0,,3397322000.0,16082877166.0,43.0,16.741,105657000.0,0.359,1.0,213527000.0,0.695,0.0,38597000.0,14505491000.0,,0.0,754014000.0,,,5315060000.0,,,11022839166.0,-53000.0,-1442000.0,0.0,-116457000.0,-106165000.0,-233762000.0,52150000.0,129494000.0,181559000.0,0.0,57771000.0,56709000.0,56709000.0,0.0,4325000.0,0.185,121750000.0,91777000.0,226518000.0,1.895,3.245,60.023,60.29,8605701000.0,1062000.0,37.38,8.969,8.964,0.0,-2432882000.0,307256000.0,307256000.0,0.0,,,,,4000000.0,19768000.0,1.0,294886013.0,294710000,295087000.0,1.043,9564471000.0,0.0,1526000.0,31952000.0,32.454,
5,UDR,MRQ,2020-03-31,2020-03-31,2020-03-31,2021-10-16,-12870000.0,9691105000.0,,,,,11.764,-200276000.0,22929000.0,22929000.0,94628000.0,5540000.0,,1.557,5082967000.0,,,5082967000.0,0.0,157501000.0,0.0,0.037,0.343,44702000.0,202203000.0,0.629,202203000.0,44702000.0,5385000.0,0.01,0.01,0.01,3464115000.0,,3464115000.0,15638624658.0,45.0,17.464,-64820000.0,-0.22,1.0,226853000.0,0.706,0.0,39317000.0,14751143000.0,,0.0,739938000.0,,,5393582000.0,,,10765833658.0,-10362000.0,-12868000.0,0.0,181753000.0,-100930000.0,68226000.0,-214044000.0,-900000.0,135456000.0,0.0,5221000.0,4155000.0,4155000.0,0.0,319000.0,0.013,187899000.0,38954000.0,197513000.0,34.3,3.108,66.652,66.436,8748937000.0,1066000.0,36.54,8.949,8.944,0.0,-2360636000.0,321481000.0,321481000.0,0.0,,,,,6808000.0,24181000.0,1.0,294631463.0,294457000,295160000.0,1.092,9691105000.0,0.0,164000.0,33134000.0,32.912,
6,UDR,MRQ,2019-12-31,2019-12-31,2019-12-31,2021-10-16,-10448000.0,9636472000.0,,,,,11.455,-166933000.0,33291000.0,33291000.0,87509000.0,105237000.0,,1.557,4906082000.0,,,4906082000.0,0.0,145177000.0,0.0,0.029,0.343,158076000.0,303253000.0,0.995,303253000.0,158076000.0,97641000.0,0.33,0.33,0.33,3358542000.0,,3358542000.0,17728085854.0,49.0,20.432,6895000.0,0.024,1.0,217309000.0,0.713,0.0,60435000.0,14509263000.0,,0.0,741912000.0,,,5228493000.0,,,13685594854.0,9750000.0,-21201000.0,63306000.0,200921000.0,-100370000.0,139807000.0,-303885000.0,-115751000.0,173828000.0,0.0,97639000.0,96608000.0,96608000.0,0.0,7598000.0,0.317,172527000.0,44782000.0,199414000.0,1.039,4.075,75.669,74.127,8674973000.0,1031000.0,46.7,11.878,11.561,0.0,-2462132000.0,304818000.0,304818000.0,0.0,,,,,11310000.0,23234000.0,1.0,293053423.0,293194000,294184000.0,1.04,9636472000.0,0.0,2000.0,29445000.0,32.867,
7,UDR,MRQ,2019-09-30,2019-09-30,2019-09-30,2021-10-16,-9022000.0,8697597000.0,,,,,11.245,-595045000.0,23541000.0,23541000.0,85359000.0,29422000.0,,1.341,4066032000.0,,,4066032000.0,0.0,129010000.0,0.0,0.027,0.343,71226000.0,200236000.0,0.678,200236000.0,71226000.0,28703000.0,0.09,0.09,0.09,3246562000.0,,3246562000.0,17765159436.0,55.0,22.405,-424590000.0,-1.471,1.0,210035000.0,0.711,0.0,42523000.0,12740088000.0,,0.0,829079000.0,,,4353641000.0,,,13830494436.0,-482000.0,18641000.0,449137000.0,64465000.0,-97286000.0,405872000.0,-576809000.0,-405000.0,170455000.0,0.0,27204000.0,26173000.0,26173000.0,0.0,2218000.0,0.089,151179000.0,58856000.0,181619000.0,3.811,4.26,83.608,82.169,7699676000.0,1031000.0,48.48,12.404,12.552,0.0,-2496328000.0,295394000.0,295394000.0,0.0,,,,,2704000.0,20506000.0,1.0,285282476.0,288706000,289529000.0,1.023,8697597000.0,0.0,1499000.0,42031000.0,30.126,
8,UDR,MRQ,2019-06-30,2019-06-30,2019-06-30,2021-10-16,-7838000.0,8197266000.0,,,,,10.46,-374448000.0,24023000.0,24023000.0,78728000.0,38318000.0,,1.434,3958688000.0,,,3958688000.0,0.0,119612000.0,0.0,0.029,0.343,70161000.0,189773000.0,0.675,189773000.0,70161000.0,35744000.0,0.12,0.12,0.12,2949404000.0,,2949404000.0,16303662200.0,54.0,21.583,-225360000.0,-0.799,1.0,202580000.0,0.72,0.0,34417000.0,12131931000.0,,0.0,806494000.0,,,4228719000.0,,,12649769200.0,-131000.0,-9276000.0,20693000.0,280130000.0,-96512000.0,197025000.0,-346244000.0,37480000.0,149088000.0,0.0,35619000.0,34588000.0,34588000.0,0.0,2699000.0,0.123,137655000.0,64925000.0,168861000.0,2.858,4.289,80.63,78.754,7226558000.0,1031000.0,44.89,11.65,11.657,0.0,-2336609000.0,281308000.0,281308000.0,0.0,,,,,4379000.0,20344000.0,1.0,281794814.0,281960000,282575000.0,0.998,8197266000.0,0.0,125000.0,23919000.0,29.072,
9,UDR,MRQ,2019-03-31,2019-03-31,2019-03-31,2021-10-16,-2970000.0,7955725000.0,,,,,10.646,-444092000.0,24154000.0,24154000.0,78239000.0,26602000.0,,1.337,3678047000.0,,,3678047000.0,0.0,114124000.0,0.0,0.028,0.323,60257000.0,174381000.0,0.644,174381000.0,60257000.0,26715000.0,0.08,0.08,0.08,2948982000.0,,2948982000.0,15868174151.0,55.0,21.849,-306759000.0,-1.107,1.0,192434000.0,0.711,0.0,33542000.0,11609618000.0,,0.0,786074000.0,,,3941863000.0,,,12529278151.0,-184737000.0,-20942000.0,192179000.0,42217000.0,-88911000.0,137679000.0,-459749000.0,5285000.0,137333000.0,0.0,24503000.0,23492000.0,23492000.0,0.0,2099000.0,0.087,139940000.0,52494000.0,170882000.0,4.037,4.249,88.278,87.423,7010601000.0,1011000.0,45.46,11.773,11.833,0.0,-2281262000.0,270673000.0,270673000.0,0.0,,,,,5937000.0,20170000.0,1.0,275611046.0,277002000,277557000.0,0.977,7955725000.0,0.0,2212000.0,27205000.0,28.721,
10,UDR,MRQ,2018-12-31,2018-12-31,2018-12-31,2021-10-16,-67000.0,7711728000.0,,,,,10.756,-51933000.0,208891000.0,208891000.0,77320000.0,89615000.0,,1.313,3547787000.0,,,3547787000.0,0.0,108085000.0,0.0,0.032,0.323,120435000.0,228520000.0,0.854,228520000.0,120435000.0,82209000.0,0.3,0.3,0.3,2905625000.0,,2905625000.0,14416733868.0,43.0,18.635,102019000.0,0.378,1.0,190347000.0,0.711,0.0,38226000.0,11050624000.0,,0.0,823128000.0,,,3816211000.0,,,10633633868.0,180811000.0,-14857000.0,299825000.0,-264834000.0,-86558000.0,-62699000.0,89558000.0,156348000.0,153952000.0,0.0,82139000.0,81168000.0,81168000.0,0.0,7476000.0,0.303,64132000.0,126215000.0,174009000.0,1.077,3.66,53.372,53.541,6541999000.0,971000.0,39.62,10.158,10.15,0.0,-2063996000.0,267667000.0,267667000.0,0.0,,,,,3550000.0,18235000.0,1.0,268390557.0,270129000,270872000.0,0.991,7711728000.0,0.0,70000.0,20608000.0,28.548,
11,UDR,MRQ,2018-09-30,2018-09-30,2018-09-30,2021-10-16,202000.0,7678784000.0,,,,,9.686,-61226000.0,28080000.0,28080000.0,78442000.0,20258000.0,,1.573,3811180000.0,,,3811180000.0,0.0,109563000.0,0.0,0.031,0.323,53169000.0,162732000.0,0.611,162732000.0,53169000.0,18768000.0,0.07,0.07,0.07,2593255000.0,,2593255000.0,14543458048.0,45.0,19.172,90397000.0,0.338,1.0,187702000.0,0.705,0.0,34401000.0,11461884000.0,,0.0,808385000.0,,,4078516000.0,,,10822258048.0,-2832000.0,-30325000.0,0.0,60896000.0,-86326000.0,-62604000.0,-91851000.0,-300000.0,151623000.0,0.0,18610000.0,17639000.0,17639000.0,0.0,1648000.0,0.066,132691000.0,55011000.0,169184000.0,4.614,4.173,58.062,58.594,6701337000.0,971000.0,40.43,10.486,10.488,0.0,-2075402000.0,266144000.0,266144000.0,0.0,,,,,3612000.0,19136000.0,1.0,267678903.0,267727000,268861000.0,0.994,7678784000.0,0.0,158000.0,38581000.0,28.681,
12,UDR,MRQ,2018-06-30,2018-06-30,2018-06-30,2021-10-16,-1407000.0,7707358000.0,,,,,10.316,-75372000.0,30912000.0,30912000.0,73359000.0,22444000.0,,1.456,3752112000.0,,,3752112000.0,0.0,108204000.0,0.0,0.033,0.323,52432000.0,160636000.0,0.618,160636000.0,52432000.0,20834000.0,0.07,0.07,0.07,2757494000.0,,2757494000.0,13705538265.0,44.0,18.25,47473000.0,0.178,1.0,186384000.0,0.718,0.0,31598000.0,11428558000.0,,0.0,780619000.0,,,4016279000.0,,,10045718265.0,10059000.0,-10057000.0,0.0,71107000.0,-86306000.0,-26117000.0,-86669000.0,-1240000.0,122845000.0,0.0,20601000.0,19630000.0,19630000.0,0.0,1843000.0,0.076,131205000.0,55179000.0,169475000.0,4.614,3.643,54.592,55.206,6757548000.0,971000.0,37.54,9.878,9.867,0.0,-1929124000.0,259743000.0,259743000.0,0.0,,,,,3578000.0,19430000.0,1.0,267600380.0,267311000,268890000.0,0.972,7707358000.0,0.0,233000.0,21972000.0,28.833,
13,UDR,MRQ,2018-03-31,2018-03-31,2018-03-31,2021-10-16,-1276000.0,7709048000.0,,,,,10.755,-78916000.0,20853000.0,20853000.0,73869000.0,89225000.0,,1.372,3680673000.0,,,3680673000.0,0.0,109827000.0,0.0,0.035,0.31,111926000.0,221753000.0,0.875,221753000.0,111926000.0,81983000.0,0.3,0.3,0.3,2877460000.0,,2877460000.0,13201693233.0,43.0,17.726,53340000.0,0.199,1.0,179436000.0,0.708,0.0,29943000.0,11368868000.0,,0.0,772047000.0,,,3947150000.0,,,9551860233.0,-977000.0,-15103000.0,-19988000.0,9768000.0,-83051000.0,-108647000.0,-24586000.0,69433000.0,132256000.0,0.0,81756000.0,80801000.0,80801000.0,0.0,7469000.0,0.319,61123000.0,118313000.0,178176000.0,1.033,3.32,55.018,55.656,6795926000.0,955000.0,35.62,9.502,9.48,0.0,-1808907000.0,253305000.0,253305000.0,0.0,,,,,3504000.0,18647000.0,1.0,268160029.0,267546000,269208000.0,0.947,7709048000.0,0.0,227000.0,24130000.0,28.814,
14,UDR,MRQ,2017-12-31,2017-12-31,2017-12-31,2021-10-16,-2681000.0,7733273000.0,,,,,10.573,-120749000.0,21830000.0,21830000.0,72440000.0,75627000.0,,1.398,3671663000.0,,,3671663000.0,0.0,111049000.0,0.0,0.032,0.31,102390000.0,213439000.0,0.844,213439000.0,102390000.0,68179000.0,0.25,0.26,0.25,2825800000.0,,2825800000.0,13970772969.0,56.0,20.351,8890000.0,0.033,1.0,180440000.0,0.714,0.0,34211000.0,11383106000.0,,0.0,740299000.0,,,3949771000.0,,,10313962969.0,-371000.0,29604000.0,0.0,-6281000.0,-83005000.0,-105975000.0,-24035000.0,67110000.0,129639000.0,0.0,69244000.0,68320000.0,68320000.0,0.0,6383000.0,0.27,89749000.0,90691000.0,194411000.0,1.24,3.65,87.518,87.545,6847040000.0,924000.0,38.52,10.358,10.329,0.0,-1871603000.0,252880000.0,252880000.0,0.0,,,,,2790000.0,18468000.0,1.0,267756048.0,267276000,268767000.0,0.946,7733273000.0,0.0,-1065000.0,18349000.0,28.934,
15,UDR,MRQ,2017-09-30,2017-09-30,2017-09-30,2021-10-16,-4167000.0,7760705000.0,,,,,10.653,-103534000.0,22201000.0,22201000.0,73543000.0,17570000.0,,1.394,3679011000.0,,,3679011000.0,0.0,108756000.0,0.0,0.032,0.31,46412000.0,155168000.0,0.618,155168000.0,46412000.0,16317000.0,0.06,0.06,0.06,2845023000.0,,2845023000.0,13789444328.0,32.0,16.108,46125000.0,0.173,1.0,177548000.0,0.707,0.0,30095000.0,11417515000.0,,0.0,858458000.0,,,3964622000.0,,,10175809328.0,1188000.0,4182000.0,0.0,44565000.0,-82948000.0,-47815000.0,-100656000.0,-1304000.0,149659000.0,0.0,16190000.0,15264000.0,15264000.0,0.0,1380000.0,0.061,132056000.0,45492000.0,187463000.0,5.167,3.577,35.577,35.542,6753022000.0,926000.0,38.03,10.321,10.301,0.0,-1843490000.0,251091000.0,251091000.0,0.0,,,,,3239000.0,19294000.0,1.0,267573214.0,267056000,269062000.0,0.94,7760705000.0,0.0,127000.0,35337000.0,29.06,
16,UDR,MRQ,2017-06-30,2017-06-30,2017-06-30,2021-10-16,-4395000.0,7767934000.0,,,,,10.835,-95575000.0,21013000.0,21013000.0,70035000.0,11062000.0,,1.349,3634648000.0,,,3634648000.0,0.0,110017000.0,0.0,0.031,0.31,44389000.0,154406000.0,0.623,154406000.0,44389000.0,10523000.0,0.03,0.03,0.03,2892615000.0,,2892615000.0,13935330134.0,32.0,16.069,23781000.0,0.089,1.0,177944000.0,0.718,0.0,33866000.0,11381569000.0,,0.0,860457000.0,,,3901669000.0,,,10420255134.0,-1204000.0,-26817000.0,0.0,98555000.0,-82898000.0,-668000.0,-119892000.0,2500000.0,119356000.0,0.0,10157000.0,9228000.0,9228000.0,0.0,905000.0,0.037,131739000.0,46205000.0,183608000.0,10.333,3.602,35.11,35.108,6756889000.0,929000.0,38.97,10.654,10.637,0.0,-1792674000.0,247979000.0,247979000.0,0.0,,,,,3454000.0,18162000.0,1.0,267391715.0,266972000,268859000.0,0.929,7767934000.0,0.0,366000.0,19595000.0,29.096,
17,UDR,MRQ,2017-03-31,2017-03-31,2017-03-31,2021-10-16,-4288000.0,7735911000.0,,,,,11.38,-151591000.0,22217000.0,22217000.0,69788000.0,28396000.0,,1.249,3537292000.0,,,3537292000.0,0.0,106640000.0,0.0,0.033,0.295,56838000.0,163478000.0,0.67,163478000.0,56838000.0,26299000.0,0.09,0.09,0.09,3036165000.0,,3036165000.0,13074233727.0,30.0,15.055,-31330000.0,-0.117,1.0,174053000.0,0.714,0.0,30539000.0,11250986000.0,,0.0,838780000.0,,,3791222000.0,,,9694861727.0,111000.0,-14482000.0,0.0,135327000.0,-78942000.0,42673000.0,-162823000.0,3250000.0,120261000.0,0.0,25967000.0,25038000.0,25038000.0,0.0,2429000.0,0.103,128543000.0,45510000.0,166044000.0,3.278,3.193,31.831,31.807,6760909000.0,929000.0,36.26,10.006,9.984,0.0,-1644621000.0,243841000.0,243841000.0,0.0,,,,,3379000.0,19710000.0,1.0,267370704.0,266790000,268688000.0,0.914,7735911000.0,0.0,332000.0,23105000.0,28.996,
18,UDR,MRQ,2016-12-31,2016-12-31,2016-12-31,2021-10-16,-5609000.0,7679584000.0,,,,,11.606,-213739000.0,22106000.0,22106000.0,68801000.0,259746000.0,,1.188,3401478000.0,,,3401478000.0,0.0,103995000.0,0.0,0.032,0.295,279003000.0,382998000.0,1.576,382998000.0,279003000.0,249708000.0,0.89,0.88,0.89,3093110000.0,,3093110000.0,13269077559.0,31.0,15.556,-60293000.0,-0.226,1.0,174207000.0,0.717,0.0,29295000.0,11058956000.0,,0.0,846815000.0,,,3673132000.0,,,9749221559.0,-1993000.0,23314000.0,-27000.0,-223069000.0,-78829000.0,-314321000.0,158882000.0,279898000.0,153446000.0,0.0,237423000.0,236493000.0,236493000.0,0.0,22323000.0,0.973,-101078000.0,275285000.0,190771000.0,0.331,3.152,33.734,33.468,6692128000.0,930000.0,36.48,10.157,10.086,0.0,-1585825000.0,243008000.0,243008000.0,0.0,,,,,2862000.0,19859000.0,1.0,267248398.0,266505000,268469000.0,0.912,7679584000.0,0.0,12285000.0,17388000.0,28.816,
19,UDR,MRQ,2016-09-30,2016-09-30,2016-09-30,2021-10-16,-11146000.0,7651169000.0,,,,,10.976,-89308000.0,24534000.0,24534000.0,69899000.0,29466000.0,,1.308,3544390000.0,,,3544390000.0,0.0,107328000.0,0.0,0.032,0.295,59004000.0,166332000.0,0.684,166332000.0,59004000.0,27050000.0,0.1,0.1,0.1,2922906000.0,,2922906000.0,13050890895.0,38.0,16.841,67344000.0,0.253,1.0,173353000.0,0.713,0.0,31954000.0,11171025000.0,,0.0,937635000.0,,,3824415000.0,,,9611404895.0,-1866000.0,9612000.0,-45000.0,80411000.0,-78582000.0,-9371000.0,-149147000.0,-42000.0,156652000.0,0.0,26956000.0,26027000.0,26027000.0,0.0,2510000.0,0.107,127602000.0,45751000.0,178560000.0,2.95,3.288,44.09,42.845,6480363000.0,929000.0,35.99,10.07,10.041,0.0,-1746617000.0,243252000.0,243252000.0,0.0,,,,,3461000.0,18433000.0,1.0,267057652.0,266301000,268305000.0,0.913,7651169000.0,0.0,94000.0,36030000.0,28.731,
20,UDR,MRQ,2016-06-30,2016-06-30,2016-06-30,2021-10-16,-12974000.0,7610082000.0,,,,,11.067,-72800000.0,25691000.0,25691000.0,68853000.0,19564000.0,,1.266,3465177000.0,,,3465177000.0,0.0,107423000.0,0.0,0.031,0.295,48222000.0,155645000.0,0.652,155645000.0,48222000.0,17544000.0,0.06,0.06,0.06,2946676000.0,,2946676000.0,13249835673.0,40.0,17.821,40909000.0,0.154,1.0,169933000.0,0.712,0.0,30678000.0,11049568000.0,,0.0,953097000.0,,,3731228000.0,,,9862708673.0,1499000.0,-1421000.0,-17000.0,52877000.0,-78808000.0,-34981000.0,-77229000.0,-3008000.0,113709000.0,0.0,17946000.0,17017000.0,17017000.0,0.0,1618000.0,0.071,128273000.0,41660000.0,178232000.0,4.917,3.347,48.269,46.734,6470139000.0,929000.0,36.92,10.575,10.541,0.0,-1712418000.0,238786000.0,238786000.0,0.0,,,,,3196000.0,17329000.0,1.0,267137288.0,266268000,268174000.0,0.897,7610082000.0,0.0,-402000.0,23168000.0,28.581,
21,UDR,MRQ,2016-03-31,2016-03-31,2016-03-31,2021-10-16,-12035000.0,7601568000.0,,,,,11.327,-61626000.0,24698000.0,24698000.0,67823000.0,11604000.0,,1.23,3411825000.0,,,3411825000.0,0.0,106892000.0,0.0,0.029,0.278,41094000.0,147986000.0,0.63,147986000.0,41094000.0,9990000.0,0.04,0.04,0.04,2972867000.0,,2972867000.0,13643231283.0,34.0,17.16,51135000.0,0.195,1.0,166992000.0,0.711,0.0,31104000.0,10988695000.0,,0.0,961558000.0,,,3657195000.0,,,10099976283.0,-3074000.0,-5551000.0,173300000.0,-159230000.0,-72704000.0,-70609000.0,-45226000.0,21951000.0,112761000.0,0.0,10393000.0,9464000.0,9464000.0,0.0,1211000.0,0.04,128867000.0,38125000.0,164639000.0,6.95,3.397,36.965,36.349,6485337000.0,929000.0,38.53,11.103,11.116,0.0,-1685173000.0,234815000.0,234815000.0,0.0,,,,,3879000.0,20223000.0,1.0,262132787.0,262456000,264285000.0,0.895,7601568000.0,0.0,-403000.0,16147000.0,28.963,
22,UDR,MRQ,2015-12-31,2015-12-31,2015-12-31,2021-10-16,-12678000.0,7663844000.0,,,,,11.116,-291235000.0,27540000.0,27540000.0,68055000.0,177163000.0,,1.316,3570795000.0,,,3570795000.0,0.0,106808000.0,0.0,0.029,0.278,198161000.0,304969000.0,1.284,304969000.0,198161000.0,164991000.0,0.64,0.63,0.64,2899755000.0,,2899755000.0,13332103454.0,29.0,15.878,-138410000.0,-0.531,1.0,169550000.0,0.714,0.0,33170000.0,11207099000.0,,0.0,955600000.0,,,3816797000.0,,,9843912454.0,5421000.0,-41941000.0,-120000.0,-19608000.0,-72710000.0,-110135000.0,-37269000.0,295907000.0,152825000.0,0.0,166415000.0,165485000.0,165485000.0,0.0,10748000.0,0.696,134735000.0,34815000.0,161724000.0,0.434,3.395,29.24,28.9,6543402000.0,930000.0,37.57,11.003,10.863,0.0,-1584459000.0,237605000.0,237605000.0,0.0,,,,,3578000.0,24438000.0,1.0,262015237.0,260856000,274948000.0,0.911,7663844000.0,0.0,-1424000.0,18786000.0,29.38,
23,UDR,MRQ,2015-09-30,2015-09-30,2015-09-30,2021-10-16,-14187000.0,6922730000.0,,,,,11.093,-58997000.0,25043000.0,25043000.0,64200000.0,13695000.0,,1.3,3513234000.0,,,3513234000.0,0.0,92025000.0,0.0,0.031,0.278,42890000.0,134915000.0,0.609,134915000.0,42890000.0,12658000.0,0.05,0.05,0.05,2874359000.0,,2874359000.0,12472335064.0,36.0,17.339,29802000.0,0.115,1.0,157218000.0,0.71,0.0,30232000.0,10410921000.0,,0.0,937419000.0,,,3735354000.0,,,8933834064.0,-1669000.0,-5419000.0,101392000.0,-50112000.0,-71899000.0,-26052000.0,-64416000.0,0.0,88799000.0,0.0,13291000.0,12361000.0,12361000.0,0.0,404000.0,0.056,117017000.0,40201000.0,132338000.0,5.56,3.108,37.91,37.478,5825473000.0,930000.0,34.48,10.309,10.31,0.0,-1610086000.0,221418000.0,221418000.0,0.0,,,,,5379000.0,21812000.0,1.0,259101916.0,259114000,261207000.0,0.855,6922730000.0,0.0,-633000.0,32326000.0,26.717,
24,UDR,MRQ,2015-06-30,2015-06-30,2015-06-30,2021-10-16,-9190000.0,6939730000.0,,,,,11.083,-50760000.0,25902000.0,25902000.0,62332000.0,89884000.0,,1.327,3564403000.0,,,3564403000.0,0.0,92044000.0,0.0,0.033,0.278,115124000.0,207168000.0,0.96,207168000.0,115124000.0,85451000.0,0.33,0.33,0.33,2857642000.0,,2857642000.0,11782448114.0,31.0,15.788,70225000.0,0.272,1.0,153530000.0,0.711,0.0,29673000.0,10478231000.0,,0.0,930309000.0,,,3790950000.0,,,8295319114.0,-3284000.0,-154021000.0,-51000.0,65609000.0,-71867000.0,-10031000.0,-114238000.0,90543000.0,120985000.0,0.0,86855000.0,85924000.0,85924000.0,0.0,3029000.0,0.398,114228000.0,39302000.0,147183000.0,0.842,2.903,31.551,31.097,5867330000.0,931000.0,32.03,9.737,9.695,0.0,-1525159000.0,215862000.0,215862000.0,0.0,,,,,4800000.0,19572000.0,1.0,258985923.0,257849000,262806000.0,0.837,6939730000.0,0.0,-1404000.0,18263000.0,26.914,
25,UDR,MRQ,2015-03-31,2015-03-31,2015-03-31,2021-10-16,-15445000.0,6858511000.0,,,,,10.942,-64431000.0,29540000.0,29540000.0,63472000.0,76417000.0,,1.329,3516669000.0,,,3516669000.0,0.0,90400000.0,0.0,0.031,0.26,102197000.0,192597000.0,0.876,192597000.0,102197000.0,73397000.0,0.28,0.28,0.28,2810181000.0,,2810181000.0,12351338213.0,38.0,17.935,31587000.0,0.123,1.0,156281000.0,0.711,0.0,28800000.0,10345640000.0,,0.0,779034000.0,,,3735587000.0,,,8805797213.0,-8950000.0,16018000.0,108790000.0,-90977000.0,-66692000.0,-55430000.0,-49538000.0,-1125000.0,96018000.0,0.0,73822000.0,72891000.0,72891000.0,0.0,2595000.0,0.332,111008000.0,45273000.0,138986000.0,0.929,3.134,42.732,41.5,5931548000.0,931000.0,34.03,10.486,10.408,0.0,-1557953000.0,219753000.0,219753000.0,0.0,,,,,4260000.0,17846000.0,1.0,258765713.0,256834000,258662000.0,0.856,6858511000.0,0.0,-425000.0,21848000.0,26.704,
26,UDR,MRQ,2014-12-31,2014-12-31,2014-12-31,2021-10-16,-8855000.0,6828728000.0,,,,,10.768,92595000.0,37564000.0,37564000.0,62113000.0,67752000.0,,1.393,3565299000.0,,,3565299000.0,0.0,93524000.0,0.0,0.033,0.26,91122000.0,184646000.0,0.881,184646000.0,91122000.0,58330000.0,0.26,0.25,0.26,2735097000.0,,2735097000.0,11455433770.0,42.0,18.079,207920000.0,0.819,1.0,147436000.0,0.704,0.0,32792000.0,10356463000.0,,0.0,732595000.0,,,3810298000.0,,,7865815770.0,619000.0,-244208000.0,99849000.0,-144062000.0,-66358000.0,-117015000.0,2309000.0,153922000.0,115325000.0,0.0,65417000.0,64486000.0,64486000.0,0.0,2335000.0,0.308,113128000.0,34308000.0,160742000.0,1.0,2.876,52.226,51.367,5948487000.0,931000.0,30.82,9.615,9.476,0.0,-1528917000.0,209549000.0,209549000.0,0.0,,,,,13954000.0,17390000.0,1.0,255217903.0,254009000,255755000.0,0.825,6828728000.0,0.0,-7087000.0,15978000.0,26.884,
27,UDR,MRQ,2014-09-30,2014-09-30,2014-09-30,2021-10-16,-866000.0,6898088000.0,,,,,11.04,-192016000.0,38574000.0,38574000.0,63783000.0,41992000.0,,1.393,3628192000.0,,,3628192000.0,0.0,90723000.0,0.0,0.037,0.26,71144000.0,161867000.0,0.783,161867000.0,71144000.0,38057000.0,0.16,0.16,0.16,2778260000.0,,2778260000.0,10556480908.0,42.0,17.278,-96251000.0,-0.382,1.0,142969000.0,0.691,0.0,33087000.0,10487706000.0,,0.0,668759000.0,,,3869156000.0,,,6858836908.0,-12211000.0,-41228000.0,0.0,-18595000.0,-65404000.0,-86638000.0,-21338000.0,211906000.0,95765000.0,0.0,40549000.0,39618000.0,39618000.0,-79000.0,1443000.0,0.192,109885000.0,33084000.0,151720000.0,1.625,2.469,56.269,55.612,6049258000.0,931000.0,27.25,8.553,8.552,0.0,-1493890000.0,206752000.0,206752000.0,0.0,,,,,0.0,17152000.0,1.0,251700437.0,251655000,253732000.0,0.822,6898088000.0,0.0,-2492000.0,29403000.0,27.411,
28,UDR,MRQ,2014-06-30,2014-06-30,2014-06-30,2021-10-16,-2305000.0,6932405000.0,,,,,10.719,-88967000.0,50150000.0,50150000.0,60556000.0,31086000.0,,1.485,3747794000.0,,,3747794000.0,0.0,90069000.0,0.0,0.034,0.26,59508000.0,149577000.0,0.734,149577000.0,59508000.0,27817000.0,0.12,0.12,0.12,2682533000.0,,2682533000.0,10787685170.0,52.0,19.059,14725000.0,0.059,1.0,143150000.0,0.703,0.0,31691000.0,10630049000.0,,0.0,656936000.0,,,3982421000.0,,,7198461170.0,10925000.0,-94233000.0,0.0,120587000.0,-65386000.0,50098000.0,-142865000.0,40335000.0,103692000.0,0.0,30007000.0,29076000.0,29076000.0,-18000.0,1079000.0,0.143,110288000.0,32862000.0,158122000.0,2.167,2.683,85.157,84.206,5997529000.0,931000.0,28.63,9.155,9.112,0.0,-1478814000.0,203706000.0,203706000.0,0.0,,,,,0.0,18057000.0,1.0,251430708.0,250255000,252191000.0,0.814,6932405000.0,0.0,-2190000.0,16543000.0,27.701,
29,UDR,MRQ,2014-03-31,2014-03-31,2014-03-31,2021-10-16,-3704000.0,6834023000.0,,,,,10.956,-165281000.0,39022000.0,39022000.0,62151000.0,19012000.0,,1.405,3628246000.0,,,3628246000.0,0.0,89613000.0,0.0,0.037,0.24,47916000.0,137529000.0,0.694,137529000.0,47916000.0,15032000.0,0.07,0.07,0.07,2741009000.0,,2741009000.0,9965211600.0,55.0,18.591,-82760000.0,-0.331,1.0,135888000.0,0.686,0.0,32884000.0,10423247000.0,,0.0,602495000.0,,,3851446000.0,,,6494553600.0,-14358000.0,-17815000.0,0.0,105567000.0,-58952000.0,39830000.0,-136709000.0,46387000.0,82521000.0,0.0,18361000.0,17430000.0,17430000.0,87000.0,651000.0,0.088,109378000.0,26510000.0,144549000.0,3.429,2.369,108.756,107.625,6035192000.0,931000.0,25.83,8.412,8.37,0.0,-1414997000.0,198039000.0,198039000.0,0.0,,,,,0.0,17339000.0,1.0,251434518.0,250177000,251822000.0,0.792,6834023000.0,0.0,-3329000.0,20173000.0,27.317,
30,UDR,MRQ,2013-12-31,2013-12-31,2013-12-31,2021-10-16,-5125000.0,6807722000.0,,,,,11.247,-93272000.0,53045000.0,53045000.0,60136000.0,38002000.0,,1.344,3523703000.0,,,3523703000.0,0.0,91932000.0,0.0,0.04,0.24,70075000.0,162007000.0,0.838,162007000.0,70075000.0,36715000.0,0.14,0.14,0.14,2811648000.0,,2811648000.0,9283760503.0,57.0,18.138,-14667000.0,-0.059,1.0,133280000.0,0.689,0.0,33360000.0,10278380000.0,,0.0,590688000.0,,,3777621000.0,,,5854759503.0,19100000.0,5701000.0,0.0,-2039000.0,-58925000.0,-64796000.0,5291000.0,92862000.0,78605000.0,0.0,36700000.0,35769000.0,35769000.0,-41375000.0,1302000.0,0.185,110272000.0,23008000.0,180589000.0,1.714,2.082,142.493,145.938,5999183000.0,931000.0,23.35,7.715,7.691,0.0,-1342070000.0,193416000.0,193416000.0,0.0,,,,,9531000.0,16765000.0,1.0,250739165.0,249990000,245559000.0,0.774,6807722000.0,0.0,15000.0,13847000.0,27.232,
31,UDR,MRQ,2013-09-30,2013-09-30,2013-09-30,2021-10-16,-6608000.0,6756066000.0,,,,,11.313,-89835000.0,34171000.0,34171000.0,60766000.0,3235000.0,,1.311,3463172000.0,,,3463172000.0,0.0,85442000.0,0.0,0.048,0.24,31469000.0,116911000.0,0.612,116911000.0,31469000.0,530000.0,0.01,0.01,0.01,2828019000.0,,2828019000.0,9303427366.0,84.0,20.624,-927000.0,-0.004,1.0,130358000.0,0.682,0.0,30939000.0,10185067000.0,,0.0,598419000.0,,,3706197000.0,,,5942582366.0,2114000.0,-2752000.0,0.0,69474000.0,-58819000.0,5793000.0,-92587000.0,0.0,88908000.0,0.0,3188000.0,2257000.0,2257000.0,-884000.0,47000.0,0.012,96761000.0,33597000.0,160514000.0,24.0,2.101,-751.085,-592.5,5960393000.0,931000.0,23.7,8.013,7.989,0.0,-1321202000.0,191124000.0,191124000.0,0.0,,,,,0.0,16532000.0,1.0,250741872.0,249985000,251454000.0,0.765,6756066000.0,0.0,-2658000.0,29052000.0,27.026,
32,UDR,MRQ,2013-06-30,2013-06-30,2013-06-30,2021-10-16,-7811000.0,6743543000.0,,,,,11.466,-146517000.0,33878000.0,33878000.0,59069000.0,5354000.0,,1.269,3394723000.0,,,3394723000.0,0.0,86269000.0,0.0,0.044,0.24,33312000.0,119581000.0,0.631,119581000.0,33312000.0,2509000.0,0.02,0.02,0.02,2866372000.0,,2866372000.0,9858828703.0,100.0,22.237,-40788000.0,-0.163,1.0,130433000.0,0.688,0.0,30803000.0,10104388000.0,,0.0,600035000.0,,,3638595000.0,,,6391470703.0,1914000.0,71287000.0,0.0,-103357000.0,-59043000.0,-168919000.0,65104000.0,140334000.0,105729000.0,0.0,5192000.0,4261000.0,4261000.0,-830000.0,162000.0,0.022,99750000.0,30683000.0,172962000.0,12.0,2.23,-317.494,-283.222,5945039000.0,931000.0,25.49,8.689,8.663,0.0,-1279095000.0,189502000.0,189502000.0,0.0,,,,,0.0,14989000.0,1.0,250744241.0,249985000,251406000.0,0.758,6743543000.0,0.0,-2683000.0,14586000.0,26.976,
33,UDR,MRQ,2013-03-31,2013-03-31,2013-03-31,2021-10-16,-9499000.0,6890781000.0,,,,,11.729,-112294000.0,31749000.0,31749000.0,58113000.0,-309000.0,,1.274,3499107000.0,,,3499107000.0,0.0,84588000.0,0.0,0.045,0.22,28740000.0,113328000.0,0.613,113328000.0,28740000.0,-2241000.0,0.0,0.0,0.0,2931208000.0,,2931208000.0,9425504838.0,37.0,15.753,-45634000.0,-0.183,1.0,126771000.0,0.686,0.0,30981000.0,10358139000.0,,0.0,527590000.0,,,3733058000.0,,,6051847838.0,-4994000.0,13457000.0,0.0,90801000.0,-55035000.0,29363000.0,-101017000.0,-2180000.0,66660000.0,0.0,-268000.0,-1199000.0,-1199000.0,-853000.0,-41000.0,-0.006,97139000.0,29632000.0,144967000.0,,2.065,49.88,47.431,6174634000.0,931000.0,24.19,8.333,8.324,0.0,-1210054000.0,184884000.0,184884000.0,0.0,,,,,0.0,14480000.0,1.0,250179737.0,249917000,249917000.0,0.74,6890781000.0,0.0,-1973000.0,11132000.0,27.572,
34,UDR,MRQ,2012-12-31,2012-12-31,2012-12-31,2021-10-16,-11257000.0,6859103000.0,,,,,11.977,-118138000.0,35676000.0,35676000.0,54024000.0,-12955000.0,,1.217,3409333000.0,,,3409333000.0,0.0,84548000.0,0.0,0.046,0.44,16732000.0,101280000.0,0.575,101280000.0,16732000.0,-13928000.0,-0.07,-0.07,-0.07,2992916000.0,,2992916000.0,9183495205.0,29.0,13.601,-40640000.0,-0.163,1.0,122079000.0,0.693,0.0,30660000.0,10232760000.0,,0.0,541637000.0,,,3641853000.0,,,5948248205.0,-70262000.0,-31788000.0,-98000.0,67647000.0,-55032000.0,2366000.0,-150126000.0,-200000.0,77498000.0,0.0,-12300000.0,-13231000.0,-13231000.0,-3425000.0,-655000.0,-0.075,107759000.0,14320000.0,162482000.0,-6.286,1.987,29.248,27.976,6131146000.0,931000.0,23.78,8.301,7.926,0.0,-1143781000.0,176103000.0,176103000.0,0.0,,,,,0.0,15416000.0,1.0,250136594.0,249885000,249885000.0,0.705,6859103000.0,0.0,-1628000.0,14076000.0,27.449,
35,UDR,MRQ,2012-09-30,2012-09-30,2012-09-30,2021-10-16,-13073000.0,6910902000.0,,,,,12.215,-107044000.0,107468000.0,107468000.0,59472000.0,-9676000.0,,1.187,3342715000.0,,,3342715000.0,0.0,89301000.0,0.0,0.035,0.22,19854000.0,109155000.0,0.59,109155000.0,19854000.0,-11991000.0,-0.04,-0.04,-0.04,3051630000.0,,3051630000.0,9346474549.0,24.0,12.338,-9088000.0,-0.036,1.0,125614000.0,0.679,0.0,31845000.0,10146149000.0,,0.0,643336000.0,,,3621902000.0,,,6210098549.0,-101735000.0,-4009000.0,-205000.0,-1318000.0,-55039000.0,-62736000.0,-136955000.0,-25902000.0,97956000.0,0.0,-9031000.0,-9962000.0,-9962000.0,1133000.0,-645000.0,-0.054,105788000.0,19826000.0,155080000.0,-5.5,2.035,23.812,21.214,6008930000.0,931000.0,24.82,8.885,8.872,0.0,-1082458000.0,185086000.0,185086000.0,0.0,,,,,0.0,15020000.0,1.0,250205421.0,249825000,249825000.0,0.741,6910902000.0,0.0,-2960000.0,26414000.0,27.663,
36,UDR,MRQ,2012-06-30,2012-06-30,2012-06-30,2021-10-16,-13604000.0,6972621000.0,,,,,13.289,-91057000.0,208692000.0,208692000.0,57142000.0,156306000.0,,1.162,3345068000.0,,,3345068000.0,0.0,85491000.0,0.0,0.033,0.22,189076000.0,274567000.0,1.524,274567000.0,189076000.0,147534000.0,0.62,0.62,0.62,3110106000.0,,3110106000.0,9792603886.0,25.0,12.659,-9338000.0,-0.04,1.0,123050000.0,0.683,0.0,41542000.0,10108997000.0,,0.0,619507000.0,,,3614381000.0,,,5906975886.0,180554000.0,-46991000.0,555818000.0,-606199000.0,-50085000.0,-201017000.0,299852000.0,437900000.0,81719000.0,0.0,150352000.0,145721000.0,145721000.0,-179429000.0,5954000.0,0.809,105543000.0,17507000.0,160106000.0,0.355,1.899,23.146,22.667,5991715000.0,4631000.0,25.84,8.649,8.855,0.0,-1024148000.0,180192000.0,180192000.0,0.0,,,,,0.0,18618000.0,1.0,228598138.0,234031000,234031000.0,0.77,6972621000.0,0.0,-2818000.0,13087000.0,29.794,
37,UDR,MRQ,2012-03-31,2012-03-31,2012-03-31,2021-10-16,-13939000.0,6942515000.0,,,,,11.436,-83508000.0,27776000.0,27776000.0,55300000.0,86628000.0,,1.639,3913404000.0,,,3913404000.0,0.0,95165000.0,0.0,0.03,0.22,95025000.0,190190000.0,1.085,190190000.0,95025000.0,60280000.0,0.37,0.37,0.37,2533179000.0,,2533179000.0,9846653321.0,38.0,15.313,-13494000.0,-0.061,1.0,119931000.0,0.684,0.0,34745000.0,10828143000.0,,0.0,562161000.0,,,4152907000.0,,,5965420321.0,-8945000.0,-258216000.0,200623000.0,-365000.0,-47314000.0,145394000.0,-224353000.0,117371000.0,70014000.0,0.0,83156000.0,80848000.0,80848000.0,-84887000.0,3472000.0,0.461,104324000.0,15607000.0,129426000.0,0.595,2.355,49.046,46.052,6189374000.0,2308000.0,26.71,9.09,9.015,0.0,-1126561000.0,175231000.0,175231000.0,0.0,,,,,0.0,14116000.0,1.0,223340334.0,221500000,221500000.0,0.791,6942515000.0,0.0,-22876000.0,16019000.0,31.343,
38,UDR,MRQ,2011-12-31,2011-12-31,2011-12-31,2021-10-16,-13902000.0,6721354000.0,,,,,10.615,-52467000.0,37137000.0,37137000.0,62035000.0,48118000.0,,1.8,3918370000.0,,,3918370000.0,0.0,98266000.0,0.0,0.031,0.2,85388000.0,183654000.0,1.159,183654000.0,85388000.0,40678000.0,0.22,0.22,0.22,2314050000.0,,2314050000.0,9454197309.0,55.0,17.347,16023000.0,0.073,1.0,96396000.0,0.608,0.0,44710000.0,10602587000.0,,0.0,213040000.0,,,4166095000.0,,,5497975309.0,-979000.0,-173163000.0,15444000.0,-46401000.0,-43512000.0,-101570000.0,32101000.0,257731000.0,68490000.0,0.0,46498000.0,44190000.0,44190000.0,-77984000.0,1620000.0,0.279,98163000.0,-1767000.0,146504000.0,0.909,2.376,521.778,502.0,6242744000.0,2308000.0,25.1,8.82,8.105,0.0,-1142895000.0,158431000.0,158431000.0,0.0,,,,,-7650000.0,6927000.0,1.0,219042841.0,218007000,218007000.0,0.727,6721354000.0,0.0,-5820000.0,13397000.0,30.831,
39,UDR,MRQ,2011-09-30,2011-09-30,2011-09-30,2021-10-16,-15427000.0,6804903000.0,,,,,10.879,-66244000.0,33123000.0,33123000.0,49869000.0,-13786000.0,,1.834,3989345000.0,,,3989345000.0,0.0,98703000.0,0.0,0.035,0.2,26424000.0,125127000.0,0.74,125127000.0,26424000.0,-13192000.0,-0.07,-0.07,-0.07,2326092000.0,,2326092000.0,8508153547.0,97.0,19.062,1602000.0,0.007,1.0,119219000.0,0.705,0.0,39616000.0,10761125000.0,,0.0,194976000.0,,,4265344000.0,,,4850421547.0,-8152000.0,-803291000.0,535372000.0,252616000.0,-39022000.0,744726000.0,-820724000.0,48811000.0,67846000.0,0.0,-13251000.0,-15559000.0,-15559000.0,-16240000.0,-535000.0,-0.092,107638000.0,11581000.0,156555000.0,-2.857,2.085,-75.226,-63.257,6423164000.0,2308000.0,22.14,8.833,8.621,0.0,-1111356000.0,169088000.0,169088000.0,0.0,,,,,2545000.0,19325000.0,1.0,219079564.0,213816000,213816000.0,0.791,6804903000.0,0.0,59000.0,28729000.0,31.826,
40,UDR,MRQ,2011-06-30,2011-06-30,2011-06-30,2021-10-16,-10285000.0,5961777000.0,,,,,9.591,-46839000.0,41854000.0,41854000.0,45705000.0,14909000.0,,2.159,3699586000.0,,,3699586000.0,0.0,92147000.0,0.0,0.031,0.19,51912000.0,144059000.0,0.939,144059000.0,51912000.0,14651000.0,0.06,0.06,0.06,1826873000.0,,1826873000.0,8150806772.0,111.0,19.862,20283000.0,0.106,1.0,107785000.0,0.702,0.0,37261000.0,9619509000.0,,0.0,185204000.0,,,3943820000.0,,,4659067772.0,9942000.0,-166623000.0,231108000.0,-37141000.0,-34262000.0,152022000.0,-209202000.0,4260000.0,67122000.0,0.0,14651000.0,12149000.0,12149000.0,-49039000.0,258000.0,0.079,102907000.0,4878000.0,146833000.0,3.167,2.55,-62.077,-55.795,5572548000.0,2502000.0,24.55,8.752,8.784,0.0,-1075499000.0,153490000.0,153490000.0,0.0,,,,,2449000.0,20471000.0,1.0,189778728.0,190479000,190479000.0,0.806,5961777000.0,0.0,0.0,14525000.0,31.299,
41,UDR,MRQ,2011-03-31,2011-03-31,2011-03-31,2021-10-16,-3696000.0,5501877000.0,,,,,8.95,-37876000.0,27047000.0,27047000.0,44489000.0,-28656000.0,,2.29,3518786000.0,,,3518786000.0,0.0,85158000.0,0.0,0.03,0.19,6904000.0,92062000.0,0.647,92062000.0,6904000.0,-27875000.0,-0.17,-0.17,-0.17,1633588000.0,,1633588000.0,7990006562.0,267.0,22.833,10077000.0,0.055,1.0,97859000.0,0.687,0.0,34779000.0,8993616000.0,,0.0,156895000.0,,,3741191000.0,,,4447435562.0,2206000.0,-19458000.0,97830000.0,-49507000.0,-33650000.0,11111000.0,-56858000.0,476000.0,47953000.0,0.0,-27875000.0,-30243000.0,-30243000.0,-4191000.0,-781000.0,-0.212,90217000.0,7642000.0,128067000.0,-1.118,2.722,-38.284,-35.838,5200271000.0,2368000.0,24.37,8.43,8.432,0.0,-1045117000.0,142348000.0,142348000.0,0.0,,,,,2656000.0,17523000.0,1.0,182496330.0,182531000,182531000.0,0.78,5501877000.0,0.0,0.0,17605000.0,30.142,
42,UDR,MRQ,2010-12-31,2010-12-31,2010-12-31,2021-10-16,-3469000.0,5529540000.0,,,,,8.879,-34730000.0,24933000.0,24933000.0,20826000.0,-29317000.0,,2.366,3567504000.0,,,3567504000.0,0.0,83043000.0,0.0,0.031,0.19,2057000.0,85100000.0,1.011,85100000.0,2057000.0,-30989000.0,-0.17,-0.17,-0.17,1606343000.0,,1606343000.0,7738547040.0,232.0,22.655,21961000.0,0.121,1.0,63355000.0,0.753,0.0,33046000.0,9072111000.0,,0.0,159723000.0,,,3800453000.0,,,4283863040.0,-621000.0,-109714000.0,-4898000.0,84182000.0,-33522000.0,47594000.0,-104906000.0,39538000.0,56691000.0,0.0,-28456000.0,-30825000.0,-30825000.0,-4221000.0,-861000.0,-0.366,64074000.0,-719000.0,142486000.0,-1.118,2.667,-38.126,-34.588,5243021000.0,2369000.0,23.52,8.159,7.43,0.0,-973864000.0,84181000.0,84181000.0,0.0,,,,,2332000.0,16225000.0,1.0,182137034.0,180905000,180905000.0,0.465,5529540000.0,0.0,-2533000.0,14585000.0,30.566,
43,UDR,MRQ,2010-09-30,2010-09-30,2010-09-30,2021-10-16,-3741000.0,5477358000.0,,,,,10.109,-34883000.0,24986000.0,24986000.0,49525000.0,-24605000.0,,2.204,3479670000.0,,,3479670000.0,0.0,76782000.0,0.0,0.034,0.18,12363000.0,89145000.0,0.585,89145000.0,12363000.0,-23766000.0,-0.16,-0.16,-0.16,1672005000.0,,1672005000.0,6844555995.0,185.0,20.473,20827000.0,0.126,1.0,102806000.0,0.675,0.0,36129000.0,8932042000.0,,0.0,66064000.0,,,3684689000.0,,,3450715995.0,2033000.0,-342462000.0,364643000.0,-28796000.0,-30115000.0,302980000.0,-356657000.0,20688000.0,55710000.0,0.0,-23766000.0,-26134000.0,-26134000.0,-4037000.0,-839000.0,-0.172,93534000.0,9272000.0,100348000.0,-1.125,2.064,-32.452,-31.522,5292468000.0,2368000.0,21.12,6.296,6.374,0.0,-895069000.0,152331000.0,152331000.0,0.0,,,,,3071000.0,20027000.0,1.0,163386174.0,165403000,165403000.0,0.921,5477358000.0,0.0,0.0,28871000.0,33.115,
44,UDR,MRQ,2010-06-30,2010-06-30,2010-06-30,2021-10-16,-3605000.0,5079369000.0,,,,,8.512,-59440000.0,17818000.0,17818000.0,47674000.0,-27640000.0,,2.623,3411658000.0,,,3411658000.0,0.0,75034000.0,0.0,0.038,0.18,8597000.0,83631000.0,0.562,83631000.0,8597000.0,-26621000.0,-0.18,-0.18,-0.18,1369489000.0,,1369489000.0,6487844896.0,315.0,20.817,829000.0,0.005,1.0,101029000.0,0.679,0.0,35218000.0,8473209000.0,,0.0,63155000.0,,,3592507000.0,,,3102328896.0,-11846000.0,-5382000.0,31068000.0,-4973000.0,-29038000.0,-7293000.0,-64822000.0,0.0,60269000.0,0.0,-26621000.0,-28968000.0,-28968000.0,-861000.0,-1019000.0,-0.195,91169000.0,9860000.0,91876000.0,-1.0,2.265,-25.645,-24.526,4915867000.0,2347000.0,19.13,5.671,5.626,0.0,-822057000.0,148703000.0,148703000.0,0.0,,,,,3110000.0,18150000.0,1.0,162170878.0,160886000,160886000.0,0.924,5079369000.0,0.0,0.0,15215000.0,31.571,
45,UDR,MRQ,2010-03-31,2010-03-31,2010-03-31,2021-10-16,-1403000.0,5115716000.0,,,,,9.02,-41408000.0,28562000.0,28562000.0,47885000.0,-25026000.0,,2.555,3414078000.0,,,3414078000.0,0.0,73430000.0,0.0,0.048,0.18,11077000.0,84507000.0,0.576,84507000.0,11077000.0,-24056000.0,-0.17,-0.17,-0.17,1408346000.0,,1408346000.0,6164604525.0,175.0,19.151,102000.0,0.001,1.0,98739000.0,0.673,0.0,35133000.0,8501232000.0,,0.0,59033000.0,,,3598565000.0,,,2752879525.0,13935000.0,-15961000.0,76752000.0,-15181000.0,-28054000.0,29794000.0,-57369000.0,0.0,41510000.0,0.0,-24056000.0,-26435000.0,-26435000.0,-2270000.0,-970000.0,-0.18,89198000.0,9541000.0,88449000.0,-1.059,1.955,-25.761,-25.2,4938356000.0,2379000.0,17.64,4.967,4.97,0.0,-752226000.0,146624000.0,146624000.0,0.0,,,,,2898000.0,17353000.0,1.0,156058930.0,156131000,156131000.0,0.939,5115716000.0,0.0,0.0,16895000.0,32.766,
46,UDR,MRQ,2009-12-31,2009-12-31,2009-12-31,2021-10-16,2000.0,5132617000.0,,,,,9.138,-62463000.0,14864000.0,14864000.0,29865000.0,-25785000.0,,2.605,3426589000.0,,,3426589000.0,0.0,72075000.0,0.0,0.041,0.18,4965000.0,77040000.0,0.767,77040000.0,4965000.0,-24558000.0,-0.16,-0.16,-0.16,1395441000.0,,1395441000.0,5754195454.0,120.0,17.35,-22730000.0,-0.149,1.0,70518000.0,0.702,0.0,29523000.0,8544342000.0,,0.0,59576000.0,,,3634877000.0,,,2512383454.0,-18969000.0,624000.0,35565000.0,21285000.0,-27556000.0,3636000.0,-62338000.0,-499000.0,39733000.0,0.0,-24869000.0,-24795000.0,-24795000.0,-2763000.0,-916000.0,-0.247,61576000.0,8942000.0,111542000.0,-1.125,1.8,-26.209,-25.688,4963754000.0,-74000.0,16.44,4.47,4.361,0.0,-687180000.0,100383000.0,100383000.0,0.0,,,,,1743000.0,16935000.0,1.0,152821378.0,152711000,152711000.0,0.657,5132617000.0,0.0,311000.0,16976000.0,33.61,
47,UDR,MRQ,2009-09-30,2009-09-30,2009-09-30,2021-10-16,-2714000.0,5010257000.0,,,,,9.56,-71236000.0,33234000.0,33234000.0,48291000.0,-39755000.0,,2.422,3275046000.0,,,3275046000.0,0.0,70553000.0,0.0,0.113,0.18,-4067000.0,66486000.0,0.439,66486000.0,-4067000.0,-37976000.0,-0.27,-0.27,-0.27,1434008000.0,,1434008000.0,5569945137.0,76.0,15.535,-5580000.0,-0.037,1.0,103092000.0,0.681,0.0,33909000.0,8252069000.0,,0.0,97918000.0,,,3473626000.0,,,2369774137.0,19971000.0,-34558000.0,33237000.0,58536000.0,-27095000.0,60112000.0,-105797000.0,-3000.0,65656000.0,0.0,-37976000.0,-40776000.0,-40776000.0,-800000.0,-1779000.0,-0.269,92029000.0,11063000.0,87370000.0,-0.667,1.653,-26.567,-58.296,4784582000.0,2800000.0,15.74,3.848,3.834,0.0,-628445000.0,151383000.0,151383000.0,0.0,,,,,1666000.0,16409000.0,1.0,150557442.0,150000000,150000000.0,1.009,5010257000.0,0.0,0.0,32500000.0,33.402,
48,UDR,MRQ,2009-06-30,2009-06-30,2009-06-30,2021-10-16,-5112000.0,4970898000.0,,,,,10.053,-73935000.0,13778000.0,13778000.0,46874000.0,-12660000.0,,2.263,3213949000.0,,,3213949000.0,0.0,70545000.0,0.0,0.187,0.31,23318000.0,93863000.0,0.602,93863000.0,23318000.0,-12058000.0,-0.1,-0.1,-0.1,1502313000.0,,1502313000.0,4868929296.0,46.0,12.553,-21498000.0,-0.144,1.0,108928000.0,0.699,0.0,35376000.0,8171069000.0,,0.0,104754000.0,,,3399848000.0,,,1554257296.0,-32149000.0,-16757000.0,-918000.0,-142618000.0,-47800000.0,-193891000.0,109305000.0,199997000.0,52437000.0,0.0,-12058000.0,-14858000.0,-14858000.0,-2053000.0,-602000.0,-0.095,89220000.0,19708000.0,88839000.0,-3.1,1.035,-26.704,-147.571,4753957000.0,2800000.0,10.33,2.499,2.483,0.0,-522945000.0,155802000.0,155802000.0,0.0,,,,,1857000.0,16665000.0,1.0,150460532.0,149444000,149444000.0,1.043,4970898000.0,0.0,0.0,18665000.0,33.263,
49,UDR,MRQ,2009-03-31,2009-03-31,2009-03-31,2021-10-16,-11055000.0,5185530000.0,,,,,10.644,-67195000.0,45749000.0,45749000.0,48229000.0,-13423000.0,,2.332,3360421000.0,,,3360421000.0,0.0,70379000.0,0.0,0.226,0.0,23931000.0,94310000.0,0.606,94310000.0,23931000.0,-12578000.0,-0.11,-0.11,-0.11,1534575000.0,,1534575000.0,4534892658.0,39.0,11.594,4362000.0,0.03,1.0,107410000.0,0.69,0.0,36509000.0,8500202000.0,,0.0,286848000.0,,,3578276000.0,,,1281311658.0,24392000.0,-1084000.0,-1133000.0,102512000.0,-42125000.0,52050000.0,-99215000.0,-30936000.0,71557000.0,0.0,-12629000.0,-15429000.0,-15429000.0,168000.0,-794000.0,-0.099,89205000.0,18205000.0,116861000.0,0.0,0.835,-27.129,,4756342000.0,2800000.0,8.61,2.091,2.026,0.0,-470520000.0,155639000.0,155639000.0,0.0,,,,,2339000.0,16931000.0,1.0,148816685.0,144176000,144176000.0,1.08,5185530000.0,0.0,51000.0,19141000.0,35.967,
50,UDR,MRQ,2008-12-31,2008-12-31,2008-12-31,2021-10-16,-11927000.0,5143805000.0,,,,,10.874,-82130000.0,20466000.0,20466000.0,45711000.0,-17859000.0,,2.554,3261133000.0,,,3261133000.0,0.0,73344000.0,0.0,0.165,1.29,30549000.0,103893000.0,0.679,103893000.0,30549000.0,-9595000.0,0.21,0.21,0.21,1415989000.0,,1415989000.0,5215531246.0,6.0,4.685,-41066000.0,-0.315,1.0,107311000.0,0.701,0.0,40144000.0,8384472000.0,,0.0,254498000.0,,,3616374000.0,,,1877933246.0,9879000.0,-27055000.0,184424000.0,-57574000.0,-38096000.0,76033000.0,-107218000.0,1967000.0,41064000.0,0.0,-15338000.0,-18138000.0,-18138000.0,-161000.0,-2521000.0,-0.119,91040000.0,16271000.0,261584000.0,6.143,1.326,2.727,2.607,4753064000.0,2800000.0,13.79,3.192,3.053,0.0,-448737000.0,153022000.0,153022000.0,0.0,,,,,1678000.0,17078000.0,1.0,136180801.0,130219000,130219000.0,1.175,5143805000.0,0.0,5743000.0,14035000.0,39.501,
51,UDR,MRQ,2008-09-30,2008-09-30,2008-09-30,2021-10-16,637000.0,5100212000.0,,,,,10.554,-87241000.0,12931000.0,12931000.0,48207000.0,-10364000.0,,2.45,3350529000.0,,,3350529000.0,0.0,66691000.0,0.0,0.05,0.33,29117000.0,95808000.0,0.609,95808000.0,29117000.0,-10743000.0,-0.07,-0.07,-0.07,1449377000.0,,1449377000.0,6557630762.0,7.0,5.48,-31301000.0,-0.228,1.0,109176000.0,0.694,0.0,39860000.0,8437810000.0,,0.0,254309000.0,,,3550508000.0,,,3348013762.0,1449000.0,-263247000.0,-7245000.0,112221000.0,-42207000.0,36260000.0,-90751000.0,27942000.0,55940000.0,0.0,-9914000.0,-9778000.0,-9778000.0,-6736000.0,-450000.0,-0.062,86201000.0,22975000.0,84290000.0,-4.714,2.31,4.178,4.628,4716159000.0,-136000.0,26.15,6.06,6.5,0.0,-198951000.0,157383000.0,157383000.0,0.0,,,,,1812000.0,17524000.0,1.0,128031119.0,137329000,137329000.0,1.146,5100212000.0,0.0,-829000.0,28836000.0,37.139,
52,UDR,MRQ,2008-06-30,2008-06-30,2008-06-30,2021-10-16,772000.0,5036146000.0,,,,,11.084,-76555000.0,9927000.0,9927000.0,42488000.0,-365000.0,,2.225,3219544000.0,,,3219544000.0,0.0,63451000.0,0.0,0.059,0.33,33689000.0,97140000.0,0.662,97140000.0,33689000.0,-4326000.0,-0.03,-0.03,-0.03,1529257000.0,,1529257000.0,5979821708.0,6.0,4.645,-16239000.0,-0.118,1.0,104157000.0,0.71,0.0,38015000.0,8245763000.0,,0.0,272953000.0,,,3403233000.0,,,2869843708.0,-58775000.0,-135260000.0,-29092000.0,36198000.0,-42693000.0,-42246000.0,-76845000.0,18468000.0,60316000.0,0.0,-677000.0,-3886000.0,-3886000.0,-13316000.0,312000.0,-0.026,82120000.0,22037000.0,84476000.0,-11.0,1.877,3.236,3.564,4415171000.0,3209000.0,22.38,5.419,5.83,0.0,-148608000.0,146645000.0,146645000.0,0.0,,,,,1790000.0,17643000.0,1.0,128232516.0,137969000,137969000.0,1.063,5036146000.0,0.0,-3649000.0,16246000.0,36.502,
53,UDR,MRQ,2008-03-31,2008-03-31,2008-03-31,2021-10-16,-3081000.0,5070205000.0,,,,,11.201,-60631000.0,69269000.0,69269000.0,38164000.0,772455000.0,,2.108,3179247000.0,,,3179247000.0,0.0,53364000.0,0.0,0.054,0.33,762960000.0,816324000.0,6.221,816324000.0,762960000.0,722454000.0,5.05,5.05,5.05,1596655000.0,,1596655000.0,6762843239.0,6.0,5.2,-38197000.0,-0.268,1.0,93049000.0,0.709,0.0,40506000.0,8180183000.0,,0.0,267608000.0,,,3366001000.0,,,3269681239.0,56968000.0,-514066000.0,-101705000.0,-390395000.0,-43987000.0,-542584000.0,577118000.0,1443895000.0,22434000.0,0.0,723719000.0,720510000.0,720510000.0,-786856000.0,48736000.0,5.491,70904000.0,22145000.0,85877000.0,0.065,2.048,3.668,3.88,4288095000.0,3209000.0,24.52,6.409,6.851,0.0,-103799000.0,131213000.0,131213000.0,0.0,,,,,1744000.0,16536000.0,1.0,133347522.0,142547000,142547000.0,0.92,5070205000.0,0.0,-1265000.0,15209000.0,35.569,
54,UDR,MRQ,2007-12-31,2007-12-31,2007-12-31,2021-10-16,-814000.0,4801121000.0,,,,,7.666,-76162000.0,8066000.0,8066000.0,38467000.0,109372000.0,,3.649,3502676000.0,,,3502676000.0,0.0,65148000.0,0.0,0.065,0.33,122193000.0,187341000.0,1.598,187341000.0,122193000.0,80661000.0,0.7,0.7,0.7,1019392000.0,,1019392000.0,6093743888.0,17.0,9.817,-1956000.0,-0.015,1.0,78797000.0,0.672,0.0,41532000.0,8295731000.0,,0.0,60919000.0,,,3719680000.0,,,2663352888.0,866000.0,-252355000.0,-26182000.0,65273000.0,-44460000.0,-11419000.0,-61921000.0,322813000.0,74206000.0,0.0,97771000.0,94587000.0,94587000.0,-26364000.0,11601000.0,0.807,74792000.0,4005000.0,101222000.0,0.471,2.613,13.387,13.412,4584722000.0,3184000.0,19.85,5.264,5.258,0.0,-916280000.0,117264000.0,117264000.0,0.0,,,,,1657000.0,18072000.0,1.0,134173949.0,132978000,132978000.0,0.882,4801121000.0,0.0,-17110000.0,8922000.0,36.105,
55,UDR,MRQ,2007-09-30,2007-09-30,2007-09-30,2021-10-16,0.0,4674598000.0,,,,,7.379,-74825000.0,8236000.0,8236000.0,40477000.0,78829000.0,,3.673,3438627000.0,,,3438627000.0,0.0,65626000.0,0.0,0.053,0.33,120999000.0,186625000.0,1.388,186625000.0,120999000.0,78829000.0,0.56,0.56,0.56,987706000.0,,987706000.0,6863128268.0,23.0,12.336,2311000.0,0.017,1.0,94010000.0,0.699,0.0,42170000.0,8104989000.0,,0.0,34931000.0,,,3627645000.0,,,3276951268.0,-575000.0,-86240000.0,-18003000.0,-157612000.0,-44436000.0,-225488000.0,147777000.0,283062000.0,77136000.0,0.0,78829000.0,75569000.0,75569000.0,-91359000.0,0.0,0.562,64939000.0,29071000.0,88745000.0,0.589,3.318,26.093,27.954,4530415000.0,3260000.0,24.32,9.138,9.078,0.0,-840113000.0,134487000.0,134487000.0,0.0,,,,,4699000.0,15678000.0,1.0,134743062.0,133854000,133854000.0,1.005,4674598000.0,0.0,0.0,40449000.0,34.923,
56,UDR,MRQ,2007-06-30,2007-06-30,2007-06-30,2021-10-16,0.0,4803517000.0,,,,,7.221,-81445000.0,8187000.0,8187000.0,37466000.0,6696000.0,,3.878,3594364000.0,,,3594364000.0,0.0,65250000.0,0.0,0.048,0.33,44926000.0,110176000.0,0.866,110176000.0,44926000.0,6696000.0,0.01,0.01,0.01,972889000.0,,972889000.0,7036284423.0,25.0,13.058,149000.0,0.001,1.0,89769000.0,0.706,0.0,38230000.0,8389694000.0,,0.0,34680000.0,,,3772724000.0,,,3573465423.0,1252000.0,-61619000.0,-31847000.0,85330000.0,-44769000.0,-2931000.0,-77411000.0,66060000.0,81594000.0,0.0,6696000.0,811000.0,811000.0,-19273000.0,0.0,0.006,65182000.0,24587000.0,92298000.0,33.0,3.673,33.863,36.027,4643769000.0,5885000.0,26.3,9.03,8.953,0.0,-871469000.0,127235000.0,127235000.0,0.0,,,,,0.0,16336000.0,1.0,135873210.0,134727000,134727000.0,0.944,4803517000.0,0.0,0.0,25119000.0,35.654,
57,UDR,MRQ,2007-03-31,2007-03-31,2007-03-31,2021-10-16,0.0,4744995000.0,,,,,7.769,-68002000.0,7844000.0,7844000.0,39153000.0,31832000.0,,3.478,3470663000.0,,,3470663000.0,0.0,65014000.0,0.0,0.04,0.31,71558000.0,136572000.0,1.08,136572000.0,71558000.0,31832000.0,0.21,0.21,0.21,1045038000.0,,1045038000.0,7481426461.0,24.0,13.195,-31657000.0,-0.235,1.0,87265000.0,0.69,0.0,39726000.0,8207814000.0,,0.0,33848000.0,,,3634742000.0,,,4150386461.0,-467000.0,-68281000.0,617000.0,110255000.0,-42258000.0,61733000.0,-98545000.0,63111000.0,36345000.0,0.0,31832000.0,27990000.0,27990000.0,-45073000.0,0.0,0.221,61784000.0,25481000.0,86787000.0,1.476,3.972,31.192,32.925,4595637000.0,3842000.0,30.62,9.553,9.481,0.0,-827724000.0,126418000.0,126418000.0,0.0,,,,,0.0,16281000.0,1.0,135544953.0,134511000,134511000.0,0.94,4744995000.0,0.0,0.0,21213000.0,35.276,
58,UDR,MRQ,2006-12-31,2006-12-31,2006-12-31,2021-10-16,0.0,4675875000.0,,,,,7.288,-116126000.0,7745000.0,7745000.0,-18189000.0,25060000.0,,3.347,3338785000.0,,,3338785000.0,0.0,65085000.0,0.0,0.039,0.31,57898000.0,122983000.0,-4.163,122983000.0,57898000.0,16792000.0,0.09,0.09,0.09,1055255000.0,,1055255000.0,7580365605.0,25.0,13.875,-42693000.0,-0.295,1.0,-11353000.0,0.384,0.0,41106000.0,8006915000.0,,0.0,16350000.0,,,3531787000.0,,,4281861605.0,-26605000.0,-33098000.0,862000.0,11868000.0,-42422000.0,-38605000.0,-61433000.0,87791000.0,73433000.0,0.0,25060000.0,21217000.0,21217000.0,-73233000.0,0.0,-0.718,7181000.0,-18534000.0,99828000.0,3.444,4.058,37.814,40.756,4566395000.0,3843000.0,31.79,9.089,9.77,0.0,-810875000.0,-29542000.0,-29542000.0,0.0,,,,,-3167000.0,5779000.0,1.0,134692092.0,144785000,144785000.0,-0.204,4675875000.0,0.0,-8268000.0,12212000.0,32.295,
59,UDR,MRQ,2006-09-30,2006-09-30,2006-09-30,2021-10-16,0.0,4682266000.0,,,,,8.073,-81902000.0,34339000.0,34339000.0,55935000.0,59352000.0,,3.258,3332843000.0,,,3332843000.0,0.0,62684000.0,0.0,0.04,0.31,106420000.0,169104000.0,0.985,169104000.0,106420000.0,59352000.0,0.42,0.42,0.42,1079424000.0,,1079424000.0,7456400630.0,21.0,12.578,-14536000.0,-0.109,1.0,115705000.0,0.674,0.0,47068000.0,7980770000.0,,0.0,10000000.0,,,3516503000.0,,,4065836630.0,22458000.0,-88884000.0,1218000.0,-92819000.0,-42056000.0,-142070000.0,97162000.0,267152000.0,67366000.0,0.0,59352000.0,55510000.0,55510000.0,-66245000.0,0.0,0.323,76292000.0,39413000.0,98358000.0,0.738,3.767,25.282,25.167,4550850000.0,3842000.0,30.2,8.881,8.821,0.0,-789933000.0,171640000.0,171640000.0,0.0,,,,,3167000.0,17697000.0,1.0,134630352.0,133712000,133712000.0,1.284,4682266000.0,0.0,0.0,37559000.0,35.018,
60,UDR,MRQ,2006-06-30,2006-06-30,2006-06-30,2021-10-16,0.0,4718832000.0,,,,,7.969,-62059000.0,11302000.0,11302000.0,53740000.0,32184000.0,,3.355,3401866000.0,,,3401866000.0,0.0,59730000.0,0.0,0.043,0.31,78614000.0,138344000.0,0.834,138344000.0,78614000.0,32184000.0,0.21,0.21,0.21,1065330000.0,,1065330000.0,6934229073.0,23.0,12.982,2806000.0,0.021,1.0,112181000.0,0.676,0.0,46430000.0,8109396000.0,,0.0,13960000.0,,,3573696000.0,,,3761209073.0,-30046000.0,-236245000.0,56000.0,138083000.0,-42078000.0,78075000.0,-172986000.0,125318000.0,64865000.0,0.0,32184000.0,28342000.0,28342000.0,-38545000.0,0.0,0.171,72737000.0,39444000.0,91435000.0,1.476,3.531,32.256,32.57,4607936000.0,3842000.0,28.01,8.43,8.392,0.0,-803354000.0,165921000.0,165921000.0,0.0,,,,,-1210000.0,17037000.0,1.0,134280938.0,133676000,133676000.0,1.241,4718832000.0,0.0,0.0,25023000.0,35.301,
61,UDR,MRQ,2006-03-31,2006-03-31,2006-03-31,2021-10-16,0.0,4530842000.0,,,,,8.072,-60948000.0,41145000.0,41145000.0,58248000.0,12007000.0,,3.127,3214165000.0,,,3214165000.0,0.0,59435000.0,0.0,0.042,0.3,56477000.0,115912000.0,0.692,115912000.0,56477000.0,12007000.0,0.06,0.06,0.06,1078303000.0,,1078303000.0,6972188395.0,22.0,12.924,-28731000.0,-0.215,1.0,109362000.0,0.652,0.0,44470000.0,7703862000.0,,0.0,36120000.0,,,3371393000.0,,,3832537395.0,20793000.0,-18556000.0,3167000.0,53656000.0,-40229000.0,9560000.0,-20984000.0,58520000.0,32217000.0,0.0,12007000.0,8165000.0,8165000.0,-18540000.0,0.0,0.049,72085000.0,37277000.0,79830000.0,5.0,3.554,28.003,28.257,4390654000.0,3842000.0,28.54,8.756,8.711,0.0,-789529000.0,167610000.0,167610000.0,0.0,,,,,1210000.0,16761000.0,1.0,134286524.0,133589000,133589000.0,1.255,4530842000.0,0.0,0.0,21208000.0,33.916,
62,UDR,MRQ,2005-12-31,2005-12-31,2005-12-31,2021-10-16,0.0,4541593000.0,,,,,8.152,-74820000.0,20126000.0,20126000.0,-27515000.0,72648000.0,,3.024,3159777000.0,,,3159777000.0,0.0,56688000.0,0.0,0.051,0.3,112761000.0,169449000.0,-3.577,169449000.0,112761000.0,72648000.0,0.51,0.51,0.51,1107724000.0,,1107724000.0,6262239282.0,20.0,11.82,2906000.0,0.021,1.0,-19863000.0,0.419,0.0,40113000.0,7681244000.0,,0.0,64805000.0,,,3350050000.0,,,3215610282.0,10063000.0,-102735000.0,-73473000.0,95263000.0,-40764000.0,-26467000.0,-41196000.0,136359000.0,77726000.0,0.0,72648000.0,68805000.0,68805000.0,-132731000.0,0.0,-1.452,4086000.0,-23949000.0,98475000.0,0.588,2.903,23.002,22.757,4388595000.0,3843000.0,23.44,7.518,7.461,0.0,-755702000.0,-47378000.0,-47378000.0,0.0,,,,,2939000.0,9866000.0,1.0,137184739.0,135879000,135879000.0,-0.349,4541593000.0,0.0,0.0,22413000.0,33.424,
63,UDR,MRQ,2005-09-30,2005-09-30,2005-09-30,2021-10-16,0.0,4480429000.0,,,,,8.445,-56777000.0,9898000.0,9898000.0,54951000.0,15135000.0,,2.823,3056527000.0,,,3056527000.0,0.0,53730000.0,0.0,0.05,0.3,56721000.0,110451000.0,0.69,110451000.0,56721000.0,15135000.0,0.08,0.08,0.08,1151835000.0,,1151835000.0,6155593610.0,24.0,13.075,2981000.0,0.022,1.0,105083000.0,0.657,0.0,41586000.0,7527058000.0,,0.0,95821000.0,,,3252133000.0,,,3250987610.0,-687000.0,-137948000.0,1555000.0,103048000.0,-41135000.0,56371000.0,-116816000.0,77909000.0,59758000.0,0.0,15135000.0,11293000.0,11293000.0,-16158000.0,0.0,0.071,64858000.0,40225000.0,95721000.0,3.75,2.822,35.646,35.373,4300217000.0,3842000.0,23.7,5.553,5.522,0.0,-784307000.0,160034000.0,160034000.0,0.0,,,,,0.0,15144000.0,1.0,137172473.0,136392000,136392000.0,1.173,4480429000.0,0.0,0.0,36679000.0,32.85,
64,UDR,MRQ,2005-06-30,2005-06-30,2005-06-30,2021-10-16,0.0,4363241000.0,,,,,8.667,-39946000.0,21881000.0,21881000.0,52368000.0,52441000.0,,2.631,2926487000.0,,,2926487000.0,0.0,52384000.0,0.0,0.049,0.3,91275000.0,143659000.0,0.913,143659000.0,91275000.0,52441000.0,0.36,0.36,0.36,1179959000.0,,1179959000.0,6226926734.0,24.0,13.441,20386000.0,0.15,1.0,105062000.0,0.667,0.0,38834000.0,7267847000.0,,0.0,5363000.0,,,3104087000.0,,,3293394734.0,4506000.0,-51016000.0,1979000.0,-19961000.0,-41082000.0,-66049000.0,10223000.0,88879000.0,60332000.0,0.0,52441000.0,48599000.0,48599000.0,-50667000.0,0.0,0.309,64500000.0,40562000.0,96226000.0,0.833,2.791,32.585,31.645,4260174000.0,3842000.0,24.05,5.79,5.757,0.0,-754438000.0,157430000.0,157430000.0,0.0,,,,,-1025000.0,15121000.0,1.0,136939490.0,136150000,136150000.0,1.156,4363241000.0,0.0,0.0,24683000.0,32.047,
65,UDR,MRQ,2005-03-31,2005-03-31,2005-03-31,2021-10-16,0.0,4354016000.0,,,,,8.589,-37131000.0,7582000.0,7582000.0,54547000.0,14941000.0,,2.657,2941114000.0,,,2941114000.0,0.0,52390000.0,0.0,0.056,0.29,53513000.0,105903000.0,0.617,105903000.0,53513000.0,14941000.0,0.08,0.08,0.08,1168728000.0,,1168728000.0,5725680209.0,25.0,13.59,13239000.0,0.097,1.0,117013000.0,0.682,0.0,38572000.0,7287548000.0,,0.0,5436000.0,,,3105346000.0,,,2859688209.0,-6243000.0,-121587000.0,1031000.0,60528000.0,-40020000.0,14615000.0,-71228000.0,70451000.0,50370000.0,0.0,14941000.0,11099000.0,11099000.0,-10152000.0,0.0,0.065,66891000.0,50122000.0,92745000.0,3.625,2.447,38.475,36.614,4279665000.0,3842000.0,20.87,5.17,5.134,0.0,-761905000.0,171560000.0,171560000.0,0.0,,,,,1025000.0,17383000.0,1.0,137023872.0,136067000,137073000.0,1.261,4354016000.0,0.0,0.0,19330000.0,31.999,
66,UDR,MRQ,2004-12-31,2004-12-31,2004-12-31,2021-10-16,0.0,4332001000.0,,,,,9.119,-37195000.0,13990000.0,13990000.0,36436000.0,25514000.0,,2.554,2879982000.0,,,2879982000.0,0.0,50810000.0,0.0,0.046,0.29,59983000.0,110793000.0,1.149,110793000.0,59983000.0,25514000.0,0.15,0.16,0.15,1195451000.0,,1195451000.0,5798114883.0,26.0,14.378,40615000.0,0.31,1.0,59974000.0,0.622,0.0,34469000.0,7197993000.0,,0.0,5458000.0,,,3052957000.0,,,3286832883.0,5916000.0,-343966000.0,95561000.0,156593000.0,-37433000.0,205405000.0,-277299000.0,120901000.0,77810000.0,0.0,25514000.0,20212000.0,20212000.0,-39026000.0,0.0,0.21,40264000.0,19710000.0,94381000.0,1.933,2.749,45.719,44.286,4235409000.0,5302000.0,24.8,6.369,6.156,0.0,-731808000.0,96410000.0,96410000.0,0.0,,,,,2780000.0,14124000.0,1.0,132533584.0,131091000,128199000.0,0.735,4332001000.0,0.0,0.0,28380000.0,33.046,
67,UDR,MRQ,2004-09-30,2004-09-30,2004-09-30,2021-10-16,0.0,3891148000.0,,,,,8.776,-23137000.0,8442000.0,8442000.0,49807000.0,27816000.0,,2.409,2519724000.0,,,2519724000.0,0.0,45334000.0,0.0,0.057,0.29,57596000.0,102930000.0,0.718,102930000.0,57596000.0,27816000.0,0.17,0.17,0.17,1116107000.0,,1116107000.0,4796530691.0,23.0,12.455,44039000.0,0.346,1.0,93590000.0,0.653,0.0,29780000.0,6402430000.0,,0.0,16211000.0,,,2688204000.0,,,2536339691.0,1235000.0,-268981000.0,1066000.0,179549000.0,-36231000.0,135991000.0,-201932000.0,87847000.0,67176000.0,0.0,27816000.0,21160000.0,21160000.0,-24282000.0,0.0,0.148,60447000.0,33143000.0,88360000.0,1.706,2.272,38.401,36.722,3803636000.0,6656000.0,19.83,4.879,4.851,0.0,-712115000.0,143397000.0,143397000.0,0.0,,,,,0.0,13276000.0,1.0,127904170.0,127182000,127182000.0,1.127,3891148000.0,0.0,0.0,34992000.0,30.595,
68,UDR,MRQ,2004-06-30,2004-06-30,2004-06-30,2021-10-16,0.0,3640972000.0,,,,,8.879,-26158000.0,7117000.0,7117000.0,48383000.0,28511000.0,,2.145,2267308000.0,,,2267308000.0,0.0,44085000.0,0.0,0.057,0.29,57595000.0,101680000.0,0.718,101680000.0,57595000.0,28511000.0,0.17,0.17,0.17,1128969000.0,,1128969000.0,4754852546.0,24.0,12.769,42348000.0,0.333,1.0,93330000.0,0.659,0.0,29084000.0,5901163000.0,,0.0,45395000.0,,,2422190000.0,,,2529406546.0,-1220000.0,-70892000.0,-242000.0,17767000.0,-37404000.0,-27828000.0,-41898000.0,44911000.0,68506000.0,0.0,28511000.0,21855000.0,21855000.0,-18687000.0,0.0,0.154,54164000.0,39166000.0,81772000.0,1.706,2.24,54.832,52.053,3532509000.0,6656000.0,19.78,4.877,4.849,0.0,-695840000.0,141713000.0,141713000.0,0.0,,,,,0.0,13912000.0,1.0,127876974.0,127150000,128065000.0,1.115,3640972000.0,0.0,0.0,24274000.0,28.635,
69,UDR,MRQ,2004-03-31,2004-03-31,2004-03-31,2021-10-16,-930000.0,3605208000.0,,,,,8.992,-16609000.0,9441000.0,9441000.0,50365000.0,15312000.0,,2.078,2234887000.0,,,2234887000.0,0.0,43859000.0,0.0,0.057,0.28,44225000.0,88084000.0,0.613,88084000.0,44225000.0,15312000.0,0.07,0.07,0.07,1141777000.0,,1141777000.0,4619695779.0,25.0,12.964,21646000.0,0.17,1.0,93261000.0,0.649,0.0,28913000.0,5830654000.0,,0.0,1206000.0,,,2372057000.0,,,2500022779.0,-2851000.0,-72127000.0,3026000.0,74807000.0,-36319000.0,33731000.0,-74837000.0,12032000.0,38255000.0,0.0,15312000.0,8665000.0,8665000.0,-5667000.0,0.0,0.06,54425000.0,38836000.0,78634000.0,4.0,2.19,92.672,85.304,3525530000.0,6647000.0,19.62,4.798,4.781,0.0,-680277000.0,143626000.0,143626000.0,0.0,,,,,0.0,14135000.0,1.0,127422160.0,126984000,127953000.0,1.131,3605208000.0,0.0,0.0,18166000.0,28.391,
70,UDR,MRQ,2003-12-31,2003-12-31,2003-12-31,2021-10-16,-1862000.0,3543643000.0,,,,,9.542,-16246000.0,12364000.0,12364000.0,30092000.0,21035000.0,,1.965,2132037000.0,,,2132037000.0,0.0,44113000.0,0.0,0.058,0.28,48313000.0,92426000.0,1.014,92426000.0,48313000.0,21035000.0,0.13,0.13,0.13,1163436000.0,,1163436000.0,4307827426.0,23.0,12.192,54069000.0,0.443,1.0,61068000.0,0.67,0.0,27278000.0,5663316000.0,,0.0,14673000.0,,,2286001000.0,,,2319046426.0,-8116000.0,-154947000.0,13317000.0,117284000.0,-34409000.0,78232000.0,-156663000.0,14530000.0,70315000.0,0.0,21035000.0,14368000.0,14368000.0,-25060000.0,0.0,0.158,39400000.0,21668000.0,85372000.0,2.154,1.993,93.484,87.273,3454921000.0,6667000.0,19.2,4.542,4.312,0.0,-651497000.0,91160000.0,91160000.0,0.0,,,,,0.0,11852000.0,1.0,120783668.0,121932000,121932000.0,0.748,3543643000.0,0.0,0.0,29776000.0,29.062,
71,UDR,MRQ,2003-09-30,2003-09-30,2003-09-30,2021-10-16,-2799000.0,3413696000.0,,,,,10.043,-18722000.0,19946000.0,19946000.0,48881000.0,20444000.0,,1.846,2008727000.0,,,2008727000.0,0.0,41908000.0,0.0,0.061,0.28,48288000.0,90196000.0,0.634,90196000.0,48288000.0,20444000.0,0.01,0.01,0.01,1168484000.0,,1168484000.0,4223765610.0,24.0,12.434,45102000.0,0.388,1.0,93289000.0,0.656,0.0,27844000.0,5402477000.0,,0.0,2214000.0,,,2156997000.0,,,2124714610.0,11313000.0,-24767000.0,75839000.0,-97831000.0,-33041000.0,-62308000.0,9797000.0,67733000.0,63824000.0,0.0,20444000.0,1242000.0,1242000.0,-10841000.0,0.0,0.009,54305000.0,38984000.0,79848000.0,28.0,1.818,199.223,203.444,3317641000.0,19202000.0,18.31,4.098,4.109,0.0,-629441000.0,142170000.0,142170000.0,0.0,,,,,0.0,14988000.0,1.0,116041213.0,116350000,116350000.0,1.222,3413696000.0,0.0,0.0,32270000.0,29.34,
72,UDR,MRQ,2003-06-30,2003-06-30,2003-06-30,2021-10-16,-4572000.0,3446338000.0,,,,,9.865,-20727000.0,8774000.0,8774000.0,47932000.0,15484000.0,,2.026,2107825000.0,,,2107825000.0,0.0,40551000.0,0.0,0.065,0.28,45079000.0,85630000.0,0.594,85630000.0,45079000.0,15484000.0,0.02,0.02,0.02,1109495000.0,,1109495000.0,3954157113.0,22.0,11.479,43015000.0,0.382,1.0,96202000.0,0.667,0.0,29595000.0,5545389000.0,,0.0,3581000.0,,,2247616000.0,,,1934145113.0,-2886000.0,-131455000.0,56339000.0,69318000.0,-31136000.0,85554000.0,-152182000.0,0.0,63742000.0,0.0,15484000.0,2702000.0,2702000.0,-2276000.0,0.0,0.019,53174000.0,43028000.0,80393000.0,14.0,1.743,84.002,82.0,3379458000.0,12782000.0,17.22,3.696,3.701,0.0,-596406000.0,144134000.0,144134000.0,0.0,,,,,0.0,14741000.0,1.0,112319693.0,112467000,113439000.0,1.282,3446338000.0,0.0,0.0,24032000.0,30.643,
73,UDR,MRQ,2003-03-31,2003-03-31,2003-03-31,2021-10-16,-6885000.0,3251246000.0,,,,,9.427,-12949000.0,15311000.0,15311000.0,49258000.0,13441000.0,,2.136,2035323000.0,,,2035323000.0,0.0,40065000.0,0.0,0.07,0.28,44771000.0,84836000.0,0.585,84836000.0,44771000.0,13441000.0,0.06,0.06,0.06,1015238000.0,,1015238000.0,3781226485.0,19.0,10.513,24115000.0,0.224,1.0,95744000.0,0.66,0.0,31330000.0,5271258000.0,,0.0,0.0,,,2168097000.0,,,1738511485.0,1361000.0,-3570000.0,34902000.0,-26919000.0,-29602000.0,-30534000.0,-5169000.0,11350000.0,37064000.0,0.0,13441000.0,6494000.0,6494000.0,-3248000.0,0.0,0.045,53595000.0,42149000.0,80470000.0,4.667,1.712,42.573,42.053,3186500000.0,6947000.0,15.98,3.318,3.285,0.0,-566024000.0,145002000.0,145002000.0,0.0,,,,,0.0,14906000.0,1.0,108792959.0,107698000,108590000.0,1.346,3251246000.0,0.0,0.0,17048000.0,30.189,
74,UDR,MRQ,2002-12-31,2002-12-31,2002-12-31,2021-10-16,-9958000.0,3276136000.0,,,,,9.455,-24020000.0,14925000.0,14925000.0,28383000.0,7103000.0,,2.203,2057640000.0,,,2057640000.0,0.0,41643000.0,0.0,0.068,0.28,37403000.0,79046000.0,0.906,79046000.0,37403000.0,7103000.0,0.0,0.0,0.0,1001271000.0,,1001271000.0,3737566570.0,21.0,10.831,27699000.0,0.262,1.0,58834000.0,0.675,0.0,30300000.0,5318851000.0,,0.0,0.0,,,2205649000.0,,,1752775570.0,-3797000.0,-50457000.0,-5928000.0,46504000.0,-29717000.0,742000.0,-56258000.0,11039000.0,51719000.0,0.0,7103000.0,227000.0,227000.0,-18631000.0,0.0,0.003,36148000.0,22686000.0,84583000.0,,1.751,67.924,68.167,3218750000.0,6876000.0,16.36,3.353,3.32,0.0,-541428000.0,87217000.0,87217000.0,0.0,,,,,0.0,11171000.0,1.0,107137871.0,105895000,105895000.0,0.824,3276136000.0,0.0,0.0,28949000.0,30.938,
75,UDR,MRQ,2002-09-30,2002-09-30,2002-09-30,2021-10-16,-12452000.0,3273910000.0,,,,,9.658,-13336000.0,23299000.0,23299000.0,49454000.0,20399000.0,,2.095,2008090000.0,,,2008090000.0,0.0,40432000.0,0.0,0.069,0.28,54535000.0,94967000.0,0.646,94967000.0,54535000.0,20399000.0,0.13,0.13,0.13,1034867000.0,,1034867000.0,3799994968.0,20.0,10.896,47004000.0,0.439,1.0,97541000.0,0.664,0.0,34136000.0,5258701000.0,,0.0,0.0,,,2168096000.0,,,1703325968.0,1370000.0,-52647000.0,-4777000.0,-122734000.0,-29794000.0,-165529000.0,106559000.0,179722000.0,60340000.0,0.0,20399000.0,13602000.0,13602000.0,-21512000.0,0.0,0.093,52543000.0,44998000.0,93198000.0,2.154,1.646,58.507,56.821,3197457000.0,6797000.0,15.91,2.99,2.993,0.0,-512084000.0,146995000.0,146995000.0,0.0,,,,,0.0,12979000.0,1.0,107060086.0,107148000,107148000.0,1.372,3273910000.0,0.0,0.0,30253000.0,30.555,
76,UDR,MRQ,2002-06-30,2002-06-30,2002-06-30,2021-10-16,-12965000.0,3405377000.0,,,,,9.842,-12644000.0,26191000.0,26191000.0,46424000.0,27388000.0,,2.165,2122860000.0,,,2122860000.0,0.0,40866000.0,0.0,0.069,0.28,59957000.0,100823000.0,0.697,100823000.0,59957000.0,27388000.0,0.19,0.19,0.19,1053273000.0,,1053273000.0,3741747063.0,20.0,11.021,60360000.0,0.564,1.0,98329000.0,0.679,0.0,32569000.0,5502046000.0,,0.0,0.0,,,2280281000.0,,,1690040063.0,-2450000.0,-139865000.0,2018000.0,25019000.0,-29740000.0,-11675000.0,-63779000.0,88730000.0,73004000.0,0.0,27388000.0,20513000.0,20513000.0,-14783000.0,0.0,0.142,52073000.0,46256000.0,94803000.0,1.474,1.605,75.824,71.591,3329834000.0,6875000.0,15.75,3.003,2.995,0.0,-495959000.0,144753000.0,144753000.0,0.0,,,,,0.0,14033000.0,1.0,107304131.0,107016000,108242000.0,1.353,3405377000.0,0.0,0.0,23834000.0,31.821,
77,UDR,MRQ,2002-03-31,2002-03-31,2002-03-31,2021-10-16,-11703000.0,3364124000.0,,,,,10.23,-17296000.0,28790000.0,28790000.0,48094000.0,-1663000.0,,2.103,2080497000.0,,,2080497000.0,0.0,40387000.0,0.0,0.068,0.27,29950000.0,70337000.0,0.482,70337000.0,29950000.0,-1663000.0,-0.08,-0.08,-0.08,1060431000.0,,1060431000.0,3670900447.0,19.0,10.663,26642000.0,0.257,1.0,97929000.0,0.671,0.0,31613000.0,5415831000.0,,0.0,3018000.0,,,2230402000.0,,,1638174447.0,3388000.0,-39631000.0,52429000.0,-2192000.0,-27865000.0,13335000.0,-53885000.0,3042000.0,43938000.0,0.0,-1663000.0,-8538000.0,-8538000.0,-891000.0,0.0,-0.058,53242000.0,44687000.0,96868000.0,-3.375,1.545,74.762,68.87,3273633000.0,6875000.0,15.84,2.93,2.937,0.0,-486675000.0,146023000.0,146023000.0,0.0,,,,,0.0,17418000.0,1.0,103420104.0,103654000,103654000.0,1.409,3364124000.0,0.0,0.0,17154000.0,32.455,
78,UDR,MRQ,2001-12-31,2001-12-31,2001-12-31,2021-10-16,-14871000.0,3348091000.0,,,,,10.478,-22993000.0,31471000.0,31471000.0,41686000.0,10304000.0,,2.138,2064197000.0,,,2064197000.0,0.0,38308000.0,0.0,0.075,0.27,44306000.0,82614000.0,0.627,82614000.0,44306000.0,10304000.0,0.04,0.04,0.04,1042725000.0,,1042725000.0,3453506246.0,17.0,9.684,29154000.0,0.293,1.0,90173000.0,0.684,0.0,34002000.0,5380817000.0,,0.0,3355000.0,,,2229701000.0,,,1426799246.0,-2580000.0,-66076000.0,55658000.0,14440000.0,-26877000.0,34445000.0,-89172000.0,-8852000.0,52147000.0,0.0,10304000.0,3536000.0,3536000.0,-28615000.0,0.0,0.027,48256000.0,41917000.0,100145000.0,6.75,1.368,52.568,53.333,3261301000.0,6768000.0,14.4,2.573,2.606,0.0,-448345000.0,131859000.0,131859000.0,0.0,,,,,0.0,16268000.0,1.0,99083281.0,99520000,97480000.0,1.325,3348091000.0,0.0,0.0,28099000.0,33.642,
79,UDR,MRQ,2001-09-30,2001-09-30,2001-09-30,2021-10-16,-16036000.0,3323011000.0,,,,,10.134,-30822000.0,41504000.0,41504000.0,45833000.0,13547000.0,,2.215,2068211000.0,,,2068211000.0,0.0,36873000.0,0.0,0.076,0.27,48858000.0,85731000.0,0.612,85731000.0,48858000.0,13547000.0,0.07,0.07,0.07,1009588000.0,,1009588000.0,3437956884.0,16.0,9.229,24222000.0,0.243,1.0,94304000.0,0.673,0.0,35311000.0,5349718000.0,,0.0,7515000.0,,,2236017000.0,,,1439178884.0,-6450000.0,0.0,-11315000.0,17970000.0,-27041000.0,-35202000.0,-26292000.0,4530000.0,55044000.0,0.0,13547000.0,6778000.0,6778000.0,-2990000.0,0.0,0.048,47611000.0,46693000.0,95777000.0,3.857,1.426,36.258,36.615,3220560000.0,6769000.0,14.28,2.644,2.613,0.0,-424031000.0,140137000.0,140137000.0,0.0,,,,,0.0,14050000.0,1.0,100782835.0,99623000,100466000.0,1.407,3323011000.0,0.0,0.0,34114000.0,33.356,
80,UDR,MRQ,2001-06-30,2001-06-30,2001-06-30,2021-10-16,-9838000.0,3342472000.0,,,,,10.385,-30904000.0,49758000.0,49758000.0,45142000.0,32245000.0,,2.113,2048536000.0,,,2048536000.0,0.0,38867000.0,0.0,0.075,0.27,66719000.0,105586000.0,0.749,105586000.0,66719000.0,32245000.0,0.2,0.2,0.2,1047428000.0,,1047428000.0,3427955794.0,15.0,8.917,35814000.0,0.355,1.0,95864000.0,0.68,0.0,34474000.0,5341250000.0,,0.0,7705000.0,,,2212972000.0,,,1453538794.0,6229000.0,-3886000.0,-116824000.0,17337000.0,-27355000.0,-142731000.0,82242000.0,109799000.0,66718000.0,0.0,32245000.0,20136000.0,20136000.0,-2029000.0,0.0,0.143,49928000.0,45936000.0,94603000.0,1.35,1.388,32.978,33.372,3232169000.0,12109000.0,14.35,2.583,2.572,0.0,-404126000.0,141006000.0,141006000.0,0.0,,,,,0.0,14634000.0,1.0,101291902.0,100858000,101590000.0,1.398,3342472000.0,0.0,0.0,30564000.0,33.14,
81,UDR,MRQ,2001-03-31,2001-03-31,2001-03-31,2021-10-16,-9114000.0,3420663000.0,,,,,11.527,-23426000.0,41035000.0,41035000.0,53310000.0,5732000.0,,1.854,2015452000.0,,,2015452000.0,0.0,41279000.0,0.0,0.085,0.27,42953000.0,84232000.0,0.535,84232000.0,42953000.0,5732000.0,-0.03,-0.03,-0.03,1168173000.0,,1168173000.0,3224178042.0,15.0,8.549,27076000.0,0.267,1.0,104227000.0,0.662,0.0,37221000.0,5395080000.0,,0.0,7886000.0,,,2166330000.0,,,1287096042.0,-2863000.0,-4410000.0,-11130000.0,27798000.0,-27238000.0,-22532000.0,-30833000.0,4236000.0,50502000.0,0.0,5732000.0,-3308000.0,-3308000.0,0.0,0.0,-0.021,61241000.0,42986000.0,90519000.0,-9.0,1.102,42.657,43.793,3306042000.0,9040000.0,12.7,2.224,2.224,0.0,-397233000.0,157537000.0,157537000.0,0.0,,,,,0.0,14128000.0,1.0,101346145.0,101346000,101346000.0,1.554,3420663000.0,0.0,0.0,21060000.0,33.752,
82,UDR,MRQ,2000-12-31,2000-12-31,2000-12-31,2021-10-16,0.0,3453957000.0,,,,,11.856,-28540000.0,55248000.0,55248000.0,33909000.0,24575000.0,,1.761,1992330000.0,,,1992330000.0,0.0,38618000.0,0.0,0.1,0.27,58360000.0,96978000.0,0.917,96978000.0,58360000.0,24575000.0,0.15,0.15,0.15,1218892000.0,,1218892000.0,3064872640.0,13.0,7.947,37173000.0,0.362,1.0,71798000.0,0.679,0.0,33785000.0,5391039000.0,,0.0,8088000.0,,,2146739000.0,,,1115351640.0,-580000.0,0.0,-13690000.0,606000.0,-27604000.0,-52882000.0,-13411000.0,18365000.0,65713000.0,0.0,24575000.0,16087000.0,16087000.0,-14642000.0,0.0,0.152,9317000.0,62481000.0,83272000.0,1.8,0.915,26.149,26.366,3326915000.0,8488000.0,10.81,1.92,1.918,0.0,-366531000.0,105707000.0,105707000.0,0.0,,,,,0.0,12290000.0,1.0,103177765.0,102808000,102794000.0,1.028,3453957000.0,0.0,0.0,30554000.0,33.596,
83,UDR,MRQ,2000-09-30,2000-09-30,2000-09-30,2021-10-16,0.0,3507424000.0,,,,,12.054,-25614000.0,62760000.0,62760000.0,52511000.0,20183000.0,,1.746,2012281000.0,,,2012281000.0,0.0,38332000.0,0.0,0.099,0.27,59283000.0,97615000.0,0.616,97615000.0,59283000.0,20183000.0,0.11,0.11,0.11,1244675000.0,,1244675000.0,3137378769.0,14.0,8.447,30230000.0,0.293,1.0,105913000.0,0.669,0.0,39100000.0,5456945000.0,,0.0,8125000.0,,,2173056000.0,,,1125895769.0,1547000.0,0.0,-6160000.0,-57066000.0,-27217000.0,-102431000.0,48134000.0,74551000.0,55844000.0,0.0,20183000.0,11161000.0,11161000.0,0.0,0.0,0.07,55782000.0,50131000.0,76287000.0,2.455,0.905,37.486,36.267,3360724000.0,9022000.0,10.88,1.78,1.777,0.0,-354679000.0,158424000.0,158424000.0,0.0,,,,,0.0,14224000.0,1.0,103483067.0,103258000,103514000.0,1.534,3507424000.0,0.0,0.0,41207000.0,33.968,
84,UDR,MRQ,2000-06-30,2000-06-30,2000-06-30,2021-10-16,0.0,3585728000.0,,,,,12.268,-45300000.0,63642000.0,63642000.0,49597000.0,13277000.0,,1.758,2075125000.0,,,2075125000.0,0.0,45304000.0,0.0,0.098,0.27,53029000.0,98333000.0,0.626,98333000.0,53029000.0,13277000.0,0.06,0.06,0.06,1266884000.0,,1266884000.0,3192180477.0,14.0,8.776,8395000.0,0.081,1.0,107527000.0,0.684,0.0,39752000.0,5597211000.0,,0.0,10865000.0,,,2227605000.0,,,1136761477.0,3381000.0,-4635000.0,-3207000.0,-45716000.0,-28378000.0,-88893000.0,38579000.0,54299000.0,53695000.0,0.0,13277000.0,6233000.0,6233000.0,0.0,0.0,0.04,60158000.0,47369000.0,75089000.0,4.5,0.897,38.785,38.0,3446224000.0,7044000.0,11.02,1.804,1.806,0.0,-338079000.0,157124000.0,157124000.0,0.0,,,,,0.0,14523000.0,1.0,103154399.0,103271000,103470000.0,1.521,3585728000.0,0.0,0.0,35598000.0,34.722,
85,UDR,MRQ,2000-03-31,2000-03-31,2000-03-31,2021-10-16,0.0,3654351000.0,,,,,12.564,-27639000.0,62775000.0,62775000.0,48987000.0,18580000.0,,1.752,2118194000.0,,,2118194000.0,0.0,35107000.0,0.0,0.107,0.27,57655000.0,92762000.0,0.598,92762000.0,57655000.0,18580000.0,0.09,0.09,0.09,1294295000.0,,1294295000.0,3100119896.0,13.0,8.209,21269000.0,0.206,1.0,106140000.0,0.684,0.0,39075000.0,5709770000.0,,0.0,0.0,,,2267194000.0,,,1037461896.0,-1721000.0,0.0,2319000.0,296000.0,-26899000.0,-36032000.0,-14597000.0,13042000.0,48908000.0,0.0,18580000.0,9172000.0,9172000.0,0.0,0.0,0.059,49945000.0,56195000.0,74305000.0,3.0,0.802,19.058,18.981,3524360000.0,9408000.0,10.06,1.652,1.65,0.0,-313757000.0,155127000.0,155127000.0,0.0,,,,,0.0,14436000.0,1.0,103127425.0,103019000,103045000.0,1.506,3654351000.0,0.0,0.0,31374000.0,35.473,
86,UDR,MRQ,1999-12-31,1999-12-31,1999-12-31,2021-10-16,0.0,3688317000.0,,,,,12.755,-5043000.0,64647000.0,64647000.0,56593000.0,12863000.0,,1.743,2127305000.0,,,2127305000.0,0.0,32112000.0,0.0,0.108,0.27,50600000.0,82712000.0,0.512,82712000.0,50600000.0,12863000.0,0.04,0.04,0.04,1310212000.0,,1310212000.0,3129482736.0,13.0,8.378,22441000.0,0.218,1.0,105088000.0,0.65,0.0,37737000.0,5750975000.0,,0.0,0.0,,,2283938000.0,,,1017605736.0,-19148000.0,-63732000.0,2810000.0,21863000.0,-28785000.0,-28876000.0,-17756000.0,41990000.0,27484000.0,0.0,12863000.0,3469000.0,3469000.0,0.0,0.0,0.021,47623000.0,57465000.0,87141000.0,6.75,0.777,18.201,18.296,3557181000.0,9394000.0,9.88,1.623,1.632,0.0,-296030000.0,161681000.0,161681000.0,0.0,,,,,0.0,15190000.0,1.0,102996532.0,102725000,102799000.0,1.574,3688317000.0,0.0,0.0,30887000.0,35.905,
87,UDR,MRQ,1999-09-30,1999-09-30,1999-09-30,2021-10-16,0.0,3762930000.0,,,,,12.897,-72565000.0,65194000.0,65194000.0,50718000.0,19876000.0,,1.74,2177071000.0,,,2177071000.0,0.0,31062000.0,0.0,0.095,0.27,58890000.0,89952000.0,0.576,89952000.0,58890000.0,19876000.0,0.1,0.1,0.1,1334013000.0,,1334013000.0,3265442648.0,14.0,9.197,9892000.0,0.096,1.0,105506000.0,0.675,0.0,39014000.0,5874807000.0,,0.0,0.0,,,2321791000.0,,,1164592648.0,-1708000.0,-1906000.0,-22738000.0,6070000.0,-28036000.0,-52961000.0,-31204000.0,19360000.0,82457000.0,0.0,19876000.0,10435000.0,10435000.0,0.0,0.0,0.067,45971000.0,59535000.0,66236000.0,2.7,0.873,22.321,22.837,3630514000.0,9441000.0,11.19,1.946,1.934,0.0,-269163000.0,156224000.0,156224000.0,0.0,,,,,0.0,14370000.0,1.0,104074410.0,103439000,103490000.0,1.51,3762930000.0,0.0,0.0,35708000.0,36.378,
88,UDR,MRQ,1999-06-30,1999-06-30,1999-06-30,2021-10-16,0.0,3777764000.0,,,,,13.132,-56667000.0,67794000.0,67794000.0,50764000.0,40800000.0,,1.679,2168644000.0,,,2168644000.0,0.0,32495000.0,0.0,0.089,0.27,79718000.0,112213000.0,0.724,112213000.0,79718000.0,40800000.0,0.3,0.3,0.3,1370018000.0,,1370018000.0,3327607667.0,15.0,9.965,-1965000.0,-0.019,1.0,104149000.0,0.672,0.0,38918000.0,5878614000.0,,0.0,0.0,,,2300336000.0,,,1222707667.0,1517000.0,-4331000.0,971000.0,-6492000.0,-25579000.0,-46141000.0,-7044000.0,86890000.0,54702000.0,0.0,40800000.0,31360000.0,31360000.0,0.0,0.0,0.202,46742000.0,57407000.0,69734000.0,0.9,0.892,24.505,25.0,3612735000.0,9440000.0,11.75,2.159,2.164,0.0,-253609000.0,154913000.0,154913000.0,0.0,,,,,0.0,13966000.0,1.0,104060227.0,104324000,104338000.0,1.485,3777764000.0,0.0,0.0,25638000.0,36.212,
89,UDR,MRQ,1999-03-31,1999-03-31,1999-03-31,2021-10-16,0.0,3779555000.0,,,,,13.11,-61864000.0,69612000.0,69612000.0,50129000.0,20082000.0,,1.693,2174512000.0,,,2174512000.0,0.0,30483000.0,0.0,0.101,0.26,58161000.0,88644000.0,0.575,88644000.0,58161000.0,20082000.0,0.1,0.1,0.1,1362513000.0,,1362513000.0,3115036242.0,16.0,10.087,-35905000.0,-0.345,1.0,104109000.0,0.675,0.0,38079000.0,5884455000.0,,0.0,0.0,,,2306869000.0,,,1066621242.0,936000.0,0.0,4644000.0,53436000.0,-27208000.0,22809000.0,-47832000.0,12900000.0,25959000.0,0.0,20082000.0,10643000.0,10643000.0,0.0,0.0,0.069,45089000.0,59020000.0,71584000.0,2.6,0.783,22.273,22.283,3652620000.0,9439000.0,10.25,2.014,2.011,0.0,-259251000.0,154238000.0,154238000.0,0.0,,,,,0.0,14209000.0,1.0,104060609.0,103932000,103935000.0,1.484,3779555000.0,0.0,0.0,17742000.0,36.366,
90,UDR,MRQ,1998-12-31,1998-12-31,1998-12-31,2021-10-16,0.0,3762940000.0,,,,,13.276,105096000.0,76886000.0,76886000.0,45824000.0,6377000.0,,1.654,2117749000.0,,,2117749000.0,0.0,27423000.0,0.0,0.1,0.26,36831000.0,64254000.0,0.482,64254000.0,36831000.0,6377000.0,-0.01,-0.01,-0.01,1374121000.0,,1374121000.0,2588332625.0,14.0,9.185,118753000.0,1.147,1.0,87377000.0,0.656,0.0,30454000.0,5803803000.0,,0.0,0.0,,,2273377000.0,,,1067919625.0,-2404000.0,-219364000.0,8002000.0,113939000.0,-27099000.0,85327000.0,-101388000.0,12879000.0,13657000.0,0.0,6377000.0,-263000.0,-263000.0,0.0,0.0,-0.002,56381000.0,30996000.0,84711000.0,-26.0,0.777,21.911,21.041,3636122000.0,6640000.0,10.31,2.215,2.138,0.0,-242331000.0,133201000.0,133201000.0,0.0,,,,,0.0,13253000.0,1.0,103580953.0,103506000,103638000.0,1.287,3762940000.0,0.0,0.0,29078000.0,36.355,
91,UDR,MRQ,1998-09-30,1998-09-30,1998-09-30,2021-10-16,0.0,2926680000.0,,,,,11.828,-100253000.0,28485000.0,28485000.0,43179000.0,13807000.0,,1.363,1548898000.0,,,1548898000.0,0.0,27793000.0,0.0,0.09,0.26,41031000.0,68824000.0,0.555,68824000.0,41031000.0,13807000.0,0.08,0.08,0.08,1219549000.0,,1219549000.0,2617072302.0,15.0,9.49,-53143000.0,-0.515,1.0,80868000.0,0.652,0.0,27224000.0,4447093000.0,,0.0,0.0,,,1661967000.0,,,1177518302.0,16910000.0,20658000.0,791000.0,61935000.0,-27012000.0,30566000.0,-60766000.0,20681000.0,47110000.0,0.0,13807000.0,8157000.0,8157000.0,0.0,0.0,0.066,39772000.0,41096000.0,82888000.0,3.25,0.966,20.15,18.656,2829894000.0,5650000.0,11.38,2.62,2.611,0.0,-214865000.0,124047000.0,124047000.0,0.0,,,,,0.0,11931000.0,1.0,103472610.0,103104000,103145000.0,1.203,2926680000.0,0.0,0.0,0.0,28.386,
92,UDR,MRQ,1998-06-30,1998-06-30,1998-06-30,2021-10-16,0.0,2829200000.0,,,,,12.046,-117922000.0,11575000.0,11575000.0,40260000.0,35005000.0,,1.27,1451129000.0,,,1451129000.0,0.0,26343000.0,0.0,0.073,0.26,60741000.0,87084000.0,0.737,87084000.0,60741000.0,35005000.0,0.29,0.29,0.29,1223444000.0,,1223444000.0,2815208208.0,16.0,10.433,-68086000.0,-0.67,1.0,77916000.0,0.659,0.0,25736000.0,4268754000.0,,0.0,0.0,,,1554081000.0,,,1421052208.0,5614000.0,-30878000.0,16511000.0,-3038000.0,-26436000.0,-20542000.0,-23680000.0,125120000.0,49836000.0,0.0,35005000.0,29352000.0,29352000.0,0.0,0.0,0.248,37940000.0,39976000.0,73085000.0,0.897,1.162,20.917,19.014,2719829000.0,5653000.0,13.88,3.346,3.32,0.0,-195651000.0,118176000.0,118176000.0,0.0,,,,,0.0,11525000.0,1.0,102381283.0,101562000,101667000.0,1.164,2829200000.0,0.0,0.0,0.0,27.857,
93,UDR,MRQ,1998-03-31,1998-03-31,1998-03-31,2021-10-16,0.0,2735304000.0,,,,,13.265,-75139000.0,5961000.0,5961000.0,33705000.0,17183000.0,,1.238,1400117000.0,,,1400117000.0,0.0,21674000.0,0.0,0.069,0.25,40008000.0,61682000.0,0.591,61682000.0,40008000.0,17183000.0,0.13,0.13,0.13,1205319000.0,,1205319000.0,2488103712.0,16.0,10.51,-45145000.0,-0.497,1.0,70722000.0,0.677,0.0,22825000.0,4129460000.0,,0.0,0.0,,,1492470000.0,,,1332350712.0,5488000.0,330000.0,51382000.0,30979000.0,-22527000.0,53524000.0,-78030000.0,-3221000.0,29994000.0,0.0,17183000.0,11533000.0,11533000.0,0.0,0.0,0.11,31331000.0,39391000.0,14376000.0,1.923,1.105,26.834,25.439,2619462000.0,5650000.0,14.5,3.315,3.278,0.0,-196198000.0,104427000.0,104427000.0,0.0,,,,,0.0,9657000.0,1.0,91886256.0,90867000,90984000.0,1.149,2735304000.0,0.0,0.0,18334000.0,30.102,
94,UDR,MRQ,1997-12-31,1997-12-31,1997-12-31,2021-10-16,0.0,2313725000.0,,,,,11.922,-108915000.0,17580000.0,17580000.0,53830000.0,15050000.0,,1.172,1156226000.0,,,1156226000.0,0.0,22404000.0,0.0,0.054,0.25,35789000.0,58193000.0,0.566,58193000.0,35789000.0,15050000.0,0.11,0.1,0.11,1058357000.0,,1058357000.0,2323735066.0,16.0,10.195,-82103000.0,-0.925,1.0,48916000.0,0.476,0.0,20739000.0,3452371000.0,,0.0,0.0,,,1240675000.0,,,1228973066.0,-4910000.0,0.0,14182000.0,40966000.0,-22266000.0,26980000.0,-58702000.0,46532000.0,26812000.0,0.0,15050000.0,9397000.0,9397000.0,0.0,0.0,0.091,12893000.0,36023000.0,35688000.0,2.273,1.161,23.274,22.852,2272031000.0,5653000.0,13.94,3.169,3.133,0.0,-183312000.0,102746000.0,102746000.0,0.0,,,,,0.0,20157000.0,1.0,88161626.0,88774000,89046000.0,1.157,2313725000.0,0.0,0.0,21744000.0,26.063,
95,UDR,MRQ,1997-09-30,1997-09-30,1997-09-30,2021-10-16,0.0,2252751000.0,,,,,12.037,-92854000.0,5383000.0,5383000.0,28801000.0,23309000.0,,1.12,1100145000.0,,,1100145000.0,0.0,20234000.0,0.0,0.065,0.25,42655000.0,62889000.0,0.633,62889000.0,42655000.0,23309000.0,0.2,0.2,0.2,1057502000.0,,1057502000.0,2329200915.0,17.0,11.108,-45083000.0,-0.513,1.0,70494000.0,0.71,0.0,19346000.0,3347513000.0,,0.0,0.0,,,1184767000.0,,,1322148915.0,-2913000.0,0.0,12361000.0,57678000.0,-22029000.0,42214000.0,-92898000.0,-44000.0,47771000.0,0.0,23309000.0,17656000.0,17656000.0,0.0,0.0,0.178,35695000.0,34799000.0,62361000.0,1.25,1.25,25.71,23.81,2181729000.0,5653000.0,15.0,3.76,3.747,0.0,-170193000.0,99295000.0,99295000.0,0.0,,,,,0.0,4699000.0,1.0,88143261.0,87853000,88007000.0,1.13,2252751000.0,0.0,0.0,0.0,25.642,
96,UDR,MRQ,1997-06-30,1997-06-30,1997-06-30,2021-10-16,0.0,2143655000.0,,,,,12.083,-100737000.0,8296000.0,8296000.0,27660000.0,14677000.0,,1.04,1015348000.0,,,1015348000.0,0.0,19522000.0,0.0,0.068,0.25,34446000.0,53968000.0,0.565,53968000.0,34446000.0,14677000.0,0.13,0.13,0.13,1049738000.0,,1049738000.0,2327295810.0,19.0,12.728,-64431000.0,-0.742,1.0,67818000.0,0.71,0.0,19769000.0,3150707000.0,,0.0,0.0,,,1091896000.0,,,1235449810.0,-10321000.0,0.0,7682000.0,-91710000.0,-21819000.0,36966000.0,-83593000.0,17144000.0,36306000.0,0.0,14677000.0,11066000.0,11066000.0,0.0,0.0,0.116,34598000.0,33220000.0,54511000.0,1.923,1.177,30.017,25.339,2102139000.0,3611000.0,14.19,3.912,3.903,0.0,-165596000.0,95478000.0,95478000.0,0.0,,,,,0.0,5117000.0,1.0,87064821.0,86877000,87036000.0,1.099,2143655000.0,0.0,0.0,0.0,24.675,
97,UDR,MRQ,1997-03-31,1997-03-31,1997-03-31,2021-10-16,0.0,2092040000.0,,,,,10.673,-120705000.0,18617000.0,18617000.0,25397000.0,17113000.0,,1.302,1110463000.0,,,1110463000.0,0.0,16612000.0,0.0,0.065,0.0,36263000.0,52875000.0,0.586,52875000.0,36263000.0,17113000.0,0.17,0.17,0.17,907734000.0,,907734000.0,2304141738.0,22.0,14.458,-93691000.0,-1.102,1.0,64838000.0,0.719,0.0,19150000.0,3183886000.0,,0.0,0.0,,,1182279000.0,,,1272758738.0,5165000.0,0.0,66526000.0,40829000.0,-19663000.0,85231000.0,-107080000.0,13625000.0,27014000.0,0.0,17113000.0,14685000.0,14685000.0,0.0,0.0,0.163,30664000.0,34174000.0,49979000.0,0.0,1.402,35.521,27.83,2040997000.0,2428000.0,14.75,4.578,4.512,0.0,-154643000.0,90235000.0,90235000.0,0.0,,,,,0.0,4610000.0,1.0,86288728.0,85046000,85273000.0,1.061,2092040000.0,0.0,0.0,0.0,24.599,
98,UDR,MRQ,1996-12-31,1996-12-31,1996-12-31,2021-10-16,2056000.0,1966904000.0,,,,,14.415,9477000.0,13452000.0,13452000.0,3541000.0,10447000.0,,1.311,1044835000.0,,,1044835000.0,0.0,14081000.0,0.0,0.077,0.48,25877000.0,39958000.0,0.6,39958000.0,25877000.0,10447000.0,0.13,,0.13,850379000.0,,850379000.0,,,,26941000.0,0.457,1.0,63110000.0,0.947,0.0,15430000.0,2998287000.0,,0.0,0.0,,,1114496000.0,,,1337475284.0,5649000.0,1129000.0,-16888000.0,-7131000.0,-14100000.0,-40548000.0,28733000.0,15093000.0,17464000.0,0.0,10447000.0,8018000.0,8018000.0,0.0,0.0,0.12,39058000.0,24052000.0,13608000.0,3.692,1.573,47.297,31.633,1911732000.0,2429000.0,15.5,5.505,3.667,0.0,-147529000.0,66651000.0,66651000.0,0.0,,,,,0.0,2609000.0,1.0,86288728.0,58994000,,1.13,1966904000.0,0.0,0.0,13209000.0,33.341,
99,UDR,MRQ,1996-09-30,1996-09-30,1996-09-30,2021-10-16,,,,,,,,-103495000.0,,,26045000.0,9818000.0,,,,,,,,12703000.0,,0.067,0.24,23348000.0,36051000.0,0.568,36051000.0,23348000.0,9818000.0,0.13,,0.13,,,,,,,-77988000.0,-1.349,1.0,37440000.0,0.59,,13530000.0,,,,,,,,,,,211000.0,0.0,27026000.0,64295000.0,-13622000.0,75271000.0,-100567000.0,2934000.0,25507000.0,0.0,9818000.0,7390000.0,7390000.0,0.0,0.0,0.116,15406000.0,22034000.0,,1.846,,,,,2428000.0,14.0,,,,,63485000.0,63485000.0,0.0,,,,,0.0,2704000.0,1.0,,57793000,,1.098,,,0.0,,,
100,UDR,MRQ,1996-06-30,1996-06-30,1996-06-30,2021-10-16,,,,,,,,-58315000.0,,,23942000.0,8166000.0,,,,,,,,11081000.0,,0.065,0.24,19403000.0,30484000.0,0.529,30484000.0,19403000.0,8166000.0,0.1,,0.1,,,,,,,-32556000.0,-0.575,1.0,33700000.0,0.585,,11237000.0,,,,,,,,,,,-1250000.0,0.0,3417000.0,32332000.0,-13562000.0,19759000.0,-46768000.0,11547000.0,25759000.0,0.0,8166000.0,5738000.0,5738000.0,0.0,0.0,0.1,14167000.0,19533000.0,,2.4,,,,,2428000.0,14.38,,,,,57642000.0,57642000.0,0.0,,,,,0.0,2796000.0,1.0,,56666000,,1.017,,,0.0,,,
101,UDR,MRQ,1996-03-31,1996-03-31,1996-03-31,2021-10-16,,,,,,,,-47219000.0,,,22220000.0,9559000.0,,,,,,,,10844000.0,,0.063,0.23,20205000.0,31049000.0,0.563,31049000.0,20205000.0,9559000.0,0.13,,0.13,,,,,,,-25885000.0,-0.475,1.0,32969000.0,0.597,,10646000.0,,,,,,,,,,,5938000.0,0.0,1457000.0,41240000.0,-12695000.0,27574000.0,-42970000.0,4249000.0,21334000.0,0.0,9559000.0,7131000.0,7131000.0,0.0,0.0,0.129,13729000.0,19240000.0,,1.769,,,,,2428000.0,14.62,,,,,55189000.0,55189000.0,0.0,,,,,0.0,2885000.0,1.0,,54467000,,1.013,,,0.0,,,
102,UDR,MRQ,1995-12-31,1995-12-31,1995-12-31,2021-10-16,448000.0,1080616000.0,,,,,9.784,,2904000.0,2904000.0,,,,1.093,530339000.0,,,530339000.0,0.0,,0.0,0.059,0.23,,,,,,,,,,516389000.0,,516389000.0,,,,,,1.0,,,0.0,,1608051000.0,,0.0,0.0,,,564227000.0,,,,,,,,,,,,,,,,,,,,,,21193000.0,,,,30.0,1052659000.0,,15.0,,4.035,0.0,-120314000.0,,,,,,,,,,1.0,,52781000,,,1080616000.0,0.0,,0.0,20.474,
0,UDR,MRT,2021-06-30,2021-06-30,2021-06-30,2021-10-16,-8301000.0,9919271000.0,9668687000.0,,,0.127,9.388,-870077000.0,36070000.0,36070000.0,393285000.0,17143000.0,,2.158,5646165000.0,,,5646165000.0,0.0,599505000.0,0.0,0.037,1.802,256059000.0,855564000.0,0.698,855564000.0,256059000.0,17707000.0,0.04,0.04,0.04,2784270000.0,3083213500.0,2784270000.0,19740362855.0,77.0,23.073,-252619000.0,-0.852,1.0,831932000.0,0.679,0.0,238352000.0,15529366000.0,14931002000.0,0.0,758219000.0,,,6009822000.0,,,14538958855.0,13194000.0,-39412000.0,82439000.0,404768000.0,-426688000.0,9421000.0,-613685000.0,295804000.0,617458000.0,0.0,16098000.0,11883000.0,11883000.0,0.0,1045000.0,0.01,602703000.0,229229000.0,236093000.0,45.05,5.222,1223.509,1224.5,8940224000.0,4215000.0,48.98,11.866,11.857,0.0,-3143000000.0,1225217000.0,1225217000.0,0.0,0.001,0.004,0.017,0.209,20118000.0,87605000.0,1.0,296834603.0,296589000,297542000.0,4.131,9919271000.0,0.0,1609000.0,34146000.0,33.445,
1,UDR,MRT,2021-03-31,2021-03-31,2021-03-31,2021-10-16,-8614000.0,9566556000.0,9579987000.0,,,0.127,10.123,-590747000.0,34600000.0,34600000.0,386534000.0,66704000.0,,1.852,5236004000.0,,,5236004000.0,0.0,607817000.0,0.0,0.041,1.8,306694000.0,914511000.0,0.749,914511000.0,306694000.0,65149000.0,0.19,0.19,0.19,3001728000.0,3236476500.0,3001728000.0,18166537841.0,59.0,19.865,1718000.0,0.006,1.0,834591000.0,0.683,0.0,241545000.0,14767960000.0,14675033250.0,0.0,775317000.0,,,5560469000.0,,,13018568841.0,11671000.0,-44170000.0,82439000.0,19080000.0,-425253000.0,-375035000.0,-205759000.0,429158000.0,592465000.0,0.0,62149000.0,57929000.0,57929000.0,0.0,4555000.0,0.047,549372000.0,285219000.0,220911000.0,9.474,4.337,224.733,230.842,8565943000.0,4220000.0,43.86,10.661,10.651,0.0,-2923073000.0,1221125000.0,1221125000.0,0.0,0.006,0.018,0.021,0.251,17720000.0,82973000.0,1.0,296820995.0,296537000,297026000.0,4.118,9566556000.0,0.0,3000000.0,32437000.0,32.261,
2,UDR,MRT,2020-12-31,2020-12-31,2020-12-31,2021-10-16,-9144000.0,9637533000.0,9611124250.0,,,0.129,10.98,-703182000.0,24171000.0,24171000.0,382394000.0,68970000.0,,1.708,5172140000.0,,,5172140000.0,0.0,618629000.0,0.0,0.046,1.782,269517000.0,888146000.0,0.716,888146000.0,269517000.0,66811000.0,0.2,0.2,0.2,3234200000.0,3352073250.0,3234200000.0,16406715968.0,61.0,18.473,-98866000.0,-0.336,1.0,858771000.0,0.692,0.0,202706000.0,14785502000.0,14670829000.0,0.0,758225000.0,,,5522648000.0,,,11316923968.0,-9120000.0,-28261000.0,82439000.0,233306000.0,-419350000.0,-152594000.0,-460842000.0,270601000.0,604316000.0,0.0,64266000.0,60036000.0,60036000.0,0.0,4704000.0,0.048,609668000.0,249103000.0,226794000.0,8.91,3.499,188.502,192.15,8667019000.0,4230000.0,38.43,9.118,9.12,0.0,-2685770000.0,1241165000.0,1241165000.0,0.0,0.006,0.018,0.018,0.217,19616000.0,85423000.0,1.0,294481498.0,294545000,294927000.0,4.214,9637533000.0,0.0,2545000.0,29946000.0,32.72,
3,UDR,MRT,2020-09-30,2020-09-30,2020-09-30,2021-10-16,-10494000.0,9551388000.0,9610859000.0,,,0.129,11.24,-528897000.0,24200000.0,24200000.0,373579000.0,145656000.0,,1.648,5113992000.0,,,5113992000.0,0.0,615597000.0,0.0,0.043,1.405,337869000.0,953466000.0,0.767,953466000.0,337869000.0,137252000.0,0.44,0.44,0.44,3312656000.0,3383158750.0,3312656000.0,14563150761.0,43.0,15.274,101523000.0,0.344,1.0,870020000.0,0.7,0.0,200617000.0,14641180000.0,14601769250.0,0.0,803351000.0,,,5457950000.0,,,9622130761.0,659000.0,-79509000.0,43511000.0,397763000.0,-413696000.0,-33145000.0,-596616000.0,11790000.0,630420000.0,0.0,135373000.0,131163000.0,131163000.0,0.0,10283000.0,0.105,664392000.0,205628000.0,217252000.0,3.193,2.905,73.36,74.114,8550003000.0,4210000.0,32.61,7.737,7.728,0.0,-2500827000.0,1243599000.0,1243599000.0,0.0,0.014,0.039,0.023,0.272,26396000.0,88020000.0,1.0,295066874.0,294713000,295003000.0,4.22,9551388000.0,0.0,1879000.0,49239000.0,32.409,
4,UDR,MRT,2020-06-30,2020-06-30,2020-06-30,2021-10-16,-11940000.0,9564471000.0,9397411250.0,,,0.131,11.528,-1038156000.0,22876000.0,22876000.0,361225000.0,202295000.0,,1.564,4963896000.0,,,4963896000.0,0.0,588771000.0,0.0,0.037,1.387,371898000.0,960669000.0,0.782,960669000.0,371898000.0,191026000.0,0.62,0.62,0.62,3397322000.0,3366635250.0,3397322000.0,16082877166.0,43.0,16.741,-376858000.0,-1.279,1.0,867724000.0,0.706,0.0,180872000.0,14505491000.0,14126496250.0,0.0,754014000.0,,,5315060000.0,,,11022839166.0,-1147000.0,-16870000.0,512443000.0,330682000.0,-404751000.0,380143000.0,-1042588000.0,12438000.0,661298000.0,0.0,187835000.0,183645000.0,183645000.0,0.0,14460000.0,0.149,633355000.0,234369000.0,226518000.0,2.237,3.245,60.023,60.29,8605701000.0,4190000.0,37.38,8.969,8.964,0.0,-2432882000.0,1228949000.0,1228949000.0,0.0,0.02,0.055,0.026,0.303,24822000.0,87689000.0,1.0,294886013.0,294710000,295087000.0,4.17,9564471000.0,0.0,3191000.0,31952000.0,32.454,
5,UDR,MRT,2020-03-31,2020-03-31,2020-03-31,2021-10-16,-12870000.0,9691105000.0,9055610000.0,,,0.133,11.764,-1336702000.0,22929000.0,22929000.0,346224000.0,178517000.0,,1.557,5082967000.0,,,5082967000.0,0.0,551300000.0,0.0,0.037,1.37,344165000.0,895465000.0,0.744,895465000.0,344165000.0,167473000.0,0.55,0.55,0.55,3464115000.0,3254655750.0,3464115000.0,15638624658.0,45.0,17.464,-707875000.0,-2.404,1.0,856777000.0,0.712,0.0,176692000.0,14751143000.0,13533106250.0,0.0,739938000.0,,,5393582000.0,,,10765833658.0,-1225000.0,-24704000.0,533136000.0,727269000.0,-395098000.0,810930000.0,-1440982000.0,-79576000.0,628827000.0,0.0,165683000.0,161524000.0,161524000.0,0.0,12834000.0,0.134,649260000.0,207517000.0,197513000.0,2.491,3.108,66.652,66.436,8748937000.0,4159000.0,36.54,8.949,8.944,0.0,-2360636000.0,1203001000.0,1203001000.0,0.0,0.018,0.05,0.025,0.286,25201000.0,88265000.0,1.0,294631463.0,294457000,295160000.0,4.085,9691105000.0,0.0,1790000.0,33134000.0,32.912,
6,UDR,MRT,2019-12-31,2019-12-31,2019-12-31,2021-10-16,-10448000.0,9636472000.0,8621765000.0,,,0.134,11.774,-1580518000.0,33291000.0,33291000.0,329835000.0,199579000.0,,1.557,4906082000.0,,,4906082000.0,0.0,507923000.0,0.0,0.029,1.35,359720000.0,867643000.0,0.753,867643000.0,359720000.0,188803000.0,0.63,0.63,0.63,3358542000.0,3125872500.0,3358542000.0,17728085854.0,49.0,20.432,-949814000.0,-3.33,1.0,822358000.0,0.714,0.0,170917000.0,14509263000.0,12747725000.0,0.0,741912000.0,,,5228493000.0,,,13685594854.0,-175600000.0,-32778000.0,725315000.0,587733000.0,-383079000.0,880383000.0,-1686687000.0,-73391000.0,630704000.0,0.0,184965000.0,180861000.0,180861000.0,0.0,14614000.0,0.157,601301000.0,221057000.0,199414000.0,2.143,4.075,75.669,74.127,8674973000.0,4104000.0,46.7,11.878,11.561,0.0,-2462132000.0,1152193000.0,1152193000.0,0.0,0.021,0.058,0.028,0.312,24330000.0,84254000.0,1.0,293053423.0,285247000,286015000.0,4.039,9636472000.0,0.0,3838000.0,29445000.0,33.783,
7,UDR,MRT,2019-09-30,2019-09-30,2019-09-30,2021-10-16,-9022000.0,8697597000.0,8140579000.0,,,0.137,11.245,-1465518000.0,23541000.0,23541000.0,319646000.0,183957000.0,,1.341,4066032000.0,,,4066032000.0,0.0,470831000.0,0.0,0.027,1.33,322079000.0,792910000.0,0.711,792910000.0,322079000.0,173371000.0,0.59,0.59,0.59,3246562000.0,3012643250.0,3246562000.0,17765159436.0,55.0,22.405,-854690000.0,-2.96,1.0,795396000.0,0.713,0.0,148708000.0,12740088000.0,11883065250.0,0.0,829079000.0,,,4353641000.0,,,13830494436.0,-4539000.0,-26434000.0,961834000.0,121978000.0,-369267000.0,677877000.0,-1293244000.0,198708000.0,610828000.0,0.0,169465000.0,165421000.0,165421000.0,0.0,14492000.0,0.148,492906000.0,302490000.0,181619000.0,2.254,4.26,83.608,82.169,7699676000.0,4044000.0,48.48,12.404,12.552,0.0,-2496328000.0,1115042000.0,1115042000.0,0.0,0.02,0.055,0.027,0.289,16570000.0,79255000.0,1.0,285282476.0,288706000,289529000.0,3.862,8697597000.0,0.0,3906000.0,42031000.0,30.126,
8,UDR,MRT,2019-06-30,2019-06-30,2019-06-30,2021-10-16,-7838000.0,8197266000.0,7885875750.0,,,0.138,10.46,-931699000.0,24023000.0,24023000.0,312729000.0,174793000.0,,1.434,3958688000.0,,,3958688000.0,0.0,451384000.0,0.0,0.029,1.31,304022000.0,755406000.0,0.696,755406000.0,304022000.0,163436000.0,0.57,0.57,0.57,2949404000.0,2849316500.0,2949404000.0,16303662200.0,54.0,21.583,-339703000.0,-1.205,1.0,773063000.0,0.712,0.0,140586000.0,12131931000.0,11563514250.0,0.0,806494000.0,,,4228719000.0,,,12649769200.0,-6889000.0,-75400000.0,512697000.0,118409000.0,-358307000.0,209401000.0,-808286000.0,198813000.0,591996000.0,0.0,160871000.0,156887000.0,156887000.0,0.0,13922000.0,0.144,474418000.0,298645000.0,168861000.0,2.298,4.289,80.63,78.754,7226558000.0,3984000.0,44.89,11.65,11.657,0.0,-2336609000.0,1085792000.0,1085792000.0,0.0,0.02,0.055,0.026,0.28,17478000.0,77885000.0,1.0,281794814.0,281960000,282575000.0,3.851,8197266000.0,0.0,2565000.0,23919000.0,29.072,
9,UDR,MRT,2019-03-31,2019-03-31,2019-03-31,2021-10-16,-2970000.0,7955725000.0,7763398750.0,,,0.137,10.646,-632623000.0,24154000.0,24154000.0,307360000.0,158919000.0,,1.337,3678047000.0,,,3678047000.0,0.0,439976000.0,0.0,0.028,1.29,286293000.0,726269000.0,0.682,726269000.0,286293000.0,148526000.0,0.52,0.52,0.52,2948982000.0,2801339000.0,2948982000.0,15868174151.0,55.0,21.849,-66870000.0,-0.241,1.0,756867000.0,0.711,0.0,137767000.0,11609618000.0,11387671000.0,0.0,786074000.0,,,3941863000.0,,,12529278151.0,3301000.0,-76181000.0,492004000.0,-90614000.0,-348101000.0,-13741000.0,-548711000.0,160093000.0,565753000.0,0.0,145853000.0,141929000.0,141929000.0,0.0,13066000.0,0.133,467968000.0,288899000.0,170882000.0,2.481,4.249,88.278,87.423,7010601000.0,3924000.0,45.46,11.773,11.833,0.0,-2281262000.0,1064227000.0,1064227000.0,0.0,0.018,0.051,0.025,0.269,16677000.0,76971000.0,1.0,275611046.0,277002000,277557000.0,3.842,7955725000.0,0.0,2673000.0,27205000.0,28.721,
10,UDR,MRT,2018-12-31,2018-12-31,2018-12-31,2021-10-16,-67000.0,7711728000.0,7701729500.0,,,0.136,10.835,-267447000.0,208891000.0,208891000.0,302990000.0,221542000.0,,1.313,3547787000.0,,,3547787000.0,0.0,435679000.0,0.0,0.032,1.278,337962000.0,773641000.0,0.739,773641000.0,337962000.0,203794000.0,0.74,0.74,0.74,2905625000.0,2783458500.0,2905625000.0,14416733868.0,43.0,18.635,293229000.0,1.093,1.0,743869000.0,0.711,0.0,134168000.0,11050624000.0,11327483500.0,0.0,823128000.0,,,3816211000.0,,,10633633868.0,187061000.0,-70342000.0,279837000.0,-123063000.0,-342241000.0,-260067000.0,-113548000.0,224241000.0,560676000.0,0.0,203106000.0,199238000.0,199238000.0,0.0,18436000.0,0.19,389151000.0,354718000.0,174009000.0,1.727,3.66,53.372,53.541,6541999000.0,3868000.0,39.62,10.158,10.15,0.0,-2063996000.0,1046859000.0,1046859000.0,0.0,0.026,0.072,0.03,0.323,14244000.0,75448000.0,1.0,268390557.0,268179000,269483000.0,3.904,7711728000.0,0.0,688000.0,20608000.0,28.756,
11,UDR,MRT,2018-09-30,2018-09-30,2018-09-30,2021-10-16,202000.0,7678784000.0,7707115750.0,,,0.134,9.686,-336263000.0,28080000.0,28080000.0,298110000.0,207554000.0,,1.573,3811180000.0,,,3811180000.0,0.0,438643000.0,0.0,0.031,1.265,319917000.0,758560000.0,0.735,758560000.0,319917000.0,189764000.0,0.69,0.7,0.69,2593255000.0,2763502250.0,2593255000.0,14543458048.0,45.0,19.172,200100000.0,0.747,1.0,733962000.0,0.711,0.0,130153000.0,11461884000.0,11410604000.0,0.0,808385000.0,,,4078516000.0,,,10822258048.0,5879000.0,-25881000.0,-19988000.0,135490000.0,-338688000.0,-303343000.0,-227141000.0,135003000.0,536363000.0,0.0,190211000.0,186390000.0,186390000.0,0.0,17343000.0,0.181,414768000.0,319194000.0,169184000.0,1.833,4.173,58.062,58.594,6701337000.0,3821000.0,40.43,10.486,10.488,0.0,-2075402000.0,1032072000.0,1032072000.0,0.0,0.024,0.067,0.028,0.31,13484000.0,75681000.0,1.0,267678903.0,267727000,268861000.0,3.855,7678784000.0,0.0,-447000.0,38581000.0,28.681,
12,UDR,MRT,2018-06-30,2018-06-30,2018-06-30,2021-10-16,-1407000.0,7707358000.0,7727596000.0,,,0.132,10.316,-378571000.0,30912000.0,30912000.0,293211000.0,204866000.0,,1.456,3752112000.0,,,3752112000.0,0.0,437836000.0,0.0,0.033,1.253,313160000.0,750996000.0,0.738,750996000.0,313160000.0,187313000.0,0.68,0.69,0.68,2757494000.0,2826444250.0,2757494000.0,13705538265.0,44.0,18.25,155828000.0,0.583,1.0,723808000.0,0.712,0.0,125847000.0,11428558000.0,11399511750.0,0.0,780619000.0,,,4016279000.0,,,10045718265.0,9899000.0,8626000.0,-19988000.0,119159000.0,-335310000.0,-288554000.0,-235946000.0,133999000.0,534399000.0,0.0,187791000.0,184015000.0,184015000.0,0.0,17075000.0,0.181,414133000.0,309675000.0,169475000.0,1.843,3.643,54.592,55.206,6757548000.0,3776000.0,37.54,9.878,9.867,0.0,-1929124000.0,1017019000.0,1017019000.0,0.0,0.024,0.065,0.027,0.308,13111000.0,75839000.0,1.0,267600380.0,267311000,268890000.0,3.805,7707358000.0,0.0,-478000.0,21972000.0,28.833,
13,UDR,MRT,2018-03-31,2018-03-31,2018-03-31,2021-10-16,-1276000.0,7709048000.0,7742740000.0,,,0.13,10.755,-398774000.0,20853000.0,20853000.0,289887000.0,193484000.0,,1.372,3680673000.0,,,3680673000.0,0.0,439649000.0,0.0,0.035,1.24,305117000.0,744766000.0,0.741,744766000.0,305117000.0,177002000.0,0.64,0.65,0.64,2877460000.0,2860224500.0,2877460000.0,13201693233.0,43.0,17.726,132136000.0,0.494,1.0,715368000.0,0.712,0.0,128115000.0,11368868000.0,11387764500.0,0.0,772047000.0,,,3947150000.0,,,9551860233.0,-1364000.0,-8134000.0,-19988000.0,146607000.0,-331902000.0,-263105000.0,-269169000.0,137739000.0,530910000.0,0.0,177347000.0,173613000.0,173613000.0,0.0,16137000.0,0.173,414667000.0,300701000.0,178176000.0,1.938,3.32,55.018,55.656,6795926000.0,3734000.0,35.62,9.502,9.48,0.0,-1808907000.0,1005255000.0,1005255000.0,0.0,0.022,0.061,0.027,0.304,12987000.0,74571000.0,1.0,268160029.0,267546000,269208000.0,3.757,7709048000.0,0.0,-345000.0,24130000.0,28.814,
14,UDR,MRT,2017-12-31,2017-12-31,2017-12-31,2021-10-16,-2681000.0,7733273000.0,7749455750.0,,,0.128,10.583,-471449000.0,21830000.0,21830000.0,285806000.0,132655000.0,,1.398,3671663000.0,,,3671663000.0,0.0,436462000.0,0.0,0.032,1.225,250029000.0,686491000.0,0.689,686491000.0,250029000.0,121318000.0,0.44,0.44,0.44,2825800000.0,2899900750.0,2825800000.0,13970772969.0,56.0,20.351,47466000.0,0.178,1.0,709985000.0,0.713,0.0,128711000.0,11383106000.0,11358294000.0,0.0,740299000.0,,,3949771000.0,,,10313962969.0,-276000.0,-7513000.0,0.0,272166000.0,-327793000.0,-111785000.0,-407406000.0,71556000.0,518915000.0,0.0,121558000.0,117850000.0,117850000.0,0.0,11097000.0,0.118,482087000.0,227898000.0,194411000.0,2.784,3.65,87.518,87.545,6847040000.0,3708000.0,38.52,10.358,10.329,0.0,-1871603000.0,995791000.0,995791000.0,0.0,0.015,0.041,0.022,0.251,12862000.0,75634000.0,1.0,267756048.0,267024000,268830000.0,3.729,7733273000.0,0.0,-240000.0,18349000.0,28.961,
15,UDR,MRT,2017-09-30,2017-09-30,2017-09-30,2021-10-16,-4167000.0,7760705000.0,7736033500.0,,,0.127,10.653,-564439000.0,22201000.0,22201000.0,282167000.0,316774000.0,,1.394,3679011000.0,,,3679011000.0,0.0,429408000.0,0.0,0.032,1.21,426642000.0,856050000.0,0.868,856050000.0,426642000.0,302847000.0,1.07,1.06,1.07,2845023000.0,2966728250.0,2845023000.0,13789444328.0,32.0,16.108,-21717000.0,-0.081,1.0,703752000.0,0.714,0.0,123795000.0,11417515000.0,11277256500.0,0.0,858458000.0,,,3964622000.0,,,10175809328.0,-1898000.0,-13803000.0,-27000.0,55378000.0,-323617000.0,-320131000.0,-224489000.0,284344000.0,542722000.0,0.0,289737000.0,286023000.0,286023000.0,0.0,27037000.0,0.29,291260000.0,412492000.0,187463000.0,1.131,3.577,35.577,35.542,6753022000.0,3714000.0,38.03,10.321,10.301,0.0,-1843490000.0,985919000.0,985919000.0,0.0,0.037,0.096,0.038,0.433,12934000.0,77025000.0,1.0,267573214.0,267056000,269062000.0,3.692,7760705000.0,0.0,13110000.0,35337000.0,29.06,
16,UDR,MRT,2017-06-30,2017-06-30,2017-06-30,2021-10-16,-4395000.0,7767934000.0,7708649500.0,,,0.127,10.835,-550213000.0,21013000.0,21013000.0,278523000.0,328670000.0,,1.349,3634648000.0,,,3634648000.0,0.0,427980000.0,0.0,0.031,1.195,439234000.0,867214000.0,0.887,867214000.0,439234000.0,313580000.0,1.11,1.1,1.11,2892615000.0,2986199000.0,2892615000.0,13935330134.0,32.0,16.069,-498000.0,-0.002,1.0,699557000.0,0.715,0.0,125654000.0,11381569000.0,11215634000.0,0.0,860457000.0,,,3901669000.0,,,10420255134.0,-4952000.0,-8373000.0,-72000.0,91224000.0,-319251000.0,-281687000.0,-272980000.0,285606000.0,549715000.0,0.0,300503000.0,296786000.0,296786000.0,0.0,28167000.0,0.303,286806000.0,412751000.0,183608000.0,1.077,3.602,35.11,35.108,6756889000.0,3717000.0,38.97,10.654,10.637,0.0,-1792674000.0,978080000.0,978080000.0,0.0,0.039,0.099,0.039,0.449,13156000.0,76164000.0,1.0,267391715.0,266972000,268859000.0,3.664,7767934000.0,0.0,13077000.0,19595000.0,29.096,
17,UDR,MRT,2017-03-31,2017-03-31,2017-03-31,2021-10-16,-4288000.0,7735911000.0,7669186500.0,,,0.126,11.38,-527438000.0,22217000.0,22217000.0,277341000.0,337172000.0,,1.249,3537292000.0,,,3537292000.0,0.0,425386000.0,0.0,0.033,1.18,443067000.0,868453000.0,0.896,868453000.0,443067000.0,320601000.0,1.14,1.13,1.14,3036165000.0,2999714250.0,3036165000.0,13074233727.0,30.0,15.055,16630000.0,0.062,1.0,691546000.0,0.714,0.0,122466000.0,11250986000.0,11132633750.0,0.0,838780000.0,,,3791222000.0,,,9694861727.0,-2249000.0,17023000.0,-89000.0,45546000.0,-315161000.0,-316000000.0,-230317000.0,280098000.0,544068000.0,0.0,308292000.0,304575000.0,304575000.0,0.0,28880000.0,0.314,283340000.0,408206000.0,166044000.0,1.035,3.193,31.831,31.807,6760909000.0,3717000.0,36.26,10.006,9.984,0.0,-1644621000.0,968887000.0,968887000.0,0.0,0.04,0.102,0.04,0.457,12898000.0,75331000.0,1.0,267370704.0,266790000,268688000.0,3.632,7735911000.0,0.0,12309000.0,23105000.0,28.996,
18,UDR,MRT,2016-12-31,2016-12-31,2016-12-31,2021-10-16,-5609000.0,7679584000.0,7635600750.0,,,0.126,11.655,-437473000.0,22106000.0,22106000.0,275376000.0,320380000.0,,1.188,3401478000.0,,,3401478000.0,0.0,425638000.0,0.0,0.032,1.163,427323000.0,852961000.0,0.889,852961000.0,427323000.0,304292000.0,1.09,1.08,1.09,3093110000.0,2983889750.0,3093110000.0,13269077559.0,31.0,15.556,99095000.0,0.373,1.0,684485000.0,0.713,0.0,123031000.0,11058956000.0,11067061000.0,0.0,846815000.0,,,3673132000.0,,,9749221559.0,-5434000.0,25954000.0,173211000.0,-249011000.0,-308923000.0,-429282000.0,-112720000.0,298799000.0,536568000.0,0.0,292718000.0,289001000.0,289001000.0,0.0,27662000.0,0.301,283664000.0,400821000.0,190771000.0,1.067,3.152,33.734,33.468,6692128000.0,3717000.0,36.48,10.157,10.086,0.0,-1585825000.0,959861000.0,959861000.0,0.0,0.038,0.097,0.039,0.445,13398000.0,75844000.0,1.0,267248398.0,265386000,267311000.0,3.617,7679584000.0,0.0,11574000.0,17388000.0,28.937,
19,UDR,MRT,2016-09-30,2016-09-30,2016-09-30,2021-10-16,-11146000.0,7651169000.0,7631665750.0,,,0.125,10.976,-514969000.0,24534000.0,24534000.0,274630000.0,237797000.0,,1.308,3544390000.0,,,3544390000.0,0.0,428451000.0,0.0,0.032,1.145,346481000.0,774932000.0,0.812,774932000.0,346481000.0,219575000.0,0.84,0.83,0.84,2922906000.0,2935551000.0,2922906000.0,13050890895.0,38.0,16.841,20978000.0,0.079,1.0,679828000.0,0.712,0.0,126906000.0,11171025000.0,11104096750.0,0.0,937635000.0,,,3824415000.0,,,9611404895.0,1980000.0,-39301000.0,173118000.0,-45550000.0,-302804000.0,-225096000.0,-308871000.0,314808000.0,535947000.0,0.0,221710000.0,217993000.0,217993000.0,0.0,16087000.0,0.228,519477000.0,160351000.0,178560000.0,1.363,3.288,44.09,42.845,6480363000.0,3717000.0,35.99,10.07,10.041,0.0,-1746617000.0,954458000.0,954458000.0,0.0,0.029,0.074,0.031,0.363,14114000.0,80423000.0,1.0,267057652.0,266301000,268305000.0,3.584,7651169000.0,0.0,-2135000.0,36030000.0,28.731,
20,UDR,MRT,2016-06-30,2016-06-30,2016-06-30,2021-10-16,-12974000.0,7610082000.0,7449556000.0,,,0.125,11.067,-484658000.0,25691000.0,25691000.0,268931000.0,222026000.0,,1.266,3465177000.0,,,3465177000.0,0.0,413148000.0,0.0,0.031,1.129,330367000.0,743515000.0,0.797,743515000.0,330367000.0,205183000.0,0.79,0.78,0.79,2946676000.0,2923414250.0,2946676000.0,13249835673.0,40.0,17.821,-16564000.0,-0.062,1.0,663693000.0,0.712,0.0,125184000.0,11049568000.0,10914070750.0,0.0,953097000.0,,,3731228000.0,,,9862708673.0,2177000.0,-54332000.0,274555000.0,-176073000.0,-296121000.0,-241777000.0,-224140000.0,314850000.0,468094000.0,0.0,208045000.0,204327000.0,204327000.0,0.0,13981000.0,0.219,508892000.0,154801000.0,178232000.0,1.429,3.347,48.269,46.734,6470139000.0,3718000.0,36.92,10.575,10.541,0.0,-1712418000.0,932624000.0,932624000.0,0.0,0.027,0.07,0.03,0.354,16032000.0,83802000.0,1.0,267137288.0,266268000,268174000.0,3.503,7610082000.0,0.0,-2862000.0,23168000.0,28.581,
21,UDR,MRT,2016-03-31,2016-03-31,2016-03-31,2021-10-16,-12035000.0,7601568000.0,7281968000.0,,,0.125,11.327,-462618000.0,24698000.0,24698000.0,262410000.0,292346000.0,,1.23,3411825000.0,,,3411825000.0,0.0,397769000.0,0.0,0.029,1.112,397269000.0,795038000.0,0.874,795038000.0,397269000.0,273090000.0,1.06,1.05,1.06,2972867000.0,2901155750.0,2972867000.0,13643231283.0,34.0,17.16,12752000.0,0.049,1.0,647290000.0,0.712,0.0,124179000.0,10988695000.0,10771236500.0,0.0,961558000.0,,,3657195000.0,,,10099976283.0,-2606000.0,-206932000.0,274521000.0,-163341000.0,-289180000.0,-216827000.0,-261149000.0,408401000.0,475370000.0,0.0,276954000.0,273234000.0,273234000.0,0.0,15392000.0,0.3,494847000.0,152443000.0,164639000.0,1.049,3.397,36.965,36.349,6485337000.0,3720000.0,38.53,11.103,11.116,0.0,-1685173000.0,909700000.0,909700000.0,0.0,0.038,0.094,0.037,0.437,17636000.0,86045000.0,1.0,262132787.0,262456000,264285000.0,3.466,7601568000.0,0.0,-3864000.0,16147000.0,28.963,
22,UDR,MRT,2015-12-31,2015-12-31,2015-12-31,2021-10-16,-12678000.0,7663844000.0,7096203750.0,,,0.126,11.21,-465423000.0,27540000.0,27540000.0,258059000.0,357159000.0,,1.316,3570795000.0,,,3570795000.0,0.0,381277000.0,0.0,0.029,1.094,458372000.0,839649000.0,0.939,839649000.0,458372000.0,336497000.0,1.3,1.29,1.3,2899755000.0,2860484250.0,2899755000.0,13332103454.0,29.0,15.878,-6796000.0,-0.026,1.0,636579000.0,0.712,0.0,121875000.0,11207099000.0,10610472750.0,0.0,955600000.0,,,3816797000.0,,,9843912454.0,-8482000.0,-185363000.0,210011000.0,-95088000.0,-283168000.0,-201648000.0,-265461000.0,385325000.0,458627000.0,0.0,340383000.0,336661000.0,336661000.0,0.0,16776000.0,0.376,476988000.0,159591000.0,161724000.0,0.842,3.395,29.24,28.9,6543402000.0,3722000.0,37.57,11.003,10.863,0.0,-1584459000.0,894638000.0,894638000.0,0.0,0.047,0.118,0.043,0.512,18017000.0,83668000.0,1.0,262015237.0,258669000,263752000.0,3.459,7663844000.0,0.0,-3886000.0,18786000.0,29.628,
23,UDR,MRT,2015-09-30,2015-09-30,2015-09-30,2021-10-16,-14187000.0,6922730000.0,6887424750.0,,,0.126,11.093,-81593000.0,25043000.0,25043000.0,252117000.0,247748000.0,,1.3,3513234000.0,,,3513234000.0,0.0,367993000.0,0.0,0.031,1.076,351333000.0,719326000.0,0.83,719326000.0,351333000.0,229836000.0,0.92,0.91,0.92,2874359000.0,2819319750.0,2874359000.0,12472335064.0,36.0,17.339,339534000.0,1.31,1.0,614465000.0,0.709,0.0,121497000.0,10410921000.0,10397813750.0,0.0,937419000.0,,,3735354000.0,,,8933834064.0,-13284000.0,-387630000.0,309980000.0,-219542000.0,-276816000.0,-208528000.0,-225883000.0,243340000.0,421127000.0,0.0,239385000.0,235662000.0,235662000.0,0.0,8363000.0,0.272,455381000.0,159084000.0,132338000.0,1.17,3.108,37.91,37.478,5825473000.0,3723000.0,34.48,10.309,10.31,0.0,-1610086000.0,866582000.0,866582000.0,0.0,0.034,0.084,0.034,0.405,28393000.0,76620000.0,1.0,259101916.0,259114000,261207000.0,3.344,6922730000.0,0.0,-9549000.0,32326000.0,26.717,
24,UDR,MRT,2015-06-30,2015-06-30,2015-06-30,2021-10-16,-9190000.0,6939730000.0,6881264250.0,,,0.124,11.083,-214612000.0,25902000.0,25902000.0,251700000.0,276045000.0,,1.327,3564403000.0,,,3564403000.0,0.0,366691000.0,0.0,0.033,1.058,379587000.0,746278000.0,0.876,746278000.0,379587000.0,255235000.0,1.03,1.02,1.03,2857642000.0,2795295000.0,2857642000.0,11782448114.0,31.0,15.788,213481000.0,0.828,1.0,600216000.0,0.705,0.0,124352000.0,10478231000.0,10417010000.0,0.0,930309000.0,,,3790950000.0,,,8295319114.0,-23826000.0,-423439000.0,208588000.0,-188025000.0,-270321000.0,-269114000.0,-182805000.0,455246000.0,428093000.0,0.0,266643000.0,262919000.0,262919000.0,-79000.0,9402000.0,0.309,448249000.0,151967000.0,147183000.0,1.027,2.903,31.551,31.097,5867330000.0,3724000.0,32.03,9.737,9.695,0.0,-1525159000.0,851916000.0,851916000.0,0.0,0.038,0.094,0.036,0.446,23014000.0,71960000.0,1.0,258985923.0,257849000,262806000.0,3.304,6939730000.0,0.0,-11408000.0,18263000.0,26.914,
25,UDR,MRT,2015-03-31,2015-03-31,2015-03-31,2021-10-16,-15445000.0,6858511000.0,6879433000.0,,,0.122,10.942,-252819000.0,29540000.0,29540000.0,249924000.0,217247000.0,,1.329,3516669000.0,,,3516669000.0,0.0,364716000.0,0.0,0.031,1.04,323971000.0,688687000.0,0.82,688687000.0,323971000.0,197601000.0,0.82,0.81,0.82,2810181000.0,2751517750.0,2810181000.0,12351338213.0,38.0,17.935,157981000.0,0.615,1.0,589836000.0,0.702,0.0,126370000.0,10345640000.0,10454964500.0,0.0,779034000.0,,,3735587000.0,,,8805797213.0,-9617000.0,-363651000.0,208639000.0,-133047000.0,-263840000.0,-208985000.0,-211432000.0,405038000.0,410800000.0,0.0,209795000.0,206071000.0,206071000.0,-97000.0,7452000.0,0.245,444309000.0,145527000.0,138986000.0,1.268,3.134,42.732,41.5,5931548000.0,3724000.0,34.03,10.486,10.408,0.0,-1557953000.0,839760000.0,839760000.0,0.0,0.03,0.075,0.031,0.386,18214000.0,70445000.0,1.0,258765713.0,256834000,258662000.0,3.27,6858511000.0,0.0,-12194000.0,21848000.0,26.704,
26,UDR,MRT,2014-12-31,2014-12-31,2014-12-31,2021-10-16,-8855000.0,6828728000.0,6873311000.0,,,0.119,10.874,-353669000.0,37564000.0,37564000.0,248603000.0,159842000.0,,1.393,3565299000.0,,,3565299000.0,0.0,363929000.0,0.0,0.033,1.02,269690000.0,633619000.0,0.775,633619000.0,269690000.0,139236000.0,0.6,0.59,0.6,2735097000.0,2734224750.0,2735097000.0,11455433770.0,42.0,18.079,43634000.0,0.173,1.0,569443000.0,0.696,0.0,130454000.0,10356463000.0,10474366250.0,0.0,732595000.0,,,3810298000.0,,,7865815770.0,-15025000.0,-397484000.0,99849000.0,63497000.0,-256100000.0,-113725000.0,-298603000.0,452550000.0,397303000.0,0.0,154334000.0,150610000.0,150610000.0,-10000.0,5508000.0,0.184,442679000.0,126764000.0,160742000.0,1.7,2.876,52.226,51.367,5948487000.0,3724000.0,30.82,9.615,9.476,0.0,-1528917000.0,818046000.0,818046000.0,0.0,0.022,0.055,0.026,0.33,13954000.0,69938000.0,1.0,255217903.0,251528000,253445000.0,3.252,6828728000.0,0.0,-15098000.0,15978000.0,27.149,
27,UDR,MRT,2014-09-30,2014-09-30,2014-09-30,2021-10-16,-866000.0,6898088000.0,6868059500.0,,,0.117,11.04,-539536000.0,38574000.0,38574000.0,246626000.0,130092000.0,,1.393,3628192000.0,,,3628192000.0,0.0,362337000.0,0.0,0.037,1.0,248643000.0,610980000.0,0.762,610980000.0,248643000.0,117621000.0,0.49,0.49,0.49,2778260000.0,2753362500.0,2778260000.0,10556480908.0,42.0,17.278,-178953000.0,-0.711,1.0,555287000.0,0.692,0.0,131022000.0,10487706000.0,10454845500.0,0.0,668759000.0,,,3869156000.0,,,6858836908.0,3456000.0,-147575000.0,0.0,205520000.0,-248667000.0,-61506000.0,-295621000.0,391490000.0,360583000.0,0.0,125617000.0,121893000.0,121893000.0,-41385000.0,4475000.0,0.152,439823000.0,115464000.0,151720000.0,2.041,2.469,56.269,55.612,6049258000.0,3724000.0,27.25,8.553,8.552,0.0,-1493890000.0,801913000.0,801913000.0,0.0,0.018,0.044,0.024,0.31,9531000.0,69313000.0,1.0,251700437.0,251655000,253732000.0,3.187,6898088000.0,0.0,-7996000.0,29403000.0,27.411,
28,UDR,MRT,2014-06-30,2014-06-30,2014-06-30,2021-10-16,-2305000.0,6932405000.0,6832554000.0,,,0.115,10.719,-437355000.0,50150000.0,50150000.0,243609000.0,91335000.0,,1.485,3747794000.0,,,3747794000.0,0.0,357056000.0,0.0,0.034,0.98,208968000.0,566024000.0,0.72,566024000.0,208968000.0,80094000.0,0.34,0.34,0.34,2682533000.0,2765802250.0,2682533000.0,10787685170.0,52.0,19.059,-83629000.0,-0.334,1.0,542676000.0,0.69,0.0,128874000.0,10630049000.0,10379185750.0,0.0,656936000.0,,,3982421000.0,,,7198461170.0,17781000.0,-109099000.0,0.0,293589000.0,-242082000.0,30925000.0,-366870000.0,179584000.0,353726000.0,0.0,88256000.0,84532000.0,84532000.0,-42190000.0,3079000.0,0.108,426699000.0,115977000.0,158122000.0,2.882,2.683,85.157,84.206,5997529000.0,3724000.0,28.63,9.155,9.112,0.0,-1478814000.0,786285000.0,786285000.0,0.0,0.012,0.031,0.02,0.266,9531000.0,68693000.0,1.0,251430708.0,250255000,252191000.0,3.142,6932405000.0,0.0,-8162000.0,16543000.0,27.701,
29,UDR,MRT,2014-03-31,2014-03-31,2014-03-31,2021-10-16,-3704000.0,6834023000.0,6785338500.0,,,0.114,10.956,-494905000.0,39022000.0,39022000.0,242122000.0,65603000.0,,1.405,3628246000.0,,,3628246000.0,0.0,353256000.0,0.0,0.037,0.96,182772000.0,536028000.0,0.694,536028000.0,182772000.0,54786000.0,0.24,0.24,0.24,2741009000.0,2811762000.0,2741009000.0,9965211600.0,55.0,18.591,-139142000.0,-0.556,1.0,529959000.0,0.686,0.0,127986000.0,10423247000.0,10247770500.0,0.0,602495000.0,,,3851446000.0,,,6494553600.0,8770000.0,56421000.0,0.0,69645000.0,-235739000.0,-188092000.0,-158901000.0,279583000.0,355763000.0,0.0,63441000.0,59717000.0,59717000.0,-43002000.0,2162000.0,0.077,416161000.0,113798000.0,144549000.0,4.0,2.369,108.756,107.625,6035192000.0,3724000.0,25.83,8.412,8.37,0.0,-1414997000.0,772081000.0,772081000.0,0.0,0.009,0.021,0.018,0.237,9531000.0,65625000.0,1.0,251434518.0,250177000,251822000.0,3.086,6834023000.0,0.0,-8655000.0,20173000.0,27.317,
30,UDR,MRT,2013-12-31,2013-12-31,2013-12-31,2021-10-16,-5125000.0,6807722000.0,6799528000.0,,,0.112,11.248,-441918000.0,53045000.0,53045000.0,238084000.0,46282000.0,,1.344,3523703000.0,,,3523703000.0,0.0,348231000.0,0.0,0.04,0.94,163596000.0,511827000.0,0.674,511827000.0,163596000.0,37513000.0,0.16,0.16,0.16,2811648000.0,2859311750.0,2811648000.0,9283760503.0,57.0,18.138,-102016000.0,-0.408,1.0,520842000.0,0.686,0.0,126083000.0,10278380000.0,10231493500.0,0.0,590688000.0,,,3777621000.0,,,5854759503.0,18134000.0,87693000.0,0.0,54879000.0,-231822000.0,-198559000.0,-123209000.0,231016000.0,339902000.0,0.0,44812000.0,41088000.0,41088000.0,-43942000.0,1470000.0,0.054,403922000.0,116920000.0,180589000.0,5.875,2.082,142.493,145.938,5999183000.0,3724000.0,23.35,7.715,7.691,0.0,-1342070000.0,758926000.0,758926000.0,0.0,0.006,0.014,0.016,0.216,9531000.0,62766000.0,1.0,250739165.0,249969000,249969000.0,3.036,6807722000.0,0.0,-7299000.0,13847000.0,27.234,
31,UDR,MRT,2013-09-30,2013-09-30,2013-09-30,2021-10-16,-6608000.0,6756066000.0,6812373250.0,,,0.109,11.313,-466784000.0,34171000.0,34171000.0,231972000.0,-4675000.0,,1.311,3463172000.0,,,3463172000.0,0.0,340847000.0,0.0,0.048,1.14,110253000.0,451100000.0,0.608,451100000.0,110253000.0,-13130000.0,-0.04,-0.04,-0.04,2828019000.0,2904628750.0,2828019000.0,9303427366.0,84.0,20.624,-127989000.0,-0.512,1.0,509641000.0,0.687,0.0,123383000.0,10185067000.0,10220088500.0,0.0,598419000.0,,,3706197000.0,,,5942582366.0,-71228000.0,50204000.0,-98000.0,124565000.0,-227929000.0,-131397000.0,-278626000.0,137954000.0,338795000.0,0.0,-4188000.0,-7912000.0,-7912000.0,-5992000.0,-487000.0,-0.011,401409000.0,108232000.0,160514000.0,-28.5,2.101,-751.085,-592.5,5960393000.0,3724000.0,23.7,8.013,7.989,0.0,-1321202000.0,741613000.0,741613000.0,0.0,-0.001,-0.003,0.011,0.149,0.0,61417000.0,1.0,250741872.0,249985000,251454000.0,2.967,6756066000.0,0.0,-8942000.0,29052000.0,27.026,
32,UDR,MRT,2013-06-30,2013-06-30,2013-06-30,2021-10-16,-7811000.0,6743543000.0,6851082250.0,,,0.107,11.466,-483993000.0,33878000.0,33878000.0,230678000.0,-17586000.0,,1.269,3394723000.0,,,3394723000.0,0.0,344706000.0,0.0,0.044,1.12,98638000.0,443344000.0,0.603,443344000.0,98638000.0,-25651000.0,-0.09,-0.09,-0.09,2866372000.0,2960531500.0,2866372000.0,9858828703.0,100.0,22.237,-136150000.0,-0.545,1.0,504897000.0,0.686,0.0,124289000.0,10104388000.0,10210359000.0,0.0,600035000.0,,,3638595000.0,,,6391470703.0,-175077000.0,48947000.0,-303000.0,53773000.0,-224149000.0,-199926000.0,-322994000.0,112052000.0,347843000.0,0.0,-16407000.0,-20131000.0,-20131000.0,-3975000.0,-1179000.0,-0.027,410436000.0,94461000.0,172962000.0,-12.444,2.23,-317.494,-283.222,5945039000.0,3724000.0,25.49,8.689,8.663,0.0,-1279095000.0,735575000.0,735575000.0,0.0,-0.003,-0.007,0.01,0.134,0.0,59905000.0,1.0,250744241.0,249985000,251406000.0,2.942,6743543000.0,0.0,-9244000.0,14586000.0,26.976,
33,UDR,MRT,2013-03-31,2013-03-31,2013-03-31,2021-10-16,-9499000.0,6890781000.0,6908351750.0,,,0.105,11.729,-428533000.0,31749000.0,31749000.0,228751000.0,133366000.0,,1.274,3499107000.0,,,3499107000.0,0.0,343928000.0,0.0,0.045,1.1,254402000.0,598330000.0,0.824,598330000.0,254402000.0,119374000.0,0.51,0.51,0.51,2931208000.0,3021465000.0,2931208000.0,9425504838.0,37.0,15.753,-104700000.0,-0.419,1.0,497514000.0,0.685,0.0,135028000.0,10358139000.0,10211511250.0,0.0,527590000.0,,,3733058000.0,,,6051847838.0,3563000.0,-69331000.0,555515000.0,-449069000.0,-215191000.0,-232024000.0,-88246000.0,409618000.0,323833000.0,0.0,128753000.0,121329000.0,121329000.0,-182574000.0,4613000.0,0.167,416229000.0,81285000.0,144967000.0,2.157,2.065,49.88,47.431,6174634000.0,7424000.0,24.19,8.333,8.324,0.0,-1210054000.0,726265000.0,726265000.0,0.0,0.018,0.04,0.025,0.35,0.0,63534000.0,1.0,250179737.0,249917000,249917000.0,2.906,6890781000.0,0.0,-9379000.0,11132000.0,27.572,
34,UDR,MRT,2012-12-31,2012-12-31,2012-12-31,2021-10-16,-11257000.0,6859103000.0,6921285250.0,,,0.104,12.53,-399747000.0,35676000.0,35676000.0,225938000.0,220303000.0,,1.217,3409333000.0,,,3409333000.0,0.0,354505000.0,0.0,0.046,1.1,320687000.0,675192000.0,0.942,675192000.0,320687000.0,181895000.0,0.85,0.85,0.85,2992916000.0,2921957750.0,2992916000.0,9183495205.0,29.0,13.601,-72560000.0,-0.304,1.0,490674000.0,0.685,0.0,138792000.0,10232760000.0,10329012250.0,0.0,541637000.0,,,3641853000.0,,,5948248205.0,-388000.0,-341004000.0,756138000.0,-540235000.0,-207470000.0,-115993000.0,-211582000.0,529169000.0,327187000.0,0.0,212177000.0,203376000.0,203376000.0,-266608000.0,8126000.0,0.284,423414000.0,67260000.0,162482000.0,1.294,1.987,29.248,27.976,6131146000.0,8801000.0,23.78,8.301,7.926,0.0,-1143781000.0,716612000.0,716612000.0,0.0,0.029,0.07,0.031,0.448,0.0,63170000.0,1.0,250136594.0,238851000,238851000.0,3.0,6859103000.0,0.0,-30282000.0,14076000.0,28.717,
35,UDR,MRT,2012-09-30,2012-09-30,2012-09-30,2021-10-16,-13073000.0,6910902000.0,6886848000.0,,,0.101,12.215,-334076000.0,107468000.0,107468000.0,233949000.0,281376000.0,,1.187,3342715000.0,,,3342715000.0,0.0,368223000.0,0.0,0.035,0.86,389343000.0,757566000.0,1.084,757566000.0,389343000.0,236501000.0,1.17,1.17,1.17,3051630000.0,2752241250.0,3051630000.0,9346474549.0,24.0,12.338,-15897000.0,-0.064,1.0,464991000.0,0.665,0.0,152842000.0,10146149000.0,10421469000.0,0.0,643336000.0,,,3621902000.0,,,6210098549.0,68895000.0,-482379000.0,771680000.0,-654283000.0,-195950000.0,-219929000.0,-29355000.0,787100000.0,318179000.0,0.0,270975000.0,260797000.0,260797000.0,-341167000.0,10401000.0,0.373,413818000.0,51173000.0,155080000.0,0.735,2.035,23.812,21.214,6008930000.0,10178000.0,24.82,8.885,8.872,0.0,-1082458000.0,698940000.0,698940000.0,0.0,0.038,0.095,0.037,0.557,-7650000.0,54681000.0,1.0,250205421.0,249825000,249825000.0,2.798,6910902000.0,0.0,-34474000.0,26414000.0,27.663,
36,UDR,MRT,2012-06-30,2012-06-30,2012-06-30,2021-10-16,-13604000.0,6972621000.0,6860348250.0,,,0.1,13.289,-293276000.0,208692000.0,208692000.0,224346000.0,277266000.0,,1.162,3345068000.0,,,3345068000.0,0.0,377625000.0,0.0,0.033,0.84,395913000.0,773538000.0,1.133,773538000.0,395913000.0,235300000.0,1.14,1.14,1.14,3110106000.0,2570856750.0,3110106000.0,9792603886.0,25.0,12.659,-5207000.0,-0.022,1.0,458596000.0,0.672,0.0,160613000.0,10108997000.0,10575213000.0,0.0,619507000.0,,,3614381000.0,,,5906975886.0,162478000.0,-1281661000.0,1307257000.0,-400349000.0,-179933000.0,587533000.0,-713124000.0,861813000.0,288069000.0,0.0,266755000.0,255200000.0,255200000.0,-358540000.0,10511000.0,0.374,415668000.0,42928000.0,160106000.0,0.737,1.899,23.146,22.667,5991715000.0,11555000.0,25.84,8.649,8.855,0.0,-1024148000.0,682942000.0,682942000.0,0.0,0.037,0.099,0.037,0.58,-5105000.0,58986000.0,1.0,228598138.0,234031000,234031000.0,2.918,6972621000.0,0.0,-31455000.0,13087000.0,29.794,
37,UDR,MRT,2012-03-31,2012-03-31,2012-03-31,2021-10-16,-13939000.0,6942515000.0,6607637250.0,,,0.099,11.436,-249058000.0,27776000.0,27776000.0,212909000.0,135869000.0,,1.639,3913404000.0,,,3913404000.0,0.0,384281000.0,0.0,0.03,0.81,258749000.0,643030000.0,0.98,643030000.0,258749000.0,102417000.0,0.58,0.58,0.58,2533179000.0,2250048500.0,2533179000.0,9846653321.0,38.0,15.313,24414000.0,0.11,1.0,443331000.0,0.676,0.0,156332000.0,10828143000.0,10452841000.0,0.0,562161000.0,,,4152907000.0,,,5965420321.0,-8134000.0,-1401293000.0,982547000.0,168709000.0,-164110000.0,940572000.0,-1222178000.0,428173000.0,273472000.0,0.0,131054000.0,121628000.0,121628000.0,-228150000.0,4815000.0,0.185,413032000.0,30299000.0,129426000.0,1.397,2.355,49.046,46.052,6189374000.0,9426000.0,26.71,9.09,9.015,0.0,-1126561000.0,656240000.0,656240000.0,0.0,0.018,0.054,0.025,0.394,-2656000.0,60839000.0,1.0,223340334.0,221500000,221500000.0,2.963,6942515000.0,0.0,-28637000.0,16019000.0,31.343,
38,UDR,MRT,2011-12-31,2011-12-31,2011-12-31,2021-10-16,-13902000.0,6721354000.0,6247477750.0,,,0.1,11.496,-203426000.0,37137000.0,37137000.0,202098000.0,20585000.0,,1.8,3918370000.0,,,3918370000.0,0.0,374274000.0,0.0,0.031,0.78,170742000.0,545016000.0,0.874,545016000.0,170742000.0,14376000.0,0.05,0.05,0.05,2314050000.0,2025150750.0,2314050000.0,9454197309.0,55.0,17.347,47985000.0,0.238,1.0,421259000.0,0.676,0.0,156366000.0,10602587000.0,9994209250.0,0.0,213040000.0,,,4166095000.0,,,5497975309.0,3017000.0,-1162535000.0,879754000.0,119567000.0,-150446000.0,806289000.0,-1054683000.0,311278000.0,251411000.0,0.0,20023000.0,10537000.0,10537000.0,-147454000.0,562000.0,0.017,398811000.0,22448000.0,146504000.0,15.6,2.376,521.778,502.0,6242744000.0,9486000.0,25.1,8.82,8.105,0.0,-1142895000.0,623357000.0,623357000.0,0.0,0.002,0.005,0.017,0.274,0.0,64132000.0,1.0,219042841.0,201294000,201294000.0,3.097,6721354000.0,0.0,-5647000.0,13397000.0,33.391,
39,UDR,MRT,2011-09-30,2011-09-30,2011-09-30,2021-10-16,-15427000.0,6804903000.0,5949524250.0,,,0.092,10.879,-185689000.0,33123000.0,33123000.0,160889000.0,-56850000.0,,1.834,3989345000.0,,,3989345000.0,0.0,359051000.0,0.0,0.035,0.77,87297000.0,446348000.0,0.813,446348000.0,87297000.0,-57405000.0,-0.35,-0.35,-0.35,2326092000.0,1848224000.0,2326092000.0,8508153547.0,97.0,19.062,53923000.0,0.252,1.0,388218000.0,0.707,0.0,144702000.0,10761125000.0,9611590250.0,0.0,194976000.0,,,4265344000.0,,,4850421547.0,3375000.0,-1099086000.0,859412000.0,250150000.0,-140456000.0,955453000.0,-1191690000.0,93085000.0,239612000.0,0.0,-54931000.0,-64478000.0,-64478000.0,-73691000.0,-1919000.0,-0.117,364836000.0,23382000.0,156555000.0,-2.2,2.085,-75.226,-63.257,6423164000.0,9547000.0,22.14,8.833,8.621,0.0,-1111356000.0,549107000.0,549107000.0,0.0,-0.011,-0.035,0.009,0.159,9982000.0,73544000.0,1.0,219079564.0,213816000,213816000.0,2.568,6804903000.0,0.0,-2474000.0,28729000.0,31.826,
40,UDR,MRT,2011-06-30,2011-06-30,2011-06-30,2021-10-16,-10285000.0,5961777000.0,5617638000.0,,,0.095,9.591,-154328000.0,41854000.0,41854000.0,160545000.0,-67669000.0,,2.159,3699586000.0,,,3699586000.0,0.0,337130000.0,0.0,0.031,0.75,73236000.0,410366000.0,0.771,410366000.0,73236000.0,-67979000.0,-0.44,-0.44,-0.44,1826873000.0,1684702250.0,1826873000.0,8150806772.0,111.0,19.862,73148000.0,0.384,1.0,371805000.0,0.698,0.0,141215000.0,9619509000.0,9154319500.0,0.0,185204000.0,,,3943820000.0,,,4659067772.0,13560000.0,-638257000.0,688683000.0,-31262000.0,-131549000.0,513707000.0,-727623000.0,64962000.0,227476000.0,0.0,-65446000.0,-75053000.0,-75053000.0,-61488000.0,-2223000.0,-0.141,350732000.0,21073000.0,146833000.0,-1.705,2.55,-62.077,-55.795,5572548000.0,9607000.0,24.55,8.752,8.784,0.0,-1075499000.0,532350000.0,532350000.0,0.0,-0.013,-0.045,0.008,0.138,10508000.0,74246000.0,1.0,189778728.0,190479000,190479000.0,2.795,5961777000.0,0.0,-2533000.0,14525000.0,31.299,
41,UDR,MRT,2011-03-31,2011-03-31,2011-03-31,2021-10-16,-3696000.0,5501877000.0,5397036000.0,,,0.098,8.95,-166929000.0,27047000.0,27047000.0,162514000.0,-110218000.0,,2.29,3518786000.0,,,3518786000.0,0.0,320017000.0,0.0,0.03,0.74,29921000.0,349938000.0,0.663,349938000.0,29921000.0,-109251000.0,-0.68,-0.68,-0.68,1633588000.0,1570356250.0,1633588000.0,7990006562.0,267.0,22.833,53694000.0,0.294,1.0,365049000.0,0.692,0.0,139172000.0,8993616000.0,8867744500.0,0.0,156895000.0,,,3741191000.0,,,4447435562.0,-8228000.0,-477016000.0,488643000.0,906000.0,-126325000.0,354392000.0,-583243000.0,60702000.0,220623000.0,0.0,-106718000.0,-116170000.0,-116170000.0,-13310000.0,-3500000.0,-0.22,338994000.0,26055000.0,128067000.0,-1.088,2.722,-38.284,-35.838,5200271000.0,9452000.0,24.37,8.43,8.432,0.0,-1045117000.0,527563000.0,527563000.0,0.0,-0.022,-0.074,0.003,0.057,11169000.0,71925000.0,1.0,182496330.0,182531000,182531000.0,2.89,5501877000.0,0.0,-2533000.0,17605000.0,30.142,
42,UDR,MRT,2010-12-31,2010-12-31,2010-12-31,2021-10-16,-3469000.0,5529540000.0,5300495750.0,,,0.099,9.685,-170461000.0,24933000.0,24933000.0,163545000.0,-106588000.0,,2.366,3567504000.0,,,3567504000.0,0.0,308289000.0,0.0,0.031,0.73,33292000.0,341581000.0,0.651,341581000.0,33292000.0,-105432000.0,-0.68,-0.68,-0.68,1606343000.0,1514045750.0,1606343000.0,7738547040.0,232.0,22.655,43719000.0,0.264,1.0,361507000.0,0.689,0.0,138724000.0,9072111000.0,8744648500.0,0.0,159723000.0,,,3800453000.0,,,4283863040.0,3501000.0,-473519000.0,467565000.0,35232000.0,-120729000.0,373075000.0,-583754000.0,60226000.0,214180000.0,0.0,-102899000.0,-112362000.0,-112362000.0,-11342000.0,-3689000.0,-0.214,334308000.0,27199000.0,142486000.0,-1.074,2.667,-38.126,-34.588,5243021000.0,9463000.0,23.52,8.159,7.43,0.0,-973864000.0,525052000.0,525052000.0,0.0,-0.021,-0.074,0.004,0.063,11411000.0,71301000.0,1.0,182137034.0,165857000,165857000.0,3.166,5529540000.0,0.0,-2533000.0,14585000.0,33.339,
43,UDR,MRT,2010-09-30,2010-09-30,2010-09-30,2021-10-16,-3741000.0,5477358000.0,5201265000.0,,,0.105,10.109,-198194000.0,24986000.0,24986000.0,174949000.0,-103056000.0,,2.204,3479670000.0,,,3479670000.0,0.0,297321000.0,0.0,0.034,0.72,37002000.0,334323000.0,0.61,334323000.0,37002000.0,-99001000.0,-0.67,-0.67,-0.67,1672005000.0,1461320250.0,1672005000.0,6844555995.0,185.0,20.473,-972000.0,-0.006,1.0,373092000.0,0.681,0.0,136003000.0,8932042000.0,8612706250.0,0.0,66064000.0,,,3684689000.0,,,3450715995.0,-14847000.0,-363181000.0,508028000.0,-27665000.0,-114763000.0,329117000.0,-541186000.0,20189000.0,197222000.0,0.0,-99312000.0,-106332000.0,-106332000.0,-9931000.0,-3744000.0,-0.194,335477000.0,37615000.0,100348000.0,-1.075,2.064,-32.452,-31.522,5292468000.0,7020000.0,21.12,6.296,6.374,0.0,-895069000.0,548041000.0,548041000.0,0.0,-0.02,-0.073,0.004,0.068,10822000.0,72465000.0,1.0,163386174.0,165403000,165403000.0,3.313,5477358000.0,0.0,311000.0,28871000.0,33.115,
44,UDR,MRT,2010-06-30,2010-06-30,2010-06-30,2021-10-16,-3605000.0,5079369000.0,5084489750.0,,,0.108,8.512,-234547000.0,17818000.0,17818000.0,173715000.0,-118206000.0,,2.623,3411658000.0,,,3411658000.0,0.0,291092000.0,0.0,0.038,0.72,20572000.0,311664000.0,0.57,311664000.0,20572000.0,-113211000.0,-0.78,-0.78,-0.78,1369489000.0,1401821000.0,1369489000.0,6487844896.0,315.0,20.817,-27379000.0,-0.17,1.0,373378000.0,0.682,0.0,133783000.0,8473209000.0,8442713000.0,0.0,63155000.0,,,3592507000.0,,,3102328896.0,3091000.0,-55277000.0,176622000.0,59667000.0,-111743000.0,86249000.0,-290326000.0,-502000.0,207168000.0,0.0,-113522000.0,-120974000.0,-120974000.0,-6694000.0,-4684000.0,-0.221,333972000.0,39406000.0,91876000.0,-0.923,2.265,-25.645,-24.526,4915867000.0,7452000.0,19.13,5.671,5.626,0.0,-822057000.0,547093000.0,547093000.0,0.0,-0.024,-0.086,0.002,0.038,9417000.0,68847000.0,1.0,162170878.0,160886000,160886000.0,3.401,5079369000.0,0.0,311000.0,15215000.0,31.571,
45,UDR,MRT,2010-03-31,2010-03-31,2010-03-31,2021-10-16,-1403000.0,5115716000.0,5057372000.0,,,0.11,9.02,-249042000.0,28562000.0,28562000.0,172915000.0,-103226000.0,,2.555,3414078000.0,,,3414078000.0,0.0,286603000.0,0.0,0.048,0.85,35293000.0,321896000.0,0.581,321896000.0,35293000.0,-98648000.0,-0.7,-0.7,-0.7,1408346000.0,1435027000.0,1408346000.0,6164604525.0,175.0,19.151,-49706000.0,-0.318,1.0,381277000.0,0.688,0.0,133941000.0,8501232000.0,8367178000.0,0.0,59033000.0,,,3598565000.0,,,2752879525.0,-17212000.0,-66652000.0,144636000.0,-77978000.0,-130505000.0,-100349000.0,-116199000.0,199495000.0,199336000.0,0.0,-98959000.0,-106864000.0,-106864000.0,-7886000.0,-4267000.0,-0.193,332023000.0,49254000.0,88449000.0,-1.214,1.955,-25.761,-25.2,4938356000.0,7905000.0,17.64,4.967,4.97,0.0,-752226000.0,554192000.0,554192000.0,0.0,-0.021,-0.074,0.004,0.064,8164000.0,67362000.0,1.0,156058930.0,156131000,156131000.0,3.55,5115716000.0,0.0,311000.0,16895000.0,32.766,
46,UDR,MRT,2009-12-31,2009-12-31,2009-12-31,2021-10-16,2000.0,5132617000.0,5074825500.0,,,0.111,9.36,-274829000.0,14864000.0,14864000.0,172902000.0,-91623000.0,,2.605,3426589000.0,,,3426589000.0,0.0,283552000.0,0.0,0.041,0.67,48096000.0,331648000.0,0.59,331648000.0,48096000.0,-87221000.0,-0.64,-0.64,-0.64,1395441000.0,1466584250.0,1395441000.0,5754195454.0,120.0,17.35,-45446000.0,-0.305,1.0,389192000.0,0.692,0.0,135317000.0,8544342000.0,8366920500.0,0.0,59576000.0,,,3634877000.0,,,2512383454.0,-6755000.0,-51775000.0,66751000.0,39715000.0,-144576000.0,-78093000.0,-158045000.0,168559000.0,229383000.0,0.0,-87532000.0,-95858000.0,-95858000.0,-5857000.0,-4091000.0,-0.171,331607000.0,57585000.0,111542000.0,-1.047,1.8,-26.209,-25.688,4963754000.0,8326000.0,16.44,4.47,4.361,0.0,-687180000.0,562094000.0,562094000.0,0.0,-0.019,-0.065,0.006,0.086,7605000.0,67021000.0,1.0,152821378.0,149090000,149090000.0,3.77,5132617000.0,0.0,311000.0,16976000.0,34.426,
47,UDR,MRT,2009-09-30,2009-09-30,2009-09-30,2021-10-16,-2714000.0,5010257000.0,5077622500.0,,,0.121,9.56,-294496000.0,33234000.0,33234000.0,189105000.0,-83697000.0,,2.422,3275046000.0,,,3275046000.0,0.0,284821000.0,0.0,0.113,1.78,73731000.0,358552000.0,0.582,358552000.0,73731000.0,-72207000.0,-0.27,-0.27,-0.27,1434008000.0,1471721250.0,1434008000.0,5569945137.0,76.0,15.535,-63782000.0,-0.425,1.0,426741000.0,0.693,0.0,145938000.0,8252069000.0,8326953000.0,0.0,97918000.0,,,3473626000.0,,,2369774137.0,22093000.0,-79454000.0,215610000.0,-39144000.0,-155116000.0,-5696000.0,-202925000.0,171025000.0,230714000.0,0.0,-78001000.0,-89201000.0,-89201000.0,-2846000.0,-5696000.0,-0.145,361494000.0,65247000.0,87370000.0,-6.593,1.653,-26.567,-58.296,4784582000.0,11200000.0,15.74,3.848,3.834,0.0,-628445000.0,615846000.0,615846000.0,0.0,-0.018,-0.061,0.009,0.12,7540000.0,67083000.0,1.0,150557442.0,150000000,150000000.0,4.106,5010257000.0,0.0,5794000.0,32500000.0,33.402,
48,UDR,MRT,2009-06-30,2009-06-30,2009-06-30,2021-10-16,-5112000.0,4970898000.0,5100111250.0,,,0.122,10.053,-310501000.0,13778000.0,13778000.0,189021000.0,-54306000.0,,2.263,3213949000.0,,,3213949000.0,0.0,280959000.0,0.0,0.187,1.93,106915000.0,387874000.0,0.624,387874000.0,106915000.0,-44974000.0,-0.07,-0.07,-0.07,1502313000.0,1475563500.0,1502313000.0,4868929296.0,46.0,12.553,-89503000.0,-0.599,1.0,432825000.0,0.696,0.0,151889000.0,8171069000.0,8373388250.0,0.0,104754000.0,,,3399848000.0,,,1554257296.0,3571000.0,-308143000.0,175128000.0,14541000.0,-170228000.0,-29548000.0,-187879000.0,198970000.0,220998000.0,0.0,-49939000.0,-58203000.0,-58203000.0,-8782000.0,-4367000.0,-0.094,355666000.0,77159000.0,88839000.0,-27.571,1.035,-26.704,-147.571,4753957000.0,8264000.0,10.33,2.499,2.483,0.0,-522945000.0,621846000.0,621846000.0,0.0,-0.011,-0.039,0.013,0.172,7686000.0,68198000.0,1.0,150460532.0,149444000,149444000.0,4.161,4970898000.0,0.0,4965000.0,18665000.0,33.263,
49,UDR,MRT,2009-03-31,2009-03-31,2009-03-31,2021-10-16,-11055000.0,5185530000.0,5116423250.0,,,0.12,10.644,-313121000.0,45749000.0,45749000.0,184635000.0,-42011000.0,,2.332,3360421000.0,,,3360421000.0,0.0,273865000.0,0.0,0.226,1.95,117286000.0,391151000.0,0.638,391151000.0,117286000.0,-37242000.0,0.0,0.0,0.0,1534575000.0,1482299500.0,1534575000.0,4534892658.0,39.0,11.594,-84244000.0,-0.584,1.0,428054000.0,0.699,0.0,154528000.0,8500202000.0,8392061750.0,0.0,286848000.0,,,3578276000.0,,,1281311658.0,-23055000.0,-426646000.0,146954000.0,193357000.0,-165121000.0,122097000.0,-374029000.0,17441000.0,228877000.0,0.0,-38558000.0,-47231000.0,-47231000.0,-20045000.0,-3453000.0,-0.077,348566000.0,79488000.0,116861000.0,,0.835,-27.129,,4756342000.0,8673000.0,8.61,2.091,2.026,0.0,-470520000.0,612689000.0,612689000.0,0.0,-0.009,-0.032,0.014,0.191,7619000.0,69176000.0,1.0,148816685.0,144176000,144176000.0,4.25,5185530000.0,0.0,1316000.0,19141000.0,35.967,
50,UDR,MRT,2008-12-31,2008-12-31,2008-12-31,2021-10-16,-11927000.0,5143805000.0,5087592000.0,,,0.116,10.874,-306557000.0,20466000.0,20466000.0,174570000.0,743867000.0,,2.554,3261133000.0,,,3261133000.0,0.0,256850000.0,0.0,0.165,2.28,856315000.0,1113165000.0,1.892,1113165000.0,856315000.0,697790000.0,5.29,5.29,5.29,1415989000.0,1497819500.0,1415989000.0,5215531246.0,6.0,4.685,-126803000.0,-0.974,1.0,413693000.0,0.703,0.0,158525000.0,8384472000.0,8312057000.0,0.0,254498000.0,,,3616374000.0,,,1877933246.0,9521000.0,-939628000.0,46382000.0,-299550000.0,-166983000.0,-472537000.0,302304000.0,1492272000.0,179754000.0,0.0,697790000.0,688708000.0,688708000.0,-807069000.0,46077000.0,1.171,330265000.0,83428000.0,261584000.0,0.431,1.326,2.727,2.607,4753064000.0,9082000.0,13.79,3.192,3.053,0.0,-448737000.0,588263000.0,588263000.0,0.0,0.135,0.46,0.103,1.456,7024000.0,68781000.0,1.0,136180801.0,130219000,130219000.0,4.517,5143805000.0,0.0,0.0,14035000.0,39.501,
51,UDR,MRT,2008-09-30,2008-09-30,2008-09-30,2021-10-16,637000.0,5100212000.0,5001921000.0,,,0.11,10.554,-300589000.0,12931000.0,12931000.0,167326000.0,871098000.0,,2.45,3350529000.0,,,3350529000.0,0.0,248654000.0,0.0,0.05,1.32,947959000.0,1196613000.0,2.166,1196613000.0,947959000.0,788046000.0,5.65,5.65,5.65,1449377000.0,1398670250.0,1449377000.0,6557630762.0,7.0,5.48,-87693000.0,-0.639,1.0,385179000.0,0.697,0.0,159913000.0,8437810000.0,8289871750.0,0.0,254309000.0,,,3550508000.0,,,3348013762.0,508000.0,-1164928000.0,-164224000.0,-176703000.0,-173347000.0,-559989000.0,347601000.0,1813118000.0,212896000.0,0.0,810899000.0,801433000.0,801433000.0,-833272000.0,60199000.0,1.451,314017000.0,71162000.0,84290000.0,0.234,2.31,4.178,4.628,4716159000.0,9466000.0,26.15,6.06,6.5,0.0,-198951000.0,552505000.0,552505000.0,0.0,0.16,0.573,0.114,1.716,7003000.0,69775000.0,1.0,128031119.0,137329000,137329000.0,4.023,5100212000.0,0.0,-22853000.0,28836000.0,37.139,
52,UDR,MRT,2008-06-30,2008-06-30,2008-06-30,2021-10-16,772000.0,5036146000.0,4895517500.0,,,0.108,11.084,-288173000.0,9927000.0,9927000.0,159596000.0,960291000.0,,2.225,3219544000.0,,,3219544000.0,0.0,247589000.0,0.0,0.059,1.32,1039841000.0,1287430000.0,2.431,1287430000.0,1039841000.0,877618000.0,6.28,6.28,6.28,1529257000.0,1283252500.0,1529257000.0,5979821708.0,6.0,4.645,-54081000.0,-0.392,1.0,370013000.0,0.699,0.0,162223000.0,8245763000.0,8206666500.0,0.0,272953000.0,,,3403233000.0,,,2869843708.0,-1516000.0,-987921000.0,-174982000.0,-446536000.0,-175576000.0,-821737000.0,586129000.0,2068238000.0,234092000.0,0.0,899642000.0,886780000.0,886780000.0,-917895000.0,60649000.0,1.674,292755000.0,77258000.0,84476000.0,0.21,1.877,3.236,3.564,4415171000.0,12862000.0,22.38,5.419,5.83,0.0,-148608000.0,529609000.0,529609000.0,0.0,0.181,0.691,0.127,1.963,9890000.0,67929000.0,1.0,128232516.0,137969000,137969000.0,3.839,5036146000.0,0.0,-22024000.0,16246000.0,36.502,
53,UDR,MRT,2008-03-31,2008-03-31,2008-03-31,2021-10-16,-3081000.0,5070205000.0,4837360250.0,,,0.105,11.201,-293063000.0,69269000.0,69269000.0,154574000.0,967352000.0,,2.108,3179247000.0,,,3179247000.0,0.0,249388000.0,0.0,0.054,1.32,1051078000.0,1300466000.0,2.549,1300466000.0,1051078000.0,888640000.0,6.32,6.32,6.32,1596655000.0,1144160500.0,1596655000.0,6762843239.0,6.0,5.2,-37693000.0,-0.264,1.0,355625000.0,0.697,0.0,162438000.0,8180183000.0,8242649250.0,0.0,267608000.0,,,3366001000.0,,,3269681239.0,58511000.0,-914280000.0,-177737000.0,-397404000.0,-177652000.0,-782422000.0,585563000.0,2115830000.0,255370000.0,0.0,907015000.0,891477000.0,891477000.0,-923852000.0,60337000.0,1.747,275817000.0,79808000.0,85877000.0,0.209,2.048,3.668,3.88,4288095000.0,15538000.0,24.52,6.409,6.851,0.0,-103799000.0,510199000.0,510199000.0,0.0,0.184,0.779,0.128,2.06,8100000.0,66622000.0,1.0,133347522.0,142547000,142547000.0,3.579,5070205000.0,0.0,-18375000.0,15209000.0,35.569,
54,UDR,MRT,2007-12-31,2007-12-31,2007-12-31,2021-10-16,-814000.0,4801121000.0,4756057750.0,,,0.106,7.606,-300434000.0,8066000.0,8066000.0,155563000.0,226730000.0,,3.649,3502676000.0,,,3502676000.0,0.0,261038000.0,0.0,0.065,1.3,359677000.0,620715000.0,1.227,620715000.0,359677000.0,198019000.0,1.48,1.48,1.48,1019392000.0,1006256250.0,1019392000.0,6093743888.0,17.0,9.817,-31153000.0,-0.232,1.0,350375000.0,0.693,0.0,161658000.0,8295731000.0,8249557000.0,0.0,60919000.0,,,3719680000.0,,,2663352888.0,1076000.0,-468495000.0,-75415000.0,103246000.0,-175923000.0,-178105000.0,-90100000.0,735046000.0,269281000.0,0.0,215129000.0,198958000.0,198958000.0,-182070000.0,11601000.0,0.393,266697000.0,83678000.0,101222000.0,0.878,2.613,13.387,13.412,4584722000.0,16171000.0,19.85,5.264,5.258,0.0,-916280000.0,505938000.0,505938000.0,0.0,0.042,0.198,0.044,0.711,6356000.0,66367000.0,1.0,134173949.0,134016000,134016000.0,3.775,4801121000.0,0.0,-17110000.0,8922000.0,35.825,
55,UDR,MRT,2007-09-30,2007-09-30,2007-09-30,2021-10-16,0.0,4674598000.0,4724746250.0,,,0.076,7.379,-340398000.0,8236000.0,8236000.0,98907000.0,142417000.0,,3.673,3438627000.0,,,3438627000.0,0.0,260975000.0,0.0,0.053,1.28,295381000.0,556356000.0,1.551,556356000.0,295381000.0,134149000.0,0.87,0.87,0.87,987706000.0,1015222000.0,987706000.0,6863128268.0,23.0,12.336,-71890000.0,-0.537,1.0,259691000.0,0.724,0.0,161232000.0,8104989000.0,8177353000.0,0.0,34931000.0,,,3627645000.0,,,3276951268.0,-26395000.0,-249238000.0,-48371000.0,49841000.0,-173885000.0,-205291000.0,-89612000.0,500024000.0,268508000.0,0.0,142417000.0,125587000.0,125587000.0,-228938000.0,0.0,0.35,199086000.0,60605000.0,88745000.0,1.471,3.318,26.093,27.954,4530415000.0,16830000.0,24.32,9.138,9.078,0.0,-840113000.0,358598000.0,358598000.0,0.0,0.027,0.124,0.036,0.824,1532000.0,54074000.0,1.0,134743062.0,133854000,133854000.0,2.679,4674598000.0,0.0,-8268000.0,40449000.0,34.923,
56,UDR,MRT,2007-06-30,2007-06-30,2007-06-30,2021-10-16,0.0,4803517000.0,4726663250.0,,,0.084,7.221,-347475000.0,8187000.0,8187000.0,114365000.0,122940000.0,,3.878,3594364000.0,,,3594364000.0,0.0,258033000.0,0.0,0.048,1.26,280802000.0,538835000.0,1.362,538835000.0,280802000.0,114672000.0,0.73,0.73,0.73,972889000.0,1038151500.0,972889000.0,7036284423.0,25.0,13.058,-88737000.0,-0.659,1.0,281386000.0,0.711,0.0,166130000.0,8389694000.0,8146298250.0,0.0,34680000.0,,,3772724000.0,,,3573465423.0,-3362000.0,-251882000.0,-29150000.0,114634000.0,-171505000.0,-121873000.0,-140227000.0,484114000.0,258738000.0,0.0,122940000.0,105528000.0,105528000.0,-203824000.0,0.0,0.267,210439000.0,70947000.0,92298000.0,1.726,3.673,33.863,36.027,4643769000.0,17412000.0,26.3,9.03,8.953,0.0,-871469000.0,395751000.0,395751000.0,0.0,0.022,0.102,0.034,0.71,0.0,56093000.0,1.0,135873210.0,134727000,134727000.0,2.937,4803517000.0,0.0,-8268000.0,25119000.0,35.654,
57,UDR,MRT,2007-03-31,2007-03-31,2007-03-31,2021-10-16,0.0,4744995000.0,4705492000.0,,,0.092,7.769,-328089000.0,7844000.0,7844000.0,130639000.0,148428000.0,,3.478,3470663000.0,,,3470663000.0,0.0,252513000.0,0.0,0.04,1.24,314490000.0,567003000.0,1.305,567003000.0,314490000.0,140160000.0,0.93,0.93,0.93,1045038000.0,1061261750.0,1045038000.0,7481426461.0,24.0,13.195,-86080000.0,-0.64,1.0,303798000.0,0.699,0.0,174330000.0,8207814000.0,8076223750.0,0.0,33848000.0,,,3634742000.0,,,4150386461.0,-34660000.0,-426508000.0,2753000.0,167387000.0,-168814000.0,-40867000.0,-235802000.0,543372000.0,242009000.0,0.0,148428000.0,133059000.0,133059000.0,-223096000.0,0.0,0.306,217994000.0,85804000.0,86787000.0,1.333,3.972,31.192,32.925,4595637000.0,15369000.0,30.62,9.553,9.481,0.0,-827724000.0,434437000.0,434437000.0,0.0,0.028,0.125,0.039,0.724,-1210000.0,56794000.0,1.0,135544953.0,134511000,134511000.0,3.23,4744995000.0,0.0,-8268000.0,21213000.0,35.276,
58,UDR,MRT,2006-12-31,2006-12-31,2006-12-31,2021-10-16,0.0,4675875000.0,4651953750.0,,,0.101,7.288,-321035000.0,7745000.0,7745000.0,147995000.0,128605000.0,,3.347,3338785000.0,,,3338785000.0,0.0,246934000.0,0.0,0.039,1.23,299412000.0,546346000.0,1.16,546346000.0,299412000.0,120337000.0,0.78,0.78,0.78,1055255000.0,1069578000.0,1055255000.0,7580365605.0,25.0,13.875,-83154000.0,-0.574,1.0,323101000.0,0.686,0.0,179075000.0,8006915000.0,7950235750.0,0.0,16350000.0,,,3531787000.0,,,4281861605.0,-13400000.0,-376783000.0,5303000.0,110788000.0,-166785000.0,-93040000.0,-158241000.0,538781000.0,237881000.0,0.0,128605000.0,113235000.0,113235000.0,-197363000.0,0.0,0.24,226343000.0,96758000.0,99828000.0,1.577,4.058,37.814,40.756,4566395000.0,15370000.0,31.79,9.089,9.77,0.0,-810875000.0,471096000.0,471096000.0,0.0,0.024,0.106,0.038,0.636,0.0,57093000.0,1.0,134692092.0,144785000,144785000.0,3.254,4675875000.0,0.0,-8268000.0,12212000.0,32.295,
59,UDR,MRT,2006-09-30,2006-09-30,2006-09-30,2021-10-16,0.0,4682266000.0,4618383250.0,,,0.099,8.073,-279729000.0,34339000.0,34339000.0,140408000.0,176191000.0,,3.258,3332843000.0,,,3332843000.0,0.0,238537000.0,0.0,0.04,1.22,354272000.0,592809000.0,1.295,592809000.0,354272000.0,176191000.0,1.2,1.2,1.2,1079424000.0,1082695250.0,1079424000.0,7456400630.0,21.0,12.578,-37555000.0,-0.281,1.0,317385000.0,0.693,0.0,178081000.0,7980770000.0,7868818000.0,0.0,10000000.0,,,3516503000.0,,,4065836630.0,23268000.0,-446420000.0,-69032000.0,194183000.0,-165127000.0,-80902000.0,-138004000.0,587349000.0,242174000.0,0.0,176191000.0,160822000.0,160822000.0,-256061000.0,0.0,0.351,225200000.0,92185000.0,98358000.0,1.017,3.767,25.282,25.167,4550850000.0,15369000.0,30.2,8.881,8.821,0.0,-789933000.0,457793000.0,457793000.0,0.0,0.035,0.149,0.045,0.774,6106000.0,61361000.0,1.0,134630352.0,133712000,133712000.0,3.424,4682266000.0,0.0,0.0,37559000.0,35.018,
60,UDR,MRT,2006-06-30,2006-06-30,2006-06-30,2021-10-16,0.0,4718832000.0,4567924000.0,,,0.098,7.969,-254604000.0,11302000.0,11302000.0,139424000.0,131974000.0,,3.355,3401866000.0,,,3401866000.0,0.0,229583000.0,0.0,0.043,1.21,304573000.0,534156000.0,1.197,534156000.0,304573000.0,131974000.0,0.86,0.86,0.86,1065330000.0,1100798000.0,1065330000.0,6934229073.0,23.0,12.982,-20038000.0,-0.15,1.0,306763000.0,0.688,0.0,172599000.0,8109396000.0,7755390000.0,0.0,13960000.0,,,3573696000.0,,,3761209073.0,123000.0,-495484000.0,-68695000.0,390050000.0,-164206000.0,117539000.0,-351982000.0,398106000.0,234566000.0,0.0,131974000.0,116605000.0,116605000.0,-205974000.0,0.0,0.261,213766000.0,92997000.0,91435000.0,1.407,3.531,32.256,32.57,4607936000.0,15369000.0,28.01,8.43,8.392,0.0,-803354000.0,446187000.0,446187000.0,0.0,0.026,0.106,0.039,0.683,2939000.0,58808000.0,1.0,134280938.0,133676000,133676000.0,3.338,4718832000.0,0.0,0.0,25023000.0,35.301,
61,UDR,MRT,2006-03-31,2006-03-31,2006-03-31,2021-10-16,0.0,4530842000.0,4479026250.0,,,0.098,8.072,-232491000.0,41145000.0,41145000.0,138052000.0,152231000.0,,3.127,3214165000.0,,,3214165000.0,0.0,222237000.0,0.0,0.042,1.2,317234000.0,539471000.0,1.233,539471000.0,317234000.0,152231000.0,1.01,1.01,1.01,1078303000.0,1129455250.0,1078303000.0,6972188395.0,22.0,12.924,-2458000.0,-0.018,1.0,299644000.0,0.685,0.0,165003000.0,7703862000.0,7545002750.0,0.0,36120000.0,,,3371393000.0,,,3832537395.0,34675000.0,-310255000.0,-66772000.0,232006000.0,-163210000.0,-26585000.0,-168773000.0,361667000.0,230033000.0,0.0,152231000.0,136862000.0,136862000.0,-218096000.0,0.0,0.313,205529000.0,94115000.0,79830000.0,1.188,3.554,28.003,28.257,4390654000.0,15369000.0,28.54,8.756,8.711,0.0,-789529000.0,437696000.0,437696000.0,0.0,0.031,0.121,0.042,0.725,3124000.0,56892000.0,1.0,134286524.0,133589000,133589000.0,3.276,4530842000.0,0.0,0.0,21208000.0,33.916,
62,UDR,MRT,2005-12-31,2005-12-31,2005-12-31,2021-10-16,0.0,4541593000.0,4434819750.0,,,0.096,8.136,-208674000.0,20126000.0,20126000.0,129554000.0,155166000.0,,3.024,3159777000.0,,,3159777000.0,0.0,215192000.0,0.0,0.051,1.19,314599000.0,529791000.0,1.239,529791000.0,314599000.0,155166000.0,1.03,1.03,1.03,1107724000.0,1152061500.0,1107724000.0,6262239282.0,20.0,11.82,39512000.0,0.29,1.0,298148000.0,0.697,0.0,159433000.0,7681244000.0,7440924250.0,0.0,64805000.0,,,3350050000.0,,,3215610282.0,7639000.0,-413286000.0,-68908000.0,238878000.0,-163001000.0,-21530000.0,-219017000.0,373598000.0,248186000.0,0.0,155166000.0,139796000.0,139796000.0,-214126000.0,0.0,0.327,195552000.0,102596000.0,98475000.0,1.155,2.903,23.002,22.757,4388595000.0,15370000.0,23.44,7.518,7.461,0.0,-755702000.0,427702000.0,427702000.0,0.0,0.032,0.121,0.042,0.736,2939000.0,56975000.0,1.0,137184739.0,136143000,136143000.0,3.142,4541593000.0,0.0,0.0,22413000.0,33.359,
63,UDR,MRT,2005-09-30,2005-09-30,2005-09-30,2021-10-16,0.0,4480429000.0,4382421750.0,,,0.134,8.445,-171049000.0,9898000.0,9898000.0,198302000.0,108031000.0,,2.823,3056527000.0,,,3056527000.0,0.0,209314000.0,0.0,0.05,1.18,261492000.0,470806000.0,0.804,470806000.0,261492000.0,108031000.0,0.67,0.68,0.67,1151835000.0,1173993250.0,1151835000.0,6155593610.0,24.0,13.075,77221000.0,0.566,1.0,387132000.0,0.661,0.0,153461000.0,7527058000.0,7320111500.0,0.0,95821000.0,,,3252133000.0,,,3250987610.0,3492000.0,-654517000.0,100126000.0,300208000.0,-159670000.0,210342000.0,-455120000.0,358140000.0,248270000.0,0.0,108031000.0,91203000.0,91203000.0,-116003000.0,0.0,0.156,236513000.0,150619000.0,95721000.0,1.761,2.822,35.646,35.373,4300217000.0,16828000.0,23.7,5.553,5.522,0.0,-784307000.0,585434000.0,585434000.0,0.0,0.021,0.078,0.036,0.447,2780000.0,61772000.0,1.0,137172473.0,136392000,136392000.0,4.292,4480429000.0,0.0,0.0,36679000.0,32.85,
64,UDR,MRT,2005-06-30,2005-06-30,2005-06-30,2021-10-16,0.0,4363241000.0,4235101500.0,,,0.134,8.667,-137409000.0,21881000.0,21881000.0,193158000.0,120712000.0,,2.631,2926487000.0,,,2926487000.0,0.0,200918000.0,0.0,0.049,1.17,262367000.0,463285000.0,0.814,463285000.0,262367000.0,120712000.0,0.76,0.77,0.76,1179959000.0,1165061250.0,1179959000.0,6226926734.0,24.0,13.441,118279000.0,0.869,1.0,375639000.0,0.66,0.0,141655000.0,7267847000.0,7038954500.0,0.0,5363000.0,,,3104087000.0,,,3293394734.0,5414000.0,-785550000.0,99637000.0,376709000.0,-154766000.0,289962000.0,-540236000.0,368078000.0,255688000.0,0.0,120712000.0,101070000.0,101070000.0,-124127000.0,0.0,0.178,232102000.0,143537000.0,96226000.0,1.539,2.791,32.585,31.645,4260174000.0,19642000.0,24.05,5.79,5.757,0.0,-754438000.0,568797000.0,568797000.0,0.0,0.024,0.087,0.037,0.461,2780000.0,59904000.0,1.0,136939490.0,136150000,136150000.0,4.178,4363241000.0,0.0,0.0,24683000.0,32.047,
65,UDR,MRT,2005-03-31,2005-03-31,2005-03-31,2021-10-16,0.0,4354016000.0,4054534250.0,,,0.136,8.589,-123621000.0,7582000.0,7582000.0,189173000.0,96782000.0,,2.657,2941114000.0,,,2941114000.0,0.0,192619000.0,0.0,0.056,1.16,228687000.0,421306000.0,0.762,421306000.0,228687000.0,96782000.0,0.57,0.58,0.57,1168728000.0,1152313750.0,1168728000.0,5725680209.0,25.0,13.59,140241000.0,1.031,1.0,363907000.0,0.658,0.0,131905000.0,7287548000.0,6697283500.0,0.0,5436000.0,,,3105346000.0,,,2859688209.0,-312000.0,-805426000.0,97416000.0,414437000.0,-151088000.0,328183000.0,-592357000.0,324110000.0,263862000.0,0.0,96782000.0,74326000.0,74326000.0,-92147000.0,0.0,0.134,221766000.0,142141000.0,92745000.0,2.035,2.447,38.475,36.614,4279665000.0,22456000.0,20.87,5.17,5.134,0.0,-761905000.0,553080000.0,553080000.0,0.0,0.018,0.065,0.034,0.413,3805000.0,58695000.0,1.0,137023872.0,136067000,137073000.0,4.065,4354016000.0,0.0,0.0,19330000.0,31.999,
66,UDR,MRT,2004-12-31,2004-12-31,2004-12-31,2021-10-16,0.0,4332001000.0,3867332250.0,,,0.133,9.332,-103099000.0,13990000.0,13990000.0,181458000.0,97152000.0,,2.554,2879982000.0,,,2879982000.0,0.0,184088000.0,0.0,0.046,1.15,219176000.0,403264000.0,0.781,403264000.0,219176000.0,97152000.0,0.56,0.56,0.56,1195451000.0,1145576000.0,1195451000.0,5798114883.0,26.0,14.378,148648000.0,1.16,1.0,334613000.0,0.648,0.0,122024000.0,7197993000.0,6333060000.0,0.0,5458000.0,,,3052957000.0,,,3286832883.0,3080000.0,-755966000.0,99411000.0,428716000.0,-147387000.0,347299000.0,-595966000.0,265691000.0,251747000.0,0.0,97152000.0,71892000.0,71892000.0,-90176000.0,0.0,0.139,206661000.0,127952000.0,94381000.0,2.054,2.749,45.719,44.286,4235409000.0,25260000.0,24.8,6.369,6.156,0.0,-731808000.0,516071000.0,516071000.0,0.0,0.019,0.063,0.035,0.425,2780000.0,55101000.0,1.0,132533584.0,128097000,128097000.0,4.029,4332001000.0,0.0,0.0,28380000.0,33.818,
67,UDR,MRT,2004-09-30,2004-09-30,2004-09-30,2021-10-16,0.0,3891148000.0,3670242750.0,,,0.142,8.776,-82150000.0,8442000.0,8442000.0,178647000.0,92674000.0,,2.409,2519724000.0,,,2519724000.0,0.0,177391000.0,0.0,0.057,1.14,207729000.0,385120000.0,0.741,385120000.0,207729000.0,92674000.0,0.54,0.54,0.54,1116107000.0,1137572250.0,1116107000.0,4796530691.0,23.0,12.455,162102000.0,1.275,1.0,341249000.0,0.656,0.0,115055000.0,6402430000.0,5949390750.0,0.0,16211000.0,,,2688204000.0,,,2536339691.0,-10952000.0,-566947000.0,17167000.0,389407000.0,-144363000.0,220126000.0,-475330000.0,159320000.0,244252000.0,0.0,92674000.0,66048000.0,66048000.0,-73696000.0,0.0,0.127,208436000.0,132813000.0,88360000.0,2.111,2.272,38.401,36.722,3803636000.0,26626000.0,19.83,4.879,4.851,0.0,-712115000.0,519896000.0,519896000.0,0.0,0.018,0.058,0.035,0.4,0.0,53175000.0,1.0,127904170.0,127182000,127182000.0,4.088,3891148000.0,0.0,0.0,34992000.0,30.595,
68,UDR,MRT,2004-06-30,2004-06-30,2004-06-30,2021-10-16,0.0,3640972000.0,3550879750.0,,,0.146,8.879,-77735000.0,7117000.0,7117000.0,177721000.0,85302000.0,,2.145,2267308000.0,,,2267308000.0,0.0,173965000.0,0.0,0.057,1.13,198421000.0,372386000.0,0.718,372386000.0,198421000.0,85302000.0,0.38,0.38,0.38,1128969000.0,1150666500.0,1128969000.0,4754852546.0,24.0,12.769,163165000.0,1.283,1.0,340948000.0,0.657,0.0,113119000.0,5901163000.0,5699402500.0,0.0,45395000.0,,,2422190000.0,,,2529406546.0,-874000.0,-322733000.0,91940000.0,112027000.0,-141173000.0,21827000.0,-263601000.0,139206000.0,240900000.0,0.0,85302000.0,46130000.0,46130000.0,-60255000.0,0.0,0.089,202294000.0,138654000.0,81772000.0,2.974,2.24,54.832,52.053,3532509000.0,39172000.0,19.78,4.877,4.849,0.0,-695840000.0,518669000.0,518669000.0,0.0,0.013,0.04,0.035,0.383,0.0,54887000.0,1.0,127876974.0,127150000,128065000.0,4.079,3640972000.0,0.0,0.0,24274000.0,28.635,
69,UDR,MRT,2004-03-31,2004-03-31,2004-03-31,2021-10-16,-930000.0,3605208000.0,3502221250.0,,,0.149,8.992,-72304000.0,9441000.0,9441000.0,177270000.0,72275000.0,,2.078,2234887000.0,,,2234887000.0,0.0,170431000.0,0.0,0.057,1.12,185905000.0,356336000.0,0.684,356336000.0,185905000.0,72275000.0,0.23,0.23,0.23,1141777000.0,1145798000.0,1141777000.0,4619695779.0,25.0,12.964,163832000.0,1.29,1.0,343820000.0,0.66,0.0,113630000.0,5830654000.0,5610459000.0,0.0,1206000.0,,,2372057000.0,,,2500022779.0,-2540000.0,-383296000.0,148521000.0,163578000.0,-134905000.0,135209000.0,-373885000.0,94295000.0,236136000.0,0.0,72275000.0,26977000.0,26977000.0,-43844000.0,0.0,0.052,201304000.0,142516000.0,78634000.0,4.87,2.19,92.672,85.304,3525530000.0,45298000.0,19.62,4.798,4.781,0.0,-680277000.0,521090000.0,521090000.0,0.0,0.008,0.024,0.033,0.357,0.0,55716000.0,1.0,127422160.0,126984000,127953000.0,4.104,3605208000.0,0.0,0.0,18166000.0,28.391,
70,UDR,MRT,2003-12-31,2003-12-31,2003-12-31,2021-10-16,-1862000.0,3543643000.0,3413730750.0,,,0.15,10.146,-68644000.0,12364000.0,12364000.0,172373000.0,70404000.0,,1.965,2132037000.0,,,2132037000.0,0.0,166637000.0,0.0,0.058,1.12,186698000.0,353335000.0,0.692,353335000.0,186698000.0,70404000.0,0.22,0.22,0.22,1163436000.0,1114163250.0,1163436000.0,4307827426.0,23.0,12.192,166301000.0,1.45,1.0,338250000.0,0.662,0.0,116294000.0,5663316000.0,5470610000.0,0.0,14673000.0,,,2286001000.0,,,2319046426.0,1672000.0,-314739000.0,180397000.0,61852000.0,-128188000.0,70944000.0,-304217000.0,93613000.0,234945000.0,0.0,70404000.0,24807000.0,24807000.0,-46216000.0,0.0,0.049,197259000.0,140991000.0,85372000.0,5.091,1.993,93.484,87.273,3454921000.0,45597000.0,19.2,4.542,4.312,0.0,-651497000.0,510623000.0,510623000.0,0.0,0.007,0.022,0.034,0.366,0.0,56040000.0,1.0,120783668.0,114672000,114672000.0,4.453,3543643000.0,0.0,0.0,29776000.0,30.902,
71,UDR,MRT,2003-09-30,2003-09-30,2003-09-30,2021-10-16,-2799000.0,3413696000.0,3346854000.0,,,0.155,10.043,-76418000.0,19946000.0,19946000.0,174454000.0,56472000.0,,1.846,2008727000.0,,,2008727000.0,0.0,164167000.0,0.0,0.061,1.12,175541000.0,339708000.0,0.655,339708000.0,175541000.0,56472000.0,0.09,0.09,0.09,1168484000.0,1073622000.0,1168484000.0,4223765610.0,24.0,12.434,139931000.0,1.203,1.0,344069000.0,0.664,0.0,119069000.0,5402477000.0,5384493750.0,0.0,2214000.0,,,2156997000.0,,,2124714610.0,5991000.0,-210249000.0,161152000.0,-8928000.0,-123496000.0,-6546000.0,-203812000.0,90122000.0,216349000.0,0.0,56472000.0,10665000.0,10665000.0,-34996000.0,0.0,0.021,197222000.0,146847000.0,79848000.0,12.444,1.818,199.223,203.444,3317641000.0,45807000.0,18.31,4.098,4.109,0.0,-629441000.0,518523000.0,518523000.0,0.0,0.003,0.01,0.033,0.339,0.0,55806000.0,1.0,116041213.0,116350000,116350000.0,4.457,3413696000.0,0.0,0.0,32270000.0,29.34,
72,UDR,MRT,2003-06-30,2003-06-30,2003-06-30,2021-10-16,-4572000.0,3446338000.0,3311907500.0,,,0.158,9.865,-71032000.0,8774000.0,8774000.0,175027000.0,56427000.0,,2.026,2107825000.0,,,2107825000.0,0.0,162691000.0,0.0,0.065,1.12,181788000.0,344479000.0,0.658,344479000.0,181788000.0,56427000.0,0.21,0.21,0.21,1109495000.0,1040217750.0,1109495000.0,3954157113.0,22.0,11.479,141833000.0,1.261,1.0,348321000.0,0.666,0.0,125361000.0,5545389000.0,5348549750.0,0.0,3581000.0,,,2247616000.0,,,1934145113.0,-3952000.0,-238129000.0,80536000.0,-33831000.0,-120249000.0,-109767000.0,-107050000.0,202111000.0,212865000.0,0.0,56427000.0,23025000.0,23025000.0,-45667000.0,0.0,0.044,195460000.0,152861000.0,80393000.0,5.333,1.743,84.002,82.0,3379458000.0,33402000.0,17.22,3.696,3.701,0.0,-596406000.0,523348000.0,523348000.0,0.0,0.007,0.022,0.034,0.347,0.0,53797000.0,1.0,112319693.0,112467000,113439000.0,4.653,3446338000.0,0.0,0.0,24032000.0,30.643,
73,UDR,MRT,2003-03-31,2003-03-31,2003-03-31,2021-10-16,-6885000.0,3251246000.0,3301667250.0,,,0.159,9.427,-62949000.0,15311000.0,15311000.0,173519000.0,68331000.0,,2.136,2035323000.0,,,2035323000.0,0.0,163006000.0,0.0,0.07,1.12,196666000.0,359672000.0,0.686,359672000.0,196666000.0,68331000.0,0.38,0.38,0.38,1015238000.0,1026162250.0,1015238000.0,3781226485.0,19.0,10.513,159178000.0,1.478,1.0,350448000.0,0.669,0.0,128335000.0,5271258000.0,5337714000.0,0.0,0.0,,,2168097000.0,,,1738511485.0,-3516000.0,-246539000.0,26215000.0,-78130000.0,-118853000.0,-206996000.0,-18647000.0,290841000.0,222127000.0,0.0,68331000.0,40836000.0,40836000.0,-58174000.0,0.0,0.078,194359000.0,156089000.0,80470000.0,2.947,1.712,42.573,42.053,3186500000.0,27495000.0,15.98,3.318,3.285,0.0,-566024000.0,523967000.0,523967000.0,0.0,0.012,0.04,0.037,0.375,0.0,53089000.0,1.0,108792959.0,107698000,108590000.0,4.865,3251246000.0,0.0,0.0,17048000.0,30.189,
74,UDR,MRT,2002-12-31,2002-12-31,2002-12-31,2021-10-16,-9958000.0,3276136000.0,3329886750.0,,,0.157,9.439,-67296000.0,14925000.0,14925000.0,171319000.0,53229000.0,,2.203,2057640000.0,,,2057640000.0,0.0,163328000.0,0.0,0.068,1.11,181751000.0,345079000.0,0.66,345079000.0,181751000.0,53229000.0,0.24,0.24,0.24,1001271000.0,1037460500.0,1001271000.0,3737566570.0,21.0,10.831,161705000.0,1.524,1.0,351426000.0,0.672,0.0,128522000.0,5318851000.0,5373857250.0,0.0,0.0,,,2205649000.0,,,1752775570.0,-1489000.0,-282600000.0,43742000.0,-53403000.0,-117116000.0,-163127000.0,-67363000.0,282533000.0,229001000.0,0.0,53229000.0,25805000.0,25805000.0,-57520000.0,0.0,0.049,194700000.0,156726000.0,84583000.0,4.625,1.751,67.924,68.167,3218750000.0,27424000.0,16.36,3.353,3.32,0.0,-541428000.0,522745000.0,522745000.0,0.0,0.008,0.025,0.034,0.348,0.0,55496000.0,1.0,107137871.0,106078000,106078000.0,4.928,3276136000.0,0.0,0.0,28949000.0,30.884,
75,UDR,MRT,2002-09-30,2002-09-30,2002-09-30,2021-10-16,-12452000.0,3273910000.0,3347875500.0,,,0.17,9.658,-66269000.0,23299000.0,23299000.0,185658000.0,56428000.0,,2.095,2008090000.0,,,2008090000.0,0.0,159993000.0,0.0,0.069,1.1,188748000.0,348741000.0,0.612,348741000.0,188748000.0,56428000.0,0.28,0.28,0.28,1034867000.0,1047824000.0,1034867000.0,3799994968.0,20.0,10.896,163160000.0,1.523,1.0,383972000.0,0.674,0.0,132320000.0,5258701000.0,5389348750.0,0.0,0.0,,,2168096000.0,,,1703325968.0,-272000.0,-298219000.0,105328000.0,-85467000.0,-114276000.0,-129424000.0,-100277000.0,262642000.0,229429000.0,0.0,56428000.0,29113000.0,29113000.0,-65801000.0,0.0,0.051,206114000.0,177858000.0,93198000.0,3.929,1.646,58.507,56.821,3197457000.0,27315000.0,15.91,2.99,2.993,0.0,-512084000.0,569630000.0,569630000.0,0.0,0.009,0.028,0.035,0.331,0.0,60698000.0,1.0,107060086.0,107148000,107148000.0,5.316,3273910000.0,0.0,0.0,30253000.0,30.555,
76,UDR,MRT,2002-06-30,2002-06-30,2002-06-30,2021-10-16,-12965000.0,3405377000.0,3360150750.0,,,0.167,9.842,-83755000.0,26191000.0,26191000.0,182037000.0,49576000.0,,2.165,2122860000.0,,,2122860000.0,0.0,156434000.0,0.0,0.069,1.09,183071000.0,339505000.0,0.603,339505000.0,183071000.0,49576000.0,0.22,0.22,0.22,1053273000.0,1041504250.0,1053273000.0,3741747063.0,20.0,11.021,140378000.0,1.312,1.0,380735000.0,0.677,0.0,133495000.0,5502046000.0,5412103000.0,0.0,0.0,,,2280281000.0,,,1690040063.0,-8092000.0,-245572000.0,98790000.0,55237000.0,-111523000.0,903000.0,-233128000.0,87450000.0,224133000.0,0.0,49576000.0,22289000.0,22289000.0,-47279000.0,0.0,0.04,201182000.0,179553000.0,94803000.0,4.955,1.605,75.824,71.591,3329834000.0,27287000.0,15.75,3.003,2.995,0.0,-495959000.0,562772000.0,562772000.0,0.0,0.007,0.021,0.034,0.325,0.0,61769000.0,1.0,107304131.0,107016000,108242000.0,5.259,3405377000.0,0.0,0.0,23834000.0,31.821,
77,UDR,MRT,2002-03-31,2002-03-31,2002-03-31,2021-10-16,-11703000.0,3364124000.0,3344424500.0,,,0.167,10.23,-102015000.0,28790000.0,28790000.0,180755000.0,54433000.0,,2.103,2080497000.0,,,2080497000.0,0.0,154435000.0,0.0,0.068,1.08,189833000.0,344268000.0,0.616,344268000.0,189833000.0,54433000.0,0.23,0.23,0.23,1060431000.0,1040043000.0,1060431000.0,3670900447.0,19.0,10.663,115832000.0,1.117,1.0,378270000.0,0.677,0.0,135400000.0,5415831000.0,5371904000.0,0.0,3018000.0,,,2230402000.0,,,1638174447.0,587000.0,-109593000.0,-20052000.0,47555000.0,-109138000.0,-130153000.0,-87107000.0,108519000.0,217847000.0,0.0,54433000.0,21912000.0,21912000.0,-34525000.0,0.0,0.039,199037000.0,179233000.0,96868000.0,4.696,1.545,74.762,68.87,3273633000.0,32521000.0,15.84,2.93,2.937,0.0,-486675000.0,559025000.0,559025000.0,0.0,0.007,0.021,0.035,0.34,0.0,62370000.0,1.0,103420104.0,103654000,103654000.0,5.393,3364124000.0,0.0,0.0,17154000.0,32.455,
78,UDR,MRT,2001-12-31,2001-12-31,2001-12-31,2021-10-16,-14871000.0,3348091000.0,3358559250.0,,,0.165,10.392,-108145000.0,31471000.0,31471000.0,179702000.0,61828000.0,,2.138,2064197000.0,,,2064197000.0,0.0,155327000.0,0.0,0.075,1.08,201298000.0,356625000.0,0.643,356625000.0,201298000.0,61828000.0,0.27,0.27,0.27,1042725000.0,1066978500.0,1042725000.0,3453506246.0,17.0,9.684,116266000.0,1.159,1.0,374781000.0,0.676,0.0,139470000.0,5380817000.0,5366716250.0,0.0,3355000.0,,,2229701000.0,,,1426799246.0,-5664000.0,-74372000.0,-83611000.0,77545000.0,-108511000.0,-166020000.0,-64055000.0,109713000.0,224411000.0,0.0,61828000.0,27142000.0,27142000.0,-37230000.0,0.0,0.049,203353000.0,171428000.0,100145000.0,4.0,1.368,52.568,53.333,3261301000.0,34686000.0,14.4,2.573,2.606,0.0,-448345000.0,554483000.0,554483000.0,0.0,0.008,0.025,0.038,0.363,0.0,58801000.0,1.0,99083281.0,100339000,100339000.0,5.526,3348091000.0,0.0,0.0,28099000.0,33.368,
79,UDR,MRT,2001-09-30,2001-09-30,2001-09-30,2021-10-16,-16036000.0,3323011000.0,3385025750.0,,,0.161,10.134,-113692000.0,41504000.0,41504000.0,178194000.0,76099000.0,,2.215,2068211000.0,,,2068211000.0,0.0,155637000.0,0.0,0.076,1.08,216890000.0,372527000.0,0.684,372527000.0,216890000.0,76099000.0,0.39,0.39,0.39,1009588000.0,1111020250.0,1009588000.0,3437956884.0,16.0,9.229,124285000.0,1.248,1.0,366193000.0,0.673,0.0,140791000.0,5349718000.0,5369271750.0,0.0,7515000.0,,,2236017000.0,,,1439178884.0,-3664000.0,-8296000.0,-152959000.0,63711000.0,-109238000.0,-253347000.0,11706000.0,136930000.0,237977000.0,0.0,76099000.0,39693000.0,39693000.0,-19661000.0,0.0,0.073,168097000.0,198096000.0,95777000.0,2.769,1.426,36.258,36.615,3220560000.0,36406000.0,14.28,2.644,2.613,0.0,-424031000.0,544387000.0,544387000.0,0.0,0.012,0.036,0.04,0.398,0.0,55102000.0,1.0,100782835.0,99623000,100466000.0,5.464,3323011000.0,0.0,0.0,34114000.0,33.356,
80,UDR,MRT,2001-06-30,2001-06-30,2001-06-30,2021-10-16,-9838000.0,3342472000.0,3431129000.0,,,0.164,10.385,-108484000.0,49758000.0,49758000.0,184872000.0,82735000.0,,2.113,2048536000.0,,,2048536000.0,0.0,157096000.0,0.0,0.075,1.08,227315000.0,384411000.0,0.683,384411000.0,227315000.0,82735000.0,0.43,0.43,0.43,1047428000.0,1169792000.0,1047428000.0,3427955794.0,15.0,8.917,130293000.0,1.292,1.0,377802000.0,0.671,0.0,144580000.0,5341250000.0,5396078500.0,0.0,7705000.0,,,2212972000.0,,,1453538794.0,4333000.0,-8296000.0,-147804000.0,-11325000.0,-109414000.0,-320576000.0,86132000.0,206951000.0,238777000.0,0.0,82735000.0,44076000.0,44076000.0,-16671000.0,0.0,0.078,176268000.0,201534000.0,94603000.0,2.512,1.388,32.978,33.372,3232169000.0,38659000.0,14.35,2.583,2.572,0.0,-404126000.0,562674000.0,562674000.0,0.0,0.013,0.038,0.042,0.404,0.0,55276000.0,1.0,101291902.0,100858000,101590000.0,5.579,3342472000.0,0.0,0.0,30564000.0,33.14,
81,UDR,MRT,2001-03-31,2001-03-31,2001-03-31,2021-10-16,-9114000.0,3420663000.0,3491943000.0,,,0.166,11.527,-122880000.0,41035000.0,41035000.0,189327000.0,63767000.0,,1.854,2015452000.0,,,2015452000.0,0.0,163533000.0,0.0,0.085,1.08,213625000.0,377158000.0,0.652,377158000.0,213625000.0,63767000.0,0.29,0.29,0.29,1168173000.0,1224656000.0,1168173000.0,3224178042.0,15.0,8.549,102874000.0,1.015,1.0,389465000.0,0.673,0.0,149858000.0,5395080000.0,5460068750.0,0.0,7886000.0,,,2166330000.0,,,1287096042.0,1485000.0,-9045000.0,-34187000.0,-74378000.0,-110437000.0,-266738000.0,42469000.0,151451000.0,225754000.0,0.0,63767000.0,30173000.0,30173000.0,-14642000.0,0.0,0.052,186498000.0,202967000.0,90519000.0,3.724,1.102,42.657,43.793,3306042000.0,33594000.0,12.7,2.224,2.224,0.0,-397233000.0,578792000.0,578792000.0,0.0,0.009,0.025,0.039,0.369,0.0,55165000.0,1.0,101346145.0,101346000,101346000.0,5.711,3420663000.0,0.0,0.0,21060000.0,33.752,
82,UDR,MRT,2000-12-31,2000-12-31,2000-12-31,2021-10-16,0.0,3453957000.0,3550365000.0,,,0.164,11.826,-127093000.0,55248000.0,55248000.0,189606000.0,76615000.0,,1.761,1992330000.0,,,1992330000.0,0.0,157361000.0,0.0,0.1,1.08,228326000.0,385687000.0,0.664,385687000.0,228326000.0,76615000.0,0.41,0.41,0.41,1218892000.0,1256186500.0,1218892000.0,3064872640.0,13.0,7.947,97067000.0,0.942,1.0,391377000.0,0.674,0.0,151711000.0,5391039000.0,5538741250.0,0.0,8088000.0,,,2146739000.0,,,1115351640.0,2627000.0,-4635000.0,-20738000.0,-101880000.0,-110098000.0,-280238000.0,58705000.0,160257000.0,224160000.0,0.0,76615000.0,42653000.0,42653000.0,-14642000.0,0.0,0.073,175201000.0,216176000.0,83272000.0,2.634,0.915,26.149,26.366,3326915000.0,33962000.0,10.81,1.92,1.918,0.0,-366531000.0,580983000.0,580983000.0,0.0,0.012,0.034,0.041,0.393,0.0,55474000.0,1.0,103177765.0,103072000,103208000.0,5.637,3453957000.0,0.0,0.0,30554000.0,33.51,
83,UDR,MRT,2000-09-30,2000-09-30,2000-09-30,2021-10-16,0.0,3507424000.0,3608955000.0,,,0.175,12.054,-103596000.0,62760000.0,62760000.0,207688000.0,64903000.0,,1.746,2012281000.0,,,2012281000.0,0.0,150855000.0,0.0,0.099,1.08,220567000.0,371422000.0,0.587,371422000.0,220567000.0,64903000.0,0.3,0.3,0.3,1244675000.0,1279016500.0,1244675000.0,3137378769.0,14.0,8.447,82335000.0,0.797,1.0,424668000.0,0.672,0.0,155664000.0,5456945000.0,5628725250.0,0.0,8125000.0,,,2173056000.0,,,1125895769.0,-15941000.0,-68367000.0,-4238000.0,-80623000.0,-111279000.0,-256232000.0,54360000.0,183882000.0,185931000.0,0.0,64903000.0,30035000.0,30035000.0,0.0,0.0,0.047,213508000.0,211160000.0,76287000.0,3.6,0.905,37.486,36.267,3360724000.0,34868000.0,10.88,1.78,1.777,0.0,-354679000.0,632356000.0,632356000.0,0.0,0.008,0.023,0.039,0.349,0.0,58373000.0,1.0,103483067.0,103258000,103514000.0,6.124,3507424000.0,0.0,0.0,41207000.0,33.968,
84,UDR,MRT,2000-06-30,2000-06-30,2000-06-30,2021-10-16,0.0,3585728000.0,3672831500.0,,,0.172,12.268,-150547000.0,63642000.0,63642000.0,205895000.0,64596000.0,,1.758,2075125000.0,,,2075125000.0,0.0,143585000.0,0.0,0.098,1.08,220174000.0,363759000.0,0.577,363759000.0,220174000.0,64596000.0,0.29,0.29,0.29,1266884000.0,1301351000.0,1266884000.0,3192180477.0,14.0,8.776,61997000.0,0.6,1.0,424261000.0,0.673,0.0,155578000.0,5597211000.0,5733190750.0,0.0,10865000.0,,,2227605000.0,,,1136761477.0,-19196000.0,-70273000.0,-20816000.0,-17487000.0,-112098000.0,-206762000.0,-24978000.0,128691000.0,212544000.0,0.0,64596000.0,29309000.0,29309000.0,0.0,0.0,0.047,203697000.0,220564000.0,75089000.0,3.724,0.897,38.785,38.0,3446224000.0,35287000.0,11.02,1.804,1.806,0.0,-338079000.0,630156000.0,630156000.0,0.0,0.008,0.023,0.038,0.349,0.0,58519000.0,1.0,103154399.0,103271000,103470000.0,6.102,3585728000.0,0.0,0.0,35598000.0,34.722,
85,UDR,MRT,2000-03-31,2000-03-31,2000-03-31,2021-10-16,0.0,3654351000.0,3720840500.0,,,0.169,12.564,-161914000.0,62775000.0,62775000.0,207062000.0,92119000.0,,1.752,2118194000.0,,,2118194000.0,0.0,130776000.0,0.0,0.107,1.08,246863000.0,377639000.0,0.601,377639000.0,246863000.0,92119000.0,0.53,0.53,0.53,1294295000.0,1327134500.0,1294295000.0,3100119896.0,13.0,8.209,51637000.0,0.501,1.0,420883000.0,0.67,0.0,154744000.0,5709770000.0,5803541500.0,0.0,0.0,,,2267194000.0,,,1037461896.0,-21060000.0,-69969000.0,-16638000.0,21737000.0,-109299000.0,-164010000.0,-70601000.0,161282000.0,213551000.0,0.0,92119000.0,54436000.0,54436000.0,0.0,0.0,0.087,190281000.0,230602000.0,74305000.0,2.038,0.802,19.058,18.981,3524360000.0,37683000.0,10.06,1.652,1.65,0.0,-313757000.0,627945000.0,627945000.0,0.0,0.015,0.041,0.043,0.393,0.0,57962000.0,1.0,103127425.0,103019000,103045000.0,6.095,3654351000.0,0.0,0.0,31374000.0,35.473,
86,UDR,MRT,1999-12-31,1999-12-31,1999-12-31,2021-10-16,0.0,3688317000.0,3752141500.0,,,0.167,12.646,-196139000.0,64647000.0,64647000.0,208204000.0,93622000.0,,1.743,2127305000.0,,,2127305000.0,0.0,126152000.0,0.0,0.108,1.07,247370000.0,373522000.0,0.596,373522000.0,247370000.0,93622000.0,0.54,0.54,0.54,1310212000.0,1344189000.0,1310212000.0,3129482736.0,13.0,8.378,-5537000.0,-0.053,1.0,418853000.0,0.668,0.0,153748000.0,5750975000.0,5847212750.0,0.0,0.0,,,2283938000.0,,,1017605736.0,-18403000.0,-69969000.0,-14313000.0,74877000.0,-109608000.0,-105169000.0,-103836000.0,161140000.0,190602000.0,0.0,93622000.0,55908000.0,55908000.0,0.0,0.0,0.089,185426000.0,233427000.0,87141000.0,1.981,0.777,18.201,18.296,3557181000.0,37714000.0,9.88,1.623,1.632,0.0,-296030000.0,627057000.0,627057000.0,0.0,0.015,0.042,0.042,0.394,0.0,57735000.0,1.0,102996532.0,103604000,103639000.0,6.052,3688317000.0,0.0,0.0,30887000.0,35.6,
87,UDR,MRT,1999-09-30,1999-09-30,1999-09-30,2021-10-16,0.0,3762930000.0,3770797250.0,,,0.159,12.897,-86000000.0,65194000.0,65194000.0,197435000.0,87135000.0,,1.74,2177071000.0,,,2177071000.0,0.0,121463000.0,0.0,0.095,1.06,233600000.0,355063000.0,0.593,355063000.0,233600000.0,87135000.0,0.49,0.49,0.49,1334013000.0,1360166250.0,1334013000.0,3265442648.0,14.0,9.197,90775000.0,0.878,1.0,401141000.0,0.67,0.0,146465000.0,5874807000.0,5860419750.0,0.0,0.0,,,2321791000.0,,,1164592648.0,-1659000.0,-225601000.0,-9121000.0,166953000.0,-107922000.0,9034000.0,-187468000.0,132029000.0,176775000.0,0.0,87135000.0,52175000.0,52175000.0,0.0,0.0,0.087,194183000.0,206958000.0,66236000.0,2.163,0.873,22.321,22.837,3630514000.0,34960000.0,11.19,1.946,1.934,0.0,-269163000.0,598576000.0,598576000.0,0.0,0.014,0.038,0.04,0.39,0.0,55798000.0,1.0,104074410.0,103439000,103490000.0,5.787,3762930000.0,0.0,0.0,35708000.0,36.378,
88,UDR,MRT,1999-06-30,1999-06-30,1999-06-30,2021-10-16,0.0,3777764000.0,3561734750.0,,,0.159,13.132,-113688000.0,67794000.0,67794000.0,189896000.0,81066000.0,,1.679,2168644000.0,,,2168644000.0,0.0,118194000.0,0.0,0.089,1.05,215741000.0,333935000.0,0.59,333935000.0,215741000.0,81066000.0,0.47,0.47,0.47,1370018000.0,1331550250.0,1370018000.0,3327607667.0,15.0,9.965,27740000.0,0.266,1.0,376503000.0,0.665,0.0,134675000.0,5878614000.0,5503491250.0,0.0,0.0,,,2300336000.0,,,1222707667.0,16959000.0,-203037000.0,14408000.0,222818000.0,-106898000.0,92561000.0,-217030000.0,133350000.0,141428000.0,0.0,81066000.0,49897000.0,49897000.0,0.0,0.0,0.088,187984000.0,188519000.0,69734000.0,2.234,0.892,24.505,25.0,3612735000.0,31169000.0,11.75,2.159,2.164,0.0,-253609000.0,566399000.0,566399000.0,0.0,0.014,0.037,0.039,0.381,0.0,53359000.0,1.0,104060227.0,104324000,104338000.0,5.429,3777764000.0,0.0,0.0,25638000.0,36.212,
89,UDR,MRT,1999-03-31,1999-03-31,1999-03-31,2021-10-16,0.0,3779555000.0,3324593750.0,,,0.159,13.11,-174943000.0,69612000.0,69612000.0,179392000.0,75271000.0,,1.693,2174512000.0,,,2174512000.0,0.0,112042000.0,0.0,0.101,1.04,196764000.0,308806000.0,0.583,308806000.0,196764000.0,75271000.0,0.46,0.46,0.46,1362513000.0,1294906750.0,1362513000.0,3115036242.0,16.0,10.087,-38381000.0,-0.369,1.0,350270000.0,0.661,0.0,121493000.0,5884455000.0,5101026250.0,0.0,0.0,,,2306869000.0,,,1066621242.0,21056000.0,-229584000.0,29948000.0,226272000.0,-107755000.0,118160000.0,-233666000.0,171580000.0,136562000.0,0.0,75271000.0,47889000.0,47889000.0,0.0,0.0,0.09,179182000.0,171088000.0,71584000.0,2.261,0.783,22.273,22.283,3652620000.0,27382000.0,10.25,2.014,2.011,0.0,-259251000.0,529662000.0,529662000.0,0.0,0.014,0.037,0.039,0.371,0.0,50918000.0,1.0,104060609.0,103932000,103935000.0,5.096,3779555000.0,0.0,0.0,17742000.0,36.366,
90,UDR,MRT,1998-12-31,1998-12-31,1998-12-31,2021-10-16,0.0,3762940000.0,3063531000.0,,,0.157,13.746,-188218000.0,76886000.0,76886000.0,163305000.0,72332000.0,,1.654,2117749000.0,,,2117749000.0,0.0,103233000.0,0.0,0.1,1.03,178570000.0,281803000.0,0.585,281803000.0,178570000.0,72332000.0,0.49,0.49,0.49,1374121000.0,1255608250.0,1374121000.0,2588332625.0,14.0,9.185,-47621000.0,-0.476,1.0,318795000.0,0.661,0.0,106238000.0,5803803000.0,4662277500.0,0.0,0.0,,,2273377000.0,,,1067919625.0,25608000.0,-229254000.0,76686000.0,203815000.0,-103074000.0,148875000.0,-263864000.0,155459000.0,140597000.0,0.0,72332000.0,48739000.0,48739000.0,0.0,0.0,0.101,165218000.0,153577000.0,84711000.0,2.102,0.777,21.911,21.041,3636122000.0,23593000.0,10.31,2.215,2.138,0.0,-242331000.0,482100000.0,482100000.0,0.0,0.016,0.039,0.038,0.37,0.0,46150000.0,1.0,103580953.0,99966000,100062000.0,4.823,3762940000.0,0.0,0.0,29078000.0,37.642,
91,UDR,MRT,1998-09-30,1998-09-30,1998-09-30,2021-10-16,0.0,2926680000.0,2701227250.0,,,0.166,11.828,-402229000.0,28485000.0,28485000.0,170974000.0,81045000.0,,1.363,1548898000.0,,,1548898000.0,0.0,98214000.0,0.0,0.09,1.02,177569000.0,275783000.0,0.614,275783000.0,177569000.0,81045000.0,0.61,0.6,0.61,1219549000.0,1176667250.0,1219549000.0,2617072302.0,15.0,9.49,-248477000.0,-2.41,1.0,278422000.0,0.62,0.0,96524000.0,4447093000.0,4074419500.0,0.0,0.0,,,1661967000.0,,,1177518302.0,23102000.0,-9890000.0,82866000.0,130842000.0,-98241000.0,90528000.0,-221178000.0,189112000.0,153752000.0,0.0,81045000.0,58439000.0,58439000.0,0.0,0.0,0.13,121936000.0,156486000.0,82888000.0,1.672,0.966,20.15,18.656,2829894000.0,22606000.0,11.38,2.62,2.611,0.0,-214865000.0,449396000.0,449396000.0,0.0,0.022,0.05,0.044,0.395,0.0,53270000.0,1.0,103472610.0,103104000,103145000.0,4.359,2926680000.0,0.0,0.0,0.0,28.386,
92,UDR,MRT,1998-06-30,1998-06-30,1998-06-30,2021-10-16,0.0,2829200000.0,2532745000.0,,,0.168,12.046,-394830000.0,11575000.0,11575000.0,156596000.0,90547000.0,,1.27,1451129000.0,,,1451129000.0,0.0,90655000.0,0.0,0.073,1.01,179193000.0,269848000.0,0.635,269848000.0,179193000.0,90547000.0,0.73,0.72,0.73,1223444000.0,1136155500.0,1223444000.0,2815208208.0,16.0,10.433,-240417000.0,-2.367,1.0,268048000.0,0.631,0.0,88646000.0,4268754000.0,3799524500.0,0.0,0.0,,,1554081000.0,,,1421052208.0,3279000.0,-30548000.0,94436000.0,126585000.0,-93258000.0,102176000.0,-253310000.0,168387000.0,154413000.0,0.0,90547000.0,67938000.0,67938000.0,0.0,0.0,0.16,117859000.0,150189000.0,73085000.0,1.384,1.162,20.917,19.014,2719829000.0,22609000.0,13.88,3.346,3.32,0.0,-195651000.0,424644000.0,424644000.0,0.0,0.027,0.06,0.047,0.422,0.0,46038000.0,1.0,102381283.0,101562000,101667000.0,4.181,2829200000.0,0.0,0.0,0.0,27.857,
93,UDR,MRT,1998-03-31,1998-03-31,1998-03-31,2021-10-16,0.0,2735304000.0,2361358750.0,,,0.17,13.265,-377645000.0,5961000.0,5961000.0,143996000.0,70219000.0,,1.238,1400117000.0,,,1400117000.0,0.0,83834000.0,0.0,0.069,1.0,152898000.0,236732000.0,0.589,236732000.0,152898000.0,70219000.0,0.57,0.56,0.57,1205319000.0,1092729000.0,1205319000.0,2488103712.0,16.0,10.51,-236762000.0,-2.606,1.0,257950000.0,0.642,0.0,82679000.0,4129460000.0,3520012750.0,0.0,0.0,,,1492470000.0,,,1332350712.0,-12656000.0,330000.0,85607000.0,37913000.0,-88641000.0,159684000.0,-313223000.0,60411000.0,140883000.0,0.0,70219000.0,49652000.0,49652000.0,0.0,0.0,0.124,114517000.0,143433000.0,14376000.0,1.754,1.105,26.834,25.439,2619462000.0,20567000.0,14.5,3.315,3.278,0.0,-196198000.0,401946000.0,401946000.0,0.0,0.021,0.045,0.043,0.38,0.0,39630000.0,1.0,91886256.0,90867000,90984000.0,4.423,2735304000.0,0.0,0.0,18334000.0,30.102,
94,UDR,MRT,1997-12-31,1997-12-31,1997-12-31,2021-10-16,0.0,2313725000.0,2200542750.0,,,0.176,12.145,-423211000.0,17580000.0,17580000.0,135841000.0,70149000.0,,1.172,1156226000.0,,,1156226000.0,0.0,78772000.0,0.0,0.054,0.75,149153000.0,227925000.0,0.588,227925000.0,149153000.0,70149000.0,0.61,0.6,0.61,1058357000.0,1018332750.0,1058357000.0,2323735066.0,16.0,10.195,-285308000.0,-3.274,1.0,251954000.0,0.65,0.0,79004000.0,3452371000.0,3283619250.0,0.0,0.0,,,1240675000.0,,,1228973066.0,-12979000.0,0.0,100751000.0,47763000.0,-85777000.0,191391000.0,-342273000.0,77257000.0,137903000.0,0.0,70149000.0,52804000.0,52804000.0,0.0,0.0,0.136,113737000.0,138217000.0,35688000.0,1.23,1.161,23.274,22.852,2272031000.0,17345000.0,13.94,3.169,3.133,0.0,-183312000.0,387795000.0,387795000.0,0.0,0.024,0.052,0.045,0.385,0.0,34582000.0,1.0,88161626.0,87145000,87339000.0,4.45,2313725000.0,0.0,0.0,21744000.0,26.55,
95,UDR,MRT,1997-09-30,1997-09-30,1997-09-30,2021-10-16,0.0,2252751000.0,2113837500.0,,,0.166,12.037,-304819000.0,5383000.0,5383000.0,85399000.0,65546000.0,,1.12,1100145000.0,,,1100145000.0,0.0,70449000.0,0.0,0.065,0.98,139241000.0,209690000.0,0.596,209690000.0,139241000.0,65546000.0,0.63,,0.63,1057502000.0,966338250.0,1057502000.0,2329200915.0,17.0,11.108,-176264000.0,-2.006,1.0,266260000.0,0.757,0.0,73695000.0,3347513000.0,3170098250.0,0.0,0.0,,,1184767000.0,,,1322148915.0,-2420000.0,1129000.0,69681000.0,-334000.0,-77611000.0,123863000.0,-254838000.0,45818000.0,128555000.0,0.0,65546000.0,51425000.0,51425000.0,0.0,0.0,0.146,140015000.0,126245000.0,62361000.0,1.556,1.25,25.71,23.81,2181729000.0,14121000.0,15.0,3.76,3.747,0.0,-170193000.0,351659000.0,351659000.0,0.0,0.024,0.053,0.044,0.396,0.0,17035000.0,1.0,88143261.0,87853000,,4.003,2252751000.0,0.0,0.0,0.0,25.642,
96,UDR,MRT,1997-06-30,1997-06-30,1997-06-30,2021-10-16,0.0,2143655000.0,,,,,12.083,-315460000.0,8296000.0,8296000.0,82643000.0,52055000.0,,1.04,1015348000.0,,,1015348000.0,0.0,62918000.0,0.0,0.068,0.97,119934000.0,182852000.0,0.579,182852000.0,119934000.0,52055000.0,0.56,,0.56,1049738000.0,,1049738000.0,2327295810.0,19.0,12.728,-209169000.0,-2.408,1.0,233206000.0,0.738,0.0,67879000.0,3150707000.0,,0.0,0.0,,,1091896000.0,,,1235449810.0,704000.0,1129000.0,84346000.0,6283000.0,-69204000.0,156920000.0,-262507000.0,48796000.0,106291000.0,0.0,52055000.0,41159000.0,41159000.0,0.0,0.0,0.13,119726000.0,113480000.0,54511000.0,1.732,1.177,30.017,25.339,2102139000.0,10896000.0,14.19,3.912,3.903,0.0,-165596000.0,315849000.0,315849000.0,0.0,,,,0.38,0.0,15040000.0,1.0,87064821.0,86877000,,3.636,2143655000.0,0.0,0.0,0.0,24.675,
97,UDR,MRT,1997-03-31,1997-03-31,1997-03-31,2021-10-16,0.0,2092040000.0,,,,,10.673,-273038000.0,18617000.0,18617000.0,78925000.0,45544000.0,,1.302,1110463000.0,,,1110463000.0,0.0,54477000.0,0.0,0.065,0.96,104891000.0,159368000.0,0.573,159368000.0,104891000.0,45544000.0,0.53,,0.53,907734000.0,,907734000.0,2304141738.0,22.0,14.458,-177294000.0,-2.085,1.0,199088000.0,0.716,0.0,59347000.0,3183886000.0,,0.0,0.0,,,1182279000.0,,,1272758738.0,9775000.0,1129000.0,80081000.0,130325000.0,-60947000.0,139713000.0,-225682000.0,43199000.0,95744000.0,0.0,45544000.0,35831000.0,35831000.0,0.0,0.0,0.129,99295000.0,99793000.0,49979000.0,1.811,1.402,35.521,27.83,2040997000.0,9713000.0,14.75,4.578,4.512,0.0,-154643000.0,278013000.0,278013000.0,0.0,,,,0.377,0.0,12719000.0,1.0,86288728.0,85046000,,3.269,2092040000.0,0.0,0.0,0.0,24.599,
98,UDR,MRT,1996-12-31,1996-12-31,1996-12-31,2021-10-16,2056000.0,1966904000.0,1523760000.0,,,0.159,14.794,-199552000.0,13452000.0,13452000.0,75748000.0,37991000.0,,1.311,1044835000.0,,,1044835000.0,0.0,48709000.0,0.0,0.077,1.19,88834000.0,137543000.0,0.566,137543000.0,88834000.0,37991000.0,0.49,0.49,0.49,850379000.0,683384000.0,850379000.0,,,,-109488000.0,-1.905,1.0,167219000.0,0.688,0.0,50843000.0,2998287000.0,2303169000.0,0.0,0.0,,,1114496000.0,,,1337475284.0,10548000.0,1129000.0,15012000.0,130736000.0,-53979000.0,82056000.0,-161572000.0,33823000.0,90064000.0,0.0,37991000.0,28278000.0,28278000.0,0.0,0.0,0.116,82360000.0,84859000.0,13608000.0,2.429,1.573,47.297,31.633,1911732000.0,9713000.0,15.5,5.505,3.667,0.0,-147529000.0,242967000.0,242967000.0,0.0,0.019,0.041,0.039,0.366,0.0,10993000.0,1.0,86288728.0,57482000,57655000.0,4.227,1966904000.0,0.0,0.0,13209000.0,34.218,
99,UDR,MRT,1996-09-30,1996-09-30,1996-09-30,2021-10-16,,,,,,,,,,,,,,,,,,,,,,0.067,0.94,,,,,,,,,,,,,,,,,,1.0,,,,,,,,,,,,,,,,,,,,,,,,,,,,,,,,,,,,,,,,14.0,,,,,,,,,,,,,,1.0,,57793000,,,,,,,,
100,UDR,MRT,1996-06-30,1996-06-30,1996-06-30,2021-10-16,,,,,,,,,,,,,,,,,,,,,,0.065,0.93,,,,,,,,,,,,,,,,,,1.0,,,,,,,,,,,,,,,,,,,,,,,,,,,,,,,,,,,,,,,,14.38,,,,,,,,,,,,,,1.0,,56666000,,,,,,,,
101,UDR,MRT,1996-03-31,1996-03-31,1996-03-31,2021-10-16,,,,,,,,,,,,,,,,,,,,,,0.063,0.92,,,,,,,,,,,,,,,,,,1.0,,,,,,,,,,,,,,,,,,,,,,,,,,,,,,,,,,,,,,,,14.62,,,,,,,,,,,,,,1.0,,54467000,,,,,,,,
102,UDR,MRT,1995-12-31,1995-12-31,1995-12-31,2021-10-16,448000.0,1080616000.0,,,,,9.784,-209550000.0,2904000.0,2904000.0,58896000.0,33127000.0,,1.093,530339000.0,,,530339000.0,0.0,40042000.0,0.0,0.059,0.89,73773000.0,113815000.0,0.58,113815000.0,73773000.0,33127000.0,0.5,0.5,0.5,516389000.0,,516389000.0,,,,-143122000.0,-2.712,1.0,137307000.0,0.7,0.0,40646000.0,1608051000.0,,0.0,0.0,,,564227000.0,,,,-4357000.0,0.0,79615000.0,-17598000.0,-45737000.0,113145000.0,-183930000.0,23464000.0,66428000.0,0.0,33127000.0,26490000.0,26490000.0,0.0,0.0,0.135,66924000.0,70383000.0,21193000.0,1.78,,,30.0,1052659000.0,6637000.0,15.0,,4.035,0.0,-120314000.0,196203000.0,196203000.0,0.0,,,,0.376,0.0,10165000.0,1.0,,52781000,52972000.0,3.717,1080616000.0,0.0,0.0,0.0,20.474,
103,UDR,MRT,1994-12-31,1994-12-31,1994-12-31,2021-10-16,,,,,,,,-365884000.0,,,42080000.0,19137000.0,,,,,,,,29644000.0,,0.054,0.78,47658000.0,77302000.0,0.549,77302000.0,47658000.0,19137000.0,0.41,,0.41,,,,,,,-311340000.0,-6.742,1.0,98648000.0,0.701,,28521000.0,,,,,,,,,,,1488000.0,0.0,115407000.0,226173000.0,-35005000.0,306575000.0,-359631000.0,6253000.0,54544000.0,0.0,19137000.0,19137000.0,19137000.0,0.0,0.0,0.136,51009000.0,47639000.0,,1.902,,,35.073,,0.0,14.38,,4.719,,,140728000.0,140728000.0,0.0,,,,0.339,0.0,9448000.0,1.0,,46182000,,3.047,,,0.0,,,
