None,ticker,dimension,calendardate,datekey,reportperiod,lastupdated,accoci,assets,assetsavg,assetsc,assetsnc,assetturnover,bvps,capex,cashneq,cashnequsd,cor,consolinc,currentratio,de,debt,debtc,debtnc,debtusd,deferredrev,depamor,deposits,divyield,dps,ebit,ebitda,ebitdamargin,ebitdausd,ebitusd,ebt,eps,epsdil,epsusd,equity,equityavg,equityusd,ev,evebit,evebitda,fcf,fcfps,fxusd,gp,grossmargin,intangibles,intexp,invcap,invcapavg,inventory,investments,investmentsc,investmentsnc,liabilities,liabilitiesc,liabilitiesnc,marketcap,ncf,ncfbus,ncfcommon,ncfdebt,ncfdiv,ncff,ncfi,ncfinv,ncfo,ncfx,netinc,netinccmn,netinccmnusd,netincdis,netincnci,netmargin,opex,opinc,payables,payoutratio,pb,pe,pe1,ppnenet,prefdivis,price,ps,ps1,receivables,retearn,revenue,revenueusd,rnd,roa,roe,roic,ros,sbcomp,sgna,sharefactor,sharesbas,shareswa,shareswadil,sps,tangibles,taxassets,taxexp,taxliabilities,tbvps,workingcapital
0,GM,MRY,2020-12-31,2020-12-31,2020-12-31,2021-08-04,-13488000000,235194000000,239756000000,80924000000,154270000000,0.511,31.424,-5300000000.0,19992000000,19992000000,108813000000.0,6321000000.0,1.013,4.12,109894000000,36913000000,72981000000,109894000000,0,12815000000.0,0,0.009,0.38,9299000000.0,22114000000.0,0.181,22114000000.0,9299000000.0,8201000000.0,4.36,4.33,4.36,45030000000,41947000000,45030000000,150226648464.0,16.0,6.793,11370000000.0,7.934,1.0,13672000000.0,0.112,5230000000,1098000000.0,239956000000,243950250000,10235000000,17452000000,9046000000,8406000000,185517000000,79910000000,105607000000,59599648464.0,174000000.0,0.0,0.0,6141000000.0,-669000000.0,5552000000.0,-21826000000.0,-14627000000.0,16670000000.0,-222000000.0,6427000000.0,6247000000.0,6247000000.0,0.0,-106000000.0,0.051,7038000000.0,6634000000.0,19928000000,0.087,1.324,9.541,9.55,77451000000,180000000.0,41.64,0.487,0.487,66027000000,31962000000,122485000000.0,122485000000.0,0.0,0.026,0.149,0.038,0.076,0.0,7038000000.0,1.0,1431307600.0,1433000000,1442000000.0,85.475,229964000000,24136000000,1774000000.0,0,160.477,1014000000
1,GM,MRY,2019-12-31,2019-12-31,2019-12-31,2021-08-04,-11156000000,228037000000,231608750000,74992000000,153045000000,0.593,29.348,-7592000000.0,19069000000,19069000000,123265000000.0,6667000000.0,0.883,4.357,103324000000,37400000000,65924000000,103324000000,0,14118000000.0,0,0.042,1.52,8283000000.0,22401000000.0,0.163,22401000000.0,8283000000.0,7501000000.0,4.62,4.57,4.62,41792000000,42481750000,41792000000,136708496450.0,17.0,6.103,7429000000.0,5.217,1.0,13972000000.0,0.102,5337000000,782000000.0,222050000000,228507000000,10398000000,12736000000,4174000000,8562000000,182080000000,84905000000,97175000000,52293496450.0,-553000000.0,0.0,0.0,-2531000000.0,-2350000000.0,-4677000000.0,-10899000000.0,-343000000.0,15021000000.0,2000000.0,6732000000.0,6581000000.0,6581000000.0,0.0,-65000000.0,0.048,8491000000.0,5481000000.0,21018000000,0.329,1.251,7.946,7.922,80805000000,151000000.0,36.6,0.381,0.38,59753000000,26860000000,137237000000.0,137237000000.0,0.0,0.028,0.155,0.036,0.06,0.0,8491000000.0,1.0,1428784056.0,1424000000,1439000000.0,96.374,222700000000,24640000000,769000000.0,0,156.39,-9913000000
2,GM,MRY,2018-12-31,2018-12-31,2018-12-31,2021-08-04,-9039000000,227339000000,222604250000,75293000000,152046000000,0.661,27.541,-8761000000.0,20844000000,20844000000,132954000000.0,8005000000.0,0.916,4.749,104951000000,31891000000,73060000000,104951000000,0,13669000000.0,0,0.045,1.52,9143000000.0,22812000000.0,0.155,22812000000.0,9143000000.0,8488000000.0,5.61,5.53,5.61,38860000000,36850000000,38860000000,131116451524.0,14.0,5.748,6495000000.0,4.603,1.0,14095000000.0,0.096,5579000000,655000000.0,223630000000,218515500000,9816000000,15181000000,5966000000,9215000000,184562000000,82237000000,102325000000,47211451524.0,5648000000.0,0.0,0.0,11664000000.0,-2242000000.0,11454000000.0,-20763000000.0,-6335000000.0,15256000000.0,-299000000.0,8014000000.0,7916000000.0,7916000000.0,70000000.0,-9000000.0,0.054,9650000000.0,4445000000.0,22297000000,0.271,1.215,5.964,5.963,82317000000,98000000.0,33.45,0.321,0.321,58482000000,22322000000,147049000000.0,147049000000.0,0.0,0.036,0.215,0.042,0.062,0.0,9650000000.0,1.0,1411403633.0,1411000000,1431000000.0,104.216,221760000000,24082000000,474000000.0,0,157.165,-6944000000
3,GM,MRY,2017-12-31,2017-12-31,2017-12-31,2021-08-04,-8011000000,212482000000,228269250000,68744000000,143738000000,0.638,23.891,-8453000000.0,15512000000,15512000000,127357000000.0,-3882000000.0,0.894,5.036,94219000000,26965000000,67254000000,94219000000,0,12261000000.0,0,0.037,1.52,8244000000.0,20505000000.0,0.141,20505000000.0,8244000000.0,7669000000.0,-2.65,-2.6,-2.65,35001000000,42184250000,35001000000,138103505884.0,17.0,6.735,8875000000.0,6.058,1.0,18231000000.0,0.125,5849000000,575000000.0,208450000000,213589750000,10663000000,17386000000,8313000000,9073000000,176282000000,76890000000,99392000000,58222505884.0,2688000000.0,0.0,-4492000000.0,18455000000.0,-2233000000.0,12584000000.0,-27572000000.0,-3243000000.0,17328000000.0,348000000.0,-3864000000.0,-3880000000.0,-3880000000.0,4212000000.0,-18000000.0,-0.027,9570000000.0,8661000000.0,23929000000,-0.574,1.663,-15.006,-15.468,80241000000,16000000.0,40.99,0.4,0.412,49893000000,17627000000,145588000000.0,145588000000.0,0.0,-0.017,-0.092,0.039,0.057,0.0,9570000000.0,1.0,1420407560.0,1465000000,1492000000.0,99.377,206633000000,23544000000,11533000000.0,0,141.046,-8146000000
4,GM,MRY,2016-12-31,2016-12-31,2016-12-31,2021-08-04,-9330000000,221690000000,213333250000,76203000000,145487000000,0.699,28.465,-8384000000.0,12574000000,12574000000,130153000000.0,9268000000.0,0.895,4.052,75123000000,23797000000,51326000000,75123000000,0,9819000000.0,0,0.044,1.52,12729000000.0,22548000000.0,0.151,22548000000.0,12729000000.0,12166000000.0,6.12,6.0,6.12,43836000000,43279500000,43836000000,114632144577.0,9.0,5.084,8223000000.0,5.34,1.0,19031000000.0,0.128,6149000000,563000000.0,192909000000,186222500000,11040000000,20837000000,11841000000,8996000000,177615000000,85181000000,92434000000,53108144577.0,-2172000000.0,-804000000.0,-2500000000.0,21027000000.0,-2368000000.0,17077000000.0,-35643000000.0,-8180000000.0,16607000000.0,-213000000.0,9427000000.0,9427000000.0,9427000000.0,1000000.0,-159000000.0,0.063,10345000000.0,8686000000.0,23333000000,0.248,1.212,5.634,5.693,68055000000,0.0,34.84,0.356,0.36,41828000000,26168000000,149184000000.0,149184000000.0,0.0,0.044,0.218,0.068,0.085,0.0,10345000000.0,1.0,1524343989.0,1540000000,1570000000.0,96.873,215541000000,33172000000,2739000000.0,0,139.962,-8978000000
5,GM,MRY,2015-12-31,2015-12-31,2015-12-31,2021-08-04,-8036000000,194338000000,187267000000,69408000000,124930000000,0.725,25.139,-6813000000.0,15238000000,15238000000,118299000000.0,9615000000.0,0.975,3.863,63111000000,19562000000,43549000000,63111000000,0,7487000000.0,0,0.041,1.38,8891000000.0,16378000000.0,0.121,16378000000.0,8891000000.0,8468000000.0,6.11,5.91,6.11,39871000000,36496000000,39871000000,94895576709.0,11.0,5.794,4956000000.0,3.125,1.0,17426000000.0,0.128,5947000000,423000000.0,165047000000,150487250000,13764000000,17364000000,8163000000,9201000000,154015000000,71217000000,82798000000,52925576709.0,-3857000000.0,-927000000.0,-3520000000.0,18017000000.0,-2242000000.0,13608000000.0,-27710000000.0,-4482000000.0,11769000000.0,-1524000000.0,9687000000.0,9687000000.0,9687000000.0,-25000000.0,-72000000.0,0.071,11888000000.0,5538000000.0,24062000000,0.226,1.327,5.464,5.566,54184000000,0.0,34.01,0.39,0.397,44888000000,20285000000,135725000000.0,135725000000.0,0.0,0.052,0.265,0.059,0.066,0.0,11888000000.0,1.0,1556176910.0,1586000000,1640000000.0,85.577,188391000000,36860000000,-1219000000.0,0,118.784,-1809000000
6,GM,MRY,2014-12-31,2014-12-31,2014-12-31,2021-08-04,-8073000000,177501000000,176778250000,83626000000,93875000000,0.882,22.092,-7091000000.0,18954000000,18954000000,142121000000.0,4018000000.0,1.274,3.99,46665000000,14944000000,31721000000,46665000000,0,7238000000.0,0,0.034,1.2,4580000000.0,11818000000.0,0.076,11818000000.0,4580000000.0,4177000000.0,1.75,1.65,1.75,35457000000,40668750000,35457000000,79134767379.0,17.0,6.696,2970000000.0,1.85,1.0,13808000000.0,0.089,6410000000,403000000.0,133145000000,123753750000,13642000000,19845000000,10560000000,9285000000,141477000000,65657000000,75820000000,56089767379.0,-853000000.0,-53000000.0,-3277000000.0,12240000000.0,-3165000000.0,5675000000.0,-15359000000.0,-4283000000.0,10061000000.0,-1230000000.0,3949000000.0,2804000000.0,2804000000.0,0.0,69000000.0,0.018,12278000000.0,1530000000.0,22529000000,0.686,1.582,20.003,19.949,38367000000,1145000000.0,34.91,0.36,0.359,41612000000,14577000000,155929000000.0,155929000000.0,0.0,0.016,0.069,0.037,0.029,0.0,12158000000.0,1.0,1606696287.0,1605000000,1687000000.0,97.152,171091000000,35174000000,228000000.0,0,106.599,17969000000
7,GM,MRY,2013-12-31,2013-12-31,2013-12-31,2021-08-04,-3113000000,166344000000,162942000000,81501000000,84843000000,0.954,30.587,-7565000000.0,20021000000,20021000000,137373000000.0,5331000000.0,1.306,2.891,36183000000,14158000000,22025000000,36183000000,0,8041000000.0,0,0.0,0.0,7807000000.0,15848000000.0,0.102,15848000000.0,7807000000.0,7473000000.0,2.71,2.38,2.71,42607000000,38836500000,42607000000,68535355528.0,9.0,4.325,5065000000.0,3.636,1.0,18054000000.0,0.116,7228000000,334000000.0,112866000000,102473500000,14039000000,19142000000,10219000000,8923000000,123170000000,62412000000,60758000000,56767355528.0,1599000000.0,-1727000000.0,-2438000000.0,8006000000.0,-1687000000.0,3731000000.0,-14362000000.0,-3024000000.0,12630000000.0,-400000000.0,5346000000.0,3770000000.0,3770000000.0,0.0,-15000000.0,0.024,12923000000.0,5131000000.0,23621000000,0.0,1.332,15.058,15.081,31648000000,1576000000.0,40.87,0.365,0.366,37167000000,13816000000,155427000000.0,155427000000.0,0.0,0.023,0.097,0.076,0.05,0.0,12382000000.0,1.0,1388973710.0,1393000000,1676000000.0,111.577,159116000000,33085000000,2127000000.0,0,114.225,19089000000
8,GM,MRY,2012-12-31,2012-12-31,2012-12-31,2021-08-04,-8052000000,149422000000,151764750000,69996000000,79426000000,1.003,23.144,-8068000000.0,18422000000,18422000000,141443000000.0,6136000000.0,1.296,3.102,16050000000,5518000000,10532000000,16050000000,0,38762000000.0,0,0.0,0.0,-28154000000.0,10608000000.0,0.07,10608000000.0,-28154000000.0,-28643000000.0,3.1,2.92,3.1,36244000000,39464750000,36244000000,38481353573.0,-1.0,3.628,2537000000.0,1.62,1.0,10813000000.0,0.071,8782000000,489000000.0,84276000000,60205250000,14714000000,17239000000,9674000000,7565000000,112422000000,53992000000,58430000000,45148353573.0,2351000000.0,-26000000.0,-5098000000.0,1412000000.0,-939000000.0,-4741000000.0,-3505000000.0,5652000000.0,10605000000.0,-8000000.0,6188000000.0,4859000000.0,4859000000.0,0.0,-52000000.0,0.032,41176000000.0,-30363000000.0,25166000000,0.0,1.246,9.292,9.3,27627000000,1329000000.0,28.83,0.297,0.297,21393000000,10057000000,152256000000.0,152256000000.0,0.0,0.032,0.123,-0.468,-0.185,0.0,14031000000.0,1.0,1566019895.0,1566000000,1675000000.0,97.226,140640000000,37351000000,-34831000000.0,0,89.808,16004000000
9,GM,MRY,2011-12-31,2011-12-31,2011-12-31,2021-08-04,-5861000000,144603000000,147340250000,64923000000,79680000000,1.02,24.818,-6249000000.0,16071000000,16071000000,131171000000.0,9287000000.0,1.22,2.771,13833000000,5800000000,8033000000,13833000000,0,7427000000.0,0,0.0,0.0,9620000000.0,17047000000.0,0.113,17047000000.0,9620000000.0,9080000000.0,4.94,4.58,4.94,38120000000,40545000000,38120000000,21957669247.0,2.0,1.288,1917000000.0,1.248,1.0,19105000000.0,0.127,39033000000,540000000.0,50106000000,46387000000,14324000000,25171000000,17153000000,8018000000,105612000000,53226000000,52386000000,31713669247.0,-5185000000.0,4768000000.0,0.0,697000000.0,-916000000.0,-358000000.0,-12740000000.0,-10575000000.0,8166000000.0,-253000000.0,9190000000.0,7585000000.0,7585000000.0,0.0,97000000.0,0.05,13449000000.0,5656000000.0,24551000000,0.0,0.832,4.181,4.103,26254000000,1605000000.0,20.27,0.211,0.207,19126000000,7183000000,150276000000.0,150276000000.0,0.0,0.051,0.187,0.207,0.064,0.0,12163000000.0,1.0,1564561877.0,1536000000,1668000000.0,97.836,105570000000,1039000000,-110000000.0,0,68.73,11697000000
10,GM,MRY,2010-12-31,2010-12-31,2010-12-31,2021-08-04,1251000000,138898000000,136014000000,53053000000,85845000000,0.997,24.12,-4202000000.0,22151000000,22151000000,118920000000.0,6503000000.0,1.125,2.812,11590000000,1616000000,9974000000,11590000000,0,6930000000.0,0,0.0,0.0,7942000000.0,14872000000.0,0.11,14872000000.0,7942000000.0,6844000000.0,3.11,2.89,3.11,36180000000,26045250000,36180000000,36390000000.0,5.0,2.447,2578000000.0,1.719,1.0,16672000000.0,0.123,43660000000,1098000000.0,37520000000,24535500000,12125000000,16484000000,6795000000,9689000000,101739000000,47157000000,54582000000,55290000000.0,-1814000000.0,-2662000000.0,3395000000.0,-11422000000.0,-1572000000.0,-9770000000.0,1233000000.0,7505000000.0,6780000000.0,-57000000.0,6172000000.0,4668000000.0,4668000000.0,0.0,331000000.0,0.034,11564000000.0,5108000000.0,21497000000,0.0,1.528,11.844,11.852,21803000000,1504000000.0,36.86,0.408,0.408,16896000000,266000000,135592000000.0,135592000000.0,0.0,0.034,0.179,0.324,0.059,0.0,11446000000.0,1.0,1500000000.0,1500000000,1624000000.0,90.395,95238000000,0,672000000.0,0,63.492,5896000000
0,GM,MRQ,2021-06-30,2021-06-30,2021-06-30,2021-08-04,-12996000000,241803000000,,82609000000,159194000000,,35.609,-1573000000.0,22920000000,22920000000,29160000000.0,2779000000.0,1.104,3.56,110888000000,34190000000,76698000000,110888000000,0,3018000000.0,0,0.0,0.0,4050000000.0,7068000000.0,0.207,7068000000.0,4050000000.0,3807000000.0,1.92,1.9,1.92,51669000000,,51669000000,175474195378.0,10.0,5.889,5589000000.0,3.852,1.0,5007000000.0,0.147,5169000000,243000000.0,249791000000,,13102000000,15093000000,6211000000,8882000000,183927000000,74811000000,109116000000,85836195378.0,2489000000.0,0.0,0.0,-906000000.0,-18000000.0,-780000000.0,-4026000000.0,-1881000000.0,7162000000.0,133000000.0,2836000000.0,2790000000.0,2790000000.0,0.0,-57000000.0,0.082,2125000000.0,2882000000.0,21431000000,0.0,1.661,6.828,6.778,79418000000,46000000.0,59.17,0.615,0.615,68118000000,37806000000,34167000000.0,34167000000.0,0.0,,,,,0.0,2125000000.0,1.0,1450670870.0,1451000000,1468000000.0,23.547,236634000000,22408000000,971000000.0,0,163.083,7798000000
1,GM,MRQ,2021-03-31,2021-03-31,2021-03-31,2021-08-04,-13326000000,238411000000,,82091000000,156320000000,,33.409,-878000000.0,21609000000,21609000000,27394000000.0,3014000000.0,1.076,3.805,111247000000,35068000000,76179000000,111247000000,0,3015000000.0,0,0.0,0.0,4449000000.0,7464000000.0,0.23,7464000000.0,4449000000.0,4199000000.0,2.06,2.03,2.06,48343000000,,48343000000,172696850637.0,13.0,6.792,388000000.0,0.268,1.0,5080000000.0,0.156,5185000000,250000000.0,246541000000,,12066000000,16750000000,7771000000,8979000000,183968000000,76323000000,107645000000,82794850637.0,1759000000.0,0.0,0.0,2191000000.0,-76000000.0,3617000000.0,-2984000000.0,-822000000.0,1266000000.0,-140000000.0,3022000000.0,2976000000.0,2976000000.0,0.0,-8000000.0,0.092,1803000000.0,3277000000.0,20446000000,0.0,1.713,9.224,9.194,78140000000,46000000.0,57.46,0.677,0.68,67398000000,34988000000,32474000000.0,32474000000.0,0.0,,,,,0.0,1803000000.0,1.0,1440912820.0,1447000000,1464000000.0,22.442,233226000000,23090000000,1177000000.0,0,161.179,5768000000
2,GM,MRQ,2020-12-31,2020-12-31,2020-12-31,2021-08-04,-13488000000,235194000000,,80924000000,154270000000,,31.358,-1972000000.0,19992000000,19992000000,32621000000.0,2797000000.0,1.013,4.12,109894000000,36913000000,72981000000,109894000000,0,3080000000.0,0,0.009,0.0,3763000000.0,6843000000.0,0.182,6843000000.0,3763000000.0,3488000000.0,1.95,1.93,1.95,45030000000,,45030000000,150226648464.0,16.0,6.793,4721000000.0,3.288,1.0,4897000000.0,0.131,5230000000,275000000.0,239956000000,,10235000000,17452000000,9046000000,8406000000,185517000000,79910000000,105607000000,59599648464.0,-6739000000.0,0.0,0.0,-8711000000.0,-16000000.0,-8607000000.0,-5007000000.0,-1783000000.0,6693000000.0,182000000.0,2846000000.0,2801000000.0,2801000000.0,0.0,-49000000.0,0.075,2130000000.0,2767000000.0,19928000000,0.0,1.324,9.541,9.55,77451000000,45000000.0,41.64,0.487,0.487,66027000000,31962000000,37518000000.0,37518000000.0,0.0,,,,,0.0,2130000000.0,1.0,1431307600.0,1436000000,1451000000.0,26.127,229964000000,24136000000,642000000.0,0,160.142,1014000000
3,GM,MRQ,2020-09-30,2020-09-30,2020-09-30,2021-08-04,-11955000000,239671000000,,89177000000,150494000000,,30.266,-992000000.0,26939000000,26939000000,29428000000.0,4018000000.0,1.106,4.422,117566000000,35773000000,81793000000,117566000000,0,3162000000.0,0,0.026,0.0,5259000000.0,8421000000.0,0.237,8421000000.0,5259000000.0,4932000000.0,2.8,2.78,2.8,43341000000,,43341000000,141291145790.0,26.0,7.679,10239000000.0,7.15,1.0,6052000000.0,0.171,5245000000,327000000.0,244450000000,,10934000000,18008000000,9962000000,8046000000,191663000000,80603000000,111060000000,42346145790.0,-2784000000.0,0.0,0.0,-9947000000.0,-61000000.0,-9557000000.0,-4483000000.0,-3516000000.0,11231000000.0,25000000.0,4045000000.0,4005000000.0,4005000000.0,0.0,-27000000.0,0.113,1628000000.0,4424000000.0,20914000000,0.0,0.977,13.176,13.21,76347000000,40000000.0,29.59,0.366,0.366,64692000000,29134000000,35480000000.0,35480000000.0,0.0,,,,,0.0,1628000000.0,1.0,1431096512.0,1432000000,1439000000.0,24.777,234426000000,23970000000,887000000.0,0,163.705,8574000000
4,GM,MRQ,2020-06-30,2020-06-30,2020-06-30,2021-08-04,-11901000000,237535000000,,87497000000,150038000000,,27.447,-1112000000.0,28228000000,28228000000,16682000000.0,-780000000.0,1.123,4.937,127173000000,40023000000,87150000000,127173000000,0,3265000000.0,0,0.045,0.0,-567000000.0,2698000000.0,0.161,2698000000.0,-567000000.0,-870000000.0,-0.56,-0.56,-0.56,39304000000,,39304000000,124200234843.0,42.0,7.707,-3927000000.0,-2.742,1.0,96000000.0,0.006,5282000000,303000000.0,253294000000,,10280000000,16978000000,9254000000,7724000000,194042000000,77904000000,116138000000,36206234843.0,-8526000000.0,0.0,0.0,262000000.0,-2000000.0,36000000.0,-5766000000.0,-4715000000.0,-2815000000.0,19000000.0,-758000000.0,-806000000.0,-806000000.0,0.0,-22000000.0,-0.048,1310000000.0,-1214000000.0,15154000000,0.0,0.921,23.789,23.868,76667000000,48000000.0,25.3,0.313,0.313,59796000000,25104000000,16778000000.0,16778000000.0,0.0,,,,,0.0,1310000000.0,1.0,1431076476.0,1432000000,1432000000.0,11.716,232253000000,24654000000,-112000000.0,0,162.188,9593000000
5,GM,MRQ,2020-03-31,2020-03-31,2020-03-31,2021-08-04,-11800000000,246624000000,,97699000000,148925000000,,27.992,-1224000000.0,38506000000,38506000000,30082000000.0,286000000.0,1.07,5.043,126500000000,45061000000,81439000000,126500000000,0,3308000000.0,0,0.073,0.38,844000000.0,4152000000.0,0.127,4152000000.0,844000000.0,651000000.0,0.17,0.17,0.17,40113000000,,40113000000,113949662869.0,17.0,5.708,337000000.0,0.235,1.0,2627000000.0,0.08,5225000000,193000000.0,238101000000,,10799000000,15141000000,7620000000,7521000000,202307000000,91292000000,111015000000,29694662869.0,18223000000.0,0.0,0.0,24537000000.0,-590000000.0,23680000000.0,-6570000000.0,-4613000000.0,1561000000.0,-448000000.0,294000000.0,247000000.0,247000000.0,0.0,-8000000.0,0.008,1970000000.0,657000000.0,20031000000,2.235,0.74,6.306,6.297,79265000000,47000000.0,20.78,0.22,0.22,59804000000,25885000000,32709000000.0,32709000000.0,0.0,,,,,0.0,1970000000.0,1.0,1429002063.0,1433000000,1440000000.0,22.826,241399000000,24441000000,357000000.0,0,168.457,6407000000
6,GM,MRQ,2019-12-31,2019-12-31,2019-12-31,2021-08-04,-11156000000,228037000000,,74992000000,153045000000,,29.225,-2740000000.0,19069000000,19069000000,29098000000.0,-192000000.0,0.883,4.357,103324000000,37400000000,65924000000,103324000000,0,3286000000.0,0,0.042,0.38,-157000000.0,3129000000.0,0.102,3129000000.0,-157000000.0,-357000000.0,-0.17,-0.17,-0.17,41792000000,,41792000000,136708496450.0,17.0,6.103,733000000.0,0.513,1.0,1728000000.0,0.056,5337000000,200000000.0,222050000000,,10398000000,12736000000,4174000000,8562000000,182080000000,84905000000,97175000000,52293496450.0,44000000.0,0.0,0.0,-1690000000.0,-558000000.0,-2332000000.0,-1208000000.0,2139000000.0,3473000000.0,111000000.0,-194000000.0,-232000000.0,-232000000.0,0.0,2000000.0,-0.008,2282000000.0,-554000000.0,21018000000,-2.235,1.251,7.946,7.922,80805000000,38000000.0,36.6,0.381,0.38,59753000000,26860000000,30826000000.0,30826000000.0,0.0,,,,,0.0,2282000000.0,1.0,1428784056.0,1430000000,1439000000.0,21.557,222700000000,24640000000,-163000000.0,0,155.734,-9913000000
7,GM,MRQ,2019-09-30,2019-09-30,2019-09-30,2021-08-04,-8997000000,231529000000,,80565000000,150964000000,,31.2,-1376000000.0,20051000000,20051000000,31161000000.0,2311000000.0,0.956,4.102,104466000000,34774000000,69692000000,104466000000,0,3309000000.0,0,0.041,0.38,2828000000.0,6137000000.0,0.173,6137000000.0,2828000000.0,2622000000.0,1.62,1.6,1.62,44554000000,,44554000000,143000292215.0,14.0,5.828,5177000000.0,3.625,1.0,4312000000.0,0.122,5408000000,206000000.0,226284000000,,11797000000,15221000000,6725000000,8496000000,182758000000,84252000000,98506000000,53511292215.0,2718000000.0,0.0,0.0,-1663000000.0,-608000000.0,-2133000000.0,-1551000000.0,536000000.0,6553000000.0,-151000000.0,2351000000.0,2313000000.0,2313000000.0,0.0,-40000000.0,0.065,2008000000.0,2304000000.0,21406000000,0.235,1.201,6.068,6.026,80496000000,38000000.0,37.48,0.37,0.37,60684000000,27609000000,35473000000.0,35473000000.0,0.0,,,,,0.0,2008000000.0,1.0,1427729248.0,1428000000,1442000000.0,24.841,226121000000,23783000000,271000000.0,0,158.348,-3687000000
8,GM,MRQ,2019-06-30,2019-06-30,2019-06-30,2021-08-04,-8770000000,233737000000,,81306000000,152431000000,,30.152,-1462000000.0,17072000000,17072000000,31471000000.0,2403000000.0,0.965,4.359,106561000000,33149000000,73412000000,106561000000,0,3407000000.0,0,0.039,0.38,3137000000.0,6544000000.0,0.181,6544000000.0,3137000000.0,2942000000.0,1.68,1.66,1.68,42816000000,,42816000000,144558676819.0,14.0,5.899,3614000000.0,2.545,1.0,4589000000.0,0.127,5457000000,195000000.0,233475000000,,11447000000,15389000000,7049000000,8340000000,186648000000,84294000000,102354000000,54650676819.0,-600000000.0,0.0,0.0,-1117000000.0,-558000000.0,-1289000000.0,-4429000000.0,-2011000000.0,5076000000.0,42000000.0,2418000000.0,2381000000.0,2381000000.0,0.0,-15000000.0,0.066,2102000000.0,2487000000.0,22717000000,0.226,1.276,6.066,6.049,81126000000,37000000.0,38.53,0.377,0.377,64551000000,25807000000,36060000000.0,36060000000.0,0.0,,,,,0.0,2102000000.0,1.0,1418392858.0,1420000000,1438000000.0,25.394,228280000000,23987000000,524000000.0,0,160.761,-2988000000
9,GM,MRQ,2019-03-31,2019-03-31,2019-03-31,2021-08-04,-8849000000,233132000000,,80090000000,153042000000,,28.769,-2014000000.0,17176000000,17176000000,31535000000.0,2145000000.0,0.939,4.624,107084000000,33272000000,73812000000,107084000000,0,4116000000.0,0,0.041,0.38,2475000000.0,6591000000.0,0.189,6591000000.0,2475000000.0,2294000000.0,1.5,1.48,1.5,40765000000,,40765000000,136398668155.0,14.0,5.646,-2095000000.0,-1.478,1.0,3343000000.0,0.096,5518000000,181000000.0,232219000000,,11108000000,14287000000,6021000000,8266000000,188494000000,85303000000,103191000000,52291668155.0,-2715000000.0,0.0,0.0,1939000000.0,-626000000.0,1077000000.0,-3711000000.0,-1007000000.0,-81000000.0,0.0,2157000000.0,2119000000.0,2119000000.0,0.0,-12000000.0,0.061,2099000000.0,1244000000.0,24560000000,0.253,1.283,5.808,5.824,81388000000,38000000.0,37.1,0.359,0.36,64794000000,23939000000,34878000000.0,34878000000.0,0.0,,,,,0.0,2099000000.0,1.0,1409478926.0,1417000000,1436000000.0,24.614,227614000000,24303000000,137000000.0,0,160.631,-5213000000
10,GM,MRQ,2018-12-31,2018-12-31,2018-12-31,2021-08-04,-9039000000,227339000000,,75293000000,152046000000,,27.482,-2199000000.0,20844000000,20844000000,35092000000.0,2069000000.0,0.916,4.749,104951000000,31891000000,73060000000,104951000000,0,3646000000.0,0,0.045,0.38,1618000000.0,5264000000.0,0.137,5264000000.0,1618000000.0,1433000000.0,1.42,1.4,1.42,38860000000,,38860000000,131116451524.0,14.0,5.748,3831000000.0,2.709,1.0,3307000000.0,0.086,5579000000,185000000.0,223630000000,,9816000000,15181000000,5966000000,9215000000,184562000000,82237000000,102325000000,47211451524.0,2638000000.0,0.0,0.0,2576000000.0,-552000000.0,2842000000.0,-6188000000.0,-3138000000.0,6030000000.0,-46000000.0,2044000000.0,2006000000.0,2006000000.0,0.0,25000000.0,0.052,2478000000.0,829000000.0,22297000000,0.268,1.215,5.964,5.963,82317000000,38000000.0,33.45,0.321,0.321,58482000000,22322000000,38399000000.0,38399000000.0,0.0,,,,,0.0,2478000000.0,1.0,1411403633.0,1414000000,1431000000.0,27.156,221760000000,24082000000,-611000000.0,0,156.832,-6944000000
11,GM,MRQ,2018-09-30,2018-09-30,2018-09-30,2021-08-04,-8321000000,225711000000,,74848000000,150863000000,,26.955,-2211000000.0,18435000000,18435000000,31597000000.0,2530000000.0,0.89,4.855,102340000000,30865000000,71475000000,102340000000,0,3313000000.0,0,0.045,0.38,2795000000.0,6108000000.0,0.171,6108000000.0,2795000000.0,2634000000.0,1.77,1.75,1.77,38061000000,,38061000000,130676609600.0,13.0,5.534,1462000000.0,1.035,1.0,4194000000.0,0.117,5651000000,161000000.0,219849000000,,11334000000,15071000000,5916000000,9155000000,184803000000,84116000000,100687000000,47504609600.0,3087000000.0,0.0,0.0,4127000000.0,-586000000.0,3957000000.0,-4535000000.0,-1154000000.0,3673000000.0,-8000000.0,2534000000.0,2503000000.0,2503000000.0,0.0,-4000000.0,0.07,2584000000.0,1610000000.0,25147000000,0.215,1.248,63.765,51.015,83257000000,31000000.0,33.67,0.325,0.325,57894000000,20865000000,35791000000.0,35791000000.0,0.0,,,,,0.0,2584000000.0,1.0,1410888316.0,1412000000,1431000000.0,25.348,220060000000,23242000000,100000000.0,0,155.85,-9268000000
12,GM,MRQ,2018-06-30,2018-06-30,2018-06-30,2021-08-04,-8171000000,218641000000,,70451000000,148190000000,,25.66,-2079000000.0,15087000000,15087000000,33067000000.0,2366000000.0,0.877,4.975,98259000000,28264000000,69995000000,98259000000,0,3129000000.0,0,0.039,0.38,3068000000.0,6197000000.0,0.169,6197000000.0,3068000000.0,2909000000.0,1.68,1.66,1.68,36181000000,,36181000000,140085763219.0,20.0,6.956,3026000000.0,2.146,1.0,3693000000.0,0.1,5720000000,159000000.0,215801000000,,10833000000,15712000000,6924000000,8788000000,180005000000,80292000000,99713000000,55523763219.0,224000000.0,0.0,0.0,339000000.0,-538000000.0,886000000.0,-5478000000.0,-1744000000.0,5105000000.0,-289000000.0,2390000000.0,2375000000.0,2375000000.0,0.0,-24000000.0,0.065,2216000000.0,1477000000.0,24660000000,0.226,1.535,-11.711,-12.429,82747000000,15000000.0,39.4,0.385,0.385,54664000000,18873000000,36760000000.0,36760000000.0,0.0,,,,,0.0,2216000000.0,1.0,1409232569.0,1410000000,1431000000.0,26.071,212921000000,23285000000,519000000.0,0,151.008,-9841000000
13,GM,MRQ,2018-03-31,2018-03-31,2018-03-31,2021-08-04,-8081000000,218726000000,,71435000000,147291000000,,24.359,-2272000000.0,14256000000,14256000000,33198000000.0,1040000000.0,0.864,5.343,98818000000,29347000000,69471000000,98818000000,0,3581000000.0,0,0.042,0.38,1662000000.0,5243000000.0,0.145,5243000000.0,1662000000.0,1512000000.0,0.73,0.72,0.73,34298000000,,34298000000,129678587391.0,20.0,6.663,-1824000000.0,-1.295,1.0,2901000000.0,0.08,5790000000,150000000.0,214782000000,,11461000000,16993000000,7110000000,9883000000,183268000000,82716000000,100552000000,50971587391.0,-301000000.0,0.0,0.0,4622000000.0,-566000000.0,3769000000.0,-4562000000.0,-299000000.0,448000000.0,44000000.0,1046000000.0,1032000000.0,1032000000.0,70000000.0,-6000000.0,0.029,2372000000.0,529000000.0,26039000000,0.521,1.486,-9.342,-9.717,81554000000,14000000.0,36.34,0.353,0.354,54072000000,17028000000,36099000000.0,36099000000.0,0.0,,,,,0.0,2372000000.0,1.0,1402630363.0,1408000000,1430000000.0,25.638,212936000000,23538000000,466000000.0,0,151.233,-11281000000
14,GM,MRQ,2017-12-31,2017-12-31,2017-12-31,2021-08-04,-8011000000,212482000000,,68744000000,143738000000,,24.806,-2100000000.0,15512000000,15512000000,33076000000.0,-5180000000.0,0.894,5.036,94219000000,26965000000,67254000000,94219000000,0,3177000000.0,0,0.037,0.38,2890000000.0,6067000000.0,0.161,6067000000.0,2890000000.0,2745000000.0,-3.52,-3.45,-3.52,35001000000,,35001000000,138103505884.0,17.0,6.735,4788000000.0,3.393,1.0,4639000000.0,0.123,5849000000,145000000.0,208450000000,,10663000000,17386000000,8313000000,9073000000,176282000000,76890000000,99392000000,58222505884.0,1968000000.0,0.0,-1498000000.0,1815000000.0,-532000000.0,-95000000.0,-4811000000.0,-874000000.0,6888000000.0,-14000000.0,-5151000000.0,-5165000000.0,-5165000000.0,277000000.0,-29000000.0,-0.137,2434000000.0,2205000000.0,23929000000,-0.108,1.663,-15.006,-15.468,80241000000,14000000.0,40.99,0.4,0.412,49893000000,17627000000,37715000000.0,37715000000.0,0.0,,,,,0.0,2434000000.0,1.0,1420407560.0,1411000000,1447000000.0,26.729,206633000000,23544000000,7896000000.0,0,146.444,-8146000000
15,GM,MRQ,2017-09-30,2017-09-30,2017-09-30,2021-08-04,-7783000000,229502000000,,76618000000,152884000000,,29.234,-2167000000.0,12792000000,12792000000,29744000000.0,-2982000000.0,0.936,4.404,92673000000,25607000000,67066000000,92673000000,0,3147000000.0,0,0.038,0.38,-514000000.0,2633000000.0,0.078,2633000000.0,-514000000.0,-665000000.0,-2.06,-2.03,-2.06,42243000000,,42243000000,131333069700.0,17.0,6.763,714000000.0,0.494,1.0,3879000000.0,0.115,5854000000,151000000.0,221680000000,,11789000000,17274000000,8454000000,8820000000,186025000000,81849000000,104176000000,58842069700.0,-3665000000.0,0.0,-1498000000.0,3253000000.0,-556000000.0,2139000000.0,-8838000000.0,-518000000.0,2881000000.0,153000000.0,-2981000000.0,-2983000000.0,-2983000000.0,3096000000.0,-1000000.0,-0.089,2303000000.0,1576000000.0,23265000000,-0.184,1.393,18.86,20.19,78585000000,2000000.0,40.38,0.398,0.395,50433000000,24230000000,33623000000.0,33623000000.0,0.0,,,,,0.0,2303000000.0,1.0,1457208264.0,1445000000,1472000000.0,23.269,223648000000,30723000000,2316000000.0,0,154.774,-5231000000
16,GM,MRQ,2017-06-30,2017-06-30,2017-06-30,2021-08-04,-9369000000,240300000000,,85081000000,155219000000,,30.408,-2456000000.0,16598000000,16598000000,32210000000.0,1663000000.0,0.902,4.274,89089000000,30008000000,59081000000,89089000000,0,3194000000.0,0,0.044,0.38,2326000000.0,5520000000.0,0.149,5520000000.0,2326000000.0,2194000000.0,1.11,1.09,1.11,45521000000,,45521000000,130750259560.0,11.0,5.65,3062000000.0,2.045,1.0,4774000000.0,0.129,5989000000,132000000.0,212496000000,,11289000000,17381000000,9133000000,8248000000,194575000000,94306000000,100269000000,52713259560.0,3999000000.0,0.0,-1496000000.0,7608000000.0,-572000000.0,5493000000.0,-7118000000.0,-855000000.0,5518000000.0,106000000.0,1660000000.0,1660000000.0,1660000000.0,770000000.0,3000000.0,0.045,2477000000.0,2297000000.0,23404000000,0.342,1.158,5.939,5.971,75909000000,0.0,34.93,0.344,0.342,49229000000,28547000000,36984000000.0,36984000000.0,0.0,,,,,0.0,2477000000.0,1.0,1509111353.0,1497000000,1519000000.0,24.705,234311000000,32425000000,534000000.0,0,156.52,-9225000000
17,GM,MRQ,2017-03-31,2017-03-31,2017-03-31,2021-08-04,-9250000000,230793000000,,79598000000,151195000000,,30.546,-1730000000.0,12864000000,12864000000,32327000000.0,2617000000.0,0.876,4.015,90901000000,33701000000,57200000000,90901000000,0,2743000000.0,0,0.043,0.38,3542000000.0,6285000000.0,0.169,6285000000.0,3542000000.0,3395000000.0,1.73,1.7,1.73,45972000000,,45972000000,124636026736.0,9.0,5.235,311000000.0,0.207,1.0,4939000000.0,0.133,6193000000,147000000.0,211733000000,,14686000000,19676000000,10260000000,9416000000,184579000000,90904000000,93675000000,52968026736.0,386000000.0,0.0,0.0,5779000000.0,-573000000.0,5047000000.0,-6805000000.0,-996000000.0,2041000000.0,103000000.0,2608000000.0,2608000000.0,2608000000.0,69000000.0,9000000.0,0.07,2356000000.0,2583000000.0,28725000000,0.22,1.152,5.254,5.366,76787000000,0.0,35.36,0.345,0.347,57341000000,28195000000,37266000000.0,37266000000.0,0.0,,,,,0.0,2356000000.0,1.0,1497964557.0,1505000000,1532000000.0,24.761,224600000000,34263000000,787000000.0,0,149.236,-11306000000
18,GM,MRQ,2016-12-31,2016-12-31,2016-12-31,2021-08-04,-9330000000,221690000000,,76203000000,145487000000,,28.916,-2282000000.0,12574000000,12574000000,36454000000.0,1775000000.0,0.895,4.052,75123000000,23797000000,51326000000,75123000000,0,2694000000.0,0,0.044,0.38,2288000000.0,4982000000.0,0.125,4982000000.0,2288000000.0,2138000000.0,1.22,1.19,1.22,43836000000,,43836000000,114632144577.0,9.0,5.084,1736000000.0,1.145,1.0,3442000000.0,0.086,6149000000,150000000.0,192909000000,,11040000000,20837000000,11841000000,8996000000,177615000000,85181000000,92434000000,53108144577.0,-2959000000.0,-2000000.0,-999000000.0,6012000000.0,-586000000.0,4932000000.0,-11644000000.0,-5233000000.0,4018000000.0,-265000000.0,1835000000.0,1835000000.0,1835000000.0,120000000.0,-60000000.0,0.046,2967000000.0,475000000.0,23333000000,0.311,1.212,5.634,5.693,68055000000,0.0,34.84,0.356,0.36,41828000000,26168000000,39896000000.0,39896000000.0,0.0,,,,,0.0,2967000000.0,1.0,1524343989.0,1516000000,1546000000.0,26.317,215541000000,33172000000,303000000.0,0,142.177,-8978000000
19,GM,MRQ,2016-09-30,2016-09-30,2016-09-30,2021-08-04,-7953000000,217576000000,,76496000000,141080000000,,28.852,-2070000000.0,17576000000,17576000000,33341000000.0,2712000000.0,0.927,3.859,79100000000,25374000000,53726000000,79100000000,0,2534000000.0,0,0.047,0.38,3820000000.0,6354000000.0,0.163,6354000000.0,3820000000.0,3675000000.0,1.79,1.76,1.79,44720000000,,44720000000,104424256031.0,7.0,4.556,4500000000.0,2.903,1.0,5548000000.0,0.143,6354000000,145000000.0,190211000000,,15427000000,17398000000,8172000000,9226000000,172561000000,82535000000,90026000000,49622256031.0,-2975000000.0,-3000000.0,-1201000000.0,4182000000.0,-594000000.0,2118000000.0,-11660000000.0,-5137000000.0,6570000000.0,-3000000.0,2773000000.0,2773000000.0,2773000000.0,-5000000.0,-61000000.0,0.071,2400000000.0,3148000000.0,28628000000,0.212,1.11,3.581,3.582,68543000000,0.0,31.77,0.363,0.361,51531000000,25417000000,38889000000.0,38889000000.0,0.0,,,,,0.0,2400000000.0,1.0,1561921814.0,1550000000,1574000000.0,25.09,211222000000,35025000000,902000000.0,0,136.272,-6039000000
20,GM,MRQ,2016-06-30,2016-06-30,2016-06-30,2021-08-04,-7905000000,210449000000,,74630000000,135819000000,,28.185,-1747000000.0,20518000000,20518000000,31903000000.0,2850000000.0,0.981,3.815,75320000000,21230000000,54090000000,75320000000,0,2299000000.0,0,0.052,0.38,3887000000.0,6186000000.0,0.165,6186000000.0,3887000000.0,3743000000.0,1.85,1.81,1.85,43630000000,,43630000000,99832058141.0,8.0,4.947,4380000000.0,2.829,1.0,5480000000.0,0.147,6433000000,144000000.0,182775000000,,15026000000,13048000000,4247000000,8801000000,166446000000,76043000000,90403000000,43577058141.0,3931000000.0,-283000000.0,0.0,3411000000.0,-600000000.0,3600000000.0,-5699000000.0,1394000000.0,6127000000.0,-97000000.0,2866000000.0,2866000000.0,2866000000.0,-106000000.0,-16000000.0,0.077,2508000000.0,2972000000.0,26959000000,0.205,0.999,3.502,3.564,64457000000,0.0,28.3,0.319,0.321,49570000000,23785000000,37383000000.0,37383000000.0,0.0,,,,,0.0,2508000000.0,1.0,1539825376.0,1548000000,1581000000.0,24.149,204016000000,35627000000,877000000.0,0,131.793,-1413000000
21,GM,MRQ,2016-03-31,2016-03-31,2016-03-31,2021-08-04,-8054000000,203618000000,,71034000000,132584000000,,26.476,-2285000000.0,14894000000,14894000000,32475000000.0,1931000000.0,0.947,3.965,71149000000,21588000000,49561000000,71149000000,0,2292000000.0,0,0.046,0.38,2639000000.0,4931000000.0,0.132,4931000000.0,2639000000.0,2512000000.0,1.26,1.24,1.26,40932000000,,40932000000,96416402669.0,10.0,5.366,-2393000000.0,-1.548,1.0,4790000000.0,0.129,5891000000,127000000.0,178995000000,,15817000000,18532000000,8253000000,10279000000,162293000000,74987000000,87306000000,48543402669.0,-169000000.0,-516000000.0,-300000000.0,7422000000.0,-588000000.0,6427000000.0,-6640000000.0,796000000.0,-108000000.0,152000000.0,1953000000.0,1953000000.0,1953000000.0,0.0,-22000000.0,0.052,2818000000.0,1972000000.0,26766000000,0.302,1.186,4.539,4.629,59389000000,0.0,31.43,0.354,0.354,47358000000,21508000000,37265000000.0,37265000000.0,0.0,,,,,0.0,2818000000.0,1.0,1544492608.0,1546000000,1580000000.0,24.104,197727000000,36374000000,559000000.0,0,127.896,-3953000000
22,GM,MRQ,2015-12-31,2015-12-31,2015-12-31,2021-08-04,-8036000000,194338000000,,69408000000,124930000000,,25.674,-1489000000.0,15238000000,15238000000,18978000000.0,6226000000.0,0.975,3.863,63111000000,19562000000,43549000000,63111000000,0,1579000000.0,0,0.041,0.36,3869000000.0,5448000000.0,0.237,5448000000.0,3869000000.0,3776000000.0,3.97,3.84,3.97,39871000000,,39871000000,94895576709.0,11.0,5.794,811000000.0,0.522,1.0,4012000000.0,0.175,5947000000,93000000.0,165047000000,,13764000000,17364000000,8163000000,9201000000,154015000000,71217000000,82798000000,52925576709.0,-336000000.0,1000000.0,-632000000.0,5037000000.0,-564000000.0,5264000000.0,-7531000000.0,-1129000000.0,2300000000.0,-369000000.0,6266000000.0,6266000000.0,6266000000.0,-25000000.0,-40000000.0,0.273,1512000000.0,2500000000.0,24062000000,0.091,1.327,5.464,5.566,54184000000,0.0,34.01,0.39,0.397,44888000000,20285000000,22990000000.0,22990000000.0,0.0,,,,,0.0,1512000000.0,1.0,1556176910.0,1553000000,1595000000.0,14.804,188391000000,36860000000,-2490000000.0,0,121.308,-1809000000
23,GM,MRQ,2015-09-30,2015-09-30,2015-09-30,2021-08-04,-8034000000,189000000000,,82341000000,106659000000,,21.964,-1835000000.0,15433000000,15433000000,33564000000.0,1341000000.0,1.132,4.442,57403000000,17002000000,40401000000,57403000000,0,1981000000.0,0,0.044,0.36,1636000000.0,3617000000.0,0.093,3617000000.0,1636000000.0,1524000000.0,0.86,0.84,0.86,34638000000,,34638000000,83441603419.0,11.0,4.063,1473000000.0,0.934,1.0,5279000000.0,0.136,6083000000,112000000.0,152148000000,,14368000000,19013000000,9548000000,9465000000,153865000000,72739000000,81126000000,47551603419.0,-2194000000.0,0.0,-889000000.0,5101000000.0,-592000000.0,3590000000.0,-8856000000.0,-2617000000.0,3308000000.0,-236000000.0,1359000000.0,1359000000.0,1359000000.0,0.0,-18000000.0,0.035,4282000000.0,997000000.0,25188000000,0.419,1.373,10.506,10.608,50892000000,0.0,30.02,0.312,0.311,45374000000,14912000000,38843000000.0,38843000000.0,0.0,,,,,0.0,4282000000.0,1.0,1583997449.0,1577000000,1618000000.0,24.631,182917000000,34007000000,165000000.0,0,115.99,9602000000
24,GM,MRQ,2015-06-30,2015-06-30,2015-06-30,2021-08-04,-7543000000,185812000000,,84554000000,101258000000,,22.021,-1805000000.0,17627000000,17627000000,33915000000.0,1140000000.0,1.216,4.272,53517000000,14403000000,39114000000,53517000000,0,2170000000.0,0,0.038,0.36,1802000000.0,3972000000.0,0.104,3972000000.0,1802000000.0,1694000000.0,0.7,0.67,0.7,35146000000,,35146000000,86050232341.0,11.0,4.549,3981000000.0,2.494,1.0,4265000000.0,0.112,6181000000,108000000.0,145993000000,,14218000000,17668000000,8642000000,9026000000,150142000000,69528000000,80614000000,53568232341.0,1851000000.0,123000000.0,-1699000000.0,4735000000.0,-598000000.0,2395000000.0,-5855000000.0,-27000000.0,5786000000.0,-475000000.0,1117000000.0,1117000000.0,1117000000.0,0.0,23000000.0,0.029,2977000000.0,1288000000.0,24247000000,0.514,1.524,11.771,11.777,47057000000,0.0,33.33,0.351,0.348,44813000000,14512000000,38180000000.0,38180000000.0,0.0,,,,,0.0,2977000000.0,1.0,1607207691.0,1596000000,1660000000.0,23.922,179631000000,34287000000,577000000.0,0,112.551,15026000000
25,GM,MRQ,2015-03-31,2015-03-31,2015-03-31,2021-08-04,-7331000000,179918000000,,83231000000,96687000000,,22.467,-1684000000.0,15776000000,15776000000,31842000000.0,908000000.0,1.236,3.939,48258000000,14351000000,33907000000,48258000000,0,1757000000.0,0,0.032,0.3,1584000000.0,3341000000.0,0.094,3341000000.0,1584000000.0,1474000000.0,0.58,0.56,0.58,36329000000,,36329000000,88275723538.0,15.0,5.859,-1309000000.0,-0.81,1.0,3870000000.0,0.108,6297000000,110000000.0,138761000000,,14051000000,20204000000,9823000000,10381000000,143095000000,67342000000,75753000000,60388723538.0,-3178000000.0,-1051000000.0,-300000000.0,3144000000.0,-488000000.0,2359000000.0,-5468000000.0,-709000000.0,375000000.0,-444000000.0,945000000.0,945000000.0,945000000.0,0.0,-37000000.0,0.026,3117000000.0,753000000.0,25187000000,0.517,1.662,16.664,16.667,41257000000,0.0,37.5,0.392,0.393,43876000000,14825000000,35712000000.0,35712000000.0,0.0,,,,,0.0,3117000000.0,1.0,1610365961.0,1617000000,1686000000.0,22.085,173621000000,34486000000,529000000.0,0,107.372,15889000000
26,GM,MRQ,2014-12-31,2014-12-31,2014-12-31,2021-08-04,-8073000000,177501000000,,83626000000,93875000000,,22.009,-2002000000.0,18954000000,18954000000,35235000000.0,2009000000.0,1.274,3.99,46665000000,14944000000,31721000000,46665000000,0,7238000000.0,0,0.034,0.3,2370000000.0,9608000000.0,0.243,9608000000.0,2370000000.0,2266000000.0,0.69,0.66,0.69,35457000000,,35457000000,79134767379.0,17.0,6.696,1165000000.0,0.723,1.0,4382000000.0,0.111,6410000000,104000000.0,133145000000,,13642000000,19845000000,10560000000,9285000000,141477000000,65657000000,75820000000,56089767379.0,1108000000.0,-2000000.0,-3109000000.0,6854000000.0,-1384000000.0,2315000000.0,-3934000000.0,-588000000.0,3167000000.0,-440000000.0,1987000000.0,1105000000.0,1105000000.0,0.0,22000000.0,0.028,3073000000.0,1309000000.0,22529000000,0.435,1.582,20.003,19.949,38367000000,882000000.0,34.91,0.36,0.359,41612000000,14577000000,39617000000.0,39617000000.0,0.0,,,,,0.0,2953000000.0,1.0,1606696287.0,1611000000,1678000000.0,24.592,171091000000,35174000000,279000000.0,0,106.202,17969000000
27,GM,MRQ,2014-09-30,2014-09-30,2014-09-30,2021-08-04,-2930000000,176908000000,,86640000000,90268000000,,26.676,-1664000000.0,18060000000,18060000000,35107000000.0,1442000000.0,1.287,3.101,41105000000,13386000000,27719000000,41105000000,0,0.0,0,0.028,0.3,1994000000.0,1994000000.0,0.051,1994000000.0,1994000000.0,1898000000.0,0.86,0.81,0.86,43002000000,,43002000000,71465539056.0,20.0,6.192,-576000000.0,-0.357,1.0,4148000000.0,0.106,6644000000,96000000.0,125980000000,,15210000000,19843000000,10945000000,8898000000,133345000000,67329000000,66016000000,51253539056.0,-1804000000.0,-1000000.0,-168000000.0,2154000000.0,-588000000.0,1342000000.0,-3825000000.0,-1009000000.0,1088000000.0,-409000000.0,1471000000.0,1384000000.0,1384000000.0,0.0,-29000000.0,0.035,2921000000.0,1227000000.0,24773000000,0.349,1.192,19.622,18.788,37215000000,87000000.0,31.94,0.327,0.328,42156000000,13975000000,39255000000.0,39255000000.0,0.0,,,,,0.0,2921000000.0,1.0,1604681874.0,1612000000,1691000000.0,24.352,170264000000,33552000000,427000000.0,0,105.623,19311000000
28,GM,MRQ,2014-06-30,2014-06-30,2014-06-30,2021-08-04,-3133000000,179098000000,,91643000000,87455000000,,26.116,-1666000000.0,19864000000,19864000000,36777000000.0,287000000.0,1.267,3.251,40076000000,15803000000,24273000000,40076000000,0,0.0,0,0.017,0.3,124000000.0,124000000.0,0.003,124000000.0,124000000.0,24000000.0,0.12,0.11,0.12,41994000000,,41994000000,76555977920.0,19.0,6.29,2164000000.0,1.346,1.0,2872000000.0,0.072,6793000000,100000000.0,120170000000,,15200000000,19714000000,11260000000,8454000000,136513000000,72347000000,64166000000,58214977920.0,438000000.0,-50000000.0,0.0,1929000000.0,-622000000.0,1300000000.0,-4763000000.0,-2097000000.0,3830000000.0,71000000.0,278000000.0,190000000.0,190000000.0,0.0,9000000.0,0.005,3343000000.0,-471000000.0,26992000000,2.5,1.386,30.226,27.09,36404000000,88000000.0,36.3,0.372,0.373,42707000000,13162000000,39649000000.0,39649000000.0,0.0,,,,,0.0,3343000000.0,1.0,1603718400.0,1608000000,1688000000.0,24.657,172305000000,34081000000,-254000000.0,0,107.155,19296000000
29,GM,MRQ,2014-03-31,2014-03-31,2014-03-31,2021-08-04,-3138000000,173606000000,,86825000000,86781000000,,26.605,-1759000000.0,19426000000,19426000000,35002000000.0,280000000.0,1.254,3.097,37767000000,14849000000,22918000000,37767000000,0,0.0,0,0.009,0.3,92000000.0,92000000.0,0.002,92000000.0,92000000.0,-11000000.0,0.08,0.06,0.08,42222000000,,42222000000,70882512666.0,11.0,4.969,217000000.0,0.137,1.0,2406000000.0,0.064,7005000000,103000000.0,115720000000,,14837000000,19657000000,10004000000,9653000000,130766000000,69222000000,61544000000,54720512666.0,-595000000.0,0.0,0.0,1303000000.0,-571000000.0,718000000.0,-2837000000.0,-589000000.0,1976000000.0,-452000000.0,213000000.0,125000000.0,125000000.0,0.0,67000000.0,0.003,2941000000.0,-535000000.0,27715000000,3.75,1.296,18.638,16.469,33525000000,88000000.0,34.42,0.351,0.35,41655000000,13457000000,37408000000.0,37408000000.0,0.0,,,,,0.0,2941000000.0,1.0,1589788282.0,1587000000,1691000000.0,23.572,166601000000,33430000000,-224000000.0,0,104.979,17603000000
30,GM,MRQ,2013-12-31,2013-12-31,2013-12-31,2021-08-04,-3113000000,166344000000,,81501000000,84843000000,,29.629,-1785000000.0,20021000000,20021000000,36210000000.0,1053000000.0,1.306,2.891,36183000000,14158000000,22025000000,36183000000,0,8041000000.0,0,0.0,0.0,1291000000.0,9332000000.0,0.231,9332000000.0,1291000000.0,1174000000.0,0.64,0.56,0.64,42607000000,,42607000000,68535355528.0,9.0,4.325,1273000000.0,0.885,1.0,4275000000.0,0.106,7228000000,117000000.0,112866000000,,14039000000,19142000000,10219000000,8923000000,123170000000,62412000000,60758000000,56767355528.0,-334000000.0,449000000.0,0.0,583000000.0,-168000000.0,412000000.0,-3773000000.0,-2044000000.0,3058000000.0,-31000000.0,1040000000.0,913000000.0,913000000.0,0.0,13000000.0,0.023,4110000000.0,165000000.0,23621000000,0.0,1.332,15.058,15.081,31648000000,127000000.0,40.87,0.365,0.366,37167000000,13816000000,40485000000.0,40485000000.0,0.0,,,,,0.0,3629000000.0,1.0,1388973710.0,1438000000,1688000000.0,28.154,159116000000,33085000000,134000000.0,0,110.651,19089000000
31,GM,MRQ,2013-09-30,2013-09-30,2013-09-30,2021-08-04,-7981000000,168539000000,,81164000000,87375000000,,26.535,-1947000000.0,20355000000,20355000000,33791000000.0,1705000000.0,1.297,3.567,32123000000,11439000000,20684000000,32123000000,0,0.0,0,0.0,0.0,2624000000.0,2624000000.0,0.067,2624000000.0,2624000000.0,2559000000.0,0.5,0.45,0.5,36778000000,,36778000000,56838438824.0,-2.0,5.186,1913000000.0,1.38,1.0,5192000000.0,0.133,8317000000,65000000.0,109427000000,,15357000000,17747000000,9174000000,8573000000,131178000000,62563000000,68615000000,49787438824.0,658000000.0,16000000.0,-2438000000.0,4983000000.0,-1045000000.0,1466000000.0,-4788000000.0,-2321000000.0,3860000000.0,120000000.0,1717000000.0,698000000.0,698000000.0,0.0,-12000000.0,0.018,2936000000.0,2256000000.0,27242000000,0.0,1.354,13.622,13.996,31906000000,1019000000.0,35.97,0.323,0.323,34299000000,12903000000,38983000000.0,38983000000.0,0.0,,,,,0.0,2876000000.0,1.0,1384137860.0,1386000000,1681000000.0,28.126,160222000000,35888000000,842000000.0,0,115.6,18601000000
32,GM,MRQ,2013-06-30,2013-06-30,2013-06-30,2021-08-04,-8040000000,163110000000,,77745000000,85365000000,,27.888,-1893000000.0,19697000000,19697000000,34399000000.0,1388000000.0,1.295,3.234,26748000000,9961000000,16787000000,26748000000,0,0.0,0,0.0,0.0,2217000000.0,2217000000.0,0.057,2217000000.0,2217000000.0,2156000000.0,0.87,0.75,0.87,38374000000,,38374000000,43570226556.0,-2.0,4.09,3000000000.0,2.18,1.0,4676000000.0,0.12,8591000000,61000000.0,101549000000,,14777000000,15514000000,7325000000,8189000000,124106000000,60021000000,64085000000,45789226556.0,-946000000.0,-2110000000.0,0.0,32000000.0,-256000000.0,-314000000.0,-5291000000.0,-535000000.0,4893000000.0,-234000000.0,1414000000.0,1200000000.0,1200000000.0,0.0,-26000000.0,0.031,2925000000.0,1751000000.0,26820000000,0.0,1.193,10.329,11.066,30418000000,214000000.0,33.31,0.3,0.3,33437000000,12191000000,39075000000.0,39075000000.0,0.0,,,,,0.0,2925000000.0,1.0,1374639044.0,1376000000,1677000000.0,28.398,154519000000,36379000000,742000000.0,0,112.296,17724000000
33,GM,MRQ,2013-03-31,2013-03-31,2013-03-31,2021-08-04,-7611000000,153775000000,,72570000000,81205000000,,27.396,-1940000000.0,20643000000,20643000000,32973000000.0,1185000000.0,1.284,3.071,18424000000,6972000000,11452000000,18424000000,0,0.0,0,0.0,0.0,1675000000.0,1675000000.0,0.045,1675000000.0,1675000000.0,1584000000.0,0.63,0.58,0.63,37587000000,,37587000000,35642452495.0,-1.0,3.349,-1121000000.0,-0.817,1.0,3911000000.0,0.106,8965000000,91000000.0,86052000000,,15200000000,15366000000,7273000000,8093000000,115440000000,56539000000,58901000000,38014452495.0,2221000000.0,-82000000.0,0.0,2408000000.0,-218000000.0,2167000000.0,-510000000.0,1876000000.0,819000000.0,-255000000.0,1175000000.0,865000000.0,865000000.0,0.0,10000000.0,0.023,2952000000.0,959000000.0,27117000000,0.0,1.011,8.054,9.003,28662000000,310000000.0,27.82,0.251,0.252,24014000000,11017000000,36884000000.0,36884000000.0,0.0,,,,,0.0,2952000000.0,1.0,1366443296.0,1372000000,1507000000.0,26.883,144810000000,37005000000,409000000.0,0,105.547,16031000000
34,GM,MRQ,2012-12-31,2012-12-31,2012-12-31,2021-08-04,-8052000000,149422000000,,69996000000,79426000000,,23.323,-2064000000.0,18422000000,18422000000,42293000000.0,1031000000.0,1.296,3.102,16050000000,5518000000,10532000000,16050000000,0,38762000000.0,0,0.0,0.0,-34318000000.0,4444000000.0,0.113,4444000000.0,-34318000000.0,-34451000000.0,0.57,0.54,0.57,36244000000,,36244000000,38481353573.0,-1.0,3.628,-1283000000.0,-0.826,1.0,-2986000000.0,-0.076,8782000000,133000000.0,84276000000,,14714000000,17239000000,9674000000,7565000000,112422000000,53992000000,58430000000,45148353573.0,-4898000000.0,-10000000.0,-5098000000.0,-1030000000.0,-260000000.0,-6464000000.0,776000000.0,3141000000.0,781000000.0,9000000.0,1194000000.0,892000000.0,892000000.0,0.0,-163000000.0,0.023,31797000000.0,-34783000000.0,25166000000,0.0,1.246,9.292,9.3,27627000000,302000000.0,28.83,0.297,0.297,21393000000,10057000000,39307000000.0,39307000000.0,0.0,,,,,0.0,5347000000.0,1.0,1566019895.0,1554000000,1675000000.0,25.294,140640000000,37351000000,-35645000000.0,0,90.502,16004000000
35,GM,MRQ,2012-09-30,2012-09-30,2012-09-30,2021-08-04,-6724000000,155456000000,,72107000000,83349000000,,26.534,-1945000000.0,23320000000,23320000000,33046000000.0,1854000000.0,1.251,2.708,16653000000,6278000000,10375000000,16653000000,0,0.0,0,0.0,0.0,2318000000.0,2318000000.0,0.062,2318000000.0,2318000000.0,2190000000.0,0.94,0.89,0.94,41659000000,,41659000000,28234464511.0,4.0,1.994,1438000000.0,0.916,1.0,4530000000.0,0.121,37312000000,128000000.0,53854000000,,15672000000,19579000000,11274000000,8305000000,112827000000,57623000000,55204000000,35625464511.0,1136000000.0,-73000000.0,0.0,1397000000.0,-220000000.0,1157000000.0,-3456000000.0,-1396000000.0,3383000000.0,52000000.0,1833000000.0,1476000000.0,1476000000.0,0.0,21000000.0,0.039,2927000000.0,1603000000.0,26313000000,0.0,0.855,8.026,8.125,31071000000,357000000.0,22.75,0.236,0.237,23614000000,11533000000,37576000000.0,37576000000.0,0.0,,,,,0.0,2849000000.0,1.0,1565954484.0,1570000000,1663000000.0,23.934,118144000000,0,357000000.0,0,75.251,14484000000
36,GM,MRQ,2012-06-30,2012-06-30,2012-06-30,2021-08-04,-5995000000,151987000000,,70233000000,81754000000,,25.94,-2065000000.0,22184000000,22184000000,32946000000.0,1901000000.0,1.24,2.712,14793000000,5092000000,9701000000,14793000000,0,0.0,0,0.0,0.0,2205000000.0,2205000000.0,0.059,2205000000.0,2205000000.0,2087000000.0,0.95,0.9,0.95,40700000000,,40700000000,27724663065.0,4.0,1.959,1877000000.0,1.196,1.0,4668000000.0,0.124,37597000000,118000000.0,50348000000,,15433000000,20219000000,12115000000,8104000000,110377000000,56651000000,53726000000,30878663065.0,4806000000.0,1000000.0,0.0,854000000.0,-242000000.0,594000000.0,467000000.0,2966000000.0,3942000000.0,-197000000.0,1846000000.0,1487000000.0,1487000000.0,0.0,55000000.0,0.04,2847000000.0,1821000000.0,26425000000,0.0,0.759,6.585,6.662,30169000000,359000000.0,19.72,0.206,0.206,21147000000,9889000000,37614000000.0,37614000000.0,0.0,,,,,0.0,2847000000.0,1.0,1565855125.0,1569000000,1671000000.0,23.973,114390000000,0,241000000.0,0,72.906,13582000000
37,GM,MRQ,2012-03-31,2012-03-31,2012-03-31,2021-08-04,-5768000000,150194000000,,69216000000,80978000000,,24.972,-1994000000.0,17378000000,17378000000,33158000000.0,1350000000.0,1.223,2.803,14224000000,5350000000,8874000000,14224000000,0,0.0,0,0.0,0.0,1641000000.0,1641000000.0,0.043,1641000000.0,1641000000.0,1531000000.0,0.64,0.6,0.64,39256000000,,39256000000,36879794941.0,5.0,2.453,505000000.0,0.321,1.0,4601000000.0,0.122,38120000000,110000000.0,52343000000,,15844000000,23554000000,15610000000,7944000000,110054000000,56577000000,53477000000,40161794941.0,1307000000.0,56000000.0,0.0,191000000.0,-217000000.0,-28000000.0,-1292000000.0,941000000.0,2499000000.0,128000000.0,1315000000.0,1004000000.0,1004000000.0,0.0,35000000.0,0.027,3605000000.0,996000000.0,27576000000,0.0,1.023,7.014,6.951,27941000000,311000000.0,25.65,0.264,0.266,21961000000,8283000000,37759000000.0,37759000000.0,0.0,,,,,0.0,2973000000.0,1.0,1565761986.0,1572000000,1692000000.0,24.02,112074000000,0,216000000.0,0,71.294,12639000000
38,GM,MRQ,2011-12-31,2011-12-31,2011-12-31,2021-08-04,-5861000000,144603000000,,64923000000,79680000000,,24.249,-2178000000.0,16071000000,16071000000,33396000000.0,747000000.0,1.22,2.771,13833000000,5800000000,8033000000,13833000000,0,7427000000.0,0,0.0,0.0,567000000.0,7994000000.0,0.21,7994000000.0,567000000.0,432000000.0,0.27,0.28,0.27,38120000000,,38120000000,21957669247.0,2.0,1.288,-736000000.0,-0.468,1.0,4594000000.0,0.121,39033000000,135000000.0,50106000000,,14324000000,25171000000,17153000000,8018000000,105612000000,53226000000,52386000000,31713669247.0,-4533000000.0,-17000000.0,0.0,543000000.0,-267000000.0,298000000.0,-6236000000.0,-3829000000.0,1442000000.0,-37000000.0,725000000.0,472000000.0,472000000.0,0.0,22000000.0,0.012,4144000000.0,450000000.0,24551000000,0.0,0.832,4.181,4.103,26254000000,253000000.0,20.27,0.211,0.207,19126000000,7183000000,37990000000.0,37990000000.0,0.0,,,,,0.0,3303000000.0,1.0,1564561877.0,1572000000,1668000000.0,24.167,105570000000,1039000000,-293000000.0,0,67.156,11697000000
39,GM,MRQ,2011-09-30,2011-09-30,2011-09-30,2021-08-04,1412000000,148497000000,,64010000000,84487000000,,28.645,-1163000000.0,21421000000,21421000000,31946000000.0,2092000000.0,1.237,2.299,11665000000,1543000000,10122000000,11665000000,0,0.0,0,0.0,0.0,2315000000.0,2315000000.0,0.063,2315000000.0,2315000000.0,2214000000.0,1.1,1.03,1.1,44744000000,,44744000000,21941440080.0,2.0,1.256,874000000.0,0.56,1.0,4773000000.0,0.13,40381000000,101000000.0,46612000000,,15220000000,19214000000,11680000000,7534000000,102881000000,51748000000,51133000000,31516440080.0,-393000000.0,15000000.0,0.0,-358000000.0,-214000000.0,-576000000.0,-1317000000.0,335000000.0,2037000000.0,-537000000.0,2107000000.0,1726000000.0,1726000000.0,0.0,-15000000.0,0.047,2967000000.0,1806000000.0,25646000000,0.0,0.704,3.984,3.873,25023000000,381000000.0,20.18,0.211,0.211,19430000000,6595000000,36719000000.0,36719000000.0,0.0,,,,,0.0,2942000000.0,1.0,1561766109.0,1562000000,1682000000.0,23.508,108116000000,0,107000000.0,0,69.216,12262000000
40,GM,MRQ,2011-06-30,2011-06-30,2011-06-30,2021-08-04,1571000000,150415000000,,65984000000,84431000000,,27.321,-1266000000.0,21596000000,21596000000,33979000000.0,3037000000.0,1.225,2.636,12021000000,2027000000,9994000000,12021000000,0,0.0,0,0.0,0.0,3086000000.0,3086000000.0,0.078,3086000000.0,3086000000.0,2931000000.0,1.68,1.54,1.68,41118000000,,41118000000,37693467635.0,4.0,2.148,3798000000.0,2.524,1.0,5394000000.0,0.137,41129000000,155000000.0,45863000000,,14105000000,19458000000,12298000000,7160000000,108383000000,53848000000,54535000000,47385467635.0,-311000000.0,-34000000.0,0.0,-34000000.0,-214000000.0,-287000000.0,-5226000000.0,-3931000000.0,5064000000.0,138000000.0,2992000000.0,2524000000.0,2524000000.0,0.0,45000000.0,0.064,2943000000.0,2451000000.0,25412000000,0.0,1.152,5.818,5.601,25169000000,468000000.0,30.36,0.323,0.312,20376000000,4729000000,39373000000.0,39373000000.0,0.0,,,,,0.0,2924000000.0,1.0,1560786154.0,1505000000,1654000000.0,26.161,109286000000,0,-61000000.0,0,72.615,12136000000
41,GM,MRQ,2011-03-31,2011-03-31,2011-03-31,2021-08-04,1494000000,145846000000,,62949000000,82897000000,,25.398,-1642000000.0,22176000000,22176000000,31850000000.0,3411000000.0,1.218,2.795,12484000000,1743000000,10741000000,12484000000,0,0.0,0,0.0,0.0,3652000000.0,3652000000.0,0.101,3652000000.0,3652000000.0,3503000000.0,2.09,1.77,2.09,38198000000,,38198000000,37868857121.0,4.0,2.28,-2019000000.0,-1.342,1.0,4344000000.0,0.12,41505000000,149000000.0,42967000000,,13991000000,15555000000,8618000000,6937000000,106760000000,51682000000,55078000000,48429857121.0,52000000.0,4804000000.0,0.0,546000000.0,-221000000.0,207000000.0,39000000.0,-3150000000.0,-377000000.0,183000000.0,3366000000.0,3151000000.0,3151000000.0,0.0,45000000.0,0.087,3395000000.0,949000000.0,24739000000,0.0,1.268,6.964,6.702,23043000000,215000000.0,31.03,0.345,0.333,21266000000,1951000000,36194000000.0,36194000000.0,0.0,,,,,0.0,2994000000.0,1.0,1560743059.0,1504000000,1817000000.0,24.065,104341000000,0,137000000.0,0,69.376,11267000000
42,GM,MRQ,2010-12-31,2010-12-31,2010-12-31,2021-08-04,1251000000,138898000000,,53053000000,85845000000,,24.12,-1090000000.0,22151000000,22151000000,33170000000.0,1472000000.0,1.125,2.812,11590000000,1616000000,9974000000,11590000000,0,6930000000.0,0,0.0,0.0,1481000000.0,8411000000.0,0.228,8411000000.0,1481000000.0,1233000000.0,0.34,0.27,0.34,36180000000,,36180000000,36390000000.0,5.0,2.447,-2629000000.0,-1.753,1.0,3712000000.0,0.101,43660000000,248000000.0,37520000000,,12125000000,16484000000,6795000000,9689000000,101739000000,47157000000,54582000000,55290000000.0,-1814000000.0,-2554000000.0,3395000000.0,-4087000000.0,-964000000.0,-1821000000.0,-2913000000.0,689000000.0,-1539000000.0,63000000.0,1406000000.0,510000000.0,510000000.0,0.0,66000000.0,0.014,3432000000.0,280000000.0,21497000000,0.0,1.528,11.844,11.852,21803000000,896000000.0,36.86,0.408,0.408,16896000000,266000000,36882000000.0,36882000000.0,0.0,,,,,0.0,3429000000.0,1.0,1500000000.0,1500000000,1732000000.0,24.588,95238000000,0,-173000000.0,0,63.492,5896000000
43,GM,MRQ,2010-09-30,2010-09-30,2010-09-30,2021-08-04,-1073000000,137238000000,,61584000000,75654000000,,15.165,-1261000000.0,27466000000,27466000000,29587000000.0,2223000000.0,1.171,4.683,8566000000,5621000000,2945000000,8566000000,0,0.0,0,,0.0,2400000000.0,2400000000.0,0.07,2400000000.0,2400000000.0,2137000000.0,1.31,1.2,1.31,22747000000,,22747000000,,,,1363000000.0,0.909,1.0,4473000000.0,0.131,43010000000,263000000.0,22759000000,,13044000000,16024000000,7333000000,8691000000,106522000000,52569000000,53953000000,,0.0,46000000.0,0.0,45000000.0,-203000000.0,-158000000.0,-2264000000.0,-1164000000.0,2624000000.0,491000000.0,2162000000.0,1959000000.0,1959000000.0,0.0,61000000.0,0.058,2740000000.0,1733000000.0,22137000000,0.0,,,,22058000000,203000000.0,,,,8725000000,-236000000,34060000000.0,34060000000.0,0.0,,,,,0.0,2710000000.0,1.0,1500000000.0,1500000000,1630000000.0,22.707,94228000000,0,-25000000.0,0,62.819,9015000000
44,GM,MRQ,2010-06-30,2010-06-30,2010-06-30,2021-08-04,1153000000,131899000000,,57807000000,74092000000,,15.343,-1011000000.0,26773000000,26773000000,28609000000.0,1612000000.0,1.148,4.388,8161000000,5524000000,2637000000,8161000000,0,0.0,0,,0.0,2147000000.0,2147000000.0,0.065,2147000000.0,2147000000.0,1897000000.0,0.89,0.85,0.89,23015000000,,23015000000,,,,2834000000.0,1.889,1.0,4565000000.0,0.138,43006000000,250000000.0,19934000000,,11533000000,14450000000,6154000000,8296000000,101000000000,50347000000,50653000000,,-631000000.0,-1000000.0,0.0,-5845000000.0,-202000000.0,-6053000000.0,5959000000.0,6751000000.0,3845000000.0,-308000000.0,1536000000.0,1334000000.0,1334000000.0,0.0,76000000.0,0.04,2662000000.0,1903000000.0,20755000000,0.0,,,,21114000000,202000000.0,,,,8662000000,-2195000000,33174000000.0,33174000000.0,0.0,,,,,0.0,2623000000.0,1.0,1500000000.0,1500000000,1567000000.0,22.116,88893000000,0,361000000.0,0,59.262,7460000000
45,GM,MRQ,2010-03-31,2010-03-31,2010-03-31,2021-08-04,1713000000,136021000000,,60357000000,75664000000,,14.826,-840000000.0,36051000000,36051000000,27553000000.0,1196000000.0,1.16,4.765,14174000000,8773000000,5401000000,14174000000,0,0.0,0,,0.0,1914000000.0,1914000000.0,0.061,1914000000.0,1914000000.0,1577000000.0,0.58,0.55,0.58,22239000000,,22239000000,,,,1010000000.0,0.673,1.0,3923000000.0,0.125,44177000000,337000000.0,17929000000,,11192000000,8583000000,153000000,8430000000,105970000000,52038000000,53932000000,,631000000.0,-153000000.0,0.0,-1535000000.0,-203000000.0,-1738000000.0,451000000.0,1229000000.0,1850000000.0,-303000000.0,1068000000.0,865000000.0,865000000.0,0.0,128000000.0,0.027,2730000000.0,1193000000.0,20450000000,0.0,,,,20751000000,203000000.0,,,,8694000000,-3529000000,31476000000.0,31476000000.0,0.0,,,,,0.0,2684000000.0,1.0,1500000000.0,1500000000,1567000000.0,20.984,91844000000,0,509000000.0,0,61.229,8319000000
46,GM,MRQ,2009-12-31,2009-12-31,2009-12-31,2021-08-04,1588000000,136295000000,,59247000000,77048000000,,17.164,-981000000.0,22679000000,22679000000,32762000000.0,-3215000000.0,1.13,5.052,15783000000,10221000000,5562000000,15783000000,0,4511000000.0,0,,0.0,-3971000000.0,540000000.0,0.017,540000000.0,-3971000000.0,-4300000000.0,-2.85,-2.85,-2.85,21249000000,,21249000000,,,,-2876000000.0,-2.323,1.0,-435000000.0,-0.013,45219000000,329000000.0,31745000000,,10107000000,23476000000,14051000000,9425000000,107340000000,52435000000,54905000000,,-6356000000.0,-2049000000.0,0.0,-2868000000.0,-97000000.0,-3024000000.0,2502000000.0,5180000000.0,-1895000000.0,118000000.0,-3439000000.0,-3520000000.0,-3520000000.0,0.0,224000000.0,-0.109,3425000000.0,-3860000000.0,18725000000,0.0,,,,21414000000,81000000.0,,,,7518000000,-4394000000,32327000000.0,32327000000.0,0.0,,,,,0.0,3370000000.0,1.0,1500000000.0,1238000000,1238000000.0,26.112,91076000000,564000000,-861000000.0,0,73.567,6812000000
47,GM,MRQ,2009-09-30,2009-09-30,2009-09-30,2021-08-04,677000000,144344000000,,68344000000,76000000000,,14.999,-881000000.0,25092000000,25092000000,23554000000.0,-571000000.0,1.163,6.643,15474000000,12815000000,2659000000,15474000000,0,0.0,0,,0.0,-632000000.0,-632000000.0,-0.025,-632000000.0,-632000000.0,-997000000.0,-0.73,-0.73,-0.73,18569000000,,18569000000,,,,2078000000.0,1.679,1.0,1593000000.0,0.063,46018000000,365000000.0,29928000000,,10610000000,26787000000,19146000000,7641000000,123358000000,58780000000,64578000000,,6356000000.0,216000000.0,0.0,3410000000.0,0.0,3369000000.0,-346000000.0,4000000.0,2959000000.0,374000000.0,-858000000.0,-908000000.0,-908000000.0,0.0,287000000.0,-0.036,2596000000.0,-1003000000.0,20322000000,0.0,,,,21786000000,50000000.0,,,,7725000000,-899000000,25147000000.0,25147000000.0,0.0,,,,,0.0,2636000000.0,1.0,,1238000000,1238000000.0,20.313,98326000000,698000000,-139000000.0,0,79.423,9564000000
0,GM,MRT,2021-06-30,2021-06-30,2021-06-30,2021-08-04,-12996000000,241803000000,238769750000.0,82609000000,159194000000,0.585,35.609,-5415000000.0,22920000000,22920000000,118603000000.0,12608000000.0,1.104,3.56,110888000000,34190000000,76698000000,110888000000,0,12275000000.0,0,0.0,0.0,17521000000.0,29796000000.0,0.213,29796000000.0,17521000000.0,16426000000.0,8.73,8.64,8.73,51669000000,47095750000.0,51669000000,175474195378.0,10.0,5.889,20937000000.0,14.429,1.0,21036000000.0,0.151,5169000000,1095000000.0,249791000000,245184500000.0,13102000000,15093000000,6211000000,8882000000,183927000000,74811000000,109116000000,85836195378.0,-5275000000.0,0.0,0.0,-17373000000.0,-171000000.0,-15327000000.0,-16500000000.0,-8002000000.0,26352000000.0,200000000.0,12749000000.0,12572000000.0,12572000000.0,0.0,-141000000.0,0.09,7686000000.0,13350000000.0,21431000000,0.0,1.661,6.828,6.778,79418000000,177000000.0,59.17,0.615,0.615,68118000000,37806000000,139639000000.0,139639000000.0,0.0,0.053,0.267,0.071,0.125,0.0,7686000000.0,1.0,1450670870.0,1451000000,1468000000.0,96.236,236634000000,22408000000,3677000000.0,0,163.083,7798000000
1,GM,MRT,2021-03-31,2021-03-31,2021-03-31,2021-08-04,-13326000000,238411000000,237702750000.0,82091000000,156320000000,0.514,33.409,-4954000000.0,21609000000,21609000000,106125000000.0,9049000000.0,1.076,3.805,111247000000,35068000000,76179000000,111247000000,0,12522000000.0,0,0.0,0.0,12904000000.0,25426000000.0,0.208,25426000000.0,12904000000.0,11749000000.0,6.25,6.18,6.25,48343000000,44004500000.0,48343000000,172696850637.0,13.0,6.792,11421000000.0,7.893,1.0,16125000000.0,0.132,5185000000,1155000000.0,246541000000,246060250000.0,12066000000,16750000000,7771000000,8979000000,183968000000,76323000000,107645000000,82794850637.0,-16290000000.0,0.0,0.0,-16205000000.0,-155000000.0,-14511000000.0,-18240000000.0,-10836000000.0,16375000000.0,86000000.0,9155000000.0,8976000000.0,8976000000.0,0.0,-106000000.0,0.073,6871000000.0,9254000000.0,20446000000,0.0,1.713,9.224,9.194,78140000000,179000000.0,57.46,0.677,0.68,67398000000,34988000000,122250000000.0,122250000000.0,0.0,0.038,0.204,0.052,0.106,0.0,6871000000.0,1.0,1440912820.0,1447000000,1464000000.0,84.485,233226000000,23090000000,2594000000.0,0,161.179,5768000000
2,GM,MRT,2020-12-31,2020-12-31,2020-12-31,2021-08-04,-13488000000,235194000000,239756000000.0,80924000000,154270000000,0.511,31.424,-5300000000.0,19992000000,19992000000,108813000000.0,6321000000.0,1.013,4.12,109894000000,36913000000,72981000000,109894000000,0,12815000000.0,0,0.009,0.38,9299000000.0,22114000000.0,0.181,22114000000.0,9299000000.0,8201000000.0,4.36,4.33,4.36,45030000000,41947000000.0,45030000000,150226648464.0,16.0,6.793,11370000000.0,7.934,1.0,13672000000.0,0.112,5230000000,1098000000.0,239956000000,243950250000.0,10235000000,17452000000,9046000000,8406000000,185517000000,79910000000,105607000000,59599648464.0,174000000.0,0.0,0.0,6141000000.0,-669000000.0,5552000000.0,-21826000000.0,-14627000000.0,16670000000.0,-222000000.0,6427000000.0,6247000000.0,6247000000.0,0.0,-106000000.0,0.051,7038000000.0,6634000000.0,19928000000,0.087,1.324,9.541,9.55,77451000000,180000000.0,41.64,0.487,0.487,66027000000,31962000000,122485000000.0,122485000000.0,0.0,0.026,0.149,0.038,0.076,0.0,7038000000.0,1.0,1431307600.0,1433000000,1442000000.0,85.475,229964000000,24136000000,1774000000.0,0,160.477,1014000000
3,GM,MRT,2020-09-30,2020-09-30,2020-09-30,2021-08-04,-11955000000,239671000000,237966750000.0,89177000000,150494000000,0.487,30.266,-6068000000.0,26939000000,26939000000,105290000000.0,3332000000.0,1.106,4.422,117566000000,35773000000,81793000000,117566000000,0,13021000000.0,0,0.026,0.76,5379000000.0,18400000000.0,0.159,18400000000.0,5379000000.0,4356000000.0,2.24,2.22,2.24,43341000000,41137500000.0,43341000000,141291145790.0,26.0,7.679,7382000000.0,5.155,1.0,10503000000.0,0.091,5245000000,1023000000.0,244450000000,239473750000.0,10934000000,18008000000,9962000000,8046000000,191663000000,80603000000,111060000000,42346145790.0,6957000000.0,0.0,0.0,13162000000.0,-1211000000.0,11827000000.0,-18027000000.0,-10705000000.0,13450000000.0,-293000000.0,3387000000.0,3214000000.0,3214000000.0,0.0,-55000000.0,0.028,7190000000.0,3313000000.0,20914000000,0.339,0.977,13.176,13.21,76347000000,173000000.0,29.59,0.366,0.366,64692000000,29134000000,115793000000.0,115793000000.0,0.0,0.014,0.078,0.022,0.046,0.0,7190000000.0,1.0,1431096512.0,1432000000,1439000000.0,80.861,234426000000,23970000000,969000000.0,0,163.705,8574000000
4,GM,MRT,2020-06-30,2020-06-30,2020-06-30,2021-08-04,-11901000000,237535000000,235931250000.0,87497000000,150038000000,0.491,27.447,-6452000000.0,28228000000,28228000000,107023000000.0,1625000000.0,1.123,4.937,127173000000,40023000000,87150000000,127173000000,0,13168000000.0,0,0.045,1.14,2948000000.0,16116000000.0,0.139,16116000000.0,2948000000.0,2046000000.0,1.06,1.04,1.06,39304000000,41440750000.0,39304000000,124200234843.0,42.0,7.707,2320000000.0,1.62,1.0,8763000000.0,0.076,5282000000,902000000.0,253294000000,234932250000.0,10280000000,16978000000,9254000000,7724000000,194042000000,77904000000,116138000000,36206234843.0,12459000000.0,0.0,0.0,21446000000.0,-1758000000.0,19251000000.0,-15095000000.0,-6653000000.0,8772000000.0,-469000000.0,1693000000.0,1522000000.0,1522000000.0,0.0,-68000000.0,0.013,7570000000.0,1193000000.0,15154000000,1.075,0.921,23.789,23.868,76667000000,171000000.0,25.3,0.313,0.313,59796000000,25104000000,115786000000.0,115786000000.0,0.0,0.006,0.037,0.013,0.025,0.0,7570000000.0,1.0,1431076476.0,1432000000,1432000000.0,80.856,232253000000,24654000000,353000000.0,0,162.188,9593000000
5,GM,MRT,2020-03-31,2020-03-31,2020-03-31,2021-08-04,-11800000000,246624000000,234981750000.0,97699000000,148925000000,0.575,27.992,-6802000000.0,38506000000,38506000000,121812000000.0,4808000000.0,1.07,5.043,126500000000,45061000000,81439000000,126500000000,0,13310000000.0,0,0.073,1.52,6652000000.0,19962000000.0,0.148,19962000000.0,6652000000.0,5858000000.0,3.3,3.26,3.3,40113000000,42318750000.0,40113000000,113949662869.0,17.0,5.708,9861000000.0,6.881,1.0,13256000000.0,0.098,5225000000,794000000.0,238101000000,229977500000.0,10799000000,15141000000,7620000000,7521000000,202307000000,91292000000,111015000000,29694662869.0,20385000000.0,0.0,0.0,20067000000.0,-2314000000.0,17926000000.0,-13758000000.0,-3949000000.0,16663000000.0,-446000000.0,4869000000.0,4709000000.0,4709000000.0,0.0,-61000000.0,0.035,8362000000.0,4894000000.0,20031000000,0.461,0.74,6.306,6.297,79265000000,160000000.0,20.78,0.22,0.22,59804000000,25885000000,135068000000.0,135068000000.0,0.0,0.02,0.111,0.029,0.049,0.0,8362000000.0,1.0,1429002063.0,1433000000,1440000000.0,94.255,241399000000,24441000000,989000000.0,0,168.457,6407000000
6,GM,MRT,2019-12-31,2019-12-31,2019-12-31,2021-08-04,-11156000000,228037000000,231608750000.0,74992000000,153045000000,0.593,29.348,-7592000000.0,19069000000,19069000000,123265000000.0,6667000000.0,0.883,4.357,103324000000,37400000000,65924000000,103324000000,0,14118000000.0,0,0.042,1.52,8283000000.0,22401000000.0,0.163,22401000000.0,8283000000.0,7501000000.0,4.62,4.57,4.62,41792000000,42481750000.0,41792000000,136708496450.0,17.0,6.103,7429000000.0,5.217,1.0,13972000000.0,0.102,5337000000,782000000.0,222050000000,228507000000.0,10398000000,12736000000,4174000000,8562000000,182080000000,84905000000,97175000000,52293496450.0,-553000000.0,0.0,0.0,-2531000000.0,-2350000000.0,-4677000000.0,-10899000000.0,-343000000.0,15021000000.0,2000000.0,6732000000.0,6581000000.0,6581000000.0,0.0,-65000000.0,0.048,8491000000.0,5481000000.0,21018000000,0.329,1.251,7.946,7.922,80805000000,151000000.0,36.6,0.381,0.38,59753000000,26860000000,137237000000.0,137237000000.0,0.0,0.028,0.155,0.036,0.06,0.0,8491000000.0,1.0,1428784056.0,1424000000,1439000000.0,96.374,222700000000,24640000000,769000000.0,0,156.39,-9913000000
7,GM,MRT,2019-09-30,2019-09-30,2019-09-30,2021-08-04,-8997000000,231529000000,231434250000.0,80565000000,150964000000,0.626,31.2,-7051000000.0,20051000000,20051000000,129259000000.0,8928000000.0,0.956,4.102,104466000000,34774000000,69692000000,104466000000,0,14478000000.0,0,0.041,1.52,10058000000.0,24536000000.0,0.169,24536000000.0,10058000000.0,9291000000.0,6.22,6.14,6.22,44554000000,41748750000.0,44554000000,143000292215.0,14.0,5.828,10527000000.0,7.372,1.0,15551000000.0,0.107,5408000000,767000000.0,226284000000,228902000000.0,11797000000,15221000000,6725000000,8496000000,182758000000,84252000000,98506000000,53511292215.0,2041000000.0,0.0,0.0,1735000000.0,-2344000000.0,497000000.0,-15879000000.0,-5620000000.0,17578000000.0,-155000000.0,8970000000.0,8819000000.0,8819000000.0,0.0,-42000000.0,0.061,8687000000.0,6864000000.0,21406000000,0.244,1.201,6.068,6.026,80496000000,151000000.0,37.48,0.37,0.37,60684000000,27609000000,144810000000.0,144810000000.0,0.0,0.038,0.211,0.044,0.069,0.0,8687000000.0,1.0,1427729248.0,1428000000,1442000000.0,101.408,226121000000,23783000000,321000000.0,0,158.348,-3687000000
8,GM,MRT,2019-06-30,2019-06-30,2019-06-30,2021-08-04,-8770000000,233737000000,229979750000.0,81306000000,152431000000,0.631,30.152,-7886000000.0,17072000000,17072000000,129695000000.0,9147000000.0,0.965,4.359,106561000000,33149000000,73412000000,106561000000,0,14482000000.0,0,0.039,1.52,10025000000.0,24507000000.0,0.169,24507000000.0,10025000000.0,9303000000.0,6.37,6.29,6.37,42816000000,40125500000.0,42816000000,144558676819.0,14.0,5.899,6812000000.0,4.797,1.0,15433000000.0,0.106,5457000000,722000000.0,233475000000,227293250000.0,11447000000,15389000000,7049000000,8340000000,186648000000,84294000000,102354000000,54650676819.0,2410000000.0,0.0,0.0,7525000000.0,-2322000000.0,6587000000.0,-18863000000.0,-7310000000.0,14698000000.0,-12000000.0,9153000000.0,9009000000.0,9009000000.0,0.0,-6000000.0,0.062,9263000000.0,6170000000.0,22717000000,0.239,1.276,6.066,6.049,81126000000,144000000.0,38.53,0.377,0.377,64551000000,25807000000,145128000000.0,145128000000.0,0.0,0.039,0.225,0.044,0.069,0.0,9263000000.0,1.0,1418392858.0,1420000000,1438000000.0,102.203,228280000000,23987000000,150000000.0,0,160.761,-2988000000
9,GM,MRT,2019-03-31,2019-03-31,2019-03-31,2021-08-04,-8849000000,233132000000,226205750000.0,80090000000,153042000000,0.645,28.769,-8503000000.0,17176000000,17176000000,131291000000.0,9110000000.0,0.939,4.624,107084000000,33272000000,73812000000,107084000000,0,14204000000.0,0,0.041,1.52,9956000000.0,24160000000.0,0.166,24160000000.0,9956000000.0,9270000000.0,6.37,6.29,6.37,40765000000,38466750000.0,40765000000,136398668155.0,14.0,5.646,6224000000.0,4.392,1.0,14537000000.0,0.1,5518000000,686000000.0,232219000000,222874750000.0,11108000000,14287000000,6021000000,8266000000,188494000000,85303000000,103191000000,52291668155.0,3234000000.0,0.0,0.0,8981000000.0,-2302000000.0,8762000000.0,-19912000000.0,-7043000000.0,14727000000.0,-343000000.0,9125000000.0,9003000000.0,9003000000.0,0.0,-15000000.0,0.062,9377000000.0,5160000000.0,24560000000,0.239,1.283,5.808,5.824,81388000000,122000000.0,37.1,0.359,0.36,64794000000,23939000000,145828000000.0,145828000000.0,0.0,0.04,0.234,0.045,0.068,0.0,9377000000.0,1.0,1409478926.0,1417000000,1436000000.0,102.913,227614000000,24303000000,145000000.0,0,160.631,-5213000000
10,GM,MRT,2018-12-31,2018-12-31,2018-12-31,2021-08-04,-9039000000,227339000000,222604250000.0,75293000000,152046000000,0.661,27.541,-8761000000.0,20844000000,20844000000,132954000000.0,8005000000.0,0.916,4.749,104951000000,31891000000,73060000000,104951000000,0,13669000000.0,0,0.045,1.52,9143000000.0,22812000000.0,0.155,22812000000.0,9143000000.0,8488000000.0,5.61,5.53,5.61,38860000000,36850000000.0,38860000000,131116451524.0,14.0,5.748,6495000000.0,4.603,1.0,14095000000.0,0.096,5579000000,655000000.0,223630000000,218515500000.0,9816000000,15181000000,5966000000,9215000000,184562000000,82237000000,102325000000,47211451524.0,5648000000.0,0.0,0.0,11664000000.0,-2242000000.0,11454000000.0,-20763000000.0,-6335000000.0,15256000000.0,-299000000.0,8014000000.0,7916000000.0,7916000000.0,70000000.0,-9000000.0,0.054,9650000000.0,4445000000.0,22297000000,0.271,1.215,5.964,5.963,82317000000,98000000.0,33.45,0.321,0.321,58482000000,22322000000,147049000000.0,147049000000.0,0.0,0.036,0.215,0.042,0.062,0.0,9650000000.0,1.0,1411403633.0,1411000000,1431000000.0,104.216,221760000000,24082000000,474000000.0,0,157.165,-6944000000
11,GM,MRT,2018-09-30,2018-09-30,2018-09-30,2021-08-04,-8321000000,225711000000,218890000000.0,74848000000,150863000000,0.669,26.955,-8662000000.0,18435000000,18435000000,130938000000.0,756000000.0,0.89,4.855,102340000000,30865000000,71475000000,102340000000,0,13200000000.0,0,0.045,1.52,10415000000.0,23615000000.0,0.161,23615000000.0,10415000000.0,9800000000.0,0.66,0.68,0.66,38061000000,35885250000.0,38061000000,130676609600.0,13.0,5.534,7452000000.0,5.278,1.0,15427000000.0,0.105,5651000000,615000000.0,219849000000,214720500000.0,11334000000,15071000000,5916000000,9155000000,184803000000,84116000000,100687000000,47504609600.0,4978000000.0,0.0,-1498000000.0,10903000000.0,-2222000000.0,8517000000.0,-19386000000.0,-4071000000.0,16114000000.0,-267000000.0,819000000.0,745000000.0,745000000.0,347000000.0,-63000000.0,0.005,9606000000.0,5821000000.0,25147000000,2.303,1.248,63.765,51.015,83257000000,74000000.0,33.67,0.325,0.325,57894000000,20865000000,146365000000.0,146365000000.0,0.0,0.003,0.021,0.049,0.071,0.0,9606000000.0,1.0,1410888316.0,1412000000,1431000000.0,103.658,220060000000,23242000000,8981000000.0,0,155.85,-9268000000
12,GM,MRT,2018-06-30,2018-06-30,2018-06-30,2021-08-04,-8171000000,218641000000,219837750000.0,70451000000,148190000000,0.656,25.66,-8618000000.0,15087000000,15087000000,129085000000.0,-4756000000.0,0.877,4.975,98259000000,28264000000,69995000000,98259000000,0,13034000000.0,0,0.039,1.52,7106000000.0,20140000000.0,0.14,20140000000.0,7106000000.0,6501000000.0,-3.17,-3.1,-3.17,36181000000,36930750000.0,36181000000,140085763219.0,20.0,6.956,6704000000.0,4.755,1.0,15112000000.0,0.105,5720000000,605000000.0,215801000000,215178250000.0,10833000000,15712000000,6924000000,8788000000,180005000000,80292000000,99713000000,55523763219.0,-1774000000.0,0.0,-2996000000.0,10029000000.0,-2192000000.0,6699000000.0,-23689000000.0,-3435000000.0,15322000000.0,-106000000.0,-4696000000.0,-4741000000.0,-4741000000.0,3443000000.0,-60000000.0,-0.033,9325000000.0,5787000000.0,24660000000,-0.479,1.535,-11.711,-12.429,82747000000,45000000.0,39.4,0.385,0.385,54664000000,18873000000,144197000000.0,144197000000.0,0.0,-0.022,-0.128,0.033,0.049,0.0,9325000000.0,1.0,1409232569.0,1410000000,1431000000.0,102.267,212921000000,23285000000,11197000000.0,0,151.008,-9841000000
13,GM,MRT,2018-03-31,2018-03-31,2018-03-31,2021-08-04,-8081000000,218726000000,225252500000.0,71435000000,147291000000,0.641,24.359,-8995000000.0,14256000000,14256000000,128228000000.0,-5459000000.0,0.864,5.343,98818000000,29347000000,69471000000,98818000000,0,13099000000.0,0,0.042,1.52,6364000000.0,19463000000.0,0.135,19463000000.0,6364000000.0,5786000000.0,-3.74,-3.67,-3.74,34298000000,39265750000.0,34298000000,129678587391.0,20.0,6.663,6740000000.0,4.787,1.0,16193000000.0,0.112,5790000000,578000000.0,214782000000,214352000000.0,11461000000,16993000000,7110000000,9883000000,183268000000,82716000000,100552000000,50971587391.0,2001000000.0,0.0,-4492000000.0,17298000000.0,-2226000000.0,11306000000.0,-25329000000.0,-2546000000.0,15735000000.0,289000000.0,-5426000000.0,-5456000000.0,-5456000000.0,4213000000.0,-33000000.0,-0.038,9586000000.0,6607000000.0,26039000000,-0.406,1.486,-9.342,-9.717,81554000000,30000000.0,36.34,0.353,0.354,54072000000,17028000000,144421000000.0,144421000000.0,0.0,-0.024,-0.139,0.03,0.044,0.0,9586000000.0,1.0,1402630363.0,1408000000,1430000000.0,102.572,212936000000,23538000000,11212000000.0,0,151.233,-11281000000
14,GM,MRT,2017-12-31,2017-12-31,2017-12-31,2021-08-04,-8011000000,212482000000,228269250000.0,68744000000,143738000000,0.638,23.891,-8453000000.0,15512000000,15512000000,127357000000.0,-3882000000.0,0.894,5.036,94219000000,26965000000,67254000000,94219000000,0,12261000000.0,0,0.037,1.52,8244000000.0,20505000000.0,0.141,20505000000.0,8244000000.0,7669000000.0,-2.65,-2.6,-2.65,35001000000,42184250000.0,35001000000,138103505884.0,17.0,6.735,8875000000.0,6.058,1.0,18231000000.0,0.125,5849000000,575000000.0,208450000000,213589750000.0,10663000000,17386000000,8313000000,9073000000,176282000000,76890000000,99392000000,58222505884.0,2688000000.0,0.0,-4492000000.0,18455000000.0,-2233000000.0,12584000000.0,-27572000000.0,-3243000000.0,17328000000.0,348000000.0,-3864000000.0,-3880000000.0,-3880000000.0,4212000000.0,-18000000.0,-0.027,9570000000.0,8661000000.0,23929000000,-0.574,1.663,-15.006,-15.468,80241000000,16000000.0,40.99,0.4,0.412,49893000000,17627000000,145588000000.0,145588000000.0,0.0,-0.017,-0.092,0.039,0.057,0.0,9570000000.0,1.0,1420407560.0,1465000000,1492000000.0,99.377,206633000000,23544000000,11533000000.0,0,141.046,-8146000000
15,GM,MRT,2017-09-30,2017-09-30,2017-09-30,2021-08-04,-7783000000,229502000000,230571250000.0,76618000000,152884000000,0.641,29.234,-8635000000.0,12792000000,12792000000,130735000000.0,3073000000.0,0.936,4.404,92673000000,25607000000,67066000000,92673000000,0,11778000000.0,0,0.038,1.52,7642000000.0,19420000000.0,0.131,19420000000.0,7642000000.0,7062000000.0,2.0,1.95,2.0,42243000000,44393000000.0,42243000000,131333069700.0,17.0,6.763,5823000000.0,4.03,1.0,17034000000.0,0.115,5854000000,580000000.0,221680000000,209704500000.0,11789000000,17274000000,8454000000,8820000000,186025000000,81849000000,104176000000,58842069700.0,-2239000000.0,-2000000.0,-3993000000.0,22652000000.0,-2287000000.0,17611000000.0,-34405000000.0,-7602000000.0,14458000000.0,97000000.0,3122000000.0,3120000000.0,3120000000.0,4055000000.0,-49000000.0,0.021,10103000000.0,6931000000.0,23265000000,0.76,1.393,18.86,20.19,78585000000,2000000.0,40.38,0.398,0.395,50433000000,24230000000,147769000000.0,147769000000.0,0.0,0.014,0.07,0.036,0.052,0.0,10103000000.0,1.0,1457208264.0,1445000000,1472000000.0,102.262,223648000000,30723000000,3940000000.0,0,154.774,-5231000000
16,GM,MRT,2017-06-30,2017-06-30,2017-06-30,2021-08-04,-9369000000,240300000000,227589750000.0,85081000000,155219000000,0.672,30.408,-8538000000.0,16598000000,16598000000,134332000000.0,8767000000.0,0.902,4.274,89089000000,30008000000,59081000000,89089000000,0,11165000000.0,0,0.044,1.52,11976000000.0,23141000000.0,0.151,23141000000.0,11976000000.0,11402000000.0,5.85,5.74,5.85,45521000000,45012250000.0,45521000000,130750259560.0,11.0,5.65,9609000000.0,6.419,1.0,18703000000.0,0.122,5989000000,574000000.0,212496000000,201837250000.0,11289000000,17381000000,9133000000,8248000000,194575000000,94306000000,100269000000,52713259560.0,-1549000000.0,-5000000.0,-3696000000.0,23581000000.0,-2325000000.0,17590000000.0,-37227000000.0,-12221000000.0,18147000000.0,-59000000.0,8876000000.0,8876000000.0,8876000000.0,954000000.0,-109000000.0,0.058,10200000000.0,8503000000.0,23404000000,0.26,1.158,5.939,5.971,75909000000,0.0,34.93,0.344,0.342,49229000000,28547000000,153035000000.0,153035000000.0,0.0,0.039,0.197,0.059,0.078,0.0,10200000000.0,1.0,1509111353.0,1497000000,1519000000.0,102.228,234311000000,32425000000,2526000000.0,0,156.52,-9225000000
17,GM,MRT,2017-03-31,2017-03-31,2017-03-31,2021-08-04,-9250000000,230793000000,220127000000.0,79598000000,151195000000,0.697,30.546,-7829000000.0,12864000000,12864000000,134025000000.0,9954000000.0,0.876,4.015,90901000000,33701000000,57200000000,90901000000,0,10270000000.0,0,0.043,1.52,13537000000.0,23807000000.0,0.155,23807000000.0,13537000000.0,12951000000.0,6.59,6.46,6.59,45972000000,44539500000.0,45972000000,124636026736.0,9.0,5.235,10927000000.0,7.26,1.0,19409000000.0,0.126,6193000000,586000000.0,211733000000,194407000000.0,14686000000,19676000000,10260000000,9416000000,184579000000,90904000000,93675000000,52968026736.0,-1617000000.0,-288000000.0,-2200000000.0,19384000000.0,-2353000000.0,15697000000.0,-35808000000.0,-9972000000.0,18756000000.0,-262000000.0,10082000000.0,10082000000.0,10082000000.0,78000000.0,-128000000.0,0.066,10231000000.0,9178000000.0,28725000000,0.231,1.152,5.254,5.366,76787000000,0.0,35.36,0.345,0.347,57341000000,28195000000,153434000000.0,153434000000.0,0.0,0.046,0.226,0.07,0.088,0.0,10231000000.0,1.0,1497964557.0,1505000000,1532000000.0,101.95,224600000000,34263000000,2869000000.0,0,149.236,-11306000000
18,GM,MRT,2016-12-31,2016-12-31,2016-12-31,2021-08-04,-9330000000,221690000000,213333250000.0,76203000000,145487000000,0.699,28.465,-8384000000.0,12574000000,12574000000,130153000000.0,9268000000.0,0.895,4.052,75123000000,23797000000,51326000000,75123000000,0,9819000000.0,0,0.044,1.52,12729000000.0,22548000000.0,0.151,22548000000.0,12729000000.0,12166000000.0,6.12,6.0,6.12,43836000000,43279500000.0,43836000000,114632144577.0,9.0,5.084,8223000000.0,5.34,1.0,19031000000.0,0.128,6149000000,563000000.0,192909000000,186222500000.0,11040000000,20837000000,11841000000,8996000000,177615000000,85181000000,92434000000,53108144577.0,-2172000000.0,-804000000.0,-2500000000.0,21027000000.0,-2368000000.0,17077000000.0,-35643000000.0,-8180000000.0,16607000000.0,-213000000.0,9427000000.0,9427000000.0,9427000000.0,1000000.0,-159000000.0,0.063,10345000000.0,8686000000.0,23333000000,0.248,1.212,5.634,5.693,68055000000,0.0,34.84,0.356,0.36,41828000000,26168000000,149184000000.0,149184000000.0,0.0,0.044,0.218,0.068,0.085,0.0,10345000000.0,1.0,1524343989.0,1540000000,1570000000.0,96.873,215541000000,33172000000,2739000000.0,0,139.962,-8978000000
19,GM,MRT,2016-09-30,2016-09-30,2016-09-30,2021-08-04,-7953000000,217576000000,206495250000.0,76496000000,141080000000,0.661,28.852,-7591000000.0,17576000000,17576000000,116697000000.0,13719000000.0,0.927,3.859,79100000000,25374000000,53726000000,79100000000,0,8704000000.0,0,0.047,1.5,14215000000.0,22919000000.0,0.168,22919000000.0,14215000000.0,13706000000.0,8.87,8.65,8.87,44720000000,42288250000.0,44720000000,104424256031.0,7.0,4.556,7298000000.0,4.708,1.0,19830000000.0,0.145,6354000000,509000000.0,190211000000,179257000000.0,15427000000,17398000000,8172000000,9226000000,172561000000,82535000000,90026000000,49622256031.0,451000000.0,-801000000.0,-2133000000.0,20052000000.0,-2346000000.0,17409000000.0,-31530000000.0,-4076000000.0,14889000000.0,-317000000.0,13858000000.0,13858000000.0,13858000000.0,-136000000.0,-139000000.0,0.102,9238000000.0,10592000000.0,28628000000,0.169,1.11,3.581,3.582,68543000000,0.0,31.77,0.363,0.361,51531000000,25417000000,136527000000.0,136527000000.0,0.0,0.067,0.328,0.079,0.104,0.0,9238000000.0,1.0,1561921814.0,1550000000,1574000000.0,88.082,211222000000,35025000000,-152000000.0,0,136.272,-6039000000
20,GM,MRT,2016-06-30,2016-06-30,2016-06-30,2021-08-04,-7905000000,210449000000,199351250000.0,74630000000,135819000000,0.685,28.185,-7356000000.0,20518000000,20518000000,116920000000.0,12348000000.0,0.981,3.815,75320000000,21230000000,54090000000,75320000000,0,8151000000.0,0,0.052,1.48,12031000000.0,20182000000.0,0.148,20182000000.0,12031000000.0,11555000000.0,7.94,7.73,7.94,43630000000,39767750000.0,43630000000,99832058141.0,8.0,4.947,4271000000.0,2.759,1.0,19561000000.0,0.143,6433000000,476000000.0,182775000000,169741250000.0,15026000000,13048000000,4247000000,8801000000,166446000000,76043000000,90403000000,43577058141.0,1232000000.0,-798000000.0,-1821000000.0,20971000000.0,-2344000000.0,18881000000.0,-28726000000.0,-1556000000.0,11627000000.0,-550000000.0,12444000000.0,12444000000.0,12444000000.0,-131000000.0,-96000000.0,0.091,11120000000.0,8441000000.0,26959000000,0.186,0.999,3.502,3.564,64457000000,0.0,28.3,0.319,0.321,49570000000,23785000000,136481000000.0,136481000000.0,0.0,0.062,0.313,0.071,0.088,0.0,11120000000.0,1.0,1539825376.0,1548000000,1581000000.0,88.166,204016000000,35627000000,-889000000.0,0,131.793,-1413000000
21,GM,MRT,2016-03-31,2016-03-31,2016-03-31,2021-08-04,-8054000000,203618000000,193192000000.0,71034000000,132584000000,0.711,26.476,-7414000000.0,14894000000,14894000000,118932000000.0,10638000000.0,0.947,3.965,71149000000,21588000000,49561000000,71149000000,0,8022000000.0,0,0.046,1.46,9946000000.0,17968000000.0,0.131,17968000000.0,9946000000.0,9506000000.0,6.79,6.59,6.79,40932000000,37646750000.0,40932000000,96416402669.0,10.0,5.366,3872000000.0,2.505,1.0,18346000000.0,0.134,5891000000,440000000.0,178995000000,160545750000.0,15817000000,18532000000,8253000000,10279000000,162293000000,74987000000,87306000000,48543402669.0,-848000000.0,-392000000.0,-3520000000.0,22295000000.0,-2342000000.0,17676000000.0,-28882000000.0,-2977000000.0,11286000000.0,-928000000.0,10695000000.0,10695000000.0,10695000000.0,-25000000.0,-57000000.0,0.078,11589000000.0,6757000000.0,26766000000,0.215,1.186,4.539,4.629,59389000000,0.0,31.43,0.354,0.354,47358000000,21508000000,137278000000.0,137278000000.0,0.0,0.055,0.284,0.062,0.072,0.0,11589000000.0,1.0,1544492608.0,1546000000,1580000000.0,88.796,197727000000,36374000000,-1189000000.0,0,127.896,-3953000000
22,GM,MRT,2015-12-31,2015-12-31,2015-12-31,2021-08-04,-8036000000,194338000000,187267000000.0,69408000000,124930000000,0.725,25.139,-6813000000.0,15238000000,15238000000,118299000000.0,9615000000.0,0.975,3.863,63111000000,19562000000,43549000000,63111000000,0,7487000000.0,0,0.041,1.38,8891000000.0,16378000000.0,0.121,16378000000.0,8891000000.0,8468000000.0,6.11,5.91,6.11,39871000000,36496000000.0,39871000000,94895576709.0,11.0,5.794,4956000000.0,3.125,1.0,17426000000.0,0.128,5947000000,423000000.0,165047000000,150487250000.0,13764000000,17364000000,8163000000,9201000000,154015000000,71217000000,82798000000,52925576709.0,-3857000000.0,-927000000.0,-3520000000.0,18017000000.0,-2242000000.0,13608000000.0,-27710000000.0,-4482000000.0,11769000000.0,-1524000000.0,9687000000.0,9687000000.0,9687000000.0,-25000000.0,-72000000.0,0.071,11888000000.0,5538000000.0,24062000000,0.226,1.327,5.464,5.566,54184000000,0.0,34.01,0.39,0.397,44888000000,20285000000,135725000000.0,135725000000.0,0.0,0.052,0.265,0.059,0.066,0.0,11888000000.0,1.0,1556176910.0,1586000000,1640000000.0,85.577,188391000000,36860000000,-1219000000.0,0,118.784,-1809000000
23,GM,MRT,2015-09-30,2015-09-30,2015-09-30,2021-08-04,-8034000000,189000000000,183057750000.0,82341000000,106659000000,0.832,21.964,-7326000000.0,15433000000,15433000000,134556000000.0,5398000000.0,1.132,4.442,57403000000,17002000000,40401000000,57403000000,0,13146000000.0,0,0.044,1.32,7392000000.0,20538000000.0,0.135,20538000000.0,7392000000.0,6958000000.0,2.83,2.73,2.83,34638000000,35392500000.0,34638000000,83441603419.0,11.0,4.063,5310000000.0,3.367,1.0,17796000000.0,0.117,6083000000,434000000.0,152148000000,142511750000.0,14368000000,19013000000,9548000000,9465000000,153865000000,72739000000,81126000000,47551603419.0,-2413000000.0,-930000000.0,-5997000000.0,19834000000.0,-3062000000.0,10659000000.0,-24113000000.0,-3941000000.0,12636000000.0,-1595000000.0,5408000000.0,4526000000.0,4526000000.0,0.0,-10000000.0,0.03,13449000000.0,4347000000.0,25188000000,0.466,1.373,10.506,10.608,50892000000,882000000.0,30.02,0.312,0.311,45374000000,14912000000,152352000000.0,152352000000.0,0.0,0.025,0.128,0.052,0.049,0.0,13329000000.0,1.0,1583997449.0,1577000000,1618000000.0,96.609,182917000000,34007000000,1550000000.0,0,115.99,9602000000
24,GM,MRT,2015-06-30,2015-06-30,2015-06-30,2021-08-04,-7543000000,185812000000,180034750000.0,84554000000,101258000000,0.849,22.021,-7155000000.0,17627000000,17627000000,136099000000.0,5499000000.0,1.216,4.272,53517000000,14403000000,39114000000,53517000000,0,11165000000.0,0,0.038,1.26,7750000000.0,18915000000.0,0.124,18915000000.0,7750000000.0,7332000000.0,2.83,2.7,2.83,35146000000,37483500000.0,35146000000,86050232341.0,11.0,4.549,3261000000.0,2.043,1.0,16665000000.0,0.109,6181000000,418000000.0,145993000000,135969750000.0,14218000000,17668000000,8642000000,9026000000,150142000000,69528000000,80614000000,53568232341.0,-2023000000.0,-931000000.0,-5276000000.0,16887000000.0,-3058000000.0,8411000000.0,-19082000000.0,-2333000000.0,10416000000.0,-1768000000.0,5520000000.0,4551000000.0,4551000000.0,0.0,-21000000.0,0.03,12088000000.0,4577000000.0,24247000000,0.445,1.524,11.771,11.777,47057000000,969000000.0,33.33,0.351,0.348,44813000000,14512000000,152764000000.0,152764000000.0,0.0,0.025,0.121,0.057,0.051,0.0,11968000000.0,1.0,1607207691.0,1596000000,1660000000.0,95.717,179631000000,34287000000,1812000000.0,0,112.551,15026000000
25,GM,MRT,2015-03-31,2015-03-31,2015-03-31,2021-08-04,-7331000000,179918000000,178356250000.0,83231000000,96687000000,0.865,22.467,-7016000000.0,15776000000,15776000000,138961000000.0,4646000000.0,1.236,3.939,48258000000,14351000000,33907000000,48258000000,0,8995000000.0,0,0.032,1.2,6072000000.0,15067000000.0,0.098,15067000000.0,6072000000.0,5662000000.0,2.25,2.14,2.25,36329000000,39195500000.0,36329000000,88275723538.0,15.0,5.859,1444000000.0,0.893,1.0,15272000000.0,0.099,6297000000,410000000.0,138761000000,129514000000.0,14051000000,20204000000,9823000000,10381000000,143095000000,67342000000,75753000000,60388723538.0,-3436000000.0,-1104000000.0,-3577000000.0,14081000000.0,-3082000000.0,7316000000.0,-17990000000.0,-4403000000.0,8460000000.0,-1222000000.0,4681000000.0,3624000000.0,3624000000.0,0.0,-35000000.0,0.023,12454000000.0,2818000000.0,25187000000,0.533,1.662,16.664,16.667,41257000000,1057000000.0,37.5,0.392,0.393,43876000000,14825000000,154233000000.0,154233000000.0,0.0,0.02,0.092,0.047,0.039,0.0,12334000000.0,1.0,1610365961.0,1617000000,1686000000.0,95.382,173621000000,34486000000,981000000.0,0,107.372,15889000000
26,GM,MRT,2014-12-31,2014-12-31,2014-12-31,2021-08-04,-8073000000,177501000000,176778250000.0,83626000000,93875000000,0.882,22.092,-7091000000.0,18954000000,18954000000,142121000000.0,4018000000.0,1.274,3.99,46665000000,14944000000,31721000000,46665000000,0,7238000000.0,0,0.034,1.2,4580000000.0,11818000000.0,0.076,11818000000.0,4580000000.0,4177000000.0,1.75,1.65,1.75,35457000000,40668750000.0,35457000000,79134767379.0,17.0,6.696,2970000000.0,1.85,1.0,13808000000.0,0.089,6410000000,403000000.0,133145000000,123753750000.0,13642000000,19845000000,10560000000,9285000000,141477000000,65657000000,75820000000,56089767379.0,-853000000.0,-53000000.0,-3277000000.0,12240000000.0,-3165000000.0,5675000000.0,-15359000000.0,-4283000000.0,10061000000.0,-1230000000.0,3949000000.0,2804000000.0,2804000000.0,0.0,69000000.0,0.018,12278000000.0,1530000000.0,22529000000,0.686,1.582,20.003,19.949,38367000000,1145000000.0,34.91,0.36,0.359,41612000000,14577000000,155929000000.0,155929000000.0,0.0,0.016,0.069,0.037,0.029,0.0,12158000000.0,1.0,1606696287.0,1605000000,1687000000.0,97.152,171091000000,35174000000,228000000.0,0,106.599,17969000000
27,GM,MRT,2014-09-30,2014-09-30,2014-09-30,2021-08-04,-2930000000,176908000000,173989000000.0,86640000000,90268000000,0.901,26.676,-6874000000.0,18060000000,18060000000,143096000000.0,3062000000.0,1.287,3.101,41105000000,13386000000,27719000000,41105000000,0,8041000000.0,0,0.028,0.9,3501000000.0,11542000000.0,0.074,11542000000.0,3501000000.0,3085000000.0,1.7,1.54,1.7,43002000000,42456250000.0,43002000000,71465539056.0,20.0,6.192,3078000000.0,1.909,1.0,13701000000.0,0.087,6644000000,416000000.0,125980000000,118684000000.0,15210000000,19843000000,10945000000,8898000000,133345000000,67329000000,66016000000,51253539056.0,-2295000000.0,398000000.0,-168000000.0,5969000000.0,-1949000000.0,3772000000.0,-15198000000.0,-5739000000.0,9952000000.0,-821000000.0,3002000000.0,2612000000.0,2612000000.0,0.0,60000000.0,0.017,13315000000.0,386000000.0,24773000000,0.529,1.192,19.622,18.788,37215000000,390000000.0,31.94,0.327,0.328,42156000000,13975000000,156797000000.0,156797000000.0,0.0,0.015,0.062,0.029,0.022,0.0,12834000000.0,1.0,1604681874.0,1612000000,1691000000.0,97.269,170264000000,33552000000,83000000.0,0,105.623,19311000000
28,GM,MRT,2014-06-30,2014-06-30,2014-06-30,2021-08-04,-3133000000,179098000000,171896750000.0,91643000000,87455000000,0.911,26.116,-7157000000.0,19864000000,19864000000,141780000000.0,3325000000.0,1.267,3.251,40076000000,15803000000,24273000000,40076000000,0,8041000000.0,0,0.017,0.6,4131000000.0,12172000000.0,0.078,12172000000.0,4131000000.0,3746000000.0,1.34,1.18,1.34,41994000000,40900250000.0,41994000000,76555977920.0,19.0,6.29,5567000000.0,3.462,1.0,14745000000.0,0.094,6793000000,385000000.0,120170000000,114545750000.0,15200000000,19714000000,11260000000,8454000000,136513000000,72347000000,64166000000,58214977920.0,167000000.0,415000000.0,-2438000000.0,8798000000.0,-2406000000.0,3896000000.0,-16161000000.0,-7051000000.0,12724000000.0,-292000000.0,3248000000.0,1926000000.0,1926000000.0,0.0,77000000.0,0.012,13330000000.0,1415000000.0,26992000000,0.448,1.386,30.226,27.09,36404000000,1322000000.0,36.3,0.372,0.373,42707000000,13162000000,156525000000.0,156525000000.0,0.0,0.011,0.047,0.036,0.026,0.0,12789000000.0,1.0,1603718400.0,1608000000,1688000000.0,97.341,172305000000,34081000000,498000000.0,0,107.155,19296000000
29,GM,MRT,2014-03-31,2014-03-31,2014-03-31,2021-08-04,-3138000000,173606000000,167899750000.0,86825000000,86781000000,0.929,26.605,-7384000000.0,19426000000,19426000000,139402000000.0,4426000000.0,1.254,3.097,37767000000,14849000000,22918000000,37767000000,0,8041000000.0,0,0.009,0.3,6224000000.0,14265000000.0,0.091,14265000000.0,6224000000.0,5878000000.0,2.09,1.82,2.09,42222000000,39995250000.0,42222000000,70882512666.0,11.0,4.969,6403000000.0,4.035,1.0,16549000000.0,0.106,7005000000,346000000.0,115720000000,109890500000.0,14837000000,19657000000,10004000000,9653000000,130766000000,69222000000,61544000000,54720512666.0,-1217000000.0,-1645000000.0,-2438000000.0,6901000000.0,-2040000000.0,2282000000.0,-16689000000.0,-5489000000.0,13787000000.0,-597000000.0,4384000000.0,2936000000.0,2936000000.0,0.0,42000000.0,0.019,12912000000.0,3637000000.0,27715000000,0.144,1.296,18.638,16.469,33525000000,1448000000.0,34.42,0.351,0.35,41655000000,13457000000,155951000000.0,155951000000.0,0.0,0.017,0.073,0.057,0.04,0.0,12371000000.0,1.0,1589788282.0,1587000000,1691000000.0,98.268,166601000000,33430000000,1494000000.0,0,104.979,17603000000
30,GM,MRT,2013-12-31,2013-12-31,2013-12-31,2021-08-04,-3113000000,166344000000,162942000000.0,81501000000,84843000000,0.954,30.587,-7565000000.0,20021000000,20021000000,137373000000.0,5331000000.0,1.306,2.891,36183000000,14158000000,22025000000,36183000000,0,8041000000.0,0,0.0,0.0,7807000000.0,15848000000.0,0.102,15848000000.0,7807000000.0,7473000000.0,2.71,2.38,2.71,42607000000,38836500000.0,42607000000,68535355528.0,9.0,4.325,5065000000.0,3.636,1.0,18054000000.0,0.116,7228000000,334000000.0,112866000000,102473500000.0,14039000000,19142000000,10219000000,8923000000,123170000000,62412000000,60758000000,56767355528.0,1599000000.0,-1727000000.0,-2438000000.0,8006000000.0,-1687000000.0,3731000000.0,-14362000000.0,-3024000000.0,12630000000.0,-400000000.0,5346000000.0,3770000000.0,3770000000.0,0.0,-15000000.0,0.024,12923000000.0,5131000000.0,23621000000,0.0,1.332,15.058,15.081,31648000000,1576000000.0,40.87,0.365,0.366,37167000000,13816000000,155427000000.0,155427000000.0,0.0,0.023,0.097,0.076,0.05,0.0,12382000000.0,1.0,1388973710.0,1393000000,1676000000.0,111.577,159116000000,33085000000,2127000000.0,0,114.225,19089000000
31,GM,MRT,2013-09-30,2013-09-30,2013-09-30,2021-08-04,-7981000000,168539000000,158711500000.0,81164000000,87375000000,0.972,26.535,-7844000000.0,20355000000,20355000000,143456000000.0,5309000000.0,1.297,3.567,32123000000,11439000000,20684000000,32123000000,0,38762000000.0,0,0.0,0.0,-27802000000.0,10960000000.0,0.071,10960000000.0,-27802000000.0,-28152000000.0,2.57,2.32,2.57,36778000000,37245750000.0,36778000000,56838438824.0,-2.0,5.186,2509000000.0,1.81,1.0,10793000000.0,0.07,8317000000,350000000.0,109427000000,95326000000.0,15357000000,17747000000,9174000000,8573000000,131178000000,62563000000,68615000000,49787438824.0,-2965000000.0,-2186000000.0,-7536000000.0,6393000000.0,-1779000000.0,-3145000000.0,-9813000000.0,2161000000.0,10353000000.0,-360000000.0,5500000000.0,3655000000.0,3655000000.0,0.0,-191000000.0,0.024,40610000000.0,-29817000000.0,27242000000,0.0,1.354,13.622,13.996,31906000000,1845000000.0,35.97,0.323,0.323,34299000000,12903000000,154249000000.0,154249000000.0,0.0,0.023,0.098,-0.292,-0.18,0.0,14100000000.0,1.0,1384137860.0,1386000000,1681000000.0,111.291,160222000000,35888000000,-33652000000.0,0,115.6,18601000000
32,GM,MRT,2013-06-30,2013-06-30,2013-06-30,2021-08-04,-8040000000,163110000000,155440750000.0,77745000000,85365000000,0.983,27.888,-7842000000.0,19697000000,19697000000,142711000000.0,5458000000.0,1.295,3.234,26748000000,9961000000,16787000000,26748000000,0,38762000000.0,0,0.0,0.0,-28108000000.0,10654000000.0,0.07,10654000000.0,-28108000000.0,-28521000000.0,3.01,2.76,3.01,38374000000,38466000000.0,38374000000,43570226556.0,-2.0,4.09,2034000000.0,1.478,1.0,10131000000.0,0.066,8591000000,413000000.0,101549000000,81432750000.0,14777000000,15514000000,7325000000,8189000000,124106000000,60021000000,64085000000,45789226556.0,-2487000000.0,-2275000000.0,-5098000000.0,2807000000.0,-954000000.0,-3454000000.0,-8481000000.0,3086000000.0,9876000000.0,-428000000.0,5616000000.0,4433000000.0,4433000000.0,0.0,-158000000.0,0.029,40601000000.0,-30470000000.0,26820000000,0.0,1.193,10.329,11.066,30418000000,1183000000.0,33.31,0.3,0.3,33437000000,12191000000,152842000000.0,152842000000.0,0.0,0.029,0.115,-0.345,-0.184,0.0,14073000000.0,1.0,1374639044.0,1376000000,1677000000.0,111.077,154519000000,36379000000,-34137000000.0,0,112.296,17724000000
33,GM,MRT,2013-03-31,2013-03-31,2013-03-31,2021-08-04,-7611000000,153775000000,152660000000.0,72570000000,81205000000,0.992,27.396,-8014000000.0,20643000000,20643000000,141258000000.0,5971000000.0,1.284,3.071,18424000000,6972000000,11452000000,18424000000,0,38762000000.0,0,0.0,0.0,-28120000000.0,10642000000.0,0.07,10642000000.0,-28120000000.0,-28590000000.0,3.09,2.91,3.09,37587000000,39047500000.0,37587000000,35642452495.0,-1.0,3.349,911000000.0,0.664,1.0,10123000000.0,0.067,8965000000,470000000.0,86052000000,68632500000.0,15200000000,15366000000,7273000000,8093000000,115440000000,56539000000,58901000000,38014452495.0,3265000000.0,-164000000.0,-5098000000.0,3629000000.0,-940000000.0,-2546000000.0,-2723000000.0,6587000000.0,8925000000.0,-391000000.0,6048000000.0,4720000000.0,4720000000.0,0.0,-77000000.0,0.031,40523000000.0,-30400000000.0,27117000000,0.0,1.011,8.054,9.003,28662000000,1328000000.0,27.82,0.251,0.252,24014000000,11017000000,151381000000.0,151381000000.0,0.0,0.031,0.121,-0.41,-0.186,0.0,13995000000.0,1.0,1366443296.0,1372000000,1507000000.0,110.336,144810000000,37005000000,-34638000000.0,0,105.547,16031000000
34,GM,MRT,2012-12-31,2012-12-31,2012-12-31,2021-08-04,-8052000000,149422000000,151764750000.0,69996000000,79426000000,1.003,23.144,-8068000000.0,18422000000,18422000000,141443000000.0,6136000000.0,1.296,3.102,16050000000,5518000000,10532000000,16050000000,0,38762000000.0,0,0.0,0.0,-28154000000.0,10608000000.0,0.07,10608000000.0,-28154000000.0,-28643000000.0,3.1,2.92,3.1,36244000000,39464750000.0,36244000000,38481353573.0,-1.0,3.628,2537000000.0,1.62,1.0,10813000000.0,0.071,8782000000,489000000.0,84276000000,60205250000.0,14714000000,17239000000,9674000000,7565000000,112422000000,53992000000,58430000000,45148353573.0,2351000000.0,-26000000.0,-5098000000.0,1412000000.0,-939000000.0,-4741000000.0,-3505000000.0,5652000000.0,10605000000.0,-8000000.0,6188000000.0,4859000000.0,4859000000.0,0.0,-52000000.0,0.032,41176000000.0,-30363000000.0,25166000000,0.0,1.246,9.292,9.3,27627000000,1329000000.0,28.83,0.297,0.297,21393000000,10057000000,152256000000.0,152256000000.0,0.0,0.032,0.123,-0.468,-0.185,0.0,14031000000.0,1.0,1566019895.0,1566000000,1675000000.0,97.226,140640000000,37351000000,-34831000000.0,0,89.808,16004000000
35,GM,MRT,2012-09-30,2012-09-30,2012-09-30,2021-08-04,-6724000000,155456000000,150560000000.0,72107000000,83349000000,1.003,26.534,-8182000000.0,23320000000,23320000000,132546000000.0,5852000000.0,1.251,2.708,16653000000,6278000000,10375000000,16653000000,0,7427000000.0,0,0.0,0.0,6731000000.0,14158000000.0,0.094,14158000000.0,6731000000.0,6240000000.0,2.8,2.67,2.8,41659000000,39933750000.0,41659000000,28234464511.0,4.0,1.994,3084000000.0,1.964,1.0,18393000000.0,0.122,37312000000,491000000.0,53854000000,51662750000.0,15672000000,19579000000,11274000000,8305000000,112827000000,57623000000,55204000000,35625464511.0,2716000000.0,-33000000.0,0.0,2985000000.0,-946000000.0,2021000000.0,-10517000000.0,-1318000000.0,11266000000.0,-54000000.0,5719000000.0,4439000000.0,4439000000.0,0.0,133000000.0,0.029,13523000000.0,4870000000.0,26313000000,0.0,0.855,8.026,8.125,31071000000,1280000000.0,22.75,0.236,0.237,23614000000,11533000000,150939000000.0,150939000000.0,0.0,0.029,0.111,0.13,0.045,0.0,11972000000.0,1.0,1565954484.0,1570000000,1663000000.0,96.139,118144000000,0,521000000.0,0,75.251,14484000000
36,GM,MRT,2012-06-30,2012-06-30,2012-06-30,2021-08-04,-5995000000,151987000000,148820250000.0,70233000000,81754000000,1.008,25.94,-7400000000.0,22184000000,22184000000,131446000000.0,6090000000.0,1.24,2.712,14793000000,5092000000,9701000000,14793000000,0,7427000000.0,0,0.0,0.0,6728000000.0,14155000000.0,0.094,14155000000.0,6728000000.0,6264000000.0,2.96,2.81,2.96,40700000000,40705000000.0,40700000000,27724663065.0,4.0,1.959,2520000000.0,1.606,1.0,18636000000.0,0.124,37597000000,464000000.0,50348000000,49852250000.0,15433000000,20219000000,12115000000,8104000000,110377000000,56651000000,53726000000,30878663065.0,1187000000.0,55000000.0,0.0,1230000000.0,-940000000.0,288000000.0,-8378000000.0,413000000.0,9920000000.0,-643000000.0,5993000000.0,4689000000.0,4689000000.0,0.0,97000000.0,0.031,13563000000.0,5073000000.0,26425000000,0.0,0.759,6.585,6.662,30169000000,1304000000.0,19.72,0.206,0.206,21147000000,9889000000,150082000000.0,150082000000.0,0.0,0.032,0.115,0.135,0.045,0.0,12065000000.0,1.0,1565855125.0,1569000000,1671000000.0,95.655,114390000000,0,271000000.0,0,72.906,13582000000
37,GM,MRT,2012-03-31,2012-03-31,2012-03-31,2021-08-04,-5768000000,150194000000,148427250000.0,69216000000,80978000000,1.023,24.972,-6601000000.0,17378000000,17378000000,132479000000.0,7226000000.0,1.223,2.803,14224000000,5350000000,8874000000,14224000000,0,7427000000.0,0,0.0,0.0,7609000000.0,15036000000.0,0.099,15036000000.0,7609000000.0,7108000000.0,3.69,3.45,3.69,39256000000,40809500000.0,39256000000,36879794941.0,5.0,2.453,4441000000.0,2.825,1.0,19362000000.0,0.128,38120000000,501000000.0,52343000000,48731000000.0,15844000000,23554000000,15610000000,7944000000,110054000000,56577000000,53477000000,40161794941.0,-3930000000.0,20000000.0,0.0,342000000.0,-912000000.0,-593000000.0,-14071000000.0,-6484000000.0,11042000000.0,-308000000.0,7139000000.0,5726000000.0,5726000000.0,0.0,87000000.0,0.038,13659000000.0,5703000000.0,27576000000,0.0,1.023,7.014,6.951,27941000000,1413000000.0,25.65,0.264,0.266,21961000000,8283000000,151841000000.0,151841000000.0,0.0,0.039,0.14,0.156,0.05,0.0,12142000000.0,1.0,1565761986.0,1572000000,1692000000.0,96.591,112074000000,0,-31000000.0,0,71.294,12639000000
38,GM,MRT,2011-12-31,2011-12-31,2011-12-31,2021-08-04,-5861000000,144603000000,147340250000.0,64923000000,79680000000,1.02,24.818,-6249000000.0,16071000000,16071000000,131171000000.0,9287000000.0,1.22,2.771,13833000000,5800000000,8033000000,13833000000,0,7427000000.0,0,0.0,0.0,9620000000.0,17047000000.0,0.113,17047000000.0,9620000000.0,9080000000.0,4.94,4.58,4.94,38120000000,40545000000.0,38120000000,21957669247.0,2.0,1.288,1917000000.0,1.248,1.0,19105000000.0,0.127,39033000000,540000000.0,50106000000,46387000000.0,14324000000,25171000000,17153000000,8018000000,105612000000,53226000000,52386000000,31713669247.0,-5185000000.0,4768000000.0,0.0,697000000.0,-916000000.0,-358000000.0,-12740000000.0,-10575000000.0,8166000000.0,-253000000.0,9190000000.0,7585000000.0,7585000000.0,0.0,97000000.0,0.05,13449000000.0,5656000000.0,24551000000,0.0,0.832,4.181,4.103,26254000000,1605000000.0,20.27,0.211,0.207,19126000000,7183000000,150276000000.0,150276000000.0,0.0,0.051,0.187,0.207,0.064,0.0,12163000000.0,1.0,1564561877.0,1536000000,1668000000.0,97.836,105570000000,1039000000,-110000000.0,0,68.73,11697000000
39,GM,MRT,2011-09-30,2011-09-30,2011-09-30,2021-08-04,1412000000,148497000000,145914000000.0,64010000000,84487000000,1.022,28.645,-5161000000.0,21421000000,21421000000,130945000000.0,10012000000.0,1.237,2.299,11665000000,1543000000,10122000000,11665000000,0,6930000000.0,0,0.0,0.0,10534000000.0,17464000000.0,0.117,17464000000.0,10534000000.0,9881000000.0,5.21,4.61,5.21,44744000000,40060000000.0,44744000000,21941440080.0,2.0,1.256,24000000.0,0.015,1.0,18223000000.0,0.122,40381000000,653000000.0,46612000000,43240500000.0,15220000000,19214000000,11680000000,7534000000,102881000000,51748000000,51133000000,31516440080.0,-2466000000.0,2231000000.0,3395000000.0,-3933000000.0,-1613000000.0,-2477000000.0,-9417000000.0,-6057000000.0,5185000000.0,-153000000.0,9871000000.0,7911000000.0,7911000000.0,0.0,141000000.0,0.053,12737000000.0,5486000000.0,25646000000,0.0,0.704,3.984,3.873,25023000000,1960000000.0,20.18,0.211,0.211,19430000000,6595000000,149168000000.0,149168000000.0,0.0,0.054,0.197,0.244,0.071,0.0,12289000000.0,1.0,1561766109.0,1562000000,1682000000.0,95.498,108116000000,0,10000000.0,0,69.216,12262000000
40,GM,MRT,2011-06-30,2011-06-30,2011-06-30,2021-08-04,1571000000,150415000000,143099250000.0,65984000000,84431000000,1.024,27.321,-5259000000.0,21596000000,21596000000,128586000000.0,10143000000.0,1.225,2.636,12021000000,2027000000,9994000000,12021000000,0,6930000000.0,0,0.0,0.0,10619000000.0,17549000000.0,0.12,17549000000.0,10619000000.0,9804000000.0,5.42,4.78,5.42,41118000000,34560750000.0,41118000000,37693467635.0,4.0,2.148,513000000.0,0.341,1.0,17923000000.0,0.122,41129000000,815000000.0,45863000000,37277250000.0,14105000000,19458000000,12298000000,7160000000,108383000000,53848000000,54535000000,47385467635.0,-2073000000.0,2262000000.0,3395000000.0,-3530000000.0,-1602000000.0,-2059000000.0,-10364000000.0,-7556000000.0,5772000000.0,875000000.0,9926000000.0,8144000000.0,8144000000.0,0.0,217000000.0,0.056,12510000000.0,5413000000.0,25412000000,0.0,1.152,5.818,5.601,25169000000,1782000000.0,30.36,0.323,0.312,20376000000,4729000000,146509000000.0,146509000000.0,0.0,0.057,0.236,0.285,0.072,0.0,12057000000.0,1.0,1560786154.0,1505000000,1654000000.0,97.348,109286000000,0,-122000000.0,0,72.615,12136000000
41,GM,MRT,2011-03-31,2011-03-31,2011-03-31,2021-08-04,1494000000,145846000000,138470250000.0,62949000000,82897000000,1.013,25.398,-5004000000.0,22176000000,22176000000,123216000000.0,8718000000.0,1.218,2.795,12484000000,1743000000,10741000000,12484000000,0,6930000000.0,0,0.0,0.0,9680000000.0,16610000000.0,0.118,16610000000.0,9680000000.0,8770000000.0,4.63,4.09,4.63,38198000000,30035000000.0,38198000000,37868857121.0,4.0,2.28,-451000000.0,-0.3,1.0,17094000000.0,0.122,41505000000,910000000.0,42967000000,30795000000.0,13991000000,15555000000,8618000000,6937000000,106760000000,51682000000,55078000000,48429857121.0,-2393000000.0,2295000000.0,3395000000.0,-9341000000.0,-1590000000.0,-7825000000.0,821000000.0,3126000000.0,4553000000.0,429000000.0,8470000000.0,6954000000.0,6954000000.0,0.0,248000000.0,0.05,12229000000.0,4865000000.0,24739000000,0.0,1.268,6.964,6.702,23043000000,1516000000.0,31.03,0.345,0.333,21266000000,1951000000,140310000000.0,140310000000.0,0.0,0.05,0.232,0.314,0.069,0.0,11756000000.0,1.0,1560743059.0,1504000000,1817000000.0,93.291,104341000000,0,300000000.0,0,69.376,11267000000
42,GM,MRT,2010-12-31,2010-12-31,2010-12-31,2021-08-04,1251000000,138898000000,136014000000.0,53053000000,85845000000,0.997,24.12,-4202000000.0,22151000000,22151000000,118920000000.0,6503000000.0,1.125,2.812,11590000000,1616000000,9974000000,11590000000,0,6930000000.0,0,0.0,0.0,7942000000.0,14872000000.0,0.11,14872000000.0,7942000000.0,6844000000.0,3.11,2.89,3.11,36180000000,26045250000.0,36180000000,36390000000.0,5.0,2.447,2578000000.0,1.719,1.0,16672000000.0,0.123,43660000000,1098000000.0,37520000000,24535500000.0,12125000000,16484000000,6795000000,9689000000,101739000000,47157000000,54582000000,55290000000.0,-1814000000.0,-2662000000.0,3395000000.0,-11422000000.0,-1572000000.0,-9770000000.0,1233000000.0,7505000000.0,6780000000.0,-57000000.0,6172000000.0,4668000000.0,4668000000.0,0.0,331000000.0,0.034,11564000000.0,5108000000.0,21497000000,0.0,1.528,11.844,11.852,21803000000,1504000000.0,36.86,0.408,0.408,16896000000,266000000,135592000000.0,135592000000.0,0.0,0.034,0.179,0.324,0.059,0.0,11446000000.0,1.0,1500000000.0,1500000000,1624000000.0,90.395,95238000000,0,672000000.0,0,63.492,5896000000
43,GM,MRT,2010-09-30,2010-09-30,2010-09-30,2021-08-04,-1073000000,137238000000,135363250000.0,61584000000,75654000000,0.968,15.165,-4093000000.0,27466000000,27466000000,118511000000.0,1816000000.0,1.171,4.683,8566000000,5621000000,2945000000,8566000000,0,4511000000.0,0,,0.0,2490000000.0,7001000000.0,0.053,7001000000.0,2490000000.0,1311000000.0,-0.07,-0.25,-0.07,22747000000,22312500000.0,22747000000,,,,2331000000.0,1.554,1.0,12526000000.0,0.096,43010000000,1179000000.0,22759000000,23091750000.0,13044000000,16024000000,7333000000,8691000000,106522000000,52569000000,53953000000,,-6356000000.0,-2157000000.0,0.0,-10203000000.0,-705000000.0,-10973000000.0,6648000000.0,11996000000.0,6424000000.0,-2000000.0,1327000000.0,638000000.0,638000000.0,0.0,489000000.0,0.005,11557000000.0,969000000.0,22137000000,0.0,,,,22058000000,689000000.0,,,,8725000000,-236000000,131037000000.0,131037000000.0,0.0,0.005,0.029,0.108,0.019,0.0,11387000000.0,1.0,1500000000.0,1500000000,1630000000.0,87.358,94228000000,0,-16000000.0,0,62.819,9015000000
44,GM,MRT,2010-06-30,2010-06-30,2010-06-30,2021-08-04,1153000000,131899000000,137139750000.0,57807000000,74092000000,0.891,15.343,-3713000000.0,26773000000,26773000000,112478000000.0,-978000000.0,1.148,4.388,8161000000,5524000000,2637000000,8161000000,0,4511000000.0,0,,0.0,-542000000.0,3969000000.0,0.032,3969000000.0,-542000000.0,-1823000000.0,-2.11,-2.18,-2.11,23015000000,21268000000.0,23015000000,,,,3046000000.0,2.031,1.0,9646000000.0,0.079,43006000000,1281000000.0,19934000000,24884000000.0,11533000000,14450000000,6154000000,8296000000,101000000000,50347000000,50653000000,,0.0,-1987000000.0,0.0,-6838000000.0,-502000000.0,-7446000000.0,8566000000.0,13164000000.0,6759000000.0,-119000000.0,-1693000000.0,-2229000000.0,-2229000000.0,0.0,715000000.0,-0.018,11413000000.0,-1767000000.0,20755000000,0.0,,,,21114000000,536000000.0,,,,8662000000,-2195000000,122124000000.0,122124000000.0,0.0,-0.016,-0.105,-0.022,-0.004,0.0,11313000000.0,1.0,1500000000.0,1500000000,1567000000.0,81.416,88893000000,0,-130000000.0,0,59.262,7460000000
45,GM,MRT,2010-03-31,2010-03-31,2010-03-31,2021-08-04,1713000000,136021000000,,60357000000,75664000000,,14.826,,36051000000,36051000000,,,1.16,4.765,14174000000,8773000000,5401000000,14174000000,0,,0,,0.0,,,,,,,,,,22239000000,,22239000000,,,,,,1.0,,,44177000000,,17929000000,,11192000000,8583000000,153000000,8430000000,105970000000,52038000000,53932000000,,,,,,,,,,,,,,,,,,,,20450000000,,,,,20751000000,,,,,8694000000,-3529000000,,,,,,,,,,1.0,1500000000.0,1500000000,,,91844000000,0,,0,61.229,8319000000
46,GM,MRT,2009-12-31,2009-12-31,2009-12-31,2021-08-04,1588000000,136295000000,,59247000000,77048000000,,17.164,,22679000000,22679000000,,,1.13,5.052,15783000000,10221000000,5562000000,15783000000,0,,0,,0.0,,,,,,,,,,21249000000,,21249000000,,,,,,1.0,,,45219000000,,31745000000,,10107000000,23476000000,14051000000,9425000000,107340000000,52435000000,54905000000,,,,,,,,,,,,,,,,,,,,18725000000,,,,,21414000000,,,,,7518000000,-4394000000,,,,,,,,,,1.0,1500000000.0,1238000000,,,91076000000,564000000,,0,73.567,6812000000
47,GM,MRT,2009-09-30,2009-09-30,2009-09-30,2021-08-04,677000000,144344000000,,68344000000,76000000000,,14.999,,25092000000,25092000000,,,1.163,6.643,15474000000,12815000000,2659000000,15474000000,0,,0,,0.0,,,,,,,,,,18569000000,,18569000000,,,,,,1.0,,,46018000000,,29928000000,,10610000000,26787000000,19146000000,7641000000,123358000000,58780000000,64578000000,,,,,,,,,,,,,,,,,,,,20322000000,,,,,21786000000,,,,,7725000000,-899000000,,,,,,,,,,1.0,,1238000000,,,98326000000,698000000,,0,79.423,9564000000
