None,ticker,dimension,calendardate,datekey,reportperiod,lastupdated,accoci,assets,assetsavg,assetsc,assetsnc,assetturnover,bvps,capex,cashneq,cashnequsd,cor,consolinc,currentratio,de,debt,debtc,debtnc,debtusd,deferredrev,depamor,deposits,divyield,dps,ebit,ebitda,ebitdamargin,ebitdausd,ebitusd,ebt,eps,epsdil,epsusd,equity,equityavg,equityusd,ev,evebit,evebitda,fcf,fcfps,fxusd,gp,grossmargin,intangibles,intexp,invcap,invcapavg,inventory,investments,investmentsc,investmentsnc,liabilities,liabilitiesc,liabilitiesnc,marketcap,ncf,ncfbus,ncfcommon,ncfdebt,ncfdiv,ncff,ncfi,ncfinv,ncfo,ncfx,netinc,netinccmn,netinccmnusd,netincdis,netincnci,netmargin,opex,opinc,payables,payoutratio,pb,pe,pe1,ppnenet,prefdivis,price,ps,ps1,receivables,retearn,revenue,revenueusd,rnd,roa,roe,roic,ros,sbcomp,sgna,sharefactor,sharesbas,shareswa,shareswadil,sps,tangibles,taxassets,taxexp,taxliabilities,tbvps,workingcapital
0,PNC,MRY,2020-12-31,2020-12-31,2020-12-31,2021-08-06,2770000000.0,466679000000.0,458241750000.0,,,0.037,126.487,0.0,92190000000.0,92190000000.0,0.0,7558000000.0,,7.64,37195000000.0,,,37195000000.0,0.0,1497000000.0,365345000000.0,0.031,4.6,7943000000.0,9440000000.0,0.559,9440000000.0,7943000000.0,7943000000.0,16.99,16.96,16.99,54010000000.0,52368000000.0,54010000000.0,27653455705.0,3.0,2.929,4659000000.0,10.911,1.0,16901000000.0,1.0,9233000000.0,0.0,402451000000.0,435484250000.0,0.0,334257000000.0,,,412638000000.0,,,63131455705.0,1956000000.0,14225000000.0,-1559000000.0,-24131000000.0,-1980000000.0,48419000000.0,-51122000000.0,-64083000000.0,4659000000.0,0.0,7517000000.0,7284000000.0,7284000000.0,-4555000000.0,41000000.0,0.431,10297000000.0,6604000000.0,0.0,0.271,1.169,8.667,8.77,0.0,233000000.0,149.0,3.735,3.764,0.0,46848000000.0,16901000000.0,16901000000.0,0.0,0.016,0.139,0.018,0.47,0.0,7911000000.0,1.0,423701045.0,427000000.0,427000000.0,39.581,457446000000.0,0.0,426000000.0,0.0,1071.302,
1,PNC,MRY,2019-12-31,2019-12-31,2019-12-31,2021-08-06,799000000.0,410295000000.0,404452250000.0,,,0.042,110.322,0.0,28474000000.0,28474000000.0,0.0,5418000000.0,,7.319,60263000000.0,,,60263000000.0,0.0,1315000000.0,288540000000.0,0.026,4.2,6270000000.0,7585000000.0,0.45,7585000000.0,6270000000.0,6270000000.0,11.43,11.39,11.43,49314000000.0,49152500000.0,49314000000.0,106896142868.0,17.0,14.093,7363000000.0,16.472,1.0,16839000000.0,1.0,9233000000.0,0.0,432851000000.0,433749500000.0,0.0,331828000000.0,,,360952000000.0,,,69945142868.0,-547000000.0,75000000.0,-3488000000.0,1983000000.0,-1895000000.0,17080000000.0,-24990000000.0,-24360000000.0,7363000000.0,0.0,5369000000.0,5129000000.0,5129000000.0,-827000000.0,49000000.0,0.305,10574000000.0,6265000000.0,0.0,0.367,1.418,13.637,13.966,0.0,240000000.0,159.63,4.154,4.237,0.0,42215000000.0,16839000000.0,16839000000.0,0.0,0.013,0.104,0.014,0.372,0.0,7992000000.0,1.0,438170412.0,447000000.0,448000000.0,37.671,401062000000.0,0.0,901000000.0,0.0,897.23,
2,PNC,MRY,2018-12-31,2018-12-31,2018-12-31,2021-08-06,-725000000.0,382315000000.0,380566750000.0,,,0.043,102.201,0.0,16501000000.0,16501000000.0,0.0,5346000000.0,,7.009,57704000000.0,,,57704000000.0,0.0,1129000000.0,267839000000.0,0.029,3.4,6229000000.0,7358000000.0,0.454,7358000000.0,6229000000.0,6229000000.0,10.79,10.71,10.79,47728000000.0,47164750000.0,47728000000.0,87140141568.0,14.0,11.843,7840000000.0,16.788,1.0,16190000000.0,1.0,9218000000.0,0.0,414300000000.0,404191500000.0,0.0,322188000000.0,,,334545000000.0,,,53945141568.0,359000000.0,0.0,-2808000000.0,-1541000000.0,-1601000000.0,-3512000000.0,-3969000000.0,-2285000000.0,7840000000.0,0.0,5301000000.0,5061000000.0,5061000000.0,-788000000.0,45000000.0,0.313,10296000000.0,5894000000.0,0.0,0.315,1.13,10.659,10.835,0.0,240000000.0,116.91,3.332,3.372,0.0,38919000000.0,16190000000.0,16190000000.0,0.0,0.013,0.107,0.015,0.385,0.0,7677000000.0,1.0,461424528.0,467000000.0,470000000.0,34.668,373097000000.0,0.0,928000000.0,0.0,798.923,
3,PNC,MRY,2017-12-31,2017-12-31,2017-12-31,2021-08-06,-148000000.0,380768000000.0,374773250000.0,,,0.044,98.78,0.0,33844000000.0,33844000000.0,0.0,5388000000.0,,7.012,59385000000.0,,,59385000000.0,0.0,1117000000.0,265053000000.0,0.018,2.6,5440000000.0,6557000000.0,0.402,6557000000.0,5440000000.0,5440000000.0,10.49,10.36,10.49,47513000000.0,46434750000.0,47513000000.0,97061337977.0,18.0,14.803,5579000000.0,11.599,1.0,16329000000.0,1.0,9173000000.0,0.0,397136000000.0,392029000000.0,0.0,309857000000.0,,,333183000000.0,,,68653337977.0,370000000.0,-1342000000.0,-2315000000.0,6512000000.0,-1266000000.0,9686000000.0,-14895000000.0,-12333000000.0,5579000000.0,0.0,5338000000.0,5076000000.0,5076000000.0,0.0,50000000.0,0.311,10398000000.0,5931000000.0,0.0,0.248,1.445,13.525,13.755,0.0,262000000.0,144.29,4.204,4.25,0.0,35481000000.0,16329000000.0,16329000000.0,0.0,0.014,0.109,0.014,0.333,0.0,7445000000.0,1.0,475801081.0,481000000.0,486000000.0,33.948,371595000000.0,0.0,102000000.0,0.0,772.547,
4,PNC,MRY,2016-12-31,2016-12-31,2016-12-31,2021-08-06,-265000000.0,366380000000.0,364512000000.0,,,0.042,92.508,0.0,30590000000.0,30590000000.0,0.0,3985000000.0,,6.992,53007000000.0,,,53007000000.0,0.0,1193000000.0,257164000000.0,0.018,2.12,5171000000.0,6364000000.0,0.42,6364000000.0,5171000000.0,5171000000.0,7.42,7.3,7.42,45699000000.0,45523500000.0,45699000000.0,77163222692.0,15.0,12.125,3500000000.0,7.085,1.0,15162000000.0,1.0,9103000000.0,0.0,379694000000.0,377094500000.0,0.0,299181000000.0,,,319526000000.0,,,56901222692.0,814000000.0,0.0,-1911000000.0,-1296000000.0,-1061000000.0,4621000000.0,-7307000000.0,-6490000000.0,3500000000.0,0.0,3903000000.0,3688000000.0,3688000000.0,0.0,82000000.0,0.243,9476000000.0,5686000000.0,0.0,0.286,1.245,15.429,15.763,0.0,215000000.0,116.96,3.753,3.811,0.0,31670000000.0,15162000000.0,15162000000.0,0.0,0.01,0.081,0.014,0.341,0.0,6955000000.0,1.0,486501562.0,494000000.0,500000000.0,30.692,357277000000.0,0.0,1268000000.0,0.0,723.233,
5,PNC,MRY,2015-12-31,2015-12-31,2015-12-31,2021-08-06,130000000.0,358493000000.0,356380750000.0,,,0.043,86.984,0.0,34611000000.0,34611000000.0,0.0,4143000000.0,,6.99,54793000000.0,,,54793000000.0,0.0,1088000000.0,249002000000.0,0.021,2.01,5470000000.0,6558000000.0,0.431,6558000000.0,5470000000.0,5470000000.0,7.52,7.39,7.52,44710000000.0,44799500000.0,44710000000.0,67268969750.0,12.0,10.258,5525000000.0,10.749,1.0,15225000000.0,1.0,9103000000.0,0.0,369572000000.0,367178250000.0,0.0,288213000000.0,,,312513000000.0,,,48398969750.0,-295000000.0,0.0,-2013000000.0,-2367000000.0,-1038000000.0,10440000000.0,-16260000000.0,-15554000000.0,5525000000.0,0.0,4106000000.0,3881000000.0,3881000000.0,0.0,37000000.0,0.255,9463000000.0,5762000000.0,0.0,0.267,1.083,12.471,12.674,0.0,225000000.0,95.31,3.179,3.218,0.0,29043000000.0,15225000000.0,15225000000.0,0.0,0.011,0.087,0.015,0.359,0.0,6847000000.0,1.0,507805789.0,514000000.0,521000000.0,29.621,349390000000.0,0.0,1364000000.0,0.0,679.747,
6,PNC,MRY,2014-12-31,2014-12-31,2014-12-31,2021-08-06,503000000.0,345072000000.0,332495750000.0,,,0.046,84.217,0.0,36139000000.0,36139000000.0,0.0,4207000000.0,,6.711,57027000000.0,,,57027000000.0,0.0,988000000.0,232234000000.0,0.021,1.88,5591000000.0,6579000000.0,0.428,6579000000.0,5591000000.0,5591000000.0,7.44,7.3,7.44,44551000000.0,44139500000.0,44551000000.0,70173116040.0,13.0,10.666,5585000000.0,10.558,1.0,15375000000.0,1.0,9596000000.0,0.0,356364000000.0,346269500000.0,0.0,275855000000.0,,,298998000000.0,,,48006116040.0,317000000.0,0.0,-924000000.0,10469000000.0,-1000000000.0,19625000000.0,-24893000000.0,-24694000000.0,5585000000.0,0.0,4184000000.0,3947000000.0,3947000000.0,0.0,23000000.0,0.257,9488000000.0,5887000000.0,0.0,0.253,1.078,12.163,12.262,0.0,237000000.0,91.23,3.122,3.139,0.0,26200000000.0,15375000000.0,15375000000.0,0.0,0.012,0.089,0.016,0.364,0.0,6556000000.0,1.0,526209756.0,529000000.0,537000000.0,29.064,335476000000.0,0.0,1407000000.0,0.0,634.17,
7,PNC,MRY,2013-12-31,2013-12-31,2013-12-31,2021-08-06,436000000.0,320192000000.0,308504000000.0,,,0.052,80.178,0.0,16178000000.0,16178000000.0,0.0,4212000000.0,,6.523,46347000000.0,,,46347000000.0,0.0,1146000000.0,220931000000.0,0.022,1.72,5677000000.0,6823000000.0,0.426,6823000000.0,5677000000.0,5677000000.0,7.45,7.36,7.45,42334000000.0,40853250000.0,42334000000.0,68833936700.0,12.0,10.089,5555000000.0,10.521,1.0,16012000000.0,1.0,11290000000.0,0.0,339071000000.0,327902500000.0,0.0,270172000000.0,,,276155000000.0,,,41280936700.0,-1177000000.0,0.0,220000000.0,5333000000.0,-911000000.0,12203000000.0,-18935000000.0,-19064000000.0,5555000000.0,0.0,4201000000.0,3952000000.0,3952000000.0,0.0,11000000.0,0.247,9681000000.0,6331000000.0,0.0,0.231,0.975,10.446,10.413,0.0,249000000.0,77.58,2.578,2.558,0.0,23251000000.0,16012000000.0,16012000000.0,0.0,0.013,0.097,0.017,0.355,-23000000.0,6585000000.0,1.0,532107975.0,528000000.0,532000000.0,30.326,308902000000.0,0.0,1476000000.0,0.0,585.042,
8,PNC,MRY,2012-12-31,2012-12-31,2012-12-31,2021-08-06,834000000.0,305107000000.0,300342000000.0,,,0.052,74.15,0.0,9204000000.0,9204000000.0,0.0,2994000000.0,,6.752,41157000000.0,,,41157000000.0,0.0,1159000000.0,213142000000.0,0.027,1.55,4046000000.0,5205000000.0,0.336,5205000000.0,4046000000.0,4046000000.0,5.33,5.28,5.33,39003000000.0,37434000000.0,39003000000.0,67576009985.0,17.0,12.983,6809000000.0,12.945,1.0,15512000000.0,1.0,10869000000.0,0.0,326191000000.0,324604250000.0,0.0,261355000000.0,,,263342000000.0,,,30838009985.0,1115000000.0,-4130000000.0,-58000000.0,2604000000.0,-820000000.0,11567000000.0,-17261000000.0,-13228000000.0,6809000000.0,0.0,3001000000.0,2820000000.0,2820000000.0,0.0,-7000000.0,0.182,10486000000.0,5026000000.0,0.0,0.291,0.791,10.935,10.94,0.0,181000000.0,58.31,1.988,1.977,0.0,20265000000.0,15512000000.0,15512000000.0,0.0,0.009,0.075,0.012,0.261,-18000000.0,6458000000.0,1.0,528863145.0,526000000.0,529000000.0,29.49,294238000000.0,0.0,1045000000.0,0.0,559.388,
9,PNC,MRY,2011-12-31,2011-12-31,2011-12-31,2021-08-06,-105000000.0,271205000000.0,265792500000.0,,,0.054,64.987,0.0,5274000000.0,5274000000.0,0.0,3071000000.0,,6.87,36944000000.0,,,36944000000.0,0.0,1140000000.0,187966000000.0,0.02,1.15,4054000000.0,5194000000.0,0.363,5194000000.0,4054000000.0,4054000000.0,5.7,5.64,5.7,34053000000.0,32909750000.0,34053000000.0,58904883077.0,15.0,11.341,6033000000.0,11.513,1.0,14326000000.0,1.0,10144000000.0,0.0,292731000000.0,284800750000.0,0.0,233089000000.0,,,233959000000.0,,,30340883077.0,808000000.0,430000000.0,-1000000.0,-3051000000.0,-604000000.0,1324000000.0,-6549000000.0,-6619000000.0,6033000000.0,0.0,3056000000.0,2998000000.0,2998000000.0,0.0,15000000.0,0.209,9105000000.0,5221000000.0,0.0,0.202,0.891,10.12,10.118,0.0,58000000.0,57.67,2.118,2.109,0.0,18253000000.0,14326000000.0,14326000000.0,0.0,0.011,0.091,0.014,0.283,-2000000.0,5614000000.0,1.0,526112070.0,524000000.0,526000000.0,27.34,261061000000.0,0.0,998000000.0,0.0,498.208,
10,PNC,MRY,2010-12-31,2010-12-31,2010-12-31,2021-08-06,-431000000.0,264284000000.0,262877000000.0,,,0.058,58.495,0.0,4907000000.0,4907000000.0,0.0,3397000000.0,,7.653,39676000000.0,,,39676000000.0,0.0,1059000000.0,183390000000.0,0.007,0.4,4449000000.0,5508000000.0,0.363,5508000000.0,4449000000.0,4449000000.0,5.8,5.74,5.8,30242000000.0,28869750000.0,30242000000.0,67743357712.0,15.0,12.299,4812000000.0,9.308,1.0,15176000000.0,1.0,10753000000.0,0.0,288300000000.0,286643250000.0,0.0,228212000000.0,,,231446000000.0,,,31926357712.0,-991000000.0,3400000000.0,3282000000.0,-3813000000.0,-204000000.0,-11532000000.0,5729000000.0,2376000000.0,4812000000.0,0.0,3412000000.0,3011000000.0,3011000000.0,-373000000.0,-15000000.0,0.198,8613000000.0,6563000000.0,0.0,0.069,1.056,10.603,10.469,0.0,401000000.0,60.72,2.104,2.069,0.0,15859000000.0,15176000000.0,15176000000.0,0.0,0.011,0.104,0.016,0.293,0.0,5570000000.0,1.0,525796405.0,517000000.0,520000000.0,29.354,253531000000.0,0.0,1037000000.0,0.0,490.389,
11,PNC,MRY,2009-12-31,2009-12-31,2009-12-31,2021-08-06,-1962000000.0,269863000000.0,276861500000.0,,,0.059,65.952,0.0,8776000000.0,8776000000.0,0.0,2403000000.0,,7.925,39557000000.0,,,39557000000.0,0.0,978000000.0,186922000000.0,0.018,0.96,3314000000.0,4292000000.0,0.264,4292000000.0,3314000000.0,3314000000.0,4.4,4.36,4.4,29942000000.0,28160250000.0,29942000000.0,62030515465.0,19.0,14.453,5754000000.0,12.674,1.0,16228000000.0,1.0,12909000000.0,0.0,287735000000.0,296659000000.0,0.0,225805000000.0,,,237296000000.0,,,24351515465.0,-183000000.0,-3396000000.0,59000000.0,-12601000000.0,-430000000.0,-15416000000.0,9479000000.0,13416000000.0,5754000000.0,0.0,2447000000.0,2003000000.0,2003000000.0,-45000000.0,-44000000.0,0.123,9073000000.0,7155000000.0,0.0,0.218,0.813,12.158,11.998,0.0,444000000.0,52.79,1.501,1.477,0.0,13144000000.0,16228000000.0,16228000000.0,0.0,0.007,0.071,0.011,0.204,0.0,5760000000.0,1.0,461290310.0,454000000.0,455000000.0,35.744,256954000000.0,0.0,867000000.0,0.0,565.978,
12,PNC,MRY,2008-12-31,2008-12-31,2008-12-31,2021-08-06,-3949000000.0,291081000000.0,179863250000.0,,,0.035,73.901,0.0,19330000000.0,19330000000.0,0.0,914000000.0,,10.362,52584000000.0,,,52584000000.0,0.0,463000000.0,192865000000.0,0.053,2.61,1180000000.0,1643000000.0,0.261,1643000000.0,1180000000.0,1180000000.0,2.49,2.44,2.49,25422000000.0,17292750000.0,25422000000.0,46264937861.0,39.0,28.159,7414000000.0,21.552,1.0,6296000000.0,1.0,11688000000.0,0.0,312647000000.0,199773750000.0,0.0,231546000000.0,,,263433000000.0,,,17058937861.0,904000000.0,2856000000.0,141000000.0,-4979000000.0,-902000000.0,6476000000.0,-12986000000.0,-14722000000.0,7414000000.0,0.0,882000000.0,861000000.0,861000000.0,-118000000.0,32000000.0,0.137,3685000000.0,2611000000.0,0.0,1.048,0.671,19.813,19.679,0.0,21000000.0,49.0,2.709,2.677,0.0,11461000000.0,6296000000.0,6296000000.0,0.0,0.005,0.05,0.006,0.187,-13000000.0,2500000000.0,1.0,348141589.0,344000000.0,346000000.0,18.302,279393000000.0,0.0,298000000.0,0.0,812.189,
13,PNC,MRY,2007-12-31,2007-12-31,2007-12-31,2021-08-06,-147000000.0,138920000000.0,129625000000.0,,,0.045,44.876,0.0,3913000000.0,3913000000.0,0.0,1491000000.0,,8.241,31065000000.0,,,31065000000.0,0.0,391000000.0,82696000000.0,0.037,2.44,2028000000.0,2419000000.0,0.411,2419000000.0,2028000000.0,2028000000.0,4.4,4.32,4.4,14854000000.0,14659000000.0,14854000000.0,46616925885.0,23.0,19.271,-416000000.0,-1.257,1.0,5891000000.0,1.0,9551000000.0,0.0,156521000000.0,143227250000.0,0.0,114198000000.0,,,122412000000.0,,,22354925885.0,44000000.0,-2543000000.0,-710000000.0,14111000000.0,-806000000.0,15099000000.0,-14639000000.0,-11179000000.0,-416000000.0,0.0,1467000000.0,1467000000.0,1467000000.0,-128000000.0,24000000.0,0.249,3652000000.0,2239000000.0,0.0,0.555,1.505,15.239,14.92,0.0,0.0,65.65,3.795,3.689,0.0,11497000000.0,5891000000.0,5891000000.0,0.0,0.011,0.1,0.014,0.344,-15000000.0,2493000000.0,1.0,340516769.0,331000000.0,334000000.0,17.798,129369000000.0,0.0,561000000.0,0.0,390.843,
14,PNC,MRY,2006-12-31,2006-12-31,2006-12-31,2021-08-06,-235000000.0,101820000000.0,97106750000.0,,,0.088,36.945,0.0,3523000000.0,3523000000.0,0.0,2595000000.0,,8.356,15148000000.0,,,15148000000.0,0.0,345000000.0,66301000000.0,0.029,2.15,3958000000.0,4303000000.0,0.502,4303000000.0,3958000000.0,3958000000.0,8.89,8.73,8.89,10788000000.0,9788500000.0,10788000000.0,33547859360.0,8.0,7.796,2159000000.0,7.394,1.0,8572000000.0,1.0,4043000000.0,0.0,109402000000.0,105117000000.0,0.0,85325000000.0,,,90147000000.0,,,21753859360.0,5000000.0,-58000000.0,-188000000.0,-2397000000.0,-633000000.0,3208000000.0,-5362000000.0,-4591000000.0,2159000000.0,0.0,2595000000.0,2595000000.0,2595000000.0,0.0,0.0,0.303,4443000000.0,4129000000.0,0.0,0.242,2.016,8.383,8.328,0.0,0.0,74.04,2.538,2.522,0.0,10985000000.0,8572000000.0,8572000000.0,0.0,0.027,0.265,0.038,0.462,-29000000.0,3149000000.0,1.0,293812255.0,292000000.0,297000000.0,29.356,97777000000.0,0.0,1363000000.0,0.0,334.853,
15,PNC,MRY,2005-12-31,2005-12-31,2005-12-31,2021-08-06,-267000000.0,91954000000.0,89837000000.0,,,0.07,29.941,0.0,3518000000.0,3518000000.0,0.0,1325000000.0,,9.67,16997000000.0,,,16997000000.0,0.0,375000000.0,60275000000.0,0.032,2.0,1929000000.0,2304000000.0,0.365,2304000000.0,1929000000.0,1929000000.0,4.63,4.55,4.63,8563000000.0,8175500000.0,8563000000.0,33047920780.0,17.0,14.344,-680000000.0,-2.378,1.0,6306000000.0,1.0,4466000000.0,0.0,100967000000.0,99472000000.0,0.0,75880000000.0,,,82801000000.0,,,18068920780.0,288000000.0,-530000000.0,54000000.0,4023000000.0,-575000000.0,6764000000.0,-5796000000.0,-5070000000.0,-680000000.0,0.0,1325000000.0,1325000000.0,1325000000.0,0.0,0.0,0.21,4306000000.0,2000000000.0,0.0,0.432,2.11,13.637,13.354,0.0,0.0,61.83,2.865,2.804,0.0,9023000000.0,6306000000.0,6306000000.0,0.0,0.015,0.162,0.019,0.306,-4000000.0,3108000000.0,1.0,292235497.0,286000000.0,290000000.0,22.049,87488000000.0,0.0,604000000.0,0.0,305.902,
16,PNC,MRY,2004-12-31,2004-12-31,2004-12-31,2021-08-06,-54000000.0,79723000000.0,76063250000.0,,,0.072,26.594,0.0,3230000000.0,3230000000.0,0.0,1197000000.0,,9.601,12039000000.0,,,12039000000.0,0.0,302000000.0,53269000000.0,0.035,2.0,1735000000.0,2037000000.0,0.371,2037000000.0,1735000000.0,1735000000.0,4.25,4.21,4.25,7473000000.0,7269750000.0,7473000000.0,26244755268.0,15.0,12.884,460000000.0,1.637,1.0,5489000000.0,1.0,3355000000.0,0.0,85177000000.0,82174250000.0,0.0,64802000000.0,,,71746000000.0,,,16234755268.0,262000000.0,213000000.0,-133000000.0,-56000000.0,-566000000.0,4995000000.0,-5193000000.0,-5168000000.0,460000000.0,0.0,1197000000.0,1197000000.0,1197000000.0,0.0,0.0,0.218,3712000000.0,1777000000.0,0.0,0.471,2.172,13.563,13.515,0.0,0.0,57.44,2.958,2.941,0.0,8273000000.0,5489000000.0,5489000000.0,0.0,0.016,0.165,0.021,0.316,-3000000.0,2708000000.0,1.0,282638497.0,281000000.0,284000000.0,19.534,76368000000.0,0.0,538000000.0,0.0,271.772,
17,PNC,MRY,2003-12-31,2003-12-31,2003-12-31,2021-08-06,60000000.0,68168000000.0,69083250000.0,,,0.073,23.732,0.0,2968000000.0,2968000000.0,0.0,1001000000.0,,9.189,11544000000.0,,,11544000000.0,0.0,289000000.0,45241000000.0,0.035,1.94,1540000000.0,1829000000.0,0.36,1829000000.0,1540000000.0,1540000000.0,3.58,3.65,3.58,6645000000.0,6712000000.0,6645000000.0,25514629000.0,17.0,13.95,1706000000.0,6.093,1.0,5076000000.0,1.0,2707000000.0,0.0,74037000000.0,72723000000.0,0.0,55357000000.0,,,61061000000.0,,,15176629000.0,-233000000.0,-10000000.0,-467000000.0,1513000000.0,-546000000.0,759000000.0,-2698000000.0,-2209000000.0,1706000000.0,0.0,1001000000.0,1001000000.0,1001000000.0,0.0,0.0,0.197,3476000000.0,1600000000.0,0.0,0.542,2.284,15.161,15.288,0.0,0.0,54.73,2.99,3.019,0.0,7642000000.0,5076000000.0,5076000000.0,0.0,0.014,0.149,0.021,0.303,0.0,2426000000.0,1.0,277300000.0,280000000.0,281000000.0,18.129,65461000000.0,0.0,539000000.0,0.0,233.789,
18,PNC,MRY,2002-12-31,2002-12-31,2002-12-31,2021-08-06,321000000.0,66377000000.0,66878250000.0,,,0.076,24.237,0.0,5048000000.0,5048000000.0,0.0,1184000000.0,,8.514,9200000000.0,,,9200000000.0,0.0,242000000.0,44982000000.0,0.046,1.92,1805000000.0,2047000000.0,0.403,2047000000.0,1805000000.0,1805000000.0,4.18,4.15,4.18,6859000000.0,6486250000.0,6859000000.0,18549167491.0,10.0,9.062,4728000000.0,16.707,1.0,5085000000.0,1.0,2646000000.0,0.0,67883000000.0,70898250000.0,0.0,51958000000.0,,,58400000000.0,,,11926167491.0,-1126000000.0,-1676000000.0,69000000.0,-3184000000.0,-546000000.0,-5983000000.0,129000000.0,1987000000.0,4728000000.0,0.0,1184000000.0,1184000000.0,1184000000.0,16000000.0,0.0,0.233,3227000000.0,1858000000.0,0.0,0.459,1.739,10.073,10.024,0.0,0.0,41.9,2.345,2.332,0.0,7187000000.0,5085000000.0,5085000000.0,0.0,0.018,0.183,0.025,0.355,0.0,2266000000.0,1.0,284634069.0,283000000.0,285000000.0,17.968,63731000000.0,0.0,621000000.0,0.0,225.198,
19,PNC,MRY,2001-12-31,2001-12-31,2001-12-31,2021-08-06,5000000.0,69638000000.0,70603500000.0,,,0.057,20.289,0.0,4327000000.0,4327000000.0,0.0,377000000.0,,10.784,12160000000.0,,,12160000000.0,0.0,309000000.0,47304000000.0,0.034,1.92,564000000.0,873000000.0,0.218,873000000.0,564000000.0,564000000.0,1.27,1.26,1.27,5823000000.0,6531250000.0,5823000000.0,25497577876.0,45.0,29.207,1557000000.0,5.425,1.0,4011000000.0,1.0,2373000000.0,0.0,75098000000.0,76978250000.0,0.0,56846000000.0,,,62797000000.0,,,15964577876.0,665000000.0,485000000.0,-497000000.0,269000000.0,-569000000.0,-1458000000.0,566000000.0,197000000.0,1557000000.0,0.0,377000000.0,377000000.0,377000000.0,-5000000.0,0.0,0.094,3351000000.0,660000000.0,0.0,1.512,2.742,42.346,44.252,0.0,0.0,56.2,3.98,4.021,0.0,6549000000.0,4011000000.0,4011000000.0,0.0,0.005,0.058,0.007,0.141,0.0,2199000000.0,1.0,284067222.0,287000000.0,290000000.0,13.976,67265000000.0,0.0,187000000.0,0.0,234.373,
20,PNC,MRY,2000-12-31,2000-12-31,2000-12-31,2021-08-06,-88000000.0,69844000000.0,72443000000.0,,,0.069,22.952,0.0,3662000000.0,3662000000.0,0.0,1279000000.0,,9.366,11718000000.0,,,11718000000.0,0.0,283000000.0,47664000000.0,0.025,1.83,1913000000.0,2196000000.0,0.441,2196000000.0,1913000000.0,1913000000.0,4.35,4.31,4.35,6656000000.0,6308750000.0,6656000000.0,30330315178.0,16.0,13.812,3048000000.0,10.51,1.0,4978000000.0,1.0,2468000000.0,0.0,75432000000.0,81226750000.0,0.0,58990000000.0,,,62340000000.0,,,21137315178.0,582000000.0,-30000000.0,-239000000.0,-2482000000.0,-546000000.0,-1405000000.0,-1061000000.0,-754000000.0,3048000000.0,0.0,1279000000.0,1279000000.0,1279000000.0,-65000000.0,0.0,0.257,3036000000.0,1942000000.0,0.0,0.421,3.176,16.526,16.795,0.0,0.0,73.06,4.246,4.256,0.0,6736000000.0,4978000000.0,4978000000.0,0.0,0.018,0.203,0.024,0.384,0.0,2113000000.0,1.0,289314470.0,290000000.0,293000000.0,17.166,67376000000.0,0.0,634000000.0,0.0,232.331,
21,PNC,MRY,1999-12-31,1999-12-31,1999-12-31,2021-08-06,-267000000.0,69286000000.0,73178750000.0,,,0.063,20.02,0.0,3080000000.0,3080000000.0,0.0,1264000000.0,,10.51,14229000000.0,,,14229000000.0,0.0,305000000.0,45802000000.0,0.038,1.68,1850000000.0,2155000000.0,0.465,2155000000.0,1850000000.0,1850000000.0,4.19,4.15,4.19,5946000000.0,5875750000.0,5946000000.0,32412500000.0,18.0,15.041,1772000000.0,5.966,1.0,4631000000.0,1.0,2512000000.0,0.0,77923000000.0,85944000000.0,0.0,59799000000.0,,,62492000000.0,,,15708500000.0,551000000.0,1854000000.0,-662000000.0,-1742000000.0,-520000000.0,-2885000000.0,1664000000.0,-87000000.0,1772000000.0,0.0,1264000000.0,1264000000.0,1264000000.0,-62000000.0,0.0,0.273,2763000000.0,1868000000.0,0.0,0.401,2.642,12.428,10.621,0.0,0.0,44.5,3.392,2.854,0.0,6006000000.0,4631000000.0,4631000000.0,0.0,0.017,0.215,0.022,0.399,0.0,1906000000.0,1.0,353000000.0,297000000.0,300000000.0,15.593,66774000000.0,0.0,586000000.0,0.0,224.828,
22,PNC,MRY,1998-12-31,1998-12-31,1998-12-31,2021-08-06,-43000000.0,77207000000.0,75418250000.0,,,0.058,20.09,0.0,2534000000.0,2534000000.0,0.0,1115000000.0,,11.636,20946000000.0,,,20946000000.0,0.0,310000000.0,47496000000.0,0.029,1.58,1686000000.0,1996000000.0,0.459,1996000000.0,1686000000.0,1686000000.0,3.64,3.49,3.64,6043000000.0,5739000000.0,6043000000.0,34238633858.0,20.0,17.154,726000000.0,2.414,1.0,4349000000.0,1.0,2548000000.0,0.0,93071000000.0,92428750000.0,0.0,68211000000.0,,,70316000000.0,,,16248633858.0,-1710000000.0,-1031000000.0,-219000000.0,-1015000000.0,-495000000.0,-1703000000.0,-733000000.0,476000000.0,726000000.0,0.0,1115000000.0,1115000000.0,1115000000.0,-35000000.0,0.0,0.256,2638000000.0,1711000000.0,0.0,0.434,2.689,14.573,14.835,0.0,0.0,54.0,3.736,3.735,0.0,5262000000.0,4349000000.0,4349000000.0,0.0,0.015,0.194,0.018,0.388,0.0,1742000000.0,1.0,300900627.0,300800000.0,305100000.0,14.458,74659000000.0,0.0,571000000.0,0.0,248.201,
23,PNC,MRY,1997-12-31,1997-12-31,1997-12-31,2021-08-06,-23000000.0,75120000000.0,74190000000.0,,,0.057,17.362,0.0,4303000000.0,4303000000.0,0.0,1052000000.0,,12.832,19622000000.0,,,19622000000.0,0.0,346000000.0,47649000000.0,0.026,1.5,1618000000.0,1964000000.0,0.468,1964000000.0,1618000000.0,1618000000.0,3.33,3.28,3.33,5384000000.0,5626500000.0,5384000000.0,,,,-41000000.0,-0.132,1.0,4200000000.0,1.0,1632000000.0,0.0,88807000000.0,88827500000.0,0.0,65645000000.0,,,69086000000.0,,,17126243804.0,287000000.0,0.0,-1377000000.0,-46000000.0,-488000000.0,376000000.0,-48000000.0,659000000.0,-41000000.0,0.0,1052000000.0,1052000000.0,1052000000.0,0.0,0.0,0.25,2539000000.0,1661000000.0,0.0,0.45,3.181,16.28,17.099,0.0,0.0,56.94,4.078,4.204,0.0,4641000000.0,4200000000.0,4200000000.0,0.0,0.014,0.187,0.018,0.385,0.0,1680000000.0,1.0,300777025.0,310100000.0,316200000.0,13.544,73488000000.0,0.0,566000000.0,0.0,236.982,
24,PNC,MRY,1996-12-31,1996-12-31,1996-12-31,2021-08-06,-67000000.0,73260000000.0,,,,,17.333,0.0,4016000000.0,4016000000.0,0.0,992000000.0,,11.423,19604000000.0,,,19604000000.0,0.0,290000000.0,45676000000.0,0.038,1.42,1527000000.0,1817000000.0,0.469,1817000000.0,1527000000.0,1527000000.0,2.91,2.88,2.91,5869000000.0,,5869000000.0,,,,210000000.0,0.62,1.0,3875000000.0,1.0,0.0,0.0,88848000000.0,,0.0,64264000000.0,,,67041000000.0,,,,337000000.0,460000000.0,-449000000.0,561000000.0,-488000000.0,-1428000000.0,1555000000.0,280000000.0,210000000.0,0.0,992000000.0,992000000.0,992000000.0,0.0,0.0,0.256,2347000000.0,1528000000.0,0.0,0.488,,,12.928,0.0,0.0,37.62,,3.287,0.0,4075000000.0,3875000000.0,3875000000.0,0.0,,,,0.394,0.0,1567000000.0,1.0,,338600000.0,344600000.0,11.444,73260000000.0,0.0,535000000.0,0.0,216.361,
25,PNC,MRY,1995-12-31,1995-12-31,1995-12-31,2021-08-06,,,,,,,,0.0,,,0.0,408000000.0,,,,,,,,296000000.0,,0.043,1.4,627000000.0,923000000.0,0.298,923000000.0,627000000.0,627000000.0,1.2,1.19,1.2,,,,,,,1120000000.0,3.329,1.0,3096000000.0,1.0,,0.0,,,,,,,,,,,267000000.0,49000000.0,-148000000.0,-5441000000.0,-387000000.0,-7888000000.0,7035000000.0,5585000000.0,1120000000.0,0.0,408000000.0,408000000.0,408000000.0,0.0,0.0,0.132,2469000000.0,627000000.0,,1.167,,,26.875,,0.0,32.25,,3.505,,,3096000000.0,3096000000.0,0.0,,,,0.203,0.0,1411000000.0,1.0,,336455000.0,343868000.0,9.202,,,219000000.0,,,
0,PNC,MRQ,2021-06-30,2021-06-30,2021-06-30,2021-08-06,1463000000.0,554212000000.0,,,,,127.932,0.0,81171000000.0,81171000000.0,0.0,1103000000.0,,9.144,34813000000.0,,,34813000000.0,0.0,419000000.0,452883000000.0,0.024,1.15,1303000000.0,1722000000.0,0.369,1722000000.0,1303000000.0,1303000000.0,2.43,2.43,2.43,54627000000.0,,54627000000.0,20459978655.0,3.0,2.409,1415000000.0,3.314,1.0,4667000000.0,1.0,10958000000.0,0.0,496896000000.0,,0.0,427058000000.0,,,499527000000.0,,,81045978655.0,1269000000.0,-10511000000.0,8000000.0,-863000000.0,-492000000.0,-9168000000.0,9022000000.0,20212000000.0,1415000000.0,0.0,1091000000.0,1042000000.0,1042000000.0,0.0,12000000.0,0.223,3050000000.0,1617000000.0,0.0,0.473,1.484,14.35,14.452,0.0,49000000.0,190.76,4.664,4.688,0.0,48663000000.0,4667000000.0,4667000000.0,0.0,,,,,0.0,2257000000.0,1.0,424858349.0,427000000.0,427000000.0,10.93,543254000000.0,0.0,212000000.0,0.0,1272.258,
1,PNC,MRQ,2021-03-31,2021-03-31,2021-03-31,2021-08-06,1290000000.0,474414000000.0,,,,,126.406,0.0,93616000000.0,93616000000.0,0.0,1826000000.0,,7.81,33030000000.0,,,33030000000.0,0.0,375000000.0,375067000000.0,0.026,1.15,2187000000.0,2562000000.0,0.607,2562000000.0,2187000000.0,2187000000.0,4.11,4.1,4.11,53849000000.0,,53849000000.0,19382434502.0,2.0,1.821,780000000.0,1.831,1.0,4220000000.0,1.0,9317000000.0,0.0,404511000000.0,,0.0,340587000000.0,,,420535000000.0,,,74377434502.0,438000000.0,0.0,-39000000.0,-3495000000.0,-493000000.0,5730000000.0,-6072000000.0,-5733000000.0,780000000.0,0.0,1816000000.0,1758000000.0,1758000000.0,0.0,10000000.0,0.417,2574000000.0,1646000000.0,0.0,0.28,1.381,9.073,9.15,0.0,58000000.0,175.41,4.431,4.452,0.0,48113000000.0,4220000000.0,4220000000.0,0.0,,,,,0.0,2030000000.0,1.0,424020492.0,426000000.0,426000000.0,9.906,465097000000.0,0.0,371000000.0,0.0,1091.777,
2,PNC,MRQ,2020-12-31,2020-12-31,2020-12-31,2021-08-06,2770000000.0,466679000000.0,,,,,126.487,0.0,92190000000.0,92190000000.0,0.0,1456000000.0,,7.64,37195000000.0,,,37195000000.0,0.0,553000000.0,365345000000.0,0.031,1.15,1740000000.0,2293000000.0,0.545,2293000000.0,1740000000.0,1740000000.0,3.26,3.26,3.26,54010000000.0,,54010000000.0,27653455705.0,3.0,2.929,1935000000.0,4.532,1.0,4208000000.0,1.0,9233000000.0,0.0,402451000000.0,,0.0,334257000000.0,,,412638000000.0,,,63131455705.0,388000000.0,0.0,-9000000.0,-4537000000.0,-492000000.0,5196000000.0,-6743000000.0,-5795000000.0,1935000000.0,0.0,1442000000.0,1393000000.0,1393000000.0,0.0,14000000.0,0.331,2708000000.0,1500000000.0,0.0,0.353,1.169,8.667,8.77,0.0,49000000.0,149.0,3.735,3.764,0.0,46848000000.0,4208000000.0,4208000000.0,0.0,,,,,0.0,2096000000.0,1.0,423701045.0,427000000.0,424000000.0,9.855,457446000000.0,0.0,298000000.0,0.0,1071.302,
3,PNC,MRQ,2020-09-30,2020-09-30,2020-09-30,2021-08-06,2997000000.0,461817000000.0,,,,,125.061,0.0,77588000000.0,77588000000.0,0.0,1532000000.0,,7.668,42110000000.0,,,42110000000.0,0.0,232000000.0,355079000000.0,0.042,1.15,1685000000.0,1917000000.0,0.448,1917000000.0,1685000000.0,1685000000.0,3.4,3.39,3.4,53276000000.0,,53276000000.0,37112108353.0,5.0,4.069,393000000.0,0.923,1.0,4281000000.0,1.0,9233000000.0,0.0,417106000000.0,,0.0,342551000000.0,,,408507000000.0,,,46657108353.0,291000000.0,0.0,-61000000.0,-4927000000.0,-494000000.0,3040000000.0,-3142000000.0,-3032000000.0,393000000.0,0.0,1519000000.0,1455000000.0,1455000000.0,0.0,13000000.0,0.34,2531000000.0,1750000000.0,0.0,0.338,0.876,6.478,6.566,0.0,64000000.0,109.91,2.742,2.752,0.0,45947000000.0,4281000000.0,4281000000.0,0.0,,,,,0.0,1974000000.0,1.0,424502851.0,426000000.0,426000000.0,10.049,452584000000.0,0.0,166000000.0,0.0,1062.404,
4,PNC,MRQ,2020-06-30,2020-06-30,2020-06-30,2021-08-06,3069000000.0,458978000000.0,,,,,124.232,0.0,56571000000.0,56571000000.0,0.0,3655000000.0,,7.672,47026000000.0,,,47026000000.0,0.0,384000000.0,345997000000.0,0.044,1.15,3490000000.0,3874000000.0,0.95,3874000000.0,3490000000.0,3490000000.0,8.4,8.4,8.4,52923000000.0,,52923000000.0,90556440261.0,12.0,9.884,3027000000.0,7.106,1.0,4076000000.0,1.0,9233000000.0,0.0,440200000000.0,,0.0,358254000000.0,,,406030000000.0,,,44636440261.0,-1155000000.0,14225000000.0,10000000.0,-26553000000.0,-491000000.0,13676000000.0,-17858000000.0,-32002000000.0,3027000000.0,0.0,3648000000.0,3592000000.0,3592000000.0,-4399000000.0,7000000.0,0.881,2515000000.0,1561000000.0,0.0,0.137,0.843,6.321,6.459,0.0,56000000.0,105.21,2.63,2.64,0.0,44986000000.0,4076000000.0,4076000000.0,0.0,,,,,0.0,1920000000.0,1.0,424260434.0,426000000.0,426000000.0,9.568,449745000000.0,0.0,-158000000.0,0.0,1055.739,
5,PNC,MRQ,2020-03-31,2020-03-31,2020-03-31,2021-08-06,2518000000.0,445493000000.0,,,,,114.832,0.0,27479000000.0,27479000000.0,0.0,915000000.0,,8.043,73399000000.0,,,73399000000.0,0.0,328000000.0,305204000000.0,0.046,1.15,1028000000.0,1356000000.0,0.313,1356000000.0,1028000000.0,1028000000.0,1.96,1.95,1.96,49263000000.0,,49263000000.0,73144727764.0,13.0,10.165,-696000000.0,-1.622,1.0,4336000000.0,1.0,9233000000.0,0.0,482180000000.0,,0.0,367225000000.0,,,396203000000.0,,,41037727764.0,2432000000.0,0.0,-1499000000.0,11886000000.0,-503000000.0,26507000000.0,-23379000000.0,-23254000000.0,-696000000.0,0.0,908000000.0,844000000.0,844000000.0,-156000000.0,7000000.0,0.195,2543000000.0,1793000000.0,0.0,0.587,0.833,8.592,8.879,0.0,64000000.0,95.72,2.398,2.399,0.0,41885000000.0,4336000000.0,4336000000.0,0.0,,,,,0.0,1921000000.0,1.0,428726784.0,429000000.0,430000000.0,10.107,436260000000.0,0.0,120000000.0,0.0,1016.923,
6,PNC,MRQ,2019-12-31,2019-12-31,2019-12-31,2021-08-06,799000000.0,410295000000.0,,,,,112.589,0.0,28474000000.0,28474000000.0,0.0,1381000000.0,,7.319,60263000000.0,,,60263000000.0,0.0,411000000.0,288540000000.0,0.026,1.15,1562000000.0,1973000000.0,0.457,1973000000.0,1562000000.0,1562000000.0,2.98,2.97,2.98,49314000000.0,,49314000000.0,106896142868.0,17.0,14.093,3115000000.0,7.112,1.0,4321000000.0,1.0,9233000000.0,0.0,432851000000.0,,0.0,331828000000.0,,,360952000000.0,,,69945142868.0,-610000000.0,75000000.0,-935000000.0,-870000000.0,-509000000.0,540000000.0,-4265000000.0,-4208000000.0,3115000000.0,0.0,1367000000.0,1311000000.0,1311000000.0,-238000000.0,14000000.0,0.303,2762000000.0,1559000000.0,0.0,0.386,1.418,13.637,13.966,0.0,56000000.0,159.63,4.154,4.237,0.0,42215000000.0,4321000000.0,4321000000.0,0.0,,,,,0.0,2094000000.0,1.0,438170412.0,438000000.0,439000000.0,9.865,401062000000.0,0.0,195000000.0,0.0,915.667,
7,PNC,MRQ,2019-09-30,2019-09-30,2019-09-30,2021-08-06,837000000.0,408916000000.0,,,,,111.306,0.0,24707000000.0,24707000000.0,0.0,1392000000.0,,7.274,61658000000.0,,,61658000000.0,0.0,325000000.0,285583000000.0,0.029,1.15,1634000000.0,1959000000.0,0.462,1959000000.0,1634000000.0,1634000000.0,2.95,2.94,2.95,49420000000.0,,49420000000.0,107945207665.0,17.0,14.617,604000000.0,1.36,1.0,4242000000.0,1.0,9233000000.0,0.0,436634000000.0,,0.0,339202000000.0,,,359461000000.0,,,62407207665.0,255000000.0,0.0,-980000000.0,-7831000000.0,-518000000.0,2893000000.0,-3242000000.0,-3171000000.0,604000000.0,0.0,1379000000.0,1315000000.0,1315000000.0,-211000000.0,13000000.0,0.31,2623000000.0,1619000000.0,0.0,0.39,1.263,12.239,12.492,0.0,64000000.0,140.16,3.866,3.855,0.0,41413000000.0,4242000000.0,4242000000.0,0.0,,,,,0.0,1973000000.0,1.0,445256904.0,444000000.0,445000000.0,9.554,399683000000.0,0.0,255000000.0,0.0,900.187,
8,PNC,MRQ,2019-06-30,2019-06-30,2019-06-30,2021-08-06,631000000.0,405761000000.0,,,,,109.401,0.0,23778000000.0,23778000000.0,0.0,1374000000.0,,7.223,69316000000.0,,,69316000000.0,0.0,307000000.0,273260000000.0,0.028,0.95,1601000000.0,1908000000.0,0.453,1908000000.0,1601000000.0,1601000000.0,2.89,2.88,2.89,49340000000.0,,49340000000.0,101789397108.0,16.0,13.853,2243000000.0,4.973,1.0,4215000000.0,1.0,9221000000.0,0.0,442078000000.0,,0.0,338569000000.0,,,356380000000.0,,,61973397108.0,354000000.0,0.0,-769000000.0,8704000000.0,-432000000.0,9571000000.0,-11460000000.0,-10745000000.0,2243000000.0,0.0,1362000000.0,1306000000.0,1306000000.0,-189000000.0,12000000.0,0.31,2611000000.0,1604000000.0,0.0,0.329,1.256,12.13,12.356,0.0,56000000.0,137.28,3.812,3.809,0.0,40616000000.0,4215000000.0,4215000000.0,0.0,,,,,0.0,1958000000.0,1.0,451437916.0,451000000.0,452000000.0,9.346,396540000000.0,0.0,239000000.0,0.0,879.246,
9,PNC,MRQ,2019-03-31,2019-03-31,2019-03-31,2021-08-06,-5000000.0,392837000000.0,,,,,106.673,0.0,20323000000.0,20323000000.0,0.0,1271000000.0,,7.093,60139000000.0,,,60139000000.0,0.0,272000000.0,271221000000.0,0.029,0.95,1509000000.0,1781000000.0,0.416,1781000000.0,1509000000.0,1509000000.0,2.62,2.61,2.62,48536000000.0,,48536000000.0,96843111949.0,15.0,13.128,1401000000.0,3.079,1.0,4286000000.0,1.0,9218000000.0,0.0,423435000000.0,,0.0,328535000000.0,,,344262000000.0,,,55640111949.0,-546000000.0,0.0,-804000000.0,1980000000.0,-436000000.0,4076000000.0,-6023000000.0,-6236000000.0,1401000000.0,0.0,1261000000.0,1197000000.0,1197000000.0,0.0,10000000.0,0.279,2578000000.0,1708000000.0,0.0,0.363,1.146,10.925,11.192,0.0,64000000.0,122.66,3.4,3.41,0.0,39742000000.0,4286000000.0,4286000000.0,0.0,,,,,0.0,1967000000.0,1.0,453612522.0,455000000.0,456000000.0,9.42,383619000000.0,0.0,248000000.0,0.0,843.119,
10,PNC,MRQ,2018-12-31,2018-12-31,2018-12-31,2021-08-06,-725000000.0,382315000000.0,,,,,103.531,0.0,16501000000.0,16501000000.0,0.0,1351000000.0,,7.009,57704000000.0,,,57704000000.0,0.0,290000000.0,267839000000.0,0.029,0.95,1447000000.0,1737000000.0,0.511,1737000000.0,1447000000.0,1447000000.0,2.76,2.75,2.76,47728000000.0,,47728000000.0,87140141568.0,14.0,11.843,2137000000.0,4.636,1.0,3398000000.0,1.0,9218000000.0,0.0,414300000000.0,,0.0,322188000000.0,,,334545000000.0,,,53945141568.0,360000000.0,0.0,-724000000.0,-1070000000.0,-442000000.0,538000000.0,-2315000000.0,-1596000000.0,2137000000.0,0.0,1337000000.0,1281000000.0,1281000000.0,-788000000.0,14000000.0,0.377,2577000000.0,821000000.0,0.0,0.344,1.13,10.659,10.835,0.0,56000000.0,116.91,3.332,3.372,0.0,38919000000.0,3398000000.0,3398000000.0,0.0,,,,,0.0,1919000000.0,1.0,461424528.0,461000000.0,464000000.0,7.371,373097000000.0,0.0,110000000.0,0.0,809.321,
11,PNC,MRQ,2018-09-30,2018-09-30,2018-09-30,2021-08-06,-1260000000.0,380080000000.0,,,,,101.2,0.0,25048000000.0,25048000000.0,0.0,1400000000.0,,7.076,58243000000.0,,,58243000000.0,0.0,272000000.0,264884000000.0,0.023,0.95,1650000000.0,1922000000.0,0.441,1922000000.0,1650000000.0,1650000000.0,2.84,2.82,2.84,47058000000.0,,47058000000.0,95347336093.0,16.0,13.735,1164000000.0,2.503,1.0,4357000000.0,1.0,9218000000.0,0.0,404057000000.0,,0.0,316963000000.0,,,332978000000.0,,,63233336093.0,-177000000.0,0.0,-483000000.0,-1212000000.0,-446000000.0,-2146000000.0,805000000.0,782000000.0,1164000000.0,0.0,1389000000.0,1325000000.0,1325000000.0,0.0,11000000.0,0.304,2608000000.0,1749000000.0,0.0,0.335,1.344,10.897,11.136,0.0,64000000.0,136.19,3.708,3.714,0.0,38080000000.0,4357000000.0,4357000000.0,0.0,,,,,0.0,1943000000.0,1.0,464302343.0,465000000.0,467000000.0,9.37,370862000000.0,0.0,261000000.0,0.0,797.553,
12,PNC,MRQ,2018-06-30,2018-06-30,2018-06-30,2021-08-06,-940000000.0,380711000000.0,,,,,100.009,0.0,27397000000.0,27397000000.0,0.0,1356000000.0,,7.115,59511000000.0,,,59511000000.0,0.0,287000000.0,264885000000.0,0.022,0.75,1650000000.0,1937000000.0,0.448,1937000000.0,1650000000.0,1650000000.0,2.74,2.72,2.74,46904000000.0,,46904000000.0,88288281800.0,15.0,12.911,1617000000.0,3.448,1.0,4324000000.0,1.0,9218000000.0,0.0,403607000000.0,,0.0,316199000000.0,,,333736000000.0,,,63429281800.0,776000000.0,0.0,-794000000.0,1314000000.0,-355000000.0,368000000.0,-1209000000.0,-505000000.0,1617000000.0,0.0,1346000000.0,1290000000.0,1290000000.0,0.0,10000000.0,0.298,2584000000.0,1740000000.0,0.0,0.274,1.352,11.474,11.677,0.0,56000000.0,135.1,3.771,3.767,0.0,37201000000.0,4324000000.0,4324000000.0,0.0,,,,,0.0,1915000000.0,1.0,469498755.0,469000000.0,472000000.0,9.22,371493000000.0,0.0,304000000.0,0.0,792.096,
13,PNC,MRQ,2018-03-31,2018-03-31,2018-03-31,2021-08-06,-699000000.0,379161000000.0,,,,,99.3,0.0,33470000000.0,33470000000.0,0.0,1239000000.0,,7.071,58329000000.0,,,58329000000.0,0.0,280000000.0,264704000000.0,0.019,0.75,1482000000.0,1762000000.0,0.429,1762000000.0,1482000000.0,1482000000.0,2.45,2.43,2.45,46969000000.0,,46969000000.0,96864329676.0,17.0,14.538,2922000000.0,6.178,1.0,4111000000.0,1.0,9218000000.0,0.0,394802000000.0,,0.0,308524000000.0,,,332126000000.0,,,71323329676.0,-600000000.0,0.0,-807000000.0,-573000000.0,-358000000.0,-2272000000.0,-1250000000.0,-966000000.0,2922000000.0,0.0,1229000000.0,1165000000.0,1165000000.0,0.0,10000000.0,0.283,2527000000.0,1584000000.0,0.0,0.306,1.519,13.539,13.812,0.0,64000000.0,151.24,4.308,4.321,0.0,36266000000.0,4111000000.0,4111000000.0,0.0,,,,,0.0,1900000000.0,1.0,471590384.0,473000000.0,476000000.0,8.691,369943000000.0,0.0,253000000.0,0.0,782.121,
14,PNC,MRQ,2017-12-31,2017-12-31,2017-12-31,2021-08-06,-148000000.0,380768000000.0,,,,,100.027,0.0,33844000000.0,33844000000.0,0.0,2091000000.0,,7.012,59385000000.0,,,59385000000.0,0.0,258000000.0,265053000000.0,0.018,0.75,1063000000.0,1321000000.0,0.31,1321000000.0,1063000000.0,1063000000.0,4.2,4.15,4.2,47513000000.0,,47513000000.0,97061337977.0,18.0,14.803,864000000.0,1.819,1.0,4260000000.0,1.0,9173000000.0,0.0,397136000000.0,,0.0,309857000000.0,,,333183000000.0,,,68653337977.0,513000000.0,-19000000.0,-482000000.0,1617000000.0,-362000000.0,5040000000.0,-5391000000.0,-4940000000.0,864000000.0,0.0,2080000000.0,2023000000.0,2023000000.0,0.0,11000000.0,0.475,3061000000.0,1199000000.0,0.0,0.179,1.445,13.525,13.755,0.0,57000000.0,144.29,4.204,4.25,0.0,35481000000.0,4260000000.0,4260000000.0,0.0,,,,,0.0,2023000000.0,1.0,475801081.0,475000000.0,480000000.0,8.968,371595000000.0,0.0,-1017000000.0,0.0,782.305,
15,PNC,MRQ,2017-09-30,2017-09-30,2017-09-30,2021-08-06,-22000000.0,375191000000.0,,,,,96.843,0.0,29449000000.0,29449000000.0,0.0,1126000000.0,,7.087,57857000000.0,,,57857000000.0,0.0,291000000.0,260735000000.0,0.018,0.75,1527000000.0,1818000000.0,0.441,1818000000.0,1527000000.0,1527000000.0,2.18,2.16,2.18,46388000000.0,,46388000000.0,93771666204.0,16.0,13.677,2495000000.0,5.209,1.0,4125000000.0,1.0,9163000000.0,0.0,394436000000.0,,0.0,308125000000.0,,,328739000000.0,,,64582666204.0,-303000000.0,0.0,-527000000.0,1251000000.0,-364000000.0,1937000000.0,-4735000000.0,-4390000000.0,2495000000.0,0.0,1114000000.0,1050000000.0,1050000000.0,0.0,12000000.0,0.255,2456000000.0,1669000000.0,0.0,0.344,1.392,16.006,16.237,0.0,64000000.0,134.77,4.051,4.049,0.0,33819000000.0,4125000000.0,4125000000.0,0.0,,,,,0.0,1811000000.0,1.0,479206546.0,479000000.0,483000000.0,8.612,366028000000.0,0.0,413000000.0,0.0,764.15,
16,PNC,MRQ,2017-06-30,2017-06-30,2017-06-30,2021-08-06,-98000000.0,372190000000.0,,,,,95.215,0.0,27521000000.0,27521000000.0,0.0,1097000000.0,,7.074,56710000000.0,,,56710000000.0,0.0,289000000.0,259176000000.0,0.018,0.55,1473000000.0,1762000000.0,0.434,1762000000.0,1473000000.0,1473000000.0,2.12,2.1,2.12,46084000000.0,,46084000000.0,82911772938.0,15.0,12.331,630000000.0,1.302,1.0,4060000000.0,1.0,9163000000.0,0.0,392216000000.0,,0.0,306620000000.0,,,326005000000.0,,,60424772938.0,36000000.0,-1323000000.0,-678000000.0,1114000000.0,-269000000.0,-1445000000.0,851000000.0,2459000000.0,630000000.0,0.0,1087000000.0,1030000000.0,1030000000.0,0.0,10000000.0,0.254,2479000000.0,1581000000.0,0.0,0.259,1.311,15.458,15.628,0.0,57000000.0,124.87,3.862,3.863,0.0,33133000000.0,4060000000.0,4060000000.0,0.0,,,,,0.0,1826000000.0,1.0,483901441.0,484000000.0,488000000.0,8.388,363027000000.0,0.0,386000000.0,0.0,750.056,
17,PNC,MRQ,2017-03-31,2017-03-31,2017-03-31,2021-08-06,-279000000.0,370944000000.0,,,,,93.951,0.0,32880000000.0,32880000000.0,0.0,1074000000.0,,7.104,55367000000.0,,,55367000000.0,0.0,279000000.0,260710000000.0,0.018,0.55,1377000000.0,1656000000.0,0.426,1656000000.0,1377000000.0,1377000000.0,1.99,1.96,1.99,45754000000.0,,45754000000.0,80872429785.0,15.0,12.371,1590000000.0,3.265,1.0,3884000000.0,1.0,9103000000.0,0.0,384328000000.0,,0.0,300878000000.0,,,325041000000.0,,,58455429785.0,124000000.0,0.0,-628000000.0,2530000000.0,-271000000.0,4154000000.0,-5620000000.0,-5462000000.0,1590000000.0,0.0,1057000000.0,973000000.0,973000000.0,0.0,17000000.0,0.251,2402000000.0,1482000000.0,0.0,0.276,1.278,15.375,15.595,0.0,84000000.0,120.24,3.8,3.807,0.0,32372000000.0,3884000000.0,3884000000.0,0.0,,,,,0.0,1785000000.0,1.0,486156269.0,487000000.0,492000000.0,7.975,361841000000.0,0.0,320000000.0,0.0,743.0,
18,PNC,MRQ,2016-12-31,2016-12-31,2016-12-31,2021-08-06,-265000000.0,366380000000.0,,,,,93.645,0.0,30590000000.0,30590000000.0,0.0,1047000000.0,,6.992,53007000000.0,,,53007000000.0,0.0,276000000.0,257164000000.0,0.018,0.55,1344000000.0,1620000000.0,0.418,1620000000.0,1344000000.0,1344000000.0,2.01,1.97,2.01,45699000000.0,,45699000000.0,77163222692.0,15.0,12.125,1205000000.0,2.469,1.0,3874000000.0,1.0,9103000000.0,0.0,379694000000.0,,0.0,299181000000.0,,,319526000000.0,,,56901222692.0,348000000.0,0.0,-415000000.0,1805000000.0,-270000000.0,-1154000000.0,297000000.0,955000000.0,1205000000.0,0.0,1025000000.0,982000000.0,982000000.0,0.0,22000000.0,0.253,2441000000.0,1433000000.0,0.0,0.274,1.245,15.429,15.763,0.0,43000000.0,116.96,3.753,3.811,0.0,31670000000.0,3874000000.0,3874000000.0,0.0,,,,,0.0,1787000000.0,1.0,486501562.0,488000000.0,494000000.0,7.939,357277000000.0,0.0,319000000.0,0.0,732.125,
19,PNC,MRQ,2016-09-30,2016-09-30,2016-09-30,2021-08-06,646000000.0,369348000000.0,,,,,93.28,0.0,31589000000.0,31589000000.0,0.0,1006000000.0,,7.056,51851000000.0,,,51851000000.0,0.0,356000000.0,259895000000.0,0.023,0.55,1330000000.0,1686000000.0,0.44,1686000000.0,1330000000.0,1330000000.0,1.87,1.84,1.87,45707000000.0,,45707000000.0,68199048882.0,13.0,10.658,1534000000.0,3.131,1.0,3829000000.0,1.0,9407000000.0,0.0,380203000000.0,,0.0,303622000000.0,,,322503000000.0,,,44271048882.0,335000000.0,0.0,-471000000.0,-2974000000.0,-275000000.0,6316000000.0,-7515000000.0,-7307000000.0,1534000000.0,0.0,988000000.0,924000000.0,924000000.0,0.0,18000000.0,0.241,2394000000.0,1435000000.0,0.0,0.294,0.969,12.06,12.358,0.0,64000000.0,90.09,2.924,2.916,0.0,30958000000.0,3829000000.0,3829000000.0,0.0,,,,,0.0,1772000000.0,1.0,491409134.0,490000000.0,496000000.0,7.814,359941000000.0,0.0,342000000.0,0.0,734.573,
20,PNC,MRQ,2016-06-30,2016-06-30,2016-06-30,2021-08-06,736000000.0,361335000000.0,,,,,91.666,0.0,30946000000.0,30946000000.0,0.0,989000000.0,,6.906,54874000000.0,,,54874000000.0,0.0,291000000.0,249778000000.0,0.025,0.51,1284000000.0,1575000000.0,0.415,1575000000.0,1284000000.0,1284000000.0,1.84,1.82,1.84,45558000000.0,,45558000000.0,61760958954.0,12.0,9.789,485000000.0,0.976,1.0,3794000000.0,1.0,9432000000.0,0.0,375831000000.0,,0.0,295641000000.0,,,314636000000.0,,,40639958954.0,335000000.0,0.0,-492000000.0,352000000.0,-256000000.0,-969000000.0,819000000.0,889000000.0,485000000.0,0.0,966000000.0,923000000.0,923000000.0,0.0,23000000.0,0.243,2360000000.0,1434000000.0,0.0,0.277,0.892,10.872,11.073,0.0,43000000.0,81.39,2.694,2.681,0.0,30309000000.0,3794000000.0,3794000000.0,0.0,,,,,0.0,1742000000.0,1.0,499323737.0,497000000.0,503000000.0,7.634,351903000000.0,0.0,318000000.0,0.0,708.054,
21,PNC,MRQ,2016-03-31,2016-03-31,2016-03-31,2021-08-06,532000000.0,360985000000.0,,,,,90.08,0.0,33339000000.0,33339000000.0,0.0,943000000.0,,6.972,54460000000.0,,,54460000000.0,0.0,270000000.0,250359000000.0,0.024,0.51,1213000000.0,1483000000.0,0.405,1483000000.0,1213000000.0,1213000000.0,1.7,1.68,1.7,45130000000.0,,45130000000.0,62560465495.0,12.0,9.681,276000000.0,0.551,1.0,3665000000.0,1.0,9456000000.0,0.0,372650000000.0,,0.0,293605000000.0,,,314657000000.0,,,42378465495.0,-204000000.0,0.0,-533000000.0,-479000000.0,-260000000.0,428000000.0,-908000000.0,-1027000000.0,276000000.0,0.0,924000000.0,859000000.0,859000000.0,0.0,19000000.0,0.234,2281000000.0,1384000000.0,0.0,0.3,0.939,11.132,11.382,0.0,65000000.0,84.57,2.796,2.795,0.0,29642000000.0,3665000000.0,3665000000.0,0.0,,,,,0.0,1654000000.0,1.0,501105185.0,501000000.0,507000000.0,7.315,351529000000.0,0.0,289000000.0,0.0,701.655,
22,PNC,MRQ,2015-12-31,2015-12-31,2015-12-31,2021-08-06,130000000.0,358493000000.0,,,,,88.012,0.0,34611000000.0,34611000000.0,0.0,1022000000.0,,6.99,54793000000.0,,,54793000000.0,0.0,286000000.0,249002000000.0,0.021,0.51,1369000000.0,1655000000.0,0.43,1655000000.0,1369000000.0,1369000000.0,1.88,1.87,1.88,44710000000.0,,44710000000.0,67268969750.0,12.0,10.258,1892000000.0,3.724,1.0,3853000000.0,1.0,9103000000.0,0.0,369572000000.0,,0.0,288213000000.0,,,312513000000.0,,,48398969750.0,230000000.0,0.0,-545000000.0,-1911000000.0,-259000000.0,1064000000.0,-2726000000.0,-2587000000.0,1892000000.0,0.0,1008000000.0,965000000.0,965000000.0,0.0,14000000.0,0.25,2396000000.0,1457000000.0,0.0,0.271,1.083,12.471,12.674,0.0,43000000.0,95.31,3.179,3.218,0.0,29043000000.0,3853000000.0,3853000000.0,0.0,,,,,0.0,1761000000.0,1.0,507805789.0,508000000.0,509000000.0,7.585,349390000000.0,0.0,361000000.0,0.0,687.776,
23,PNC,MRQ,2015-09-30,2015-09-30,2015-09-30,2021-08-06,615000000.0,362125000000.0,,,,,87.789,0.0,38059000000.0,38059000000.0,0.0,1073000000.0,,7.027,56929000000.0,,,56929000000.0,0.0,272000000.0,244979000000.0,0.022,0.51,1324000000.0,1596000000.0,0.423,1596000000.0,1324000000.0,1324000000.0,1.93,1.9,1.93,44948000000.0,,44948000000.0,65954104301.0,12.0,10.144,1977000000.0,3.861,1.0,3775000000.0,1.0,9510000000.0,0.0,371485000000.0,,0.0,287271000000.0,,,315847000000.0,,,45813104301.0,-577000000.0,0.0,-557000000.0,-1888000000.0,-263000000.0,2497000000.0,-5051000000.0,-4878000000.0,1977000000.0,0.0,1055000000.0,991000000.0,991000000.0,0.0,18000000.0,0.263,2352000000.0,1423000000.0,0.0,0.264,1.019,11.735,11.846,0.0,64000000.0,89.2,2.991,2.981,0.0,28337000000.0,3775000000.0,3775000000.0,0.0,,,,,0.0,1722000000.0,1.0,513599824.0,512000000.0,520000000.0,7.373,352615000000.0,0.0,269000000.0,0.0,688.701,
24,PNC,MRQ,2015-06-30,2015-06-30,2015-06-30,2021-08-06,379000000.0,353945000000.0,,,,,86.103,0.0,38381000000.0,38381000000.0,0.0,1044000000.0,,6.92,58522000000.0,,,58522000000.0,0.0,278000000.0,239704000000.0,0.02,0.51,1450000000.0,1728000000.0,0.447,1728000000.0,1450000000.0,1450000000.0,1.92,1.88,1.92,44515000000.0,,44515000000.0,71253081956.0,13.0,10.825,1396000000.0,2.7,1.0,3866000000.0,1.0,9538000000.0,0.0,364548000000.0,,0.0,281994000000.0,,,308033000000.0,,,49539081956.0,261000000.0,0.0,-508000000.0,1585000000.0,-265000000.0,3462000000.0,-4597000000.0,-4468000000.0,1396000000.0,0.0,1040000000.0,992000000.0,992000000.0,0.0,4000000.0,0.257,2366000000.0,1500000000.0,0.0,0.266,1.113,12.771,12.891,0.0,48000000.0,95.65,3.22,3.214,0.0,27609000000.0,3866000000.0,3866000000.0,0.0,,,,,0.0,1707000000.0,1.0,517920355.0,517000000.0,525000000.0,7.478,344407000000.0,0.0,410000000.0,0.0,666.164,
25,PNC,MRQ,2015-03-31,2015-03-31,2015-03-31,2021-08-06,703000000.0,350960000000.0,,,,,86.42,0.0,35349000000.0,35349000000.0,0.0,1004000000.0,,6.763,57063000000.0,,,57063000000.0,0.0,252000000.0,236503000000.0,0.021,0.48,1327000000.0,1579000000.0,0.423,1579000000.0,1327000000.0,1327000000.0,1.79,1.75,1.79,45025000000.0,,45025000000.0,69437108933.0,13.0,10.681,260000000.0,0.499,1.0,3731000000.0,1.0,9566000000.0,0.0,363108000000.0,,0.0,280507000000.0,,,304522000000.0,,,48549108933.0,-209000000.0,0.0,-403000000.0,-153000000.0,-251000000.0,3417000000.0,-3886000000.0,-3621000000.0,260000000.0,0.0,1003000000.0,933000000.0,933000000.0,0.0,1000000.0,0.25,2349000000.0,1382000000.0,0.0,0.268,1.078,12.487,12.634,0.0,70000000.0,93.24,3.167,3.169,0.0,26882000000.0,3731000000.0,3731000000.0,0.0,,,,,0.0,1657000000.0,1.0,520689714.0,521000000.0,529000000.0,7.161,341394000000.0,0.0,324000000.0,0.0,655.267,
26,PNC,MRQ,2014-12-31,2014-12-31,2014-12-31,2021-08-06,503000000.0,345072000000.0,,,,,85.184,0.0,36139000000.0,36139000000.0,0.0,1057000000.0,,6.711,57027000000.0,,,57027000000.0,0.0,264000000.0,232234000000.0,0.021,0.48,1335000000.0,1599000000.0,0.405,1599000000.0,1335000000.0,1335000000.0,1.89,1.85,1.89,44551000000.0,,44551000000.0,70173116040.0,13.0,10.666,1005000000.0,1.922,1.0,3947000000.0,1.0,9596000000.0,0.0,356364000000.0,,0.0,275855000000.0,,,298998000000.0,,,48006116040.0,196000000.0,0.0,-494000000.0,4429000000.0,-252000000.0,9537000000.0,-10346000000.0,-10424000000.0,1005000000.0,0.0,1036000000.0,988000000.0,988000000.0,0.0,21000000.0,0.25,2539000000.0,1408000000.0,0.0,0.254,1.078,12.163,12.262,0.0,48000000.0,91.23,3.122,3.139,0.0,26200000000.0,3947000000.0,3947000000.0,0.0,,,,,23000000.0,1687000000.0,1.0,526209756.0,523000000.0,531000000.0,7.547,335476000000.0,0.0,299000000.0,0.0,641.446,
27,PNC,MRQ,2014-09-30,2014-09-30,2014-09-30,2021-08-06,727000000.0,334424000000.0,,,,,84.085,0.0,30411000000.0,30411000000.0,0.0,1038000000.0,,6.484,52578000000.0,,,52578000000.0,0.0,248000000.0,226304000000.0,0.022,0.48,1428000000.0,1676000000.0,0.436,1676000000.0,1428000000.0,1428000000.0,1.82,1.79,1.82,44481000000.0,,44481000000.0,73791678930.0,13.0,11.053,1110000000.0,2.098,1.0,3841000000.0,1.0,11068000000.0,0.0,345523000000.0,,0.0,269822000000.0,,,288429000000.0,,,46261678930.0,-728000000.0,0.0,-318000000.0,3348000000.0,-257000000.0,6427000000.0,-8265000000.0,-8254000000.0,1110000000.0,0.0,1037000000.0,966000000.0,966000000.0,0.0,1000000.0,0.251,2357000000.0,1484000000.0,0.0,0.264,1.04,11.653,11.472,0.0,71000000.0,85.58,2.984,2.921,0.0,25464000000.0,3841000000.0,3841000000.0,0.0,,,,,13000000.0,1675000000.0,1.0,540566475.0,529000000.0,537000000.0,7.261,323356000000.0,0.0,391000000.0,0.0,611.259,
28,PNC,MRQ,2014-06-30,2014-06-30,2014-06-30,2021-08-06,881000000.0,327064000000.0,,,,,83.092,0.0,21768000000.0,21768000000.0,0.0,1052000000.0,,6.363,49298000000.0,,,49298000000.0,0.0,240000000.0,222554000000.0,0.02,0.48,1407000000.0,1647000000.0,0.432,1647000000.0,1407000000.0,1407000000.0,1.88,1.85,1.88,44205000000.0,,44205000000.0,74998165900.0,13.0,11.216,1550000000.0,2.914,1.0,3810000000.0,1.0,11071000000.0,0.0,343523000000.0,,0.0,270698000000.0,,,281271000000.0,,,47564165900.0,169000000.0,0.0,-197000000.0,2185000000.0,-256000000.0,1916000000.0,-3297000000.0,-3111000000.0,1550000000.0,0.0,1049000000.0,1001000000.0,1001000000.0,0.0,3000000.0,0.263,2328000000.0,1482000000.0,0.0,0.255,1.076,12.014,11.969,0.0,48000000.0,89.05,3.053,3.041,0.0,24755000000.0,3810000000.0,3810000000.0,0.0,,,,,-20000000.0,1643000000.0,1.0,534128758.0,532000000.0,539000000.0,7.162,315993000000.0,0.0,358000000.0,0.0,593.972,
29,PNC,MRQ,2014-03-31,2014-03-31,2014-03-31,2021-08-06,656000000.0,323423000000.0,,,,,81.43,0.0,19600000000.0,19600000000.0,0.0,1060000000.0,,6.429,47034000000.0,,,47034000000.0,0.0,236000000.0,222382000000.0,0.02,0.44,1421000000.0,1657000000.0,0.439,1657000000.0,1421000000.0,1421000000.0,1.86,1.82,1.86,43321000000.0,,43321000000.0,76632621070.0,13.0,11.207,1920000000.0,3.609,1.0,3777000000.0,1.0,11189000000.0,0.0,339668000000.0,,0.0,269319000000.0,,,278505000000.0,,,46463621070.0,680000000.0,0.0,85000000.0,507000000.0,-235000000.0,1745000000.0,-2985000000.0,-2905000000.0,1920000000.0,0.0,1062000000.0,992000000.0,992000000.0,0.0,-2000000.0,0.263,2264000000.0,1513000000.0,0.0,0.237,1.073,11.57,11.508,0.0,70000000.0,87.0,2.934,2.923,0.0,24010000000.0,3777000000.0,3777000000.0,0.0,,,,,-16000000.0,1551000000.0,1.0,534064610.0,532000000.0,539000000.0,7.1,312234000000.0,0.0,359000000.0,0.0,586.906,
30,PNC,MRQ,2013-12-31,2013-12-31,2013-12-31,2021-08-06,436000000.0,320192000000.0,,,,,80.178,0.0,16178000000.0,16178000000.0,0.0,1074000000.0,,6.523,46347000000.0,,,46347000000.0,0.0,263000000.0,220931000000.0,0.022,0.44,1433000000.0,1696000000.0,0.416,1696000000.0,1433000000.0,1433000000.0,1.9,1.87,1.9,42334000000.0,,42334000000.0,68833936700.0,12.0,10.089,-341000000.0,-0.646,1.0,4073000000.0,1.0,11290000000.0,0.0,339071000000.0,,0.0,270172000000.0,,,276155000000.0,,,41280936700.0,-865000000.0,0.0,48000000.0,5955000000.0,-234000000.0,10582000000.0,-11106000000.0,-10853000000.0,-341000000.0,0.0,1061000000.0,1011000000.0,1011000000.0,0.0,13000000.0,0.248,2514000000.0,1559000000.0,0.0,0.232,0.975,10.446,10.413,0.0,50000000.0,77.58,2.578,2.558,0.0,23251000000.0,4073000000.0,4073000000.0,0.0,,,,,0.0,1681000000.0,1.0,532107975.0,528000000.0,535000000.0,7.714,308902000000.0,0.0,372000000.0,0.0,585.042,
31,PNC,MRQ,2013-09-30,2013-09-30,2013-09-30,2021-08-06,47000000.0,308597000000.0,,,,,77.75,0.0,12955000000.0,12955000000.0,0.0,1028000000.0,,6.462,40508000000.0,,,40508000000.0,0.0,300000000.0,216074000000.0,0.023,0.44,1387000000.0,1687000000.0,0.43,1687000000.0,1387000000.0,1387000000.0,1.8,1.77,1.8,41130000000.0,,41130000000.0,70766043023.0,13.0,10.994,4100000000.0,7.75,1.0,3920000000.0,1.0,11268000000.0,0.0,324882000000.0,,0.0,261641000000.0,,,265777000000.0,,,38508043023.0,857000000.0,0.0,64000000.0,418000000.0,-233000000.0,3943000000.0,-7186000000.0,-7262000000.0,4100000000.0,0.0,1026000000.0,955000000.0,955000000.0,0.0,2000000.0,0.244,2394000000.0,1526000000.0,0.0,0.244,0.936,10.718,10.67,0.0,71000000.0,72.45,2.406,2.394,0.0,22561000000.0,3920000000.0,3920000000.0,0.0,,,,,-5000000.0,1648000000.0,1.0,531511981.0,529000000.0,534000000.0,7.41,297329000000.0,0.0,361000000.0,0.0,562.059,
32,PNC,MRQ,2013-06-30,2013-06-30,2013-06-30,2021-08-06,45000000.0,304415000000.0,,,,,76.299,0.0,7848000000.0,7848000000.0,0.0,1115000000.0,,6.515,40106000000.0,,,40106000000.0,0.0,300000000.0,212279000000.0,0.022,0.44,1498000000.0,1798000000.0,0.442,1798000000.0,1498000000.0,1498000000.0,2.0,1.98,2.0,40286000000.0,,40286000000.0,71001579121.0,14.0,11.304,784000000.0,1.485,1.0,4064000000.0,1.0,11228000000.0,0.0,325445000000.0,,0.0,261042000000.0,,,262474000000.0,,,38605579121.0,103000000.0,0.0,101000000.0,2482000000.0,-234000000.0,3342000000.0,-4023000000.0,-4196000000.0,784000000.0,0.0,1111000000.0,1058000000.0,1058000000.0,0.0,4000000.0,0.26,2405000000.0,1659000000.0,0.0,0.22,0.958,10.986,10.965,0.0,53000000.0,72.92,2.387,2.38,0.0,21828000000.0,4064000000.0,4064000000.0,0.0,,,,,-14000000.0,1648000000.0,1.0,529423740.0,528000000.0,531000000.0,7.697,293187000000.0,0.0,387000000.0,0.0,555.278,
33,PNC,MRQ,2013-03-31,2013-03-31,2013-03-31,2021-08-06,767000000.0,300812000000.0,,,,,75.405,0.0,5489000000.0,5489000000.0,0.0,995000000.0,,6.523,37885000000.0,,,37885000000.0,0.0,283000000.0,211620000000.0,0.024,0.4,1359000000.0,1642000000.0,0.415,1642000000.0,1359000000.0,1359000000.0,1.76,1.74,1.76,39663000000.0,,39663000000.0,67093954964.0,16.0,12.217,1012000000.0,1.924,1.0,3955000000.0,1.0,10996000000.0,0.0,322212000000.0,,0.0,259857000000.0,,,258734000000.0,,,35140954964.0,-1272000000.0,0.0,7000000.0,-3522000000.0,-210000000.0,-5664000000.0,3380000000.0,3247000000.0,1012000000.0,0.0,1003000000.0,928000000.0,928000000.0,0.0,-8000000.0,0.235,2368000000.0,1587000000.0,0.0,0.227,0.886,11.784,11.77,0.0,75000000.0,66.5,2.233,2.223,0.0,20993000000.0,3955000000.0,3955000000.0,0.0,,,,,-4000000.0,1608000000.0,1.0,528435413.0,526000000.0,528000000.0,7.519,289816000000.0,0.0,356000000.0,0.0,550.981,
34,PNC,MRQ,2012-12-31,2012-12-31,2012-12-31,2021-08-06,834000000.0,305107000000.0,,,,,74.15,0.0,9204000000.0,9204000000.0,0.0,712000000.0,,6.752,41157000000.0,,,41157000000.0,0.0,298000000.0,213142000000.0,0.027,0.4,1012000000.0,1310000000.0,0.322,1310000000.0,1012000000.0,1012000000.0,1.23,1.22,1.23,39003000000.0,,39003000000.0,67576009985.0,17.0,12.983,1183000000.0,2.249,1.0,4069000000.0,1.0,10869000000.0,0.0,326191000000.0,,0.0,261355000000.0,,,263342000000.0,,,30838009985.0,936000000.0,-836000000.0,-45000000.0,-2148000000.0,-212000000.0,5381000000.0,-5628000000.0,-4859000000.0,1183000000.0,0.0,706000000.0,652000000.0,652000000.0,0.0,6000000.0,0.16,2733000000.0,1336000000.0,0.0,0.325,0.791,10.935,10.94,0.0,54000000.0,58.31,1.988,1.977,0.0,20265000000.0,4069000000.0,4069000000.0,0.0,,,,,-1000000.0,1706000000.0,1.0,528863145.0,526000000.0,529000000.0,7.736,294238000000.0,0.0,306000000.0,0.0,559.388,
35,PNC,MRQ,2012-09-30,2012-09-30,2012-09-30,2021-08-06,991000000.0,300803000000.0,,,,,73.542,0.0,6605000000.0,6605000000.0,0.0,925000000.0,,6.695,43343000000.0,,,43343000000.0,0.0,307000000.0,206263000000.0,0.024,0.4,1224000000.0,1531000000.0,0.375,1531000000.0,1224000000.0,1224000000.0,1.66,1.64,1.66,38683000000.0,,38683000000.0,69187489511.0,19.0,14.39,1812000000.0,3.445,1.0,4088000000.0,1.0,10941000000.0,0.0,326600000000.0,,0.0,258610000000.0,,,259001000000.0,,,33405489511.0,148000000.0,0.0,-74000000.0,-693000000.0,-212000000.0,-1272000000.0,-392000000.0,-504000000.0,1812000000.0,0.0,939000000.0,876000000.0,876000000.0,0.0,-14000000.0,0.214,2650000000.0,1438000000.0,0.0,0.241,0.864,12.755,12.696,0.0,63000000.0,63.1,2.228,2.214,0.0,19813000000.0,4088000000.0,4088000000.0,0.0,,,,,-2000000.0,1642000000.0,1.0,529405539.0,526000000.0,529000000.0,7.772,289862000000.0,0.0,285000000.0,0.0,551.068,
36,PNC,MRQ,2012-06-30,2012-06-30,2012-06-30,2021-08-06,402000000.0,299575000000.0,,,,,70.218,0.0,8131000000.0,8131000000.0,0.0,546000000.0,,7.009,43913000000.0,,,43913000000.0,0.0,285000000.0,206923000000.0,0.024,0.4,724000000.0,1009000000.0,0.278,1009000000.0,724000000.0,724000000.0,1.0,0.98,1.0,37005000000.0,,37005000000.0,68849961457.0,19.0,14.658,1038000000.0,1.97,1.0,3623000000.0,1.0,10962000000.0,0.0,324395000000.0,,0.0,255923000000.0,,,259361000000.0,,,32313961457.0,-26000000.0,35000000.0,16000000.0,988000000.0,-211000000.0,3069000000.0,-4133000000.0,-4098000000.0,1038000000.0,0.0,551000000.0,526000000.0,526000000.0,0.0,-5000000.0,0.145,2648000000.0,975000000.0,0.0,0.4,0.873,12.578,12.523,0.0,25000000.0,61.11,2.237,2.229,0.0,19149000000.0,3623000000.0,3623000000.0,0.0,,,,,-15000000.0,1566000000.0,1.0,528783529.0,527000000.0,530000000.0,6.875,288613000000.0,0.0,173000000.0,0.0,547.653,
37,PNC,MRQ,2012-03-31,2012-03-31,2012-03-31,2021-08-06,281000000.0,295883000000.0,,,,,66.625,0.0,6246000000.0,6246000000.0,0.0,811000000.0,,7.352,42782000000.0,,,42782000000.0,0.0,269000000.0,206127000000.0,0.022,0.35,1086000000.0,1355000000.0,0.363,1355000000.0,1086000000.0,1086000000.0,1.45,1.44,1.45,35045000000.0,,35045000000.0,65692891727.0,16.0,12.818,2776000000.0,5.278,1.0,3732000000.0,1.0,11188000000.0,0.0,321231000000.0,,0.0,253390000000.0,,,257647000000.0,,,34022891727.0,57000000.0,-3329000000.0,45000000.0,4457000000.0,-185000000.0,4389000000.0,-7108000000.0,-3767000000.0,2776000000.0,0.0,805000000.0,766000000.0,766000000.0,0.0,6000000.0,0.205,2455000000.0,1277000000.0,0.0,0.241,0.971,11.608,11.578,0.0,39000000.0,64.49,2.358,2.351,0.0,18834000000.0,3732000000.0,3732000000.0,0.0,,,,,0.0,1544000000.0,1.0,527568487.0,526000000.0,529000000.0,7.095,284695000000.0,0.0,281000000.0,0.0,541.245,
38,PNC,MRQ,2011-12-31,2011-12-31,2011-12-31,2021-08-06,-105000000.0,271205000000.0,,,,,64.987,0.0,5274000000.0,5274000000.0,0.0,493000000.0,,6.87,36944000000.0,,,36944000000.0,0.0,290000000.0,187966000000.0,0.02,0.35,623000000.0,913000000.0,0.257,913000000.0,623000000.0,623000000.0,0.86,0.85,0.86,34053000000.0,,34053000000.0,58904883077.0,15.0,11.341,1448000000.0,2.763,1.0,3549000000.0,1.0,10144000000.0,0.0,292731000000.0,,0.0,233089000000.0,,,233959000000.0,,,30340883077.0,123000000.0,169000000.0,30000000.0,1655000000.0,-183000000.0,1498000000.0,-2823000000.0,-3076000000.0,1448000000.0,0.0,476000000.0,451000000.0,451000000.0,0.0,17000000.0,0.127,2719000000.0,830000000.0,0.0,0.407,0.891,10.12,10.118,0.0,25000000.0,57.67,2.118,2.109,0.0,18253000000.0,3549000000.0,3549000000.0,0.0,,,,,-2000000.0,1501000000.0,1.0,526112070.0,524000000.0,526000000.0,6.773,261061000000.0,0.0,147000000.0,0.0,498.208,
39,PNC,MRQ,2011-09-30,2011-09-30,2011-09-30,2021-08-06,397000000.0,269470000000.0,,,,,65.303,0.0,6755000000.0,6755000000.0,0.0,834000000.0,,6.787,35319000000.0,,,35319000000.0,0.0,281000000.0,187732000000.0,0.019,0.35,1139000000.0,1420000000.0,0.401,1420000000.0,1139000000.0,1139000000.0,1.57,1.55,1.57,34219000000.0,,34219000000.0,52364553356.0,11.0,9.169,880000000.0,1.679,1.0,3544000000.0,1.0,10156000000.0,0.0,287878000000.0,,0.0,229313000000.0,,,232228000000.0,,,25359553356.0,117000000.0,0.0,-3000000.0,-397000000.0,-185000000.0,6194000000.0,-6957000000.0,-6900000000.0,880000000.0,0.0,830000000.0,826000000.0,826000000.0,0.0,4000000.0,0.233,2140000000.0,1404000000.0,0.0,0.223,0.741,7.581,7.565,0.0,4000000.0,48.19,1.727,1.72,0.0,17985000000.0,3544000000.0,3544000000.0,0.0,,,,,0.0,1351000000.0,1.0,526240991.0,524000000.0,526000000.0,6.763,259314000000.0,0.0,309000000.0,0.0,494.874,
40,PNC,MRQ,2011-06-30,2011-06-30,2011-06-30,2021-08-06,69000000.0,263117000000.0,,,,,61.517,0.0,8373000000.0,8373000000.0,0.0,912000000.0,,7.081,35378000000.0,,,35378000000.0,0.0,290000000.0,181891000000.0,0.011,0.35,1147000000.0,1437000000.0,0.399,1437000000.0,1147000000.0,1147000000.0,1.69,1.67,1.69,32235000000.0,,32235000000.0,61823729094.0,13.0,10.511,2978000000.0,5.683,1.0,3602000000.0,1.0,10594000000.0,0.0,279528000000.0,,0.0,221993000000.0,,,228244000000.0,,,31371729094.0,476000000.0,261000000.0,-9000000.0,10000000.0,-184000000.0,-620000000.0,-1882000000.0,-1836000000.0,2978000000.0,0.0,913000000.0,888000000.0,888000000.0,0.0,-1000000.0,0.247,2176000000.0,1426000000.0,0.0,0.207,0.973,8.683,8.664,0.0,25000000.0,59.61,2.129,2.12,0.0,17344000000.0,3602000000.0,3602000000.0,0.0,,,,,0.0,1373000000.0,1.0,526282991.0,524000000.0,527000000.0,6.874,252523000000.0,0.0,234000000.0,0.0,481.914,
41,PNC,MRQ,2011-03-31,2011-03-31,2011-03-31,2021-08-06,-309000000.0,259378000000.0,,,,,59.412,0.0,4748000000.0,4748000000.0,0.0,832000000.0,,7.249,35200000000.0,,,35200000000.0,0.0,279000000.0,181990000000.0,0.006,0.1,1145000000.0,1424000000.0,0.392,1424000000.0,1145000000.0,1145000000.0,1.59,1.57,1.59,31132000000.0,,31132000000.0,67870769329.0,15.0,11.744,727000000.0,1.387,1.0,3631000000.0,1.0,10764000000.0,0.0,279066000000.0,,0.0,222689000000.0,,,225661000000.0,,,33101769329.0,92000000.0,0.0,-19000000.0,-4319000000.0,-52000000.0,-5748000000.0,5113000000.0,5193000000.0,727000000.0,0.0,837000000.0,833000000.0,833000000.0,0.0,-5000000.0,0.229,2070000000.0,1561000000.0,0.0,0.063,1.063,9.428,9.43,0.0,4000000.0,62.99,2.2,2.194,0.0,16640000000.0,3631000000.0,3631000000.0,0.0,,,,,0.0,1389000000.0,1.0,525508324.0,524000000.0,526000000.0,6.929,248614000000.0,0.0,308000000.0,0.0,474.454,
42,PNC,MRQ,2010-12-31,2010-12-31,2010-12-31,2021-08-06,-431000000.0,264284000000.0,,,,,57.824,0.0,4907000000.0,4907000000.0,0.0,820000000.0,,7.653,39676000000.0,,,39676000000.0,0.0,306000000.0,183390000000.0,0.007,0.1,1124000000.0,1430000000.0,0.366,1430000000.0,1124000000.0,1124000000.0,1.52,1.5,1.52,30242000000.0,,30242000000.0,67743357712.0,15.0,12.299,374000000.0,0.715,1.0,3903000000.0,1.0,10753000000.0,0.0,288300000000.0,,0.0,228212000000.0,,,231446000000.0,,,31926357712.0,-427000000.0,921000000.0,-12000000.0,-209000000.0,-53000000.0,3914000000.0,-4715000000.0,-4903000000.0,374000000.0,0.0,823000000.0,798000000.0,798000000.0,0.0,-3000000.0,0.204,2340000000.0,1563000000.0,0.0,0.066,1.056,10.603,10.469,0.0,25000000.0,60.72,2.104,2.069,0.0,15859000000.0,3903000000.0,3903000000.0,0.0,,,,,0.0,1472000000.0,1.0,525796405.0,523000000.0,526000000.0,7.463,253531000000.0,0.0,301000000.0,0.0,484.763,
43,PNC,MRQ,2010-09-30,2010-09-30,2010-09-30,2021-08-06,146000000.0,260133000000.0,,,,,57.442,0.0,4139000000.0,4139000000.0,0.0,1103000000.0,,7.572,39956000000.0,,,39956000000.0,0.0,311000000.0,179183000000.0,0.008,0.1,1280000000.0,1591000000.0,0.442,1591000000.0,1280000000.0,1280000000.0,2.08,2.07,2.08,30042000000.0,,30042000000.0,59332502009.0,12.0,9.925,169000000.0,0.323,1.0,3598000000.0,1.0,10518000000.0,0.0,285432000000.0,,0.0,224818000000.0,,,227467000000.0,,,27273502009.0,166000000.0,2323000000.0,-31000000.0,-617000000.0,-53000000.0,-1171000000.0,1168000000.0,-1248000000.0,169000000.0,0.0,1101000000.0,1094000000.0,1094000000.0,-328000000.0,2000000.0,0.304,2158000000.0,1440000000.0,0.0,0.048,0.908,8.46,8.048,0.0,7000000.0,51.91,1.688,1.68,0.0,15114000000.0,3598000000.0,3598000000.0,0.0,,,,,0.0,1369000000.0,1.0,525399769.0,523000000.0,526000000.0,6.88,249615000000.0,0.0,179000000.0,0.0,477.275,
44,PNC,MRQ,2010-06-30,2010-06-30,2010-06-30,2021-08-06,-442000000.0,261695000000.0,,,,,54.155,0.0,8586000000.0,8586000000.0,0.0,803000000.0,,8.13,40645000000.0,,,40645000000.0,0.0,216000000.0,178799000000.0,0.007,0.1,1118000000.0,1334000000.0,0.341,1334000000.0,1118000000.0,1118000000.0,1.49,1.47,1.49,28377000000.0,,28377000000.0,68264848956.0,15.0,12.658,1997000000.0,3.811,1.0,3912000000.0,1.0,12138000000.0,0.0,281616000000.0,,0.0,218729000000.0,,,230705000000.0,,,29721848956.0,-5000000.0,156000000.0,-17000000.0,-1834000000.0,-53000000.0,-5661000000.0,3659000000.0,3174000000.0,1997000000.0,0.0,812000000.0,786000000.0,786000000.0,-22000000.0,-9000000.0,0.201,2002000000.0,1910000000.0,0.0,0.067,1.047,11.445,10.502,0.0,26000000.0,56.5,1.811,1.804,0.0,14073000000.0,3912000000.0,3912000000.0,0.0,,,,,0.0,1364000000.0,1.0,526050424.0,524000000.0,527000000.0,7.466,249557000000.0,0.0,306000000.0,0.0,476.254,
45,PNC,MRQ,2010-03-31,2010-03-31,2010-03-31,2021-08-06,-1288000000.0,265396000000.0,,,,,53.851,0.0,4170000000.0,4170000000.0,0.0,671000000.0,,8.799,42713000000.0,,,42713000000.0,0.0,226000000.0,182523000000.0,0.007,0.1,927000000.0,1153000000.0,0.306,1153000000.0,927000000.0,927000000.0,0.67,0.66,0.67,26818000000.0,,26818000000.0,61670297181.0,17.0,13.605,2272000000.0,4.562,1.0,3763000000.0,1.0,12714000000.0,0.0,291225000000.0,,0.0,225462000000.0,,,235962000000.0,,,30889297181.0,-725000000.0,0.0,3342000000.0,-1153000000.0,-45000000.0,-8614000000.0,5617000000.0,5353000000.0,2272000000.0,0.0,676000000.0,333000000.0,333000000.0,-23000000.0,-5000000.0,0.088,2113000000.0,1650000000.0,0.0,0.149,1.152,16.466,14.814,0.0,343000000.0,59.7,1.894,1.823,0.0,13340000000.0,3763000000.0,3763000000.0,0.0,,,,,0.0,1365000000.0,1.0,517408663.0,498000000.0,500000000.0,7.556,252682000000.0,0.0,251000000.0,0.0,507.394,
46,PNC,MRQ,2009-12-31,2009-12-31,2009-12-31,2021-08-06,-1962000000.0,269863000000.0,,,,,64.67,0.0,8776000000.0,8776000000.0,0.0,1107000000.0,,7.925,39557000000.0,,,39557000000.0,0.0,231000000.0,186922000000.0,0.018,0.1,1669000000.0,1900000000.0,0.389,1900000000.0,1669000000.0,1669000000.0,2.21,2.19,2.21,29942000000.0,,29942000000.0,62030515465.0,19.0,14.453,3225000000.0,6.965,1.0,4886000000.0,1.0,12909000000.0,0.0,287735000000.0,,0.0,225805000000.0,,,237296000000.0,,,24351515465.0,862000000.0,0.0,9000000.0,-1620000000.0,-46000000.0,496000000.0,-2859000000.0,-2327000000.0,3225000000.0,0.0,1144000000.0,1011000000.0,1011000000.0,-4000000.0,-37000000.0,0.207,2209000000.0,2677000000.0,0.0,0.045,0.813,12.158,11.998,0.0,133000000.0,52.79,1.501,1.477,0.0,13144000000.0,4886000000.0,4886000000.0,0.0,,,,,1000000.0,1381000000.0,1.0,461290310.0,463000000.0,464000000.0,10.553,256954000000.0,0.0,525000000.0,0.0,554.976,
47,PNC,MRQ,2009-09-30,2009-09-30,2009-09-30,2021-08-06,-1947000000.0,271407000000.0,,,,,62.887,0.0,4555000000.0,4555000000.0,0.0,559000000.0,,8.288,42234000000.0,,,42234000000.0,0.0,242000000.0,183809000000.0,0.031,0.1,764000000.0,1006000000.0,0.261,1006000000.0,764000000.0,764000000.0,1.01,1.0,1.01,28928000000.0,,28928000000.0,53432571673.0,47.0,26.676,1179000000.0,2.563,1.0,3853000000.0,1.0,12734000000.0,0.0,296352000000.0,,0.0,227831000000.0,,,239744000000.0,,,22419571673.0,-371000000.0,-3396000000.0,11000000.0,-3513000000.0,-46000000.0,-6174000000.0,4624000000.0,7994000000.0,1179000000.0,0.0,579000000.0,467000000.0,467000000.0,-19000000.0,-20000000.0,0.121,2214000000.0,1639000000.0,0.0,0.099,0.775,31.009,34.707,0.0,112000000.0,48.59,1.849,1.844,0.0,12179000000.0,3853000000.0,3853000000.0,0.0,,,,,-1000000.0,1468000000.0,1.0,461402998.0,460000000.0,461000000.0,8.376,258673000000.0,0.0,185000000.0,0.0,562.333,
48,PNC,MRQ,2009-06-30,2009-06-30,2009-06-30,2021-08-06,-3101000000.0,279754000000.0,,,,,60.519,0.0,13987000000.0,13987000000.0,0.0,207000000.0,,9.17,45000000000.0,,,45000000000.0,0.0,247000000.0,190439000000.0,0.054,0.1,227000000.0,474000000.0,0.125,474000000.0,227000000.0,227000000.0,0.14,0.14,0.14,27294000000.0,,27294000000.0,47709266619.0,69.0,33.27,480000000.0,1.064,1.0,3803000000.0,1.0,12890000000.0,0.0,297877000000.0,,0.0,227872000000.0,,,250287000000.0,,,17281266619.0,221000000.0,0.0,4000000.0,-3419000000.0,-45000000.0,-7151000000.0,6892000000.0,6773000000.0,480000000.0,0.0,198000000.0,65000000.0,65000000.0,-12000000.0,9000000.0,0.017,2492000000.0,1311000000.0,0.0,0.714,0.633,34.288,34.964,0.0,133000000.0,38.81,1.741,1.764,0.0,11758000000.0,3803000000.0,3803000000.0,0.0,,,,,0.0,1501000000.0,1.0,445278707.0,451000000.0,453000000.0,8.432,266864000000.0,0.0,29000000.0,0.0,591.716,
49,PNC,MRQ,2009-03-31,2009-03-31,2009-03-31,2021-08-06,-3289000000.0,286422000000.0,,,,,59.767,0.0,18359000000.0,18359000000.0,0.0,530000000.0,,9.735,48787000000.0,,,48787000000.0,0.0,258000000.0,194635000000.0,0.09,0.66,654000000.0,912000000.0,0.247,912000000.0,654000000.0,654000000.0,1.04,1.03,1.04,26477000000.0,,26477000000.0,46267908116.0,38.0,25.214,870000000.0,1.964,1.0,3686000000.0,1.0,12178000000.0,0.0,304672000000.0,,0.0,229035000000.0,,,257766000000.0,,,13013908116.0,-895000000.0,0.0,35000000.0,-4049000000.0,-293000000.0,-2587000000.0,822000000.0,976000000.0,870000000.0,0.0,526000000.0,460000000.0,460000000.0,-10000000.0,4000000.0,0.125,2158000000.0,1528000000.0,0.0,0.635,0.492,13.786,12.053,0.0,66000000.0,29.29,1.595,1.59,0.0,11738000000.0,3686000000.0,3686000000.0,0.0,,,,,0.0,1410000000.0,1.0,444312329.0,443000000.0,444000000.0,8.321,274244000000.0,0.0,128000000.0,0.0,619.061,
50,PNC,MRQ,2008-12-31,2008-12-31,2008-12-31,2021-08-06,-3949000000.0,291081000000.0,,,,,73.262,0.0,19330000000.0,19330000000.0,0.0,-246000000.0,,10.362,52584000000.0,,,52584000000.0,0.0,119000000.0,192865000000.0,0.053,0.66,-508000000.0,-389000000.0,-0.497,-389000000.0,-508000000.0,-508000000.0,-0.79,-0.79,-0.79,25422000000.0,,25422000000.0,46264937861.0,39.0,28.159,2010000000.0,5.793,1.0,782000000.0,1.0,11688000000.0,0.0,312647000000.0,,0.0,231546000000.0,,,263433000000.0,,,17058937861.0,1411000000.0,2143000000.0,49000000.0,-5855000000.0,-229000000.0,5771000000.0,-6370000000.0,-7967000000.0,2010000000.0,0.0,-248000000.0,-269000000.0,-269000000.0,-118000000.0,2000000.0,-0.344,416000000.0,366000000.0,0.0,-0.835,0.671,19.813,19.679,0.0,21000000.0,49.0,2.709,2.677,0.0,11461000000.0,782000000.0,782000000.0,0.0,,,,,-4000000.0,205000000.0,1.0,348141589.0,347000000.0,349000000.0,2.254,279393000000.0,0.0,-260000000.0,0.0,805.167,
51,PNC,MRQ,2008-09-30,2008-09-30,2008-09-30,2021-08-06,-2230000000.0,145610000000.0,,,,,41.212,0.0,3060000000.0,3060000000.0,0.0,259000000.0,,9.096,32266000000.0,,,32266000000.0,0.0,115000000.0,84984000000.0,0.035,0.66,322000000.0,437000000.0,0.264,437000000.0,322000000.0,322000000.0,0.72,0.7,0.72,14218000000.0,,14218000000.0,54954340093.0,30.0,23.435,3301000000.0,9.568,1.0,1654000000.0,1.0,9921000000.0,0.0,164895000000.0,,0.0,118511000000.0,,,129322000000.0,,,25883340093.0,-465000000.0,0.0,59000000.0,-385000000.0,-229000000.0,-254000000.0,-3512000000.0,-3443000000.0,3301000000.0,0.0,248000000.0,248000000.0,248000000.0,0.0,11000000.0,0.15,1131000000.0,523000000.0,0.0,0.917,1.82,19.788,19.814,0.0,0.0,74.7,4.091,4.073,0.0,11959000000.0,1654000000.0,1654000000.0,0.0,,,,,-5000000.0,787000000.0,1.0,346497190.0,345000000.0,347000000.0,4.794,135689000000.0,0.0,74000000.0,0.0,393.301,
52,PNC,MRQ,2008-06-30,2008-06-30,2008-06-30,2021-08-06,-1227000000.0,142771000000.0,,,,,43.919,0.0,3525000000.0,3525000000.0,0.0,517000000.0,,8.317,32596000000.0,,,32596000000.0,0.0,137000000.0,84689000000.0,0.045,0.66,738000000.0,875000000.0,0.429,875000000.0,738000000.0,738000000.0,1.46,1.45,1.46,15108000000.0,,15108000000.0,48744994630.0,23.0,18.908,1397000000.0,4.061,1.0,2039000000.0,1.0,9928000000.0,0.0,161914000000.0,,0.0,117468000000.0,,,125654000000.0,,,19747994630.0,-409000000.0,241000000.0,25000000.0,-157000000.0,-229000000.0,1664000000.0,-3470000000.0,-3448000000.0,1397000000.0,0.0,505000000.0,505000000.0,505000000.0,0.0,12000000.0,0.248,1103000000.0,936000000.0,0.0,0.452,1.307,13.461,13.404,0.0,0.0,57.1,3.074,3.058,0.0,11940000000.0,2039000000.0,2039000000.0,0.0,,,,,-1000000.0,765000000.0,1.0,345849293.0,344000000.0,346000000.0,5.927,132843000000.0,0.0,233000000.0,0.0,386.172,
53,PNC,MRQ,2008-03-31,2008-03-31,2008-03-31,2021-08-06,-779000000.0,139991000000.0,,,,,42.546,0.0,3934000000.0,3934000000.0,0.0,384000000.0,,8.567,32931000000.0,,,32931000000.0,0.0,92000000.0,80410000000.0,0.038,0.63,628000000.0,720000000.0,0.395,720000000.0,628000000.0,628000000.0,1.11,1.09,1.11,14423000000.0,,14423000000.0,49842585867.0,25.0,20.768,706000000.0,2.083,1.0,1821000000.0,1.0,9349000000.0,0.0,159639000000.0,,0.0,113365000000.0,,,123560000000.0,,,22344585867.0,367000000.0,472000000.0,8000000.0,1418000000.0,-215000000.0,-705000000.0,366000000.0,136000000.0,706000000.0,0.0,377000000.0,377000000.0,377000000.0,0.0,7000000.0,0.207,1035000000.0,786000000.0,0.0,0.568,1.549,16.133,16.23,0.0,0.0,65.57,3.664,3.645,0.0,11664000000.0,1821000000.0,1821000000.0,0.0,,,,,-3000000.0,743000000.0,1.0,340774529.0,339000000.0,342000000.0,5.372,130642000000.0,0.0,251000000.0,0.0,385.375,
54,PNC,MRQ,2007-12-31,2007-12-31,2007-12-31,2021-08-06,-147000000.0,138920000000.0,,,,,44.077,0.0,3913000000.0,3913000000.0,0.0,202000000.0,,8.241,31065000000.0,,,31065000000.0,0.0,153000000.0,82696000000.0,0.037,0.63,160000000.0,313000000.0,0.385,313000000.0,160000000.0,160000000.0,0.48,0.47,0.48,14854000000.0,,14854000000.0,46616925885.0,23.0,19.271,-1203000000.0,-3.57,1.0,813000000.0,1.0,9551000000.0,0.0,156521000000.0,,0.0,114198000000.0,,,122412000000.0,,,22354925885.0,249000000.0,-373000000.0,-9000000.0,2868000000.0,-212000000.0,4976000000.0,-3524000000.0,-3204000000.0,-1203000000.0,0.0,178000000.0,178000000.0,178000000.0,-128000000.0,24000000.0,0.219,569000000.0,244000000.0,0.0,1.312,1.505,15.239,14.92,0.0,0.0,65.65,3.795,3.689,0.0,11497000000.0,813000000.0,813000000.0,0.0,,,,,-2000000.0,338000000.0,1.0,340516769.0,337000000.0,337000000.0,2.412,129369000000.0,0.0,-18000000.0,0.0,383.884,
55,PNC,MRQ,2007-09-30,2007-09-30,2007-09-30,2021-08-06,-255000000.0,131366000000.0,,,,,43.142,0.0,3318000000.0,3318000000.0,0.0,407000000.0,,7.921,27580000000.0,,,27580000000.0,0.0,83000000.0,78409000000.0,0.035,0.63,587000000.0,670000000.0,0.383,670000000.0,587000000.0,587000000.0,1.21,1.19,1.21,14539000000.0,,14539000000.0,44604225549.0,19.0,16.477,997000000.0,2.958,1.0,1751000000.0,1.0,8935000000.0,0.0,146693000000.0,,0.0,108756000000.0,,,115161000000.0,,,23140225549.0,141000000.0,-280000000.0,-397000000.0,2800000000.0,-215000000.0,3369000000.0,-4225000000.0,-3333000000.0,997000000.0,0.0,407000000.0,407000000.0,407000000.0,0.0,0.0,0.232,1099000000.0,652000000.0,0.0,0.521,1.592,13.898,13.021,0.0,0.0,68.1,3.456,3.428,0.0,11531000000.0,1751000000.0,1751000000.0,0.0,,,,,-1000000.0,753000000.0,1.0,339797732.0,337000000.0,340000000.0,5.196,122431000000.0,0.0,180000000.0,0.0,363.297,
56,PNC,MRQ,2007-06-30,2007-06-30,2007-06-30,2021-08-06,-439000000.0,125651000000.0,,,,,42.409,0.0,3177000000.0,3177000000.0,0.0,423000000.0,,7.569,24641000000.0,,,24641000000.0,0.0,78000000.0,77221000000.0,0.032,0.63,619000000.0,697000000.0,0.407,697000000.0,619000000.0,619000000.0,1.24,1.22,1.24,14504000000.0,,14504000000.0,42032306887.0,10.0,9.458,-1261000000.0,-3.687,1.0,1713000000.0,1.0,8658000000.0,0.0,138457000000.0,,0.0,103551000000.0,,,109777000000.0,,,24689306887.0,-57000000.0,0.0,-248000000.0,4197000000.0,-218000000.0,3581000000.0,-2377000000.0,-2148000000.0,-1261000000.0,0.0,423000000.0,423000000.0,423000000.0,0.0,0.0,0.247,1040000000.0,673000000.0,0.0,0.508,1.702,9.004,7.857,0.0,0.0,71.58,2.926,2.901,0.0,11339000000.0,1713000000.0,1713000000.0,0.0,,,,,-4000000.0,733000000.0,1.0,344919068.0,342000000.0,346000000.0,5.009,116993000000.0,0.0,196000000.0,0.0,342.085,
57,PNC,MRQ,2007-03-31,2007-03-31,2007-03-31,2021-08-06,-162000000.0,122563000000.0,,,,,47.854,0.0,3234000000.0,3234000000.0,0.0,459000000.0,,7.223,20577000000.0,,,20577000000.0,0.0,77000000.0,77367000000.0,0.031,0.55,662000000.0,739000000.0,0.458,739000000.0,662000000.0,662000000.0,1.49,1.46,1.49,14739000000.0,,14739000000.0,32724035823.0,8.0,7.414,1051000000.0,3.412,1.0,1614000000.0,1.0,8668000000.0,0.0,131238000000.0,,0.0,101145000000.0,,,106457000000.0,,,21099035823.0,-289000000.0,-1890000000.0,-56000000.0,4246000000.0,-161000000.0,3173000000.0,-4513000000.0,-2494000000.0,1051000000.0,0.0,459000000.0,459000000.0,459000000.0,0.0,0.0,0.284,944000000.0,670000000.0,0.0,0.369,1.432,7.814,7.848,0.0,0.0,71.97,2.492,2.618,0.0,11134000000.0,1614000000.0,1614000000.0,0.0,,,,,-8000000.0,669000000.0,1.0,293164316.0,308000000.0,312000000.0,5.24,113895000000.0,0.0,203000000.0,0.0,369.789,
58,PNC,MRQ,2006-12-31,2006-12-31,2006-12-31,2021-08-06,-235000000.0,101820000000.0,,,,,36.945,0.0,3523000000.0,3523000000.0,0.0,376000000.0,,8.356,15148000000.0,,,15148000000.0,0.0,77000000.0,66301000000.0,0.029,0.55,524000000.0,601000000.0,0.372,601000000.0,524000000.0,524000000.0,1.29,1.27,1.29,10788000000.0,,10788000000.0,33547859360.0,8.0,7.796,639000000.0,2.188,1.0,1617000000.0,1.0,4043000000.0,0.0,109402000000.0,,0.0,85325000000.0,,,90147000000.0,,,21753859360.0,505000000.0,-3000000.0,-84000000.0,127000000.0,-162000000.0,1992000000.0,-2126000000.0,-1782000000.0,639000000.0,0.0,376000000.0,376000000.0,376000000.0,0.0,0.0,0.233,969000000.0,648000000.0,0.0,0.426,2.016,8.383,8.328,0.0,0.0,74.04,2.538,2.522,0.0,10985000000.0,1617000000.0,1617000000.0,0.0,,,,,-8000000.0,658000000.0,1.0,293812255.0,292000000.0,297000000.0,5.538,97777000000.0,0.0,148000000.0,0.0,334.853,
59,PNC,MRQ,2006-09-30,2006-09-30,2006-09-30,2021-08-06,-109000000.0,98436000000.0,,,,,36.969,0.0,3018000000.0,3018000000.0,0.0,1484000000.0,,8.112,14812000000.0,,,14812000000.0,0.0,86000000.0,64572000000.0,0.029,0.55,2321000000.0,2407000000.0,0.689,2407000000.0,2321000000.0,2321000000.0,5.09,5.01,5.09,10758000000.0,,10758000000.0,33646325271.0,8.0,7.76,-34000000.0,-0.117,1.0,3494000000.0,1.0,4008000000.0,0.0,106222000000.0,,0.0,81535000000.0,,,87270000000.0,,,21330325271.0,-420000000.0,0.0,-95000000.0,-1364000000.0,-162000000.0,-539000000.0,153000000.0,404000000.0,-34000000.0,0.0,1484000000.0,1484000000.0,1484000000.0,0.0,0.0,0.425,1167000000.0,2327000000.0,0.0,0.108,1.983,8.287,8.204,0.0,0.0,72.44,2.469,2.44,0.0,10771000000.0,3494000000.0,3494000000.0,0.0,,,,,-4000000.0,854000000.0,1.0,294455070.0,291000000.0,296000000.0,12.007,94428000000.0,0.0,837000000.0,0.0,324.495,
60,PNC,MRQ,2006-06-30,2006-06-30,2006-06-30,2021-08-06,-510000000.0,94914000000.0,,,,,30.126,0.0,3438000000.0,3438000000.0,0.0,381000000.0,,9.681,15754000000.0,,,15754000000.0,0.0,89000000.0,63493000000.0,0.029,0.55,578000000.0,667000000.0,0.383,667000000.0,578000000.0,578000000.0,1.3,1.28,1.3,8827000000.0,,8827000000.0,34106818144.0,16.0,13.502,609000000.0,2.078,1.0,1742000000.0,1.0,4498000000.0,0.0,102732000000.0,,0.0,76506000000.0,,,85455000000.0,,,20769818144.0,232000000.0,-50000000.0,-86000000.0,-666000000.0,-162000000.0,1681000000.0,-2058000000.0,-1929000000.0,609000000.0,0.0,381000000.0,381000000.0,381000000.0,0.0,0.0,0.219,1145000000.0,597000000.0,0.0,0.423,2.353,14.586,14.32,0.0,0.0,70.17,3.052,3.021,0.0,9449000000.0,1742000000.0,1742000000.0,0.0,,,,,-3000000.0,819000000.0,1.0,295992848.0,293000000.0,297000000.0,5.945,90416000000.0,0.0,197000000.0,0.0,308.587,
61,PNC,MRQ,2006-03-31,2006-03-31,2006-03-31,2021-08-06,-394000000.0,93257000000.0,,,,,30.072,0.0,3206000000.0,3206000000.0,0.0,354000000.0,,9.549,16543000000.0,,,16543000000.0,0.0,93000000.0,60899000000.0,0.03,0.5,535000000.0,628000000.0,0.365,628000000.0,535000000.0,535000000.0,1.21,1.19,1.21,8781000000.0,,8781000000.0,33325505284.0,17.0,13.967,945000000.0,3.236,1.0,1719000000.0,1.0,4482000000.0,0.0,102112000000.0,,0.0,75871000000.0,,,83849000000.0,,,19846505284.0,-312000000.0,-5000000.0,77000000.0,-494000000.0,-147000000.0,74000000.0,-1331000000.0,-1284000000.0,945000000.0,0.0,354000000.0,354000000.0,354000000.0,0.0,0.0,0.206,1162000000.0,557000000.0,0.0,0.413,2.26,14.978,14.664,0.0,0.0,67.31,3.029,2.999,0.0,9230000000.0,1719000000.0,1719000000.0,0.0,,,,,-14000000.0,818000000.0,1.0,294852255.0,292000000.0,296000000.0,5.887,88775000000.0,0.0,181000000.0,0.0,304.024,
62,PNC,MRQ,2005-12-31,2005-12-31,2005-12-31,2021-08-06,-267000000.0,91954000000.0,,,,,29.63,0.0,3518000000.0,3518000000.0,0.0,355000000.0,,9.67,16997000000.0,,,16997000000.0,0.0,98000000.0,60275000000.0,0.032,0.5,536000000.0,634000000.0,0.376,634000000.0,536000000.0,536000000.0,1.23,1.2,1.23,8563000000.0,,8563000000.0,33047920780.0,17.0,14.344,292000000.0,1.01,1.0,1685000000.0,1.0,4466000000.0,0.0,100967000000.0,,0.0,75880000000.0,,,82801000000.0,,,18068920780.0,44000000.0,-184000000.0,43000000.0,-1347000000.0,-146000000.0,-1385000000.0,1137000000.0,1313000000.0,292000000.0,0.0,355000000.0,355000000.0,355000000.0,0.0,0.0,0.211,1107000000.0,578000000.0,0.0,0.407,2.11,13.637,13.354,0.0,0.0,61.83,2.865,2.804,0.0,9023000000.0,1685000000.0,1685000000.0,0.0,,,,,-4000000.0,821000000.0,1.0,292235497.0,289000000.0,296000000.0,5.83,87488000000.0,0.0,181000000.0,0.0,302.727,
63,PNC,MRQ,2005-09-30,2005-09-30,2005-09-30,2021-08-06,-200000000.0,93241000000.0,,,,,28.779,0.0,3474000000.0,3474000000.0,0.0,334000000.0,,10.139,18453000000.0,,,18453000000.0,0.0,111000000.0,60214000000.0,0.034,0.5,486000000.0,597000000.0,0.36,597000000.0,486000000.0,486000000.0,1.16,1.14,1.16,8317000000.0,,8317000000.0,31717782525.0,17.0,14.549,115000000.0,0.398,1.0,1659000000.0,1.0,4225000000.0,0.0,103995000000.0,,0.0,76371000000.0,,,84329000000.0,,,16869782525.0,32000000.0,26000000.0,11000000.0,247000000.0,-146000000.0,1653000000.0,-1736000000.0,-1667000000.0,115000000.0,0.0,334000000.0,334000000.0,334000000.0,0.0,0.0,0.201,1159000000.0,500000000.0,0.0,0.431,2.028,13.21,12.893,0.0,0.0,58.02,2.803,2.786,0.0,8814000000.0,1659000000.0,1659000000.0,0.0,,,,,0.0,820000000.0,1.0,290758058.0,289000000.0,292000000.0,5.74,89016000000.0,0.0,152000000.0,0.0,308.014,
64,PNC,MRQ,2005-06-30,2005-06-30,2005-06-30,2021-08-06,-41000000.0,90794000000.0,,,,,28.923,0.0,3442000000.0,3442000000.0,0.0,282000000.0,,9.953,18290000000.0,,,18290000000.0,0.0,86000000.0,58673000000.0,0.037,0.5,441000000.0,527000000.0,0.354,527000000.0,441000000.0,441000000.0,0.99,0.98,0.99,8243000000.0,,8243000000.0,27124555348.0,16.0,13.515,364000000.0,1.277,1.0,1490000000.0,1.0,4170000000.0,0.0,101472000000.0,,0.0,73693000000.0,,,82044000000.0,,,15440555348.0,534000000.0,-129000000.0,-6000000.0,2296000000.0,-141000000.0,1905000000.0,-1735000000.0,-1501000000.0,364000000.0,0.0,282000000.0,282000000.0,282000000.0,0.0,0.0,0.189,1040000000.0,450000000.0,0.0,0.505,1.873,12.856,12.784,0.0,0.0,54.46,2.721,2.735,0.0,8626000000.0,1490000000.0,1490000000.0,0.0,,,,,0.0,738000000.0,1.0,283521031.0,285000000.0,288000000.0,5.228,86624000000.0,0.0,159000000.0,0.0,303.944,
65,PNC,MRQ,2005-03-31,2005-03-31,2005-03-31,2021-08-06,-175000000.0,83359000000.0,,,,,26.972,0.0,2908000000.0,2908000000.0,0.0,354000000.0,,9.928,14592000000.0,,,14592000000.0,0.0,80000000.0,55169000000.0,0.039,0.5,466000000.0,546000000.0,0.371,546000000.0,466000000.0,466000000.0,1.26,1.24,1.26,7579000000.0,,7579000000.0,23377104608.0,14.0,11.579,-1451000000.0,-5.164,1.0,1472000000.0,1.0,3589000000.0,0.0,91454000000.0,,0.0,68196000000.0,,,75248000000.0,,,14568104608.0,-322000000.0,-243000000.0,6000000.0,2827000000.0,-142000000.0,4591000000.0,-3462000000.0,-3215000000.0,-1451000000.0,0.0,354000000.0,354000000.0,354000000.0,0.0,0.0,0.24,1000000000.0,472000000.0,0.0,0.397,1.922,11.912,11.834,0.0,0.0,51.48,2.616,2.598,0.0,8485000000.0,1472000000.0,1472000000.0,0.0,,,,,0.0,729000000.0,1.0,282985715.0,281000000.0,284000000.0,5.238,79770000000.0,0.0,112000000.0,0.0,283.879,
66,PNC,MRQ,2004-12-31,2004-12-31,2004-12-31,2021-08-06,-54000000.0,79723000000.0,,,,,26.594,0.0,3230000000.0,3230000000.0,0.0,307000000.0,,9.601,12039000000.0,,,12039000000.0,0.0,76000000.0,53269000000.0,0.035,0.5,434000000.0,510000000.0,0.365,510000000.0,434000000.0,434000000.0,1.09,1.08,1.09,7473000000.0,,7473000000.0,26244755268.0,15.0,12.884,331000000.0,1.178,1.0,1397000000.0,1.0,3355000000.0,0.0,85177000000.0,,0.0,64802000000.0,,,71746000000.0,,,16234755268.0,225000000.0,0.0,-1000000.0,-1176000000.0,-141000000.0,792000000.0,-898000000.0,-841000000.0,331000000.0,0.0,307000000.0,307000000.0,307000000.0,0.0,0.0,0.22,926000000.0,471000000.0,0.0,0.459,2.172,13.563,13.515,0.0,0.0,57.44,2.958,2.941,0.0,8273000000.0,1397000000.0,1397000000.0,0.0,,,,,-3000000.0,696000000.0,1.0,282638497.0,281000000.0,284000000.0,4.972,76368000000.0,0.0,127000000.0,0.0,271.772,
67,PNC,MRQ,2004-09-30,2004-09-30,2004-09-30,2021-08-06,-25000000.0,77297000000.0,,,,,26.021,0.0,3005000000.0,3005000000.0,0.0,258000000.0,,9.503,13015000000.0,,,13015000000.0,0.0,76000000.0,51162000000.0,0.037,0.5,348000000.0,424000000.0,0.322,424000000.0,348000000.0,348000000.0,0.92,0.91,0.92,7312000000.0,,7312000000.0,23230691527.0,13.0,11.495,190000000.0,0.676,1.0,1316000000.0,1.0,3355000000.0,0.0,83952000000.0,,0.0,63260000000.0,,,69486000000.0,,,15275691527.0,-60000000.0,-35000000.0,15000000.0,1947000000.0,-142000000.0,2988000000.0,-3238000000.0,-3130000000.0,190000000.0,0.0,258000000.0,258000000.0,258000000.0,0.0,0.0,0.196,981000000.0,335000000.0,0.0,0.543,2.089,13.123,13.036,0.0,0.0,54.1,2.827,2.813,0.0,8107000000.0,1316000000.0,1316000000.0,0.0,,,,,0.0,735000000.0,1.0,282360287.0,281000000.0,283000000.0,4.683,73942000000.0,0.0,90000000.0,0.0,263.139,
68,PNC,MRQ,2004-06-30,2004-06-30,2004-06-30,2021-08-06,-139000000.0,73118000000.0,,,,,25.139,0.0,3065000000.0,3065000000.0,0.0,304000000.0,,9.291,11020000000.0,,,11020000000.0,0.0,77000000.0,49994000000.0,0.037,0.5,462000000.0,539000000.0,0.39,539000000.0,462000000.0,462000000.0,1.08,1.07,1.08,7064000000.0,,7064000000.0,25995330218.0,14.0,12.361,163000000.0,0.58,1.0,1383000000.0,1.0,3329000000.0,0.0,77744000000.0,,0.0,59084000000.0,,,65635000000.0,,,14970330218.0,278000000.0,501000000.0,-43000000.0,-2625000000.0,-142000000.0,-941000000.0,1056000000.0,599000000.0,163000000.0,0.0,304000000.0,304000000.0,304000000.0,0.0,0.0,0.22,910000000.0,473000000.0,0.0,0.463,2.119,12.612,12.519,0.0,0.0,53.08,2.798,2.788,0.0,7991000000.0,1383000000.0,1383000000.0,0.0,,,,,0.0,652000000.0,1.0,282033350.0,281000000.0,283000000.0,4.922,69789000000.0,0.0,158000000.0,0.0,248.359,
69,PNC,MRQ,2004-03-31,2004-03-31,2004-03-31,2021-08-06,180000000.0,74115000000.0,,,,,25.638,0.0,2787000000.0,2787000000.0,0.0,328000000.0,,9.193,13812000000.0,,,13812000000.0,0.0,73000000.0,48125000000.0,0.035,0.5,491000000.0,564000000.0,0.405,564000000.0,491000000.0,491000000.0,1.16,1.15,1.16,7230000000.0,,7230000000.0,24201218746.0,15.0,12.579,-224000000.0,-0.794,1.0,1393000000.0,1.0,3316000000.0,0.0,81824000000.0,,0.0,60558000000.0,,,66467000000.0,,,15676218746.0,-181000000.0,-253000000.0,-104000000.0,1798000000.0,-141000000.0,2156000000.0,-2113000000.0,-1796000000.0,-224000000.0,0.0,328000000.0,328000000.0,328000000.0,0.0,0.0,0.235,895000000.0,498000000.0,0.0,0.431,2.168,14.692,14.546,0.0,0.0,55.42,3.011,3.001,0.0,7829000000.0,1393000000.0,1393000000.0,0.0,,,,,0.0,625000000.0,1.0,282862121.0,282000000.0,284000000.0,4.94,70799000000.0,0.0,163000000.0,0.0,251.06,
70,PNC,MRQ,2003-12-31,2003-12-31,2003-12-31,2021-08-06,60000000.0,68168000000.0,,,,,23.989,0.0,2968000000.0,2968000000.0,0.0,274000000.0,,9.189,11544000000.0,,,11544000000.0,0.0,74000000.0,45241000000.0,0.035,0.5,420000000.0,494000000.0,0.377,494000000.0,420000000.0,420000000.0,0.99,1.08,0.99,6645000000.0,,6645000000.0,25514629000.0,17.0,13.95,648000000.0,2.339,1.0,1312000000.0,1.0,2707000000.0,0.0,74037000000.0,,0.0,55357000000.0,,,61061000000.0,,,15176629000.0,-182000000.0,-10000000.0,-53000000.0,-96000000.0,-139000000.0,-570000000.0,-260000000.0,-144000000.0,648000000.0,0.0,274000000.0,274000000.0,274000000.0,0.0,0.0,0.209,886000000.0,426000000.0,0.0,0.505,2.284,15.161,15.288,0.0,0.0,54.73,2.99,3.019,0.0,7642000000.0,1312000000.0,1312000000.0,0.0,,,,,0.0,623000000.0,1.0,277300000.0,277000000.0,278000000.0,4.736,65461000000.0,0.0,146000000.0,0.0,236.321,
71,PNC,MRQ,2003-09-30,2003-09-30,2003-09-30,2021-08-06,147000000.0,72284000000.0,,,,,23.874,0.0,3614000000.0,3614000000.0,0.0,281000000.0,,9.647,13952000000.0,,,13952000000.0,0.0,73000000.0,45523000000.0,0.04,0.48,433000000.0,506000000.0,0.401,506000000.0,433000000.0,433000000.0,1.01,1.0,1.01,6637000000.0,,6637000000.0,16661158000.0,11.0,9.231,308000000.0,1.108,1.0,1262000000.0,1.0,2696000000.0,0.0,79926000000.0,,0.0,57679000000.0,,,64030000000.0,,,13327158000.0,-647000000.0,-7000000.0,-157000000.0,2857000000.0,-134000000.0,1395000000.0,-2350000000.0,-2063000000.0,308000000.0,0.0,281000000.0,281000000.0,281000000.0,0.0,0.0,0.223,827000000.0,435000000.0,0.0,0.475,2.008,13.475,13.517,0.0,0.0,47.58,2.671,2.651,0.0,7507000000.0,1262000000.0,1262000000.0,0.0,,,,,0.0,594000000.0,1.0,280100000.0,278000000.0,280000000.0,4.54,69588000000.0,0.0,152000000.0,0.0,250.317,
72,PNC,MRQ,2003-06-30,2003-06-30,2003-06-30,2021-08-06,305000000.0,67262000000.0,,,,,24.107,0.0,4647000000.0,4647000000.0,0.0,184000000.0,,8.766,7981000000.0,,,7981000000.0,0.0,68000000.0,46694000000.0,0.039,0.48,292000000.0,360000000.0,0.29,360000000.0,292000000.0,292000000.0,0.65,0.65,0.65,6774000000.0,,6774000000.0,16816896000.0,11.0,9.369,616000000.0,2.192,1.0,1240000000.0,1.0,2672000000.0,0.0,67924000000.0,,0.0,52907000000.0,,,59379000000.0,,,13744896000.0,171000000.0,29000000.0,-83000000.0,-665000000.0,-135000000.0,-1270000000.0,825000000.0,829000000.0,616000000.0,0.0,184000000.0,184000000.0,184000000.0,0.0,0.0,0.148,921000000.0,319000000.0,0.0,0.738,2.029,13.842,13.906,0.0,0.0,48.81,2.775,2.769,0.0,7360000000.0,1240000000.0,1240000000.0,0.0,,,,,0.0,597000000.0,1.0,281600000.0,281000000.0,282000000.0,4.413,64590000000.0,0.0,108000000.0,0.0,229.858,
73,PNC,MRQ,2003-03-31,2003-03-31,2003-03-31,2021-08-06,293000000.0,68619000000.0,,,,,24.0,0.0,5539000000.0,5539000000.0,0.0,262000000.0,,8.942,8611000000.0,,,8611000000.0,0.0,74000000.0,47081000000.0,0.045,0.48,395000000.0,469000000.0,0.372,469000000.0,395000000.0,395000000.0,0.93,0.92,0.93,6792000000.0,,6792000000.0,17985130747.0,10.0,9.097,134000000.0,0.473,1.0,1262000000.0,1.0,2686000000.0,0.0,69005000000.0,,0.0,53252000000.0,,,60735000000.0,,,11986130747.0,425000000.0,-22000000.0,-174000000.0,-583000000.0,-138000000.0,1204000000.0,-913000000.0,-831000000.0,134000000.0,0.0,262000000.0,262000000.0,262000000.0,0.0,0.0,0.208,842000000.0,420000000.0,0.0,0.516,1.765,10.617,10.622,0.0,0.0,42.38,2.374,2.375,0.0,7311000000.0,1262000000.0,1262000000.0,0.0,,,,,0.0,612000000.0,1.0,282825171.0,283000000.0,284000000.0,4.459,65933000000.0,0.0,133000000.0,0.0,232.979,
74,PNC,MRQ,2002-12-31,2002-12-31,2002-12-31,2021-08-06,321000000.0,66377000000.0,,,,,24.237,0.0,5048000000.0,5048000000.0,0.0,262000000.0,,8.514,9200000000.0,,,9200000000.0,0.0,63000000.0,44982000000.0,0.046,0.48,407000000.0,470000000.0,0.384,470000000.0,407000000.0,407000000.0,0.93,0.92,0.93,6859000000.0,,6859000000.0,18549167491.0,10.0,9.062,1175000000.0,4.152,1.0,1225000000.0,1.0,2646000000.0,0.0,67883000000.0,,0.0,51958000000.0,,,58400000000.0,,,11926167491.0,-202000000.0,0.0,22000000.0,-785000000.0,-137000000.0,-878000000.0,-499000000.0,-532000000.0,1175000000.0,0.0,262000000.0,262000000.0,262000000.0,16000000.0,0.0,0.214,835000000.0,390000000.0,0.0,0.516,1.739,10.073,10.024,0.0,0.0,41.9,2.345,2.332,0.0,7187000000.0,1225000000.0,1225000000.0,0.0,,,,,0.0,549000000.0,1.0,284634069.0,283000000.0,285000000.0,4.329,63731000000.0,0.0,145000000.0,0.0,225.198,
75,PNC,MRQ,2002-09-30,2002-09-30,2002-09-30,2021-08-06,325000000.0,67659000000.0,,,,,23.651,0.0,3403000000.0,3403000000.0,0.0,285000000.0,,8.909,10026000000.0,,,10026000000.0,0.0,64000000.0,44960000000.0,0.046,0.48,432000000.0,496000000.0,0.405,496000000.0,432000000.0,432000000.0,1.0,1.0,1.0,6717000000.0,,6717000000.0,19699950382.0,27.0,19.238,840000000.0,2.958,1.0,1226000000.0,1.0,2650000000.0,0.0,71632000000.0,,0.0,54559000000.0,,,59839000000.0,,,11985950382.0,564000000.0,0.0,20000000.0,-729000000.0,-136000000.0,-312000000.0,36000000.0,138000000.0,840000000.0,0.0,285000000.0,285000000.0,285000000.0,0.0,0.0,0.232,775000000.0,451000000.0,0.0,0.48,1.784,24.362,23.96,0.0,0.0,42.17,2.818,2.815,0.0,7062000000.0,1226000000.0,1226000000.0,0.0,,,,,0.0,568000000.0,1.0,284229319.0,284000000.0,285000000.0,4.317,65009000000.0,0.0,147000000.0,0.0,228.905,
76,PNC,MRQ,2002-06-30,2002-06-30,2002-06-30,2021-08-06,170000000.0,66913000000.0,,,,,22.58,0.0,2839000000.0,2839000000.0,0.0,320000000.0,,9.306,10553000000.0,,,10553000000.0,0.0,57000000.0,44427000000.0,0.037,0.48,485000000.0,542000000.0,0.406,542000000.0,485000000.0,485000000.0,1.13,1.12,1.13,6390000000.0,,6390000000.0,23018152000.0,34.0,24.078,1425000000.0,5.035,1.0,1336000000.0,1.0,2656000000.0,0.0,71971000000.0,,0.0,54679000000.0,,,59465000000.0,,,14816152000.0,53000000.0,0.0,25000000.0,-604000000.0,-137000000.0,-1199000000.0,-173000000.0,-98000000.0,1425000000.0,0.0,320000000.0,320000000.0,320000000.0,0.0,0.0,0.24,825000000.0,511000000.0,0.0,0.425,2.319,32.635,32.472,0.0,0.0,52.28,3.525,3.52,0.0,6913000000.0,1336000000.0,1336000000.0,0.0,,,,,0.0,580000000.0,1.0,283400000.0,283000000.0,285000000.0,4.721,64257000000.0,0.0,165000000.0,0.0,227.057,
77,PNC,MRQ,2002-03-31,2002-03-31,2002-03-31,2021-08-06,-30000000.0,66564000000.0,,,,,21.127,0.0,2786000000.0,2786000000.0,0.0,317000000.0,,9.961,10988000000.0,,,10988000000.0,0.0,58000000.0,44910000000.0,0.031,0.48,481000000.0,539000000.0,0.415,539000000.0,481000000.0,481000000.0,1.12,1.11,1.12,5979000000.0,,5979000000.0,25175888297.0,39.0,27.013,1288000000.0,4.551,1.0,1298000000.0,1.0,2659000000.0,0.0,72107000000.0,,0.0,54672000000.0,,,59554000000.0,,,17412888297.0,-1541000000.0,-1676000000.0,2000000.0,-1066000000.0,-136000000.0,-3594000000.0,765000000.0,2479000000.0,1288000000.0,0.0,317000000.0,317000000.0,317000000.0,0.0,0.0,0.244,792000000.0,506000000.0,0.0,0.429,2.912,40.589,41.268,0.0,0.0,61.49,4.226,4.224,0.0,6730000000.0,1298000000.0,1298000000.0,0.0,,,,,0.0,569000000.0,1.0,283182441.0,283000000.0,285000000.0,4.587,63905000000.0,0.0,164000000.0,0.0,225.813,
78,PNC,MRQ,2001-12-31,2001-12-31,2001-12-31,2021-08-06,5000000.0,69638000000.0,,,,,20.504,0.0,4327000000.0,4327000000.0,0.0,-430000000.0,,10.784,12160000000.0,,,12160000000.0,0.0,109000000.0,47304000000.0,0.034,0.48,-662000000.0,-553000000.0,-1.404,-553000000.0,-662000000.0,-662000000.0,-1.49,-1.47,-1.49,5823000000.0,,5823000000.0,25497577876.0,45.0,29.207,1189000000.0,4.187,1.0,394000000.0,1.0,2373000000.0,0.0,75098000000.0,,0.0,56846000000.0,,,62797000000.0,,,15964577876.0,814000000.0,-18000000.0,-43000000.0,-906000000.0,-140000000.0,1092000000.0,-1467000000.0,-1377000000.0,1189000000.0,0.0,-430000000.0,-430000000.0,-430000000.0,0.0,0.0,-1.091,1033000000.0,-639000000.0,0.0,-0.322,2.742,42.346,44.252,0.0,0.0,56.2,3.98,4.021,0.0,6549000000.0,394000000.0,394000000.0,0.0,,,,,0.0,560000000.0,1.0,284067222.0,284000000.0,287000000.0,1.387,67265000000.0,0.0,-232000000.0,0.0,236.849,
79,PNC,MRQ,2001-09-30,2001-09-30,2001-09-30,2021-08-06,152000000.0,71812000000.0,,,,,23.682,0.0,3513000000.0,3513000000.0,0.0,247000000.0,,9.477,13046000000.0,,,13046000000.0,0.0,53000000.0,44918000000.0,0.034,0.48,375000000.0,428000000.0,0.364,428000000.0,375000000.0,375000000.0,0.85,0.84,0.85,6773000000.0,,6773000000.0,24946441770.0,14.0,12.773,-370000000.0,-1.294,1.0,1175000000.0,1.0,2393000000.0,0.0,78952000000.0,,0.0,56329000000.0,,,64191000000.0,,,16486441770.0,-146000000.0,0.0,-303000000.0,814000000.0,-141000000.0,-511000000.0,735000000.0,801000000.0,-370000000.0,0.0,247000000.0,247000000.0,247000000.0,0.0,0.0,0.21,776000000.0,399000000.0,0.0,0.565,2.434,14.449,14.679,0.0,0.0,57.25,3.362,3.339,0.0,7115000000.0,1175000000.0,1175000000.0,0.0,,,,,0.0,551000000.0,1.0,287972782.0,286000000.0,289000000.0,4.108,69419000000.0,0.0,128000000.0,0.0,242.724,
80,PNC,MRQ,2001-06-30,2001-06-30,2001-06-30,2021-08-06,-60000000.0,69998000000.0,,,,,23.431,0.0,3659000000.0,3659000000.0,0.0,295000000.0,,9.247,12119000000.0,,,12119000000.0,0.0,67000000.0,45799000000.0,0.029,0.48,451000000.0,518000000.0,0.413,518000000.0,451000000.0,451000000.0,1.01,1.0,1.01,6748000000.0,,6748000000.0,28286720531.0,16.0,13.593,588000000.0,2.042,1.0,1253000000.0,1.0,2405000000.0,0.0,76053000000.0,,0.0,57137000000.0,,,62402000000.0,,,19005720531.0,661000000.0,0.0,-40000000.0,-123000000.0,-144000000.0,-1793000000.0,1866000000.0,1920000000.0,588000000.0,0.0,295000000.0,295000000.0,295000000.0,0.0,0.0,0.235,778000000.0,475000000.0,0.0,0.475,2.816,15.63,15.853,0.0,0.0,65.79,3.855,3.843,0.0,7010000000.0,1253000000.0,1253000000.0,0.0,,,,,0.0,548000000.0,1.0,288884641.0,288000000.0,291000000.0,4.351,67593000000.0,0.0,156000000.0,0.0,234.698,
81,PNC,MRQ,2001-03-31,2001-03-31,2001-03-31,2021-08-06,7000000.0,70966000000.0,,,,,23.464,0.0,2998000000.0,2998000000.0,0.0,265000000.0,,9.34,12279000000.0,,,12279000000.0,0.0,80000000.0,47189000000.0,0.027,0.48,400000000.0,480000000.0,0.404,480000000.0,400000000.0,400000000.0,0.9,0.89,0.9,6781000000.0,,6781000000.0,27676823031.0,15.0,12.976,150000000.0,0.519,1.0,1189000000.0,1.0,2437000000.0,0.0,77810000000.0,,0.0,59545000000.0,,,63337000000.0,,,19620823031.0,-664000000.0,503000000.0,-111000000.0,484000000.0,-144000000.0,-246000000.0,-568000000.0,-1147000000.0,150000000.0,0.0,265000000.0,265000000.0,265000000.0,-5000000.0,0.0,0.223,764000000.0,425000000.0,0.0,0.533,2.893,15.874,16.093,0.0,0.0,67.75,3.992,3.984,0.0,6857000000.0,1189000000.0,1189000000.0,0.0,,,,,0.0,540000000.0,1.0,289606244.0,289000000.0,293000000.0,4.114,68529000000.0,0.0,135000000.0,0.0,237.125,
82,PNC,MRQ,2000-12-31,2000-12-31,2000-12-31,2021-08-06,-88000000.0,69844000000.0,,,,,22.952,0.0,3662000000.0,3662000000.0,0.0,334000000.0,,9.366,11718000000.0,,,11718000000.0,0.0,31000000.0,47664000000.0,0.025,0.48,496000000.0,527000000.0,0.409,527000000.0,496000000.0,496000000.0,1.14,1.28,1.14,6656000000.0,,6656000000.0,30330315178.0,16.0,13.812,1299000000.0,4.479,1.0,1287000000.0,1.0,2468000000.0,0.0,75432000000.0,,0.0,58990000000.0,,,62340000000.0,,,21137315178.0,556000000.0,-26000000.0,-30000000.0,-581000000.0,-139000000.0,-580000000.0,-163000000.0,-33000000.0,1299000000.0,0.0,334000000.0,334000000.0,334000000.0,-20000000.0,0.0,0.26,767000000.0,520000000.0,0.0,0.421,3.176,16.526,16.795,0.0,0.0,73.06,4.246,4.256,0.0,6736000000.0,1287000000.0,1287000000.0,0.0,,,,,0.0,543000000.0,1.0,289314470.0,290000000.0,293000000.0,4.438,67376000000.0,0.0,162000000.0,0.0,232.331,
83,PNC,MRQ,2000-09-30,2000-09-30,2000-09-30,2021-08-06,-177000000.0,69884000000.0,,,,,22.087,0.0,3106000000.0,3106000000.0,0.0,322000000.0,,9.816,12299000000.0,,,12299000000.0,0.0,79000000.0,47494000000.0,0.028,0.45,477000000.0,556000000.0,0.463,556000000.0,477000000.0,477000000.0,1.1,1.01,1.1,6383000000.0,,6383000000.0,34246461135.0,19.0,16.086,481000000.0,1.664,1.0,1201000000.0,1.0,2476000000.0,0.0,76601000000.0,,0.0,59753000000.0,,,62653000000.0,,,18799461135.0,-13000000.0,0.0,-42000000.0,-729000000.0,-136000000.0,206000000.0,-700000000.0,-2058000000.0,481000000.0,0.0,322000000.0,322000000.0,322000000.0,-23000000.0,0.0,0.268,730000000.0,471000000.0,0.0,0.409,2.945,15.052,15.366,0.0,0.0,65.0,3.878,3.875,0.0,6545000000.0,1201000000.0,1201000000.0,0.0,,,,,0.0,519000000.0,1.0,289222479.0,289000000.0,292000000.0,4.156,67408000000.0,0.0,155000000.0,0.0,233.246,
84,PNC,MRQ,2000-06-30,2000-06-30,2000-06-30,2021-08-06,-254000000.0,75737000000.0,,,,,21.231,0.0,3138000000.0,3138000000.0,0.0,315000000.0,,11.163,18585000000.0,,,18585000000.0,0.0,96000000.0,47426000000.0,0.038,0.45,474000000.0,570000000.0,0.46,570000000.0,474000000.0,474000000.0,1.07,1.01,1.07,6157000000.0,,6157000000.0,29518085936.0,16.0,14.05,401000000.0,1.383,1.0,1238000000.0,1.0,4366000000.0,0.0,86818000000.0,,0.0,63487000000.0,,,68732000000.0,,,13614085936.0,947000000.0,-4000000.0,-82000000.0,-329000000.0,-135000000.0,68000000.0,478000000.0,1950000000.0,401000000.0,0.0,315000000.0,315000000.0,315000000.0,-16000000.0,0.0,0.254,763000000.0,475000000.0,0.0,0.421,2.211,10.917,11.162,0.0,0.0,46.88,2.86,2.856,0.0,6358000000.0,1238000000.0,1238000000.0,0.0,,,,,0.0,518000000.0,1.0,290402857.0,290000000.0,292000000.0,4.269,71371000000.0,0.0,159000000.0,0.0,246.107,
85,PNC,MRQ,2000-03-31,2000-03-31,2000-03-31,2021-08-06,-264000000.0,74307000000.0,,,,,20.689,0.0,2190000000.0,2190000000.0,0.0,308000000.0,,11.164,18094000000.0,,,18094000000.0,0.0,77000000.0,46701000000.0,0.038,0.45,466000000.0,543000000.0,0.434,543000000.0,466000000.0,466000000.0,1.04,1.01,1.04,6039000000.0,,6039000000.0,29432213015.0,16.0,14.035,867000000.0,2.97,1.0,1252000000.0,1.0,4155000000.0,0.0,86056000000.0,,0.0,63325000000.0,,,67420000000.0,,,13182213015.0,-908000000.0,0.0,-85000000.0,-843000000.0,-136000000.0,-1099000000.0,-676000000.0,-613000000.0,867000000.0,0.0,308000000.0,308000000.0,308000000.0,-6000000.0,0.0,0.246,776000000.0,476000000.0,0.0,0.433,2.183,10.571,10.806,0.0,0.0,45.06,2.764,2.758,0.0,6178000000.0,1252000000.0,1252000000.0,0.0,,,,,0.0,533000000.0,1.0,292548003.0,291900000.0,294100000.0,4.289,70152000000.0,0.0,158000000.0,0.0,240.329,
86,PNC,MRQ,1999-12-31,1999-12-31,1999-12-31,2021-08-06,-267000000.0,69286000000.0,,,,,20.224,0.0,3080000000.0,3080000000.0,0.0,304000000.0,,10.51,14229000000.0,,,14229000000.0,0.0,39000000.0,45802000000.0,0.038,0.45,421000000.0,460000000.0,0.398,460000000.0,421000000.0,421000000.0,1.02,1.16,1.02,5946000000.0,,5946000000.0,32412500000.0,18.0,15.041,240000000.0,0.816,1.0,1157000000.0,1.0,2512000000.0,0.0,77923000000.0,,0.0,59799000000.0,,,62492000000.0,,,15708500000.0,906000000.0,-1121000000.0,8000000.0,-253000000.0,-137000000.0,1140000000.0,-474000000.0,707000000.0,240000000.0,0.0,304000000.0,304000000.0,304000000.0,-17000000.0,0.0,0.263,721000000.0,436000000.0,0.0,0.441,2.642,12.428,10.621,0.0,0.0,44.5,3.392,2.854,0.0,6006000000.0,1157000000.0,1157000000.0,0.0,,,,,0.0,488000000.0,1.0,353000000.0,294000000.0,296100000.0,3.935,66774000000.0,0.0,117000000.0,0.0,227.122,
87,PNC,MRQ,1999-09-30,1999-09-30,1999-09-30,2021-08-06,-236000000.0,73003000000.0,,,,,19.935,0.0,2194000000.0,2194000000.0,0.0,320000000.0,,11.29,18898000000.0,,,18898000000.0,0.0,49000000.0,45146000000.0,0.031,0.41,479000000.0,528000000.0,0.474,528000000.0,479000000.0,479000000.0,1.07,0.99,1.07,5871000000.0,,5871000000.0,34875570000.0,19.0,17.334,1129000000.0,3.834,1.0,1114000000.0,1.0,2943000000.0,0.0,86764000000.0,,0.0,64039000000.0,,,66284000000.0,,,18599570000.0,-9000000.0,-286000000.0,-194000000.0,1022000000.0,-127000000.0,-971000000.0,-167000000.0,156000000.0,1129000000.0,0.0,320000000.0,320000000.0,320000000.0,-21000000.0,0.0,0.287,640000000.0,474000000.0,0.0,0.383,3.168,14.939,12.851,0.0,0.0,52.69,4.033,3.365,0.0,5839000000.0,1114000000.0,1114000000.0,0.0,,,,,0.0,436000000.0,1.0,353000000.0,294500000.0,297600000.0,3.783,70060000000.0,0.0,159000000.0,0.0,237.895,
88,PNC,MRQ,1999-06-30,1999-06-30,1999-06-30,2021-08-06,-248000000.0,75558000000.0,,,,,19.351,0.0,2188000000.0,2188000000.0,0.0,315000000.0,,11.982,18464000000.0,,,18464000000.0,0.0,87000000.0,47685000000.0,0.028,0.41,479000000.0,566000000.0,0.454,566000000.0,479000000.0,479000000.0,1.04,1.03,1.04,5755000000.0,,5755000000.0,37944864000.0,21.0,17.748,-398000000.0,-1.338,1.0,1246000000.0,1.0,2769000000.0,0.0,89065000000.0,,0.0,66145000000.0,,,68955000000.0,,,20331864000.0,-134000000.0,0.0,-195000000.0,-1503000000.0,-127000000.0,61000000.0,203000000.0,236000000.0,-398000000.0,0.0,315000000.0,315000000.0,315000000.0,0.0,0.0,0.253,751000000.0,495000000.0,0.0,0.394,3.533,16.859,14.59,0.0,0.0,57.63,4.393,3.703,0.0,5646000000.0,1246000000.0,1246000000.0,0.0,,,,,0.0,484000000.0,1.0,352800000.0,297400000.0,300900000.0,4.19,72789000000.0,0.0,164000000.0,0.0,244.751,
89,PNC,MRQ,1999-03-31,1999-03-31,1999-03-31,2021-08-06,-89000000.0,74868000000.0,,,,,19.62,0.0,2322000000.0,2322000000.0,0.0,325000000.0,,11.48,19935000000.0,,,19935000000.0,0.0,130000000.0,45799000000.0,0.029,0.41,488000000.0,618000000.0,0.471,618000000.0,488000000.0,488000000.0,1.06,1.05,1.06,5931000000.0,,5931000000.0,35196886961.0,20.0,16.673,801000000.0,2.65,1.0,1311000000.0,1.0,2457000000.0,0.0,90024000000.0,,0.0,65881000000.0,,,68089000000.0,,,16784886961.0,-212000000.0,3261000000.0,-281000000.0,-1008000000.0,-129000000.0,-3115000000.0,2102000000.0,-1186000000.0,801000000.0,0.0,325000000.0,325000000.0,325000000.0,0.0,0.0,0.248,807000000.0,504000000.0,0.0,0.387,2.83,14.383,14.507,0.0,0.0,55.56,3.691,3.694,0.0,5458000000.0,1311000000.0,1311000000.0,0.0,,,,,0.0,602000000.0,1.0,302103797.0,302300000.0,305500000.0,4.337,72411000000.0,0.0,163000000.0,0.0,239.534,
90,PNC,MRQ,1998-12-31,1998-12-31,1998-12-31,2021-08-06,-43000000.0,77207000000.0,,,,,20.03,0.0,2534000000.0,2534000000.0,0.0,285000000.0,,11.636,20946000000.0,,,20946000000.0,0.0,-121000000.0,47496000000.0,0.029,0.41,421000000.0,300000000.0,0.319,300000000.0,421000000.0,421000000.0,0.93,0.81,0.93,6043000000.0,,6043000000.0,34238633858.0,20.0,17.154,1723000000.0,5.711,1.0,941000000.0,1.0,2548000000.0,0.0,93071000000.0,,0.0,68211000000.0,,,70316000000.0,,,16248633858.0,611000000.0,43000000.0,-63000000.0,-1476000000.0,-128000000.0,-1707000000.0,595000000.0,980000000.0,1723000000.0,0.0,285000000.0,285000000.0,285000000.0,-35000000.0,0.0,0.303,538000000.0,403000000.0,0.0,0.441,2.689,14.573,14.835,0.0,0.0,54.0,3.736,3.735,0.0,5262000000.0,941000000.0,941000000.0,0.0,,,,,0.0,340000000.0,1.0,300900627.0,301700000.0,304500000.0,3.119,74659000000.0,0.0,136000000.0,0.0,247.461,
91,PNC,MRQ,1998-09-30,1998-09-30,1998-09-30,2021-08-06,17000000.0,76238000000.0,,,,,19.271,0.0,1982000000.0,1982000000.0,0.0,281000000.0,,12.014,19972000000.0,,,19972000000.0,0.0,220000000.0,46875000000.0,0.035,0.39,434000000.0,654000000.0,0.579,654000000.0,434000000.0,434000000.0,0.92,0.91,0.92,5793000000.0,,5793000000.0,31964371585.0,19.0,14.613,-391000000.0,-1.301,1.0,1130000000.0,1.0,0.0,0.0,94228000000.0,,0.0,67753000000.0,,,69597000000.0,,,13570371585.0,-112000000.0,-105000000.0,-38000000.0,-423000000.0,-123000000.0,-552000000.0,831000000.0,501000000.0,-391000000.0,0.0,281000000.0,281000000.0,281000000.0,0.0,0.0,0.249,680000000.0,450000000.0,0.0,0.424,2.343,12.484,12.57,0.0,0.0,45.0,3.047,3.038,0.0,5105000000.0,1130000000.0,1130000000.0,0.0,,,,,0.0,450000000.0,1.0,301563813.0,300600000.0,304200000.0,3.759,76238000000.0,0.0,153000000.0,0.0,253.619,
92,PNC,MRQ,1998-06-30,1998-06-30,1998-06-30,2021-08-06,-16000000.0,75873000000.0,,,,,18.752,0.0,2094000000.0,2094000000.0,0.0,280000000.0,,12.319,20488000000.0,,,20488000000.0,0.0,117000000.0,47096000000.0,0.029,0.39,422000000.0,539000000.0,0.463,539000000.0,422000000.0,422000000.0,0.92,0.9,0.92,5633000000.0,,5633000000.0,32003317498.0,20.0,15.716,-523000000.0,-1.741,1.0,1165000000.0,1.0,0.0,0.0,94267000000.0,,0.0,67424000000.0,,,69392000000.0,,,16209317498.0,-487000000.0,-998000000.0,-65000000.0,2094000000.0,-122000000.0,3518000000.0,-3482000000.0,-1647000000.0,-523000000.0,0.0,276000000.0,276000000.0,276000000.0,0.0,4000000.0,0.237,725000000.0,440000000.0,0.0,0.424,2.878,15.183,15.394,0.0,0.0,53.88,3.699,3.695,0.0,4947000000.0,1165000000.0,1165000000.0,0.0,,,,,0.0,465000000.0,1.0,300841082.0,300400000.0,305700000.0,3.878,75873000000.0,0.0,146000000.0,0.0,252.573,
93,PNC,MRQ,1998-03-31,1998-03-31,1998-03-31,2021-08-06,-32000000.0,72355000000.0,,,,,18.253,0.0,2581000000.0,2581000000.0,0.0,269000000.0,,12.068,18375000000.0,,,18375000000.0,0.0,94000000.0,46068000000.0,0.025,0.39,401000000.0,495000000.0,0.445,495000000.0,401000000.0,401000000.0,0.88,0.87,0.88,5487000000.0,,5487000000.0,33347574878.0,21.0,16.866,-83000000.0,-0.276,1.0,1113000000.0,1.0,0.0,0.0,88149000000.0,,0.0,64227000000.0,,,66218000000.0,,,18028574878.0,-1722000000.0,29000000.0,-53000000.0,-1210000000.0,-122000000.0,-2962000000.0,1323000000.0,642000000.0,-83000000.0,0.0,265000000.0,265000000.0,265000000.0,0.0,4000000.0,0.238,695000000.0,418000000.0,0.0,0.443,3.286,17.159,17.629,0.0,0.0,59.94,4.232,4.23,0.0,4788000000.0,1113000000.0,1113000000.0,0.0,,,,,0.0,487000000.0,1.0,300777025.0,300600000.0,306100000.0,3.703,72355000000.0,0.0,136000000.0,0.0,240.702,
94,PNC,MRQ,1997-12-31,1997-12-31,1997-12-31,2021-08-06,-23000000.0,75120000000.0,,,,,17.362,0.0,4303000000.0,4303000000.0,0.0,265021000.0,,12.832,19622000000.0,,,19622000000.0,0.0,90000000.0,47649000000.0,0.026,0.39,409404000.0,499404000.0,0.478,499404000.0,409404000.0,409404000.0,0.86,0.84,0.86,5384000000.0,,5384000000.0,,,,-679000000.0,-2.19,1.0,1045066000.0,1.0,1632000000.0,0.0,88807000000.0,,0.0,65645000000.0,,,69086000000.0,,,17126243804.0,843000000.0,0.0,-280000000.0,601000000.0,-123000000.0,3061000000.0,-1539000000.0,-1155000000.0,-679000000.0,0.0,265021000.0,265021000.0,265021000.0,0.0,0.0,0.254,622677000.0,422389000.0,0.0,0.453,3.181,16.28,17.099,0.0,0.0,56.94,4.078,4.204,0.0,4641000000.0,1045066000.0,1045066000.0,0.0,,,,,0.0,429821000.0,1.0,300777025.0,310100000.0,,3.37,73488000000.0,0.0,144383000.0,0.0,236.982,
95,PNC,MRQ,1997-09-30,1997-09-30,1997-09-30,2021-08-06,,,,,,,,0.0,,,0.0,261595000.0,,,,,,,,96000000.0,,0.03,0.37,407009000.0,503009000.0,0.475,503009000.0,407009000.0,407009000.0,0.84,0.83,0.84,,,,,,,252000000.0,,1.0,1059164000.0,1.0,,0.0,,,,,,,,,,,-216000000.0,0.0,-98000000.0,-119000000.0,-119000000.0,-760000000.0,292000000.0,180000000.0,252000000.0,0.0,261595000.0,261595000.0,261595000.0,0.0,0.0,0.247,638963000.0,420201000.0,,0.44,,,,,0.0,48.88,,,,,1059164000.0,1059164000.0,0.0,,,,,0.0,410572000.0,1.0,,,,,,,145414000.0,,,
96,PNC,MRQ,1997-06-30,1997-06-30,1997-06-30,2021-08-06,,,,,,,,0.0,,,0.0,259075000.0,,,,,,,,87000000.0,,0.035,0.37,392750000.0,479750000.0,0.46,479750000.0,392750000.0,392750000.0,0.82,0.81,0.82,,,,,,,313000000.0,1.01,1.0,1042542000.0,1.0,,0.0,,,,,,,,,,,580000000.0,0.0,-535000000.0,522000000.0,-121000000.0,483000000.0,-216000000.0,268000000.0,313000000.0,0.0,259075000.0,259075000.0,259075000.0,0.0,0.0,0.249,639925000.0,402617000.0,,0.451,,,,,0.0,41.75,,,,,1042542000.0,1042542000.0,0.0,,,,,0.0,419050000.0,1.0,,309962000.0,315818000.0,3.363,,,133675000.0,,,
97,PNC,MRQ,1997-03-31,1997-03-31,1997-03-31,2021-08-06,,,,,,,,0.0,,,0.0,266309000.0,,,,,,,,73000000.0,,0.036,0.37,408837000.0,481837000.0,0.457,481837000.0,408837000.0,408837000.0,0.81,0.8,0.81,,,,,,,73000000.0,0.227,1.0,1053228000.0,1.0,,0.0,,,,,,,,,,,-920000000.0,0.0,-464000000.0,-1050000000.0,-125000000.0,-2408000000.0,1415000000.0,1366000000.0,73000000.0,0.0,266309000.0,266309000.0,266309000.0,0.0,0.0,0.253,637435000.0,415793000.0,,0.457,,,,,0.0,40.0,,,,,1053228000.0,1053228000.0,0.0,,,,,0.0,420557000.0,1.0,,321752000.0,327917000.0,3.273,,,142528000.0,,,
98,PNC,MRQ,1996-12-31,1996-12-31,1996-12-31,2021-08-06,-67000000.0,73260000000.0,,,,,17.333,,4016000000.0,4016000000.0,,,,11.423,19604000000.0,,,19604000000.0,0.0,,45676000000.0,0.038,0.37,,,,,,,,,,5869000000.0,,5869000000.0,,,,,,1.0,,,0.0,,88848000000.0,,0.0,64264000000.0,,,67041000000.0,,,,,,,,,,,,,,,,,,,,,,0.0,,,,12.928,0.0,,37.62,,3.287,0.0,4075000000.0,,,,,,,,,,1.0,,338600000.0,,,73260000000.0,0.0,,0.0,216.361,
0,PNC,MRT,2021-06-30,2021-06-30,2021-06-30,2021-08-06,1463000000.0,554212000000.0,489280500000.0,,,0.036,127.932,0.0,81171000000.0,81171000000.0,0.0,5917000000.0,,9.144,34813000000.0,,,34813000000.0,0.0,1579000000.0,452883000000.0,0.024,4.6,6915000000.0,8494000000.0,0.489,8494000000.0,6915000000.0,6915000000.0,13.2,13.18,13.2,54627000000.0,53940500000.0,54627000000.0,20459978655.0,3.0,2.409,4523000000.0,10.593,1.0,17376000000.0,1.0,10958000000.0,0.0,496896000000.0,430241000000.0,0.0,427058000000.0,,,499527000000.0,,,81045978655.0,2386000000.0,-10511000000.0,-101000000.0,-13822000000.0,-1971000000.0,4798000000.0,-6935000000.0,5652000000.0,4523000000.0,0.0,5868000000.0,5648000000.0,5648000000.0,0.0,49000000.0,0.325,10863000000.0,6513000000.0,0.0,0.348,1.484,14.35,14.452,0.0,220000000.0,190.76,4.664,4.688,0.0,48663000000.0,17376000000.0,17376000000.0,0.0,0.012,0.105,0.016,0.398,0.0,8357000000.0,1.0,424858349.0,427000000.0,427000000.0,40.693,543254000000.0,0.0,1047000000.0,0.0,1272.258,
1,PNC,MRT,2021-03-31,2021-03-31,2021-03-31,2021-08-06,1290000000.0,474414000000.0,465472000000.0,,,0.036,126.406,0.0,93616000000.0,93616000000.0,0.0,8469000000.0,,7.81,33030000000.0,,,33030000000.0,0.0,1544000000.0,375067000000.0,0.026,4.6,9102000000.0,10646000000.0,0.634,10646000000.0,9102000000.0,9102000000.0,19.17,19.15,19.17,53849000000.0,53514500000.0,53849000000.0,19382434502.0,2.0,1.821,6135000000.0,14.401,1.0,16785000000.0,1.0,9317000000.0,0.0,404511000000.0,416067000000.0,0.0,340587000000.0,,,420535000000.0,,,74377434502.0,-38000000.0,14225000000.0,-99000000.0,-39512000000.0,-1970000000.0,27642000000.0,-33815000000.0,-46562000000.0,6135000000.0,0.0,8425000000.0,8198000000.0,8198000000.0,-4399000000.0,44000000.0,0.488,10328000000.0,6457000000.0,0.0,0.24,1.381,9.073,9.15,0.0,227000000.0,175.41,4.431,4.452,0.0,48113000000.0,16785000000.0,16785000000.0,0.0,0.018,0.153,0.022,0.542,0.0,8020000000.0,1.0,424020492.0,426000000.0,426000000.0,39.401,465097000000.0,0.0,677000000.0,0.0,1091.777,
2,PNC,MRT,2020-12-31,2020-12-31,2020-12-31,2021-08-06,2770000000.0,466679000000.0,458241750000.0,,,0.037,126.487,0.0,92190000000.0,92190000000.0,0.0,7558000000.0,,7.64,37195000000.0,,,37195000000.0,0.0,1497000000.0,365345000000.0,0.031,4.6,7943000000.0,9440000000.0,0.559,9440000000.0,7943000000.0,7943000000.0,16.99,16.96,16.99,54010000000.0,52368000000.0,54010000000.0,27653455705.0,3.0,2.929,4659000000.0,10.911,1.0,16901000000.0,1.0,9233000000.0,0.0,402451000000.0,435484250000.0,0.0,334257000000.0,,,412638000000.0,,,63131455705.0,1956000000.0,14225000000.0,-1559000000.0,-24131000000.0,-1980000000.0,48419000000.0,-51122000000.0,-64083000000.0,4659000000.0,0.0,7517000000.0,7284000000.0,7284000000.0,-4555000000.0,41000000.0,0.431,10297000000.0,6604000000.0,0.0,0.271,1.169,8.667,8.77,0.0,233000000.0,149.0,3.735,3.764,0.0,46848000000.0,16901000000.0,16901000000.0,0.0,0.016,0.139,0.018,0.47,0.0,7911000000.0,1.0,423701045.0,427000000.0,427000000.0,39.581,457446000000.0,0.0,426000000.0,0.0,1071.302,
3,PNC,MRT,2020-09-30,2020-09-30,2020-09-30,2021-08-06,2997000000.0,461817000000.0,444145750000.0,,,0.038,125.061,0.0,77588000000.0,77588000000.0,0.0,7483000000.0,,7.668,42110000000.0,,,42110000000.0,0.0,1355000000.0,355079000000.0,0.042,4.6,7765000000.0,9120000000.0,0.536,9120000000.0,7765000000.0,7765000000.0,16.74,16.71,16.74,53276000000.0,51194000000.0,53276000000.0,37112108353.0,5.0,4.069,5839000000.0,13.707,1.0,17014000000.0,1.0,9233000000.0,0.0,417106000000.0,443084250000.0,0.0,342551000000.0,,,408507000000.0,,,46657108353.0,958000000.0,14300000000.0,-2485000000.0,-20464000000.0,-1997000000.0,43763000000.0,-48644000000.0,-62496000000.0,5839000000.0,0.0,7442000000.0,7202000000.0,7202000000.0,-4793000000.0,41000000.0,0.423,10351000000.0,6663000000.0,0.0,0.275,0.876,6.478,6.566,0.0,240000000.0,109.91,2.742,2.752,0.0,45947000000.0,17014000000.0,17014000000.0,0.0,0.016,0.141,0.018,0.456,0.0,7909000000.0,1.0,424502851.0,426000000.0,426000000.0,39.939,452584000000.0,0.0,323000000.0,0.0,1062.404,
4,PNC,MRT,2020-06-30,2020-06-30,2020-06-30,2021-08-06,3069000000.0,458978000000.0,430920500000.0,,,0.039,124.232,0.0,56571000000.0,56571000000.0,0.0,7343000000.0,,7.672,47026000000.0,,,47026000000.0,0.0,1448000000.0,345997000000.0,0.044,4.6,7714000000.0,9162000000.0,0.54,9162000000.0,7714000000.0,7714000000.0,16.29,16.26,16.29,52923000000.0,50230000000.0,52923000000.0,90556440261.0,12.0,9.884,6050000000.0,14.202,1.0,16975000000.0,1.0,9233000000.0,0.0,440200000000.0,447966250000.0,0.0,358254000000.0,,,406030000000.0,,,44636440261.0,922000000.0,14300000000.0,-3404000000.0,-23368000000.0,-2021000000.0,43616000000.0,-48744000000.0,-62635000000.0,6050000000.0,0.0,7302000000.0,7062000000.0,7062000000.0,-5004000000.0,41000000.0,0.416,10443000000.0,6532000000.0,0.0,0.282,0.843,6.321,6.459,0.0,240000000.0,105.21,2.63,2.64,0.0,44986000000.0,16975000000.0,16975000000.0,0.0,0.016,0.141,0.017,0.454,0.0,7908000000.0,1.0,424260434.0,426000000.0,426000000.0,39.847,449745000000.0,0.0,412000000.0,0.0,1055.739,
5,PNC,MRT,2020-03-31,2020-03-31,2020-03-31,2021-08-06,2518000000.0,445493000000.0,417616250000.0,,,0.041,114.832,0.0,27479000000.0,27479000000.0,0.0,5062000000.0,,8.043,73399000000.0,,,73399000000.0,0.0,1371000000.0,305204000000.0,0.046,4.4,5825000000.0,7196000000.0,0.42,7196000000.0,5825000000.0,5825000000.0,10.78,10.74,10.78,49263000000.0,49334250000.0,49263000000.0,73144727764.0,13.0,10.165,5266000000.0,12.275,1.0,17114000000.0,1.0,9233000000.0,0.0,482180000000.0,448435750000.0,0.0,367225000000.0,,,396203000000.0,,,41037727764.0,2431000000.0,75000000.0,-4183000000.0,11889000000.0,-1962000000.0,39511000000.0,-42346000000.0,-41378000000.0,5266000000.0,0.0,5016000000.0,4776000000.0,4776000000.0,-794000000.0,46000000.0,0.279,10539000000.0,6575000000.0,0.0,0.408,0.833,8.592,8.879,0.0,240000000.0,95.72,2.398,2.399,0.0,41885000000.0,17114000000.0,17114000000.0,0.0,0.011,0.097,0.013,0.34,0.0,7946000000.0,1.0,428726784.0,429000000.0,430000000.0,39.893,436260000000.0,0.0,809000000.0,0.0,1016.923,
6,PNC,MRT,2019-12-31,2019-12-31,2019-12-31,2021-08-06,799000000.0,410295000000.0,404452250000.0,,,0.042,110.322,0.0,28474000000.0,28474000000.0,0.0,5418000000.0,,7.319,60263000000.0,,,60263000000.0,0.0,1315000000.0,288540000000.0,0.026,4.2,6270000000.0,7585000000.0,0.45,7585000000.0,6270000000.0,6270000000.0,11.43,11.39,11.43,49314000000.0,49152500000.0,49314000000.0,106896142868.0,17.0,14.093,7363000000.0,16.472,1.0,16839000000.0,1.0,9233000000.0,0.0,432851000000.0,433749500000.0,0.0,331828000000.0,,,360952000000.0,,,69945142868.0,-547000000.0,75000000.0,-3488000000.0,1983000000.0,-1895000000.0,17080000000.0,-24990000000.0,-24360000000.0,7363000000.0,0.0,5369000000.0,5129000000.0,5129000000.0,-827000000.0,49000000.0,0.305,10574000000.0,6265000000.0,0.0,0.367,1.418,13.637,13.966,0.0,240000000.0,159.63,4.154,4.237,0.0,42215000000.0,16839000000.0,16839000000.0,0.0,0.013,0.104,0.014,0.372,0.0,7992000000.0,1.0,438170412.0,447000000.0,448000000.0,37.671,401062000000.0,0.0,901000000.0,0.0,897.23,
7,PNC,MRT,2019-09-30,2019-09-30,2019-09-30,2021-08-06,837000000.0,408916000000.0,397457250000.0,,,0.041,111.306,0.0,24707000000.0,24707000000.0,0.0,5388000000.0,,7.274,61658000000.0,,,61658000000.0,0.0,1194000000.0,285583000000.0,0.029,4.0,6191000000.0,7385000000.0,0.458,7385000000.0,6191000000.0,6191000000.0,11.22,11.18,11.22,49420000000.0,48756000000.0,49420000000.0,107945207665.0,17.0,14.617,6385000000.0,14.381,1.0,16141000000.0,1.0,9233000000.0,0.0,436634000000.0,429111750000.0,0.0,339202000000.0,,,359461000000.0,,,62407207665.0,423000000.0,0.0,-3277000000.0,1783000000.0,-1828000000.0,17078000000.0,-23040000000.0,-21748000000.0,6385000000.0,0.0,5339000000.0,5099000000.0,5099000000.0,-1188000000.0,49000000.0,0.316,10389000000.0,5752000000.0,0.0,0.357,1.263,12.239,12.492,0.0,240000000.0,140.16,3.866,3.855,0.0,41413000000.0,16141000000.0,16141000000.0,0.0,0.013,0.105,0.014,0.384,0.0,7817000000.0,1.0,445256904.0,444000000.0,445000000.0,36.354,399683000000.0,0.0,852000000.0,0.0,900.187,
8,PNC,MRT,2019-06-30,2019-06-30,2019-06-30,2021-08-06,631000000.0,405761000000.0,390248250000.0,,,0.042,109.401,0.0,23778000000.0,23778000000.0,0.0,5396000000.0,,7.223,69316000000.0,,,69316000000.0,0.0,1141000000.0,273260000000.0,0.028,3.8,6207000000.0,7348000000.0,0.452,7348000000.0,6207000000.0,6207000000.0,11.11,11.06,11.11,49340000000.0,48165500000.0,49340000000.0,101789397108.0,16.0,13.853,6945000000.0,15.399,1.0,16256000000.0,1.0,9221000000.0,0.0,442078000000.0,420967500000.0,0.0,338569000000.0,,,356380000000.0,,,61973397108.0,-9000000.0,0.0,-2780000000.0,8402000000.0,-1756000000.0,12039000000.0,-18993000000.0,-17795000000.0,6945000000.0,0.0,5349000000.0,5109000000.0,5109000000.0,-977000000.0,47000000.0,0.314,10374000000.0,5882000000.0,0.0,0.342,1.256,12.13,12.356,0.0,240000000.0,137.28,3.812,3.809,0.0,40616000000.0,16256000000.0,16256000000.0,0.0,0.013,0.106,0.015,0.382,0.0,7787000000.0,1.0,451437916.0,451000000.0,452000000.0,36.044,396540000000.0,0.0,858000000.0,0.0,879.246,
9,PNC,MRT,2019-03-31,2019-03-31,2019-03-31,2021-08-06,-5000000.0,392837000000.0,383985750000.0,,,0.043,106.673,0.0,20323000000.0,20323000000.0,0.0,5378000000.0,,7.093,60139000000.0,,,60139000000.0,0.0,1121000000.0,271221000000.0,0.029,3.6,6256000000.0,7377000000.0,0.451,7377000000.0,6256000000.0,6256000000.0,10.96,10.9,10.96,48536000000.0,47556500000.0,48536000000.0,96843111949.0,15.0,13.128,6319000000.0,13.888,1.0,16365000000.0,1.0,9218000000.0,0.0,423435000000.0,411349750000.0,0.0,328535000000.0,,,344262000000.0,,,55640111949.0,413000000.0,0.0,-2805000000.0,1012000000.0,-1679000000.0,2836000000.0,-8742000000.0,-7555000000.0,6319000000.0,0.0,5333000000.0,5093000000.0,5093000000.0,-788000000.0,45000000.0,0.311,10347000000.0,6018000000.0,0.0,0.328,1.146,10.925,11.192,0.0,240000000.0,122.66,3.4,3.41,0.0,39742000000.0,16365000000.0,16365000000.0,0.0,0.013,0.107,0.015,0.382,0.0,7744000000.0,1.0,453612522.0,455000000.0,456000000.0,35.967,383619000000.0,0.0,923000000.0,0.0,843.119,
10,PNC,MRT,2018-12-31,2018-12-31,2018-12-31,2021-08-06,-725000000.0,382315000000.0,380566750000.0,,,0.043,102.201,0.0,16501000000.0,16501000000.0,0.0,5346000000.0,,7.009,57704000000.0,,,57704000000.0,0.0,1129000000.0,267839000000.0,0.029,3.4,6229000000.0,7358000000.0,0.454,7358000000.0,6229000000.0,6229000000.0,10.79,10.71,10.79,47728000000.0,47164750000.0,47728000000.0,87140141568.0,14.0,11.843,7840000000.0,16.788,1.0,16190000000.0,1.0,9218000000.0,0.0,414300000000.0,404191500000.0,0.0,322188000000.0,,,334545000000.0,,,53945141568.0,359000000.0,0.0,-2808000000.0,-1541000000.0,-1601000000.0,-3512000000.0,-3969000000.0,-2285000000.0,7840000000.0,0.0,5301000000.0,5061000000.0,5061000000.0,-788000000.0,45000000.0,0.313,10296000000.0,5894000000.0,0.0,0.315,1.13,10.659,10.835,0.0,240000000.0,116.91,3.332,3.372,0.0,38919000000.0,16190000000.0,16190000000.0,0.0,0.013,0.107,0.015,0.385,0.0,7677000000.0,1.0,461424528.0,467000000.0,470000000.0,34.668,373097000000.0,0.0,928000000.0,0.0,798.923,
11,PNC,MRT,2018-09-30,2018-09-30,2018-09-30,2021-08-06,-1260000000.0,380080000000.0,380180000000.0,,,0.045,101.2,0.0,25048000000.0,25048000000.0,0.0,6086000000.0,,7.076,58243000000.0,,,58243000000.0,0.0,1097000000.0,264884000000.0,0.023,3.2,5845000000.0,6942000000.0,0.407,6942000000.0,5845000000.0,5845000000.0,12.23,12.12,12.23,47058000000.0,47111000000.0,47058000000.0,95347336093.0,16.0,13.735,6567000000.0,14.123,1.0,17052000000.0,1.0,9218000000.0,0.0,404057000000.0,399900500000.0,0.0,316963000000.0,,,332978000000.0,,,63233336093.0,512000000.0,-19000000.0,-2566000000.0,1146000000.0,-1521000000.0,990000000.0,-7045000000.0,-5629000000.0,6567000000.0,0.0,6044000000.0,5803000000.0,5803000000.0,0.0,42000000.0,0.34,10780000000.0,6272000000.0,0.0,0.262,1.344,10.897,11.136,0.0,241000000.0,136.19,3.708,3.714,0.0,38080000000.0,17052000000.0,17052000000.0,0.0,0.015,0.123,0.015,0.343,0.0,7781000000.0,1.0,464302343.0,465000000.0,467000000.0,36.671,370862000000.0,0.0,-199000000.0,0.0,797.553,
12,PNC,MRT,2018-06-30,2018-06-30,2018-06-30,2021-08-06,-940000000.0,380711000000.0,378957750000.0,,,0.044,100.009,0.0,27397000000.0,27397000000.0,0.0,5812000000.0,,7.115,59511000000.0,,,59511000000.0,0.0,1116000000.0,264885000000.0,0.022,3.0,5722000000.0,6838000000.0,0.407,6838000000.0,5722000000.0,5722000000.0,11.57,11.46,11.57,46904000000.0,46943500000.0,46904000000.0,88288281800.0,15.0,12.911,7898000000.0,16.84,1.0,16820000000.0,1.0,9218000000.0,0.0,403607000000.0,397495250000.0,0.0,316199000000.0,,,333736000000.0,,,63429281800.0,386000000.0,-19000000.0,-2610000000.0,3609000000.0,-1439000000.0,5073000000.0,-12585000000.0,-10801000000.0,7898000000.0,0.0,5769000000.0,5528000000.0,5528000000.0,0.0,43000000.0,0.329,10628000000.0,6192000000.0,0.0,0.259,1.352,11.474,11.677,0.0,241000000.0,135.1,3.771,3.767,0.0,37201000000.0,16820000000.0,16820000000.0,0.0,0.015,0.118,0.014,0.34,0.0,7649000000.0,1.0,469498755.0,469000000.0,472000000.0,35.864,371493000000.0,0.0,-47000000.0,0.0,792.096,
13,PNC,MRT,2018-03-31,2018-03-31,2018-03-31,2021-08-06,-699000000.0,379161000000.0,376827500000.0,,,0.044,99.3,0.0,33470000000.0,33470000000.0,0.0,5553000000.0,,7.071,58329000000.0,,,58329000000.0,0.0,1118000000.0,264704000000.0,0.019,2.8,5545000000.0,6663000000.0,0.402,6663000000.0,5545000000.0,5545000000.0,10.95,10.84,10.95,46969000000.0,46738500000.0,46969000000.0,96864329676.0,17.0,14.538,6911000000.0,14.611,1.0,16556000000.0,1.0,9218000000.0,0.0,394802000000.0,394647500000.0,0.0,308524000000.0,,,332126000000.0,,,71323329676.0,-354000000.0,-1342000000.0,-2494000000.0,3409000000.0,-1353000000.0,3260000000.0,-10525000000.0,-7837000000.0,6911000000.0,0.0,5510000000.0,5268000000.0,5268000000.0,0.0,43000000.0,0.318,10523000000.0,6033000000.0,0.0,0.256,1.519,13.539,13.812,0.0,242000000.0,151.24,4.308,4.321,0.0,36266000000.0,16556000000.0,16556000000.0,0.0,0.014,0.113,0.014,0.335,0.0,7560000000.0,1.0,471590384.0,473000000.0,476000000.0,35.002,369943000000.0,0.0,35000000.0,0.0,782.121,
14,PNC,MRT,2017-12-31,2017-12-31,2017-12-31,2021-08-06,-148000000.0,380768000000.0,374773250000.0,,,0.044,98.78,0.0,33844000000.0,33844000000.0,0.0,5388000000.0,,7.012,59385000000.0,,,59385000000.0,0.0,1117000000.0,265053000000.0,0.018,2.6,5440000000.0,6557000000.0,0.402,6557000000.0,5440000000.0,5440000000.0,10.49,10.36,10.49,47513000000.0,46434750000.0,47513000000.0,97061337977.0,18.0,14.803,5579000000.0,11.599,1.0,16329000000.0,1.0,9173000000.0,0.0,397136000000.0,392029000000.0,0.0,309857000000.0,,,333183000000.0,,,68653337977.0,370000000.0,-1342000000.0,-2315000000.0,6512000000.0,-1266000000.0,9686000000.0,-14895000000.0,-12333000000.0,5579000000.0,0.0,5338000000.0,5076000000.0,5076000000.0,0.0,50000000.0,0.311,10398000000.0,5931000000.0,0.0,0.248,1.445,13.525,13.755,0.0,262000000.0,144.29,4.204,4.25,0.0,35481000000.0,16329000000.0,16329000000.0,0.0,0.014,0.109,0.014,0.333,0.0,7445000000.0,1.0,475801081.0,481000000.0,486000000.0,33.948,371595000000.0,0.0,102000000.0,0.0,772.547,
15,PNC,MRT,2017-09-30,2017-09-30,2017-09-30,2021-08-06,-22000000.0,375191000000.0,371176250000.0,,,0.043,96.843,0.0,29449000000.0,29449000000.0,0.0,4344000000.0,,7.087,57857000000.0,,,57857000000.0,0.0,1135000000.0,260735000000.0,0.018,2.4,5721000000.0,6856000000.0,0.43,6856000000.0,5721000000.0,5721000000.0,8.3,8.19,8.3,46388000000.0,45981250000.0,46388000000.0,93771666204.0,16.0,13.677,5920000000.0,12.359,1.0,15943000000.0,1.0,9163000000.0,0.0,394436000000.0,387668500000.0,0.0,308125000000.0,,,328739000000.0,,,64582666204.0,205000000.0,-1323000000.0,-2248000000.0,6700000000.0,-1174000000.0,3492000000.0,-9207000000.0,-6438000000.0,5920000000.0,0.0,4283000000.0,4035000000.0,4035000000.0,0.0,61000000.0,0.253,9778000000.0,6165000000.0,0.0,0.289,1.392,16.006,16.237,0.0,248000000.0,134.77,4.051,4.049,0.0,33819000000.0,15943000000.0,15943000000.0,0.0,0.011,0.088,0.015,0.359,0.0,7209000000.0,1.0,479206546.0,479000000.0,483000000.0,33.284,366028000000.0,0.0,1438000000.0,0.0,764.15,
16,PNC,MRT,2017-06-30,2017-06-30,2017-06-30,2021-08-06,-98000000.0,372190000000.0,369715500000.0,,,0.042,95.215,0.0,27521000000.0,27521000000.0,0.0,4224000000.0,,7.074,56710000000.0,,,56710000000.0,0.0,1200000000.0,259176000000.0,0.018,2.2,5524000000.0,6724000000.0,0.43,6724000000.0,5524000000.0,5524000000.0,7.99,7.87,7.99,46084000000.0,45811000000.0,46084000000.0,82911772938.0,15.0,12.331,4959000000.0,10.246,1.0,15647000000.0,1.0,9163000000.0,0.0,392216000000.0,384110250000.0,0.0,306620000000.0,,,326005000000.0,,,60424772938.0,843000000.0,-1323000000.0,-2192000000.0,2475000000.0,-1085000000.0,7871000000.0,-11987000000.0,-9355000000.0,4959000000.0,0.0,4157000000.0,3909000000.0,3909000000.0,0.0,67000000.0,0.25,9716000000.0,5931000000.0,0.0,0.275,1.311,15.458,15.628,0.0,248000000.0,124.87,3.862,3.863,0.0,33133000000.0,15647000000.0,15647000000.0,0.0,0.011,0.085,0.014,0.353,0.0,7170000000.0,1.0,483901441.0,484000000.0,488000000.0,32.329,363027000000.0,0.0,1367000000.0,0.0,750.056,
17,PNC,MRT,2017-03-31,2017-03-31,2017-03-31,2021-08-06,-279000000.0,370944000000.0,367001750000.0,,,0.042,93.951,0.0,32880000000.0,32880000000.0,0.0,4116000000.0,,7.104,55367000000.0,,,55367000000.0,0.0,1202000000.0,260710000000.0,0.018,2.16,5335000000.0,6537000000.0,0.425,6537000000.0,5335000000.0,5335000000.0,7.71,7.59,7.71,45754000000.0,45679500000.0,45754000000.0,80872429785.0,15.0,12.371,4814000000.0,9.885,1.0,15381000000.0,1.0,9103000000.0,0.0,384328000000.0,380014000000.0,0.0,300878000000.0,,,325041000000.0,,,58455429785.0,1142000000.0,0.0,-2006000000.0,1713000000.0,-1072000000.0,8347000000.0,-12019000000.0,-10925000000.0,4814000000.0,0.0,4036000000.0,3802000000.0,3802000000.0,0.0,80000000.0,0.247,9597000000.0,5784000000.0,0.0,0.28,1.278,15.375,15.595,0.0,234000000.0,120.24,3.8,3.807,0.0,32372000000.0,15381000000.0,15381000000.0,0.0,0.01,0.083,0.014,0.347,0.0,7086000000.0,1.0,486156269.0,487000000.0,492000000.0,31.583,361841000000.0,0.0,1299000000.0,0.0,743.0,
18,PNC,MRT,2016-12-31,2016-12-31,2016-12-31,2021-08-06,-265000000.0,366380000000.0,364512000000.0,,,0.042,92.508,0.0,30590000000.0,30590000000.0,0.0,3985000000.0,,6.992,53007000000.0,,,53007000000.0,0.0,1193000000.0,257164000000.0,0.018,2.12,5171000000.0,6364000000.0,0.42,6364000000.0,5171000000.0,5171000000.0,7.42,7.3,7.42,45699000000.0,45523500000.0,45699000000.0,77163222692.0,15.0,12.125,3500000000.0,7.085,1.0,15162000000.0,1.0,9103000000.0,0.0,379694000000.0,377094500000.0,0.0,299181000000.0,,,319526000000.0,,,56901222692.0,814000000.0,0.0,-1911000000.0,-1296000000.0,-1061000000.0,4621000000.0,-7307000000.0,-6490000000.0,3500000000.0,0.0,3903000000.0,3688000000.0,3688000000.0,0.0,82000000.0,0.243,9476000000.0,5686000000.0,0.0,0.286,1.245,15.429,15.763,0.0,215000000.0,116.96,3.753,3.811,0.0,31670000000.0,15162000000.0,15162000000.0,0.0,0.01,0.081,0.014,0.341,0.0,6955000000.0,1.0,486501562.0,494000000.0,500000000.0,30.692,357277000000.0,0.0,1268000000.0,0.0,723.233,
19,PNC,MRT,2016-09-30,2016-09-30,2016-09-30,2021-08-06,646000000.0,369348000000.0,362540250000.0,,,0.042,93.28,0.0,31589000000.0,31589000000.0,0.0,3960000000.0,,7.056,51851000000.0,,,51851000000.0,0.0,1203000000.0,259895000000.0,0.023,2.08,5196000000.0,6399000000.0,0.423,6399000000.0,5196000000.0,5196000000.0,7.29,7.21,7.29,45707000000.0,45276250000.0,45707000000.0,68199048882.0,13.0,10.658,4187000000.0,8.545,1.0,15141000000.0,1.0,9407000000.0,0.0,380203000000.0,374564000000.0,0.0,303622000000.0,,,322503000000.0,,,44271048882.0,696000000.0,0.0,-2041000000.0,-5012000000.0,-1050000000.0,6839000000.0,-10330000000.0,-10032000000.0,4187000000.0,0.0,3886000000.0,3671000000.0,3671000000.0,0.0,74000000.0,0.242,9431000000.0,5710000000.0,0.0,0.285,0.969,12.06,12.358,0.0,215000000.0,90.09,2.924,2.916,0.0,30958000000.0,15141000000.0,15141000000.0,0.0,0.01,0.081,0.014,0.343,0.0,6929000000.0,1.0,491409134.0,490000000.0,496000000.0,30.9,359941000000.0,0.0,1310000000.0,0.0,734.573,
20,PNC,MRT,2016-06-30,2016-06-30,2016-06-30,2021-08-06,736000000.0,361335000000.0,360734500000.0,,,0.042,91.666,0.0,30946000000.0,30946000000.0,0.0,4027000000.0,,6.906,54874000000.0,,,54874000000.0,0.0,1119000000.0,249778000000.0,0.025,2.04,5190000000.0,6309000000.0,0.418,6309000000.0,5190000000.0,5190000000.0,7.35,7.27,7.35,45558000000.0,45086500000.0,45558000000.0,61760958954.0,12.0,9.789,4630000000.0,9.316,1.0,15087000000.0,1.0,9432000000.0,0.0,375831000000.0,372384500000.0,0.0,295641000000.0,,,314636000000.0,,,40639958954.0,-216000000.0,0.0,-2127000000.0,-3926000000.0,-1038000000.0,3020000000.0,-7866000000.0,-7603000000.0,4630000000.0,0.0,3953000000.0,3738000000.0,3738000000.0,0.0,74000000.0,0.248,9389000000.0,5698000000.0,0.0,0.278,0.892,10.872,11.073,0.0,215000000.0,81.39,2.694,2.681,0.0,30309000000.0,15087000000.0,15087000000.0,0.0,0.01,0.083,0.014,0.344,0.0,6879000000.0,1.0,499323737.0,497000000.0,503000000.0,30.356,351903000000.0,0.0,1237000000.0,0.0,708.054,
21,PNC,MRT,2016-03-31,2016-03-31,2016-03-31,2021-08-06,532000000.0,360985000000.0,358887000000.0,,,0.042,90.08,0.0,33339000000.0,33339000000.0,0.0,4082000000.0,,6.972,54460000000.0,,,54460000000.0,0.0,1106000000.0,250359000000.0,0.024,2.04,5356000000.0,6462000000.0,0.426,6462000000.0,5356000000.0,5356000000.0,7.43,7.33,7.43,45130000000.0,44825750000.0,45130000000.0,62560465495.0,12.0,9.681,5541000000.0,11.06,1.0,15159000000.0,1.0,9456000000.0,0.0,372650000000.0,369563750000.0,0.0,293605000000.0,,,314657000000.0,,,42378465495.0,-290000000.0,0.0,-2143000000.0,-2693000000.0,-1047000000.0,7451000000.0,-13282000000.0,-12960000000.0,5541000000.0,0.0,4027000000.0,3807000000.0,3807000000.0,0.0,55000000.0,0.251,9395000000.0,5764000000.0,0.0,0.275,0.939,11.132,11.382,0.0,220000000.0,84.57,2.796,2.795,0.0,29642000000.0,15159000000.0,15159000000.0,0.0,0.011,0.085,0.014,0.353,0.0,6844000000.0,1.0,501105185.0,501000000.0,507000000.0,30.257,351529000000.0,0.0,1329000000.0,0.0,701.655,
22,PNC,MRT,2015-12-31,2015-12-31,2015-12-31,2021-08-06,130000000.0,358493000000.0,356380750000.0,,,0.043,86.984,0.0,34611000000.0,34611000000.0,0.0,4143000000.0,,6.99,54793000000.0,,,54793000000.0,0.0,1088000000.0,249002000000.0,0.021,2.01,5470000000.0,6558000000.0,0.431,6558000000.0,5470000000.0,5470000000.0,7.52,7.39,7.52,44710000000.0,44799500000.0,44710000000.0,67268969750.0,12.0,10.258,5525000000.0,10.749,1.0,15225000000.0,1.0,9103000000.0,0.0,369572000000.0,367178250000.0,0.0,288213000000.0,,,312513000000.0,,,48398969750.0,-295000000.0,0.0,-2013000000.0,-2367000000.0,-1038000000.0,10440000000.0,-16260000000.0,-15554000000.0,5525000000.0,0.0,4106000000.0,3881000000.0,3881000000.0,0.0,37000000.0,0.255,9463000000.0,5762000000.0,0.0,0.267,1.083,12.471,12.674,0.0,225000000.0,95.31,3.179,3.218,0.0,29043000000.0,15225000000.0,15225000000.0,0.0,0.011,0.087,0.015,0.359,0.0,6847000000.0,1.0,507805789.0,514000000.0,521000000.0,29.621,349390000000.0,0.0,1364000000.0,0.0,679.747,
23,PNC,MRT,2015-09-30,2015-09-30,2015-09-30,2021-08-06,615000000.0,362125000000.0,353025500000.0,,,0.043,87.789,0.0,38059000000.0,38059000000.0,0.0,4178000000.0,,7.027,56929000000.0,,,56929000000.0,0.0,1066000000.0,244979000000.0,0.022,1.98,5436000000.0,6502000000.0,0.424,6502000000.0,5436000000.0,5436000000.0,7.53,7.38,7.53,44948000000.0,44759750000.0,44948000000.0,65954104301.0,12.0,10.144,4638000000.0,9.059,1.0,15319000000.0,1.0,9510000000.0,0.0,371485000000.0,363876250000.0,0.0,287271000000.0,,,315847000000.0,,,45813104301.0,-329000000.0,0.0,-1962000000.0,3973000000.0,-1031000000.0,18913000000.0,-23880000000.0,-23391000000.0,4638000000.0,0.0,4134000000.0,3904000000.0,3904000000.0,0.0,44000000.0,0.255,9606000000.0,5713000000.0,0.0,0.263,1.019,11.735,11.846,0.0,230000000.0,89.2,2.991,2.981,0.0,28337000000.0,15319000000.0,15319000000.0,0.0,0.011,0.087,0.015,0.355,23000000.0,6773000000.0,1.0,513599824.0,512000000.0,520000000.0,29.92,352615000000.0,0.0,1302000000.0,0.0,688.701,
24,PNC,MRT,2015-06-30,2015-06-30,2015-06-30,2021-08-06,379000000.0,353945000000.0,346100250000.0,,,0.044,86.103,0.0,38381000000.0,38381000000.0,0.0,4143000000.0,,6.92,58522000000.0,,,58522000000.0,0.0,1042000000.0,239704000000.0,0.02,1.95,5540000000.0,6582000000.0,0.428,6582000000.0,5540000000.0,5540000000.0,7.42,7.27,7.42,44515000000.0,44643000000.0,44515000000.0,71253081956.0,13.0,10.825,3771000000.0,7.294,1.0,15385000000.0,1.0,9538000000.0,0.0,364548000000.0,357385750000.0,0.0,281994000000.0,,,308033000000.0,,,49539081956.0,-480000000.0,0.0,-1723000000.0,9209000000.0,-1025000000.0,22843000000.0,-27094000000.0,-26767000000.0,3771000000.0,0.0,4116000000.0,3879000000.0,3879000000.0,0.0,27000000.0,0.252,9611000000.0,5774000000.0,0.0,0.263,1.113,12.771,12.891,0.0,237000000.0,95.65,3.22,3.214,0.0,27609000000.0,15385000000.0,15385000000.0,0.0,0.011,0.087,0.016,0.36,36000000.0,6726000000.0,1.0,517920355.0,517000000.0,525000000.0,29.758,344407000000.0,0.0,1424000000.0,0.0,666.164,
25,PNC,MRT,2015-03-31,2015-03-31,2015-03-31,2021-08-06,703000000.0,350960000000.0,339380000000.0,,,0.045,86.42,0.0,35349000000.0,35349000000.0,0.0,4151000000.0,,6.763,57063000000.0,,,57063000000.0,0.0,1004000000.0,236503000000.0,0.021,1.92,5497000000.0,6501000000.0,0.424,6501000000.0,5497000000.0,5497000000.0,7.38,7.24,7.38,45025000000.0,44565500000.0,45025000000.0,69437108933.0,13.0,10.681,3925000000.0,7.534,1.0,15329000000.0,1.0,9566000000.0,0.0,363108000000.0,352129500000.0,0.0,280507000000.0,,,304522000000.0,,,48549108933.0,-572000000.0,0.0,-1412000000.0,9809000000.0,-1016000000.0,21297000000.0,-25794000000.0,-25410000000.0,3925000000.0,0.0,4125000000.0,3888000000.0,3888000000.0,0.0,26000000.0,0.254,9573000000.0,5756000000.0,0.0,0.26,1.078,12.487,12.634,0.0,237000000.0,93.24,3.167,3.169,0.0,26882000000.0,15329000000.0,15329000000.0,0.0,0.011,0.087,0.016,0.359,16000000.0,6662000000.0,1.0,520689714.0,521000000.0,529000000.0,29.422,341394000000.0,0.0,1372000000.0,0.0,655.267,
26,PNC,MRT,2014-12-31,2014-12-31,2014-12-31,2021-08-06,503000000.0,345072000000.0,332495750000.0,,,0.046,84.217,0.0,36139000000.0,36139000000.0,0.0,4207000000.0,,6.711,57027000000.0,,,57027000000.0,0.0,988000000.0,232234000000.0,0.021,1.88,5591000000.0,6579000000.0,0.428,6579000000.0,5591000000.0,5591000000.0,7.44,7.3,7.44,44551000000.0,44139500000.0,44551000000.0,70173116040.0,13.0,10.666,5585000000.0,10.558,1.0,15375000000.0,1.0,9596000000.0,0.0,356364000000.0,346269500000.0,0.0,275855000000.0,,,298998000000.0,,,48006116040.0,317000000.0,0.0,-924000000.0,10469000000.0,-1000000000.0,19625000000.0,-24893000000.0,-24694000000.0,5585000000.0,0.0,4184000000.0,3947000000.0,3947000000.0,0.0,23000000.0,0.257,9488000000.0,5887000000.0,0.0,0.253,1.078,12.163,12.262,0.0,237000000.0,91.23,3.122,3.139,0.0,26200000000.0,15375000000.0,15375000000.0,0.0,0.012,0.089,0.016,0.364,0.0,6556000000.0,1.0,526209756.0,529000000.0,537000000.0,29.064,335476000000.0,0.0,1407000000.0,0.0,634.17,
27,PNC,MRT,2014-09-30,2014-09-30,2014-09-30,2021-08-06,727000000.0,334424000000.0,326275750000.0,,,0.048,84.085,0.0,30411000000.0,30411000000.0,0.0,4224000000.0,,6.484,52578000000.0,,,52578000000.0,0.0,987000000.0,226304000000.0,0.022,1.84,5689000000.0,6676000000.0,0.431,6676000000.0,5689000000.0,5689000000.0,7.46,7.33,7.46,44481000000.0,43585250000.0,44481000000.0,73791678930.0,13.0,11.053,4239000000.0,8.013,1.0,15501000000.0,1.0,11068000000.0,0.0,345523000000.0,341946250000.0,0.0,269822000000.0,,,288429000000.0,,,46261678930.0,-744000000.0,0.0,-382000000.0,11995000000.0,-982000000.0,20670000000.0,-25653000000.0,-25123000000.0,4239000000.0,0.0,4209000000.0,3970000000.0,3970000000.0,0.0,15000000.0,0.256,9463000000.0,6038000000.0,0.0,0.247,1.04,11.653,11.472,0.0,239000000.0,85.58,2.984,2.921,0.0,25464000000.0,15501000000.0,15501000000.0,0.0,0.012,0.091,0.017,0.367,-23000000.0,6550000000.0,1.0,540566475.0,529000000.0,537000000.0,29.302,323356000000.0,0.0,1480000000.0,0.0,611.259,
28,PNC,MRT,2014-06-30,2014-06-30,2014-06-30,2021-08-06,881000000.0,327064000000.0,319819000000.0,,,0.049,83.092,0.0,21768000000.0,21768000000.0,0.0,4214000000.0,,6.363,49298000000.0,,,49298000000.0,0.0,1039000000.0,222554000000.0,0.02,1.8,5648000000.0,6687000000.0,0.429,6687000000.0,5648000000.0,5648000000.0,7.44,7.31,7.44,44205000000.0,42747500000.0,44205000000.0,74998165900.0,13.0,11.216,7229000000.0,13.588,1.0,15580000000.0,1.0,11071000000.0,0.0,343523000000.0,336786000000.0,0.0,270698000000.0,,,281271000000.0,,,47564165900.0,841000000.0,0.0,0.0,9065000000.0,-958000000.0,18186000000.0,-24574000000.0,-24131000000.0,7229000000.0,0.0,4198000000.0,3959000000.0,3959000000.0,0.0,16000000.0,0.254,9500000000.0,6080000000.0,0.0,0.242,1.076,12.014,11.969,0.0,239000000.0,89.05,3.053,3.041,0.0,24755000000.0,15580000000.0,15580000000.0,0.0,0.012,0.093,0.017,0.363,-41000000.0,6523000000.0,1.0,534128758.0,532000000.0,539000000.0,29.286,315993000000.0,0.0,1450000000.0,0.0,593.972,
29,PNC,MRT,2014-03-31,2014-03-31,2014-03-31,2021-08-06,656000000.0,323423000000.0,314156750000.0,,,0.05,81.43,0.0,19600000000.0,19600000000.0,0.0,4277000000.0,,6.429,47034000000.0,,,47034000000.0,0.0,1099000000.0,222382000000.0,0.02,1.76,5739000000.0,6838000000.0,0.432,6838000000.0,5739000000.0,5739000000.0,7.56,7.44,7.56,43321000000.0,41767750000.0,43321000000.0,76632621070.0,13.0,11.207,6463000000.0,12.148,1.0,15834000000.0,1.0,11189000000.0,0.0,339668000000.0,332266500000.0,0.0,269319000000.0,,,278505000000.0,,,46463621070.0,775000000.0,0.0,298000000.0,9362000000.0,-936000000.0,19612000000.0,-25300000000.0,-25216000000.0,6463000000.0,0.0,4260000000.0,4016000000.0,4016000000.0,0.0,17000000.0,0.254,9577000000.0,6257000000.0,0.0,0.233,1.073,11.57,11.508,0.0,244000000.0,87.0,2.934,2.923,0.0,24010000000.0,15834000000.0,15834000000.0,0.0,0.013,0.096,0.017,0.362,-35000000.0,6528000000.0,1.0,534064610.0,532000000.0,539000000.0,29.763,312234000000.0,0.0,1479000000.0,0.0,586.906,
30,PNC,MRT,2013-12-31,2013-12-31,2013-12-31,2021-08-06,436000000.0,320192000000.0,308504000000.0,,,0.052,80.178,0.0,16178000000.0,16178000000.0,0.0,4212000000.0,,6.523,46347000000.0,,,46347000000.0,0.0,1146000000.0,220931000000.0,0.022,1.72,5677000000.0,6823000000.0,0.426,6823000000.0,5677000000.0,5677000000.0,7.45,7.36,7.45,42334000000.0,40853250000.0,42334000000.0,68833936700.0,12.0,10.089,5555000000.0,10.521,1.0,16012000000.0,1.0,11290000000.0,0.0,339071000000.0,327902500000.0,0.0,270172000000.0,,,276155000000.0,,,41280936700.0,-1177000000.0,0.0,220000000.0,5333000000.0,-911000000.0,12203000000.0,-18935000000.0,-19064000000.0,5555000000.0,0.0,4201000000.0,3952000000.0,3952000000.0,0.0,11000000.0,0.247,9681000000.0,6331000000.0,0.0,0.231,0.975,10.446,10.413,0.0,249000000.0,77.58,2.578,2.558,0.0,23251000000.0,16012000000.0,16012000000.0,0.0,0.013,0.097,0.017,0.355,-23000000.0,6585000000.0,1.0,532107975.0,528000000.0,532000000.0,30.326,308902000000.0,0.0,1476000000.0,0.0,585.042,
31,PNC,MRT,2013-09-30,2013-09-30,2013-09-30,2021-08-06,47000000.0,308597000000.0,304732750000.0,,,0.053,77.75,0.0,12955000000.0,12955000000.0,0.0,3850000000.0,,6.462,40508000000.0,,,40508000000.0,0.0,1181000000.0,216074000000.0,0.023,1.68,5256000000.0,6437000000.0,0.402,6437000000.0,5256000000.0,5256000000.0,6.79,6.71,6.79,41130000000.0,40020500000.0,41130000000.0,70766043023.0,13.0,10.994,7079000000.0,13.382,1.0,16008000000.0,1.0,11268000000.0,0.0,324882000000.0,324682500000.0,0.0,261641000000.0,,,265777000000.0,,,38508043023.0,624000000.0,-836000000.0,127000000.0,-2770000000.0,-889000000.0,7002000000.0,-13457000000.0,-13070000000.0,7079000000.0,0.0,3846000000.0,3593000000.0,3593000000.0,0.0,4000000.0,0.224,9900000000.0,6108000000.0,0.0,0.247,0.936,10.718,10.67,0.0,253000000.0,72.45,2.406,2.394,0.0,22561000000.0,16008000000.0,16008000000.0,0.0,0.012,0.09,0.016,0.328,-24000000.0,6610000000.0,1.0,531511981.0,529000000.0,534000000.0,30.261,297329000000.0,0.0,1410000000.0,0.0,562.059,
32,PNC,MRT,2013-06-30,2013-06-30,2013-06-30,2021-08-06,45000000.0,304415000000.0,302784250000.0,,,0.053,76.299,0.0,7848000000.0,7848000000.0,0.0,3747000000.0,,6.515,40106000000.0,,,40106000000.0,0.0,1188000000.0,212279000000.0,0.022,1.64,5093000000.0,6281000000.0,0.388,6281000000.0,5093000000.0,5093000000.0,6.65,6.58,6.65,40286000000.0,39408750000.0,40286000000.0,71001579121.0,14.0,11.304,4791000000.0,9.074,1.0,16176000000.0,1.0,11228000000.0,0.0,325445000000.0,325112000000.0,0.0,261042000000.0,,,262474000000.0,,,38605579121.0,-85000000.0,-836000000.0,-11000000.0,-3881000000.0,-868000000.0,1787000000.0,-6663000000.0,-6312000000.0,4791000000.0,0.0,3759000000.0,3514000000.0,3514000000.0,0.0,-12000000.0,0.217,10156000000.0,6020000000.0,0.0,0.247,0.958,10.986,10.965,0.0,245000000.0,72.92,2.387,2.38,0.0,21828000000.0,16176000000.0,16176000000.0,0.0,0.012,0.089,0.016,0.315,-21000000.0,6604000000.0,1.0,529423740.0,528000000.0,531000000.0,30.636,293187000000.0,0.0,1334000000.0,0.0,555.278,
33,PNC,MRT,2013-03-31,2013-03-31,2013-03-31,2021-08-06,767000000.0,300812000000.0,301574250000.0,,,0.052,75.405,0.0,5489000000.0,5489000000.0,0.0,3178000000.0,,6.523,37885000000.0,,,37885000000.0,0.0,1173000000.0,211620000000.0,0.024,1.6,4319000000.0,5492000000.0,0.349,5492000000.0,4319000000.0,4319000000.0,5.65,5.58,5.65,39663000000.0,38588500000.0,39663000000.0,67093954964.0,16.0,12.217,5045000000.0,9.591,1.0,15735000000.0,1.0,10996000000.0,0.0,322212000000.0,324849500000.0,0.0,259857000000.0,,,258734000000.0,,,35140954964.0,-214000000.0,-801000000.0,-96000000.0,-5375000000.0,-845000000.0,1514000000.0,-6773000000.0,-6214000000.0,5045000000.0,0.0,3199000000.0,2982000000.0,2982000000.0,0.0,-21000000.0,0.19,10399000000.0,5336000000.0,0.0,0.283,0.886,11.784,11.77,0.0,217000000.0,66.5,2.233,2.223,0.0,20993000000.0,15735000000.0,15735000000.0,0.0,0.01,0.077,0.013,0.274,-22000000.0,6522000000.0,1.0,528435413.0,526000000.0,528000000.0,29.914,289816000000.0,0.0,1120000000.0,0.0,550.981,
34,PNC,MRT,2012-12-31,2012-12-31,2012-12-31,2021-08-06,834000000.0,305107000000.0,300342000000.0,,,0.052,74.15,0.0,9204000000.0,9204000000.0,0.0,2994000000.0,,6.752,41157000000.0,,,41157000000.0,0.0,1159000000.0,213142000000.0,0.027,1.55,4046000000.0,5205000000.0,0.336,5205000000.0,4046000000.0,4046000000.0,5.33,5.28,5.33,39003000000.0,37434000000.0,39003000000.0,67576009985.0,17.0,12.983,6809000000.0,12.945,1.0,15512000000.0,1.0,10869000000.0,0.0,326191000000.0,324604250000.0,0.0,261355000000.0,,,263342000000.0,,,30838009985.0,1115000000.0,-4130000000.0,-58000000.0,2604000000.0,-820000000.0,11567000000.0,-17261000000.0,-13228000000.0,6809000000.0,0.0,3001000000.0,2820000000.0,2820000000.0,0.0,-7000000.0,0.182,10486000000.0,5026000000.0,0.0,0.291,0.791,10.935,10.94,0.0,181000000.0,58.31,1.988,1.977,0.0,20265000000.0,15512000000.0,15512000000.0,0.0,0.009,0.075,0.012,0.261,-18000000.0,6458000000.0,1.0,528863145.0,526000000.0,529000000.0,29.49,294238000000.0,0.0,1045000000.0,0.0,559.388,
35,PNC,MRT,2012-09-30,2012-09-30,2012-09-30,2021-08-06,991000000.0,300803000000.0,291866500000.0,,,0.051,73.542,0.0,6605000000.0,6605000000.0,0.0,2775000000.0,,6.695,43343000000.0,,,43343000000.0,0.0,1151000000.0,206263000000.0,0.024,1.5,3657000000.0,4808000000.0,0.321,4808000000.0,3657000000.0,3657000000.0,4.97,4.91,4.97,38683000000.0,36196500000.0,38683000000.0,69187489511.0,19.0,14.39,7074000000.0,13.449,1.0,14992000000.0,1.0,10941000000.0,0.0,326600000000.0,316239250000.0,0.0,258610000000.0,,,259001000000.0,,,33405489511.0,302000000.0,-3125000000.0,17000000.0,6407000000.0,-791000000.0,7684000000.0,-14456000000.0,-11445000000.0,7074000000.0,0.0,2771000000.0,2619000000.0,2619000000.0,0.0,4000000.0,0.175,10472000000.0,4520000000.0,0.0,0.302,0.864,12.755,12.696,0.0,152000000.0,63.1,2.228,2.214,0.0,19813000000.0,14992000000.0,14992000000.0,0.0,0.009,0.072,0.012,0.244,-19000000.0,6253000000.0,1.0,529405539.0,526000000.0,529000000.0,28.502,289862000000.0,0.0,886000000.0,0.0,551.068,
36,PNC,MRT,2012-06-30,2012-06-30,2012-06-30,2021-08-06,402000000.0,299575000000.0,284033250000.0,,,0.051,70.218,0.0,8131000000.0,8131000000.0,0.0,2684000000.0,,7.009,43913000000.0,,,43913000000.0,0.0,1125000000.0,206923000000.0,0.024,1.45,3572000000.0,4697000000.0,0.325,4697000000.0,3572000000.0,3572000000.0,4.88,4.82,4.88,37005000000.0,35080500000.0,37005000000.0,68849961457.0,19.0,14.658,6142000000.0,11.655,1.0,14448000000.0,1.0,10962000000.0,0.0,324395000000.0,306558750000.0,0.0,255923000000.0,,,259361000000.0,,,32313961457.0,271000000.0,-3125000000.0,88000000.0,6703000000.0,-764000000.0,15150000000.0,-21021000000.0,-17841000000.0,6142000000.0,0.0,2662000000.0,2569000000.0,2569000000.0,0.0,22000000.0,0.178,9962000000.0,4486000000.0,0.0,0.297,0.873,12.578,12.523,0.0,93000000.0,61.11,2.237,2.229,0.0,19149000000.0,14448000000.0,14448000000.0,0.0,0.009,0.073,0.012,0.247,-17000000.0,5962000000.0,1.0,528783529.0,527000000.0,530000000.0,27.416,288613000000.0,0.0,910000000.0,0.0,547.653,
37,PNC,MRT,2012-03-31,2012-03-31,2012-03-31,2021-08-06,281000000.0,295883000000.0,274918750000.0,,,0.052,66.625,0.0,6246000000.0,6246000000.0,0.0,3050000000.0,,7.352,42782000000.0,,,42782000000.0,0.0,1130000000.0,206127000000.0,0.022,1.4,3995000000.0,5125000000.0,0.355,5125000000.0,3995000000.0,3995000000.0,5.57,5.51,5.57,35045000000.0,33888000000.0,35045000000.0,65692891727.0,16.0,12.818,8082000000.0,15.365,1.0,14427000000.0,1.0,11188000000.0,0.0,321231000000.0,295342000000.0,0.0,253390000000.0,,,257647000000.0,,,34022891727.0,773000000.0,-2899000000.0,63000000.0,5725000000.0,-737000000.0,11461000000.0,-18770000000.0,-15579000000.0,8082000000.0,0.0,3024000000.0,2931000000.0,2931000000.0,0.0,26000000.0,0.203,9490000000.0,4937000000.0,0.0,0.251,0.971,11.608,11.578,0.0,93000000.0,64.49,2.358,2.351,0.0,18834000000.0,14427000000.0,14427000000.0,0.0,0.011,0.086,0.014,0.277,-2000000.0,5769000000.0,1.0,527568487.0,526000000.0,529000000.0,27.428,284695000000.0,0.0,971000000.0,0.0,541.245,
38,PNC,MRT,2011-12-31,2011-12-31,2011-12-31,2021-08-06,-105000000.0,271205000000.0,265792500000.0,,,0.054,64.987,0.0,5274000000.0,5274000000.0,0.0,3071000000.0,,6.87,36944000000.0,,,36944000000.0,0.0,1140000000.0,187966000000.0,0.02,1.15,4054000000.0,5194000000.0,0.363,5194000000.0,4054000000.0,4054000000.0,5.7,5.64,5.7,34053000000.0,32909750000.0,34053000000.0,58904883077.0,15.0,11.341,6033000000.0,11.513,1.0,14326000000.0,1.0,10144000000.0,0.0,292731000000.0,284800750000.0,0.0,233089000000.0,,,233959000000.0,,,30340883077.0,808000000.0,430000000.0,-1000000.0,-3051000000.0,-604000000.0,1324000000.0,-6549000000.0,-6619000000.0,6033000000.0,0.0,3056000000.0,2998000000.0,2998000000.0,0.0,15000000.0,0.209,9105000000.0,5221000000.0,0.0,0.202,0.891,10.12,10.118,0.0,58000000.0,57.67,2.118,2.109,0.0,18253000000.0,14326000000.0,14326000000.0,0.0,0.011,0.091,0.014,0.283,-2000000.0,5614000000.0,1.0,526112070.0,524000000.0,526000000.0,27.34,261061000000.0,0.0,998000000.0,0.0,498.208,
39,PNC,MRT,2011-09-30,2011-09-30,2011-09-30,2021-08-06,397000000.0,269470000000.0,264062250000.0,,,0.056,65.303,0.0,6755000000.0,6755000000.0,0.0,3398000000.0,,6.787,35319000000.0,,,35319000000.0,0.0,1156000000.0,187732000000.0,0.019,0.9,4555000000.0,5711000000.0,0.389,5711000000.0,4555000000.0,4555000000.0,6.37,6.29,6.37,34219000000.0,31957000000.0,34219000000.0,52364553356.0,11.0,9.169,4959000000.0,9.464,1.0,14680000000.0,1.0,10156000000.0,0.0,287878000000.0,283693000000.0,0.0,229313000000.0,,,232228000000.0,,,25359553356.0,258000000.0,1182000000.0,-43000000.0,-4915000000.0,-474000000.0,3740000000.0,-8441000000.0,-8446000000.0,4959000000.0,0.0,3403000000.0,3345000000.0,3345000000.0,0.0,-5000000.0,0.228,8726000000.0,5954000000.0,0.0,0.141,0.741,7.581,7.565,0.0,58000000.0,48.19,1.727,1.72,0.0,17985000000.0,14680000000.0,14680000000.0,0.0,0.013,0.105,0.016,0.31,0.0,5585000000.0,1.0,526240991.0,524000000.0,526000000.0,28.015,259314000000.0,0.0,1152000000.0,0.0,494.874,
40,PNC,MRT,2011-06-30,2011-06-30,2011-06-30,2021-08-06,69000000.0,263117000000.0,261728000000.0,,,0.056,61.517,0.0,8373000000.0,8373000000.0,0.0,3667000000.0,,7.081,35378000000.0,,,35378000000.0,0.0,1186000000.0,181891000000.0,0.011,0.65,4696000000.0,5882000000.0,0.399,5882000000.0,4696000000.0,4696000000.0,6.88,6.81,6.88,32235000000.0,30912750000.0,32235000000.0,61823729094.0,13.0,10.511,4248000000.0,8.107,1.0,14734000000.0,1.0,10594000000.0,0.0,279528000000.0,283081500000.0,0.0,221993000000.0,,,228244000000.0,,,31371729094.0,307000000.0,3505000000.0,-71000000.0,-5135000000.0,-342000000.0,-3625000000.0,-316000000.0,-2794000000.0,4248000000.0,0.0,3674000000.0,3613000000.0,3613000000.0,-328000000.0,-7000000.0,0.245,8744000000.0,5990000000.0,0.0,0.094,0.973,8.683,8.664,0.0,61000000.0,59.61,2.129,2.12,0.0,17344000000.0,14734000000.0,14734000000.0,0.0,0.014,0.117,0.017,0.319,0.0,5603000000.0,1.0,526282991.0,524000000.0,527000000.0,28.118,252523000000.0,0.0,1022000000.0,0.0,481.914,
41,PNC,MRT,2011-03-31,2011-03-31,2011-03-31,2021-08-06,-309000000.0,259378000000.0,261372500000.0,,,0.058,59.412,0.0,4748000000.0,4748000000.0,0.0,3558000000.0,,7.249,35200000000.0,,,35200000000.0,0.0,1112000000.0,181990000000.0,0.006,0.4,4667000000.0,5779000000.0,0.384,5779000000.0,4667000000.0,4667000000.0,6.68,6.61,6.68,31132000000.0,29948250000.0,31132000000.0,67870769329.0,15.0,11.744,3267000000.0,6.235,1.0,15044000000.0,1.0,10764000000.0,0.0,279066000000.0,283603500000.0,0.0,222689000000.0,,,225661000000.0,,,33101769329.0,-174000000.0,3400000000.0,-79000000.0,-6979000000.0,-211000000.0,-8666000000.0,5225000000.0,2216000000.0,3267000000.0,0.0,3573000000.0,3511000000.0,3511000000.0,-350000000.0,-15000000.0,0.233,8570000000.0,6474000000.0,0.0,0.06,1.063,9.428,9.43,0.0,62000000.0,62.99,2.2,2.194,0.0,16640000000.0,15044000000.0,15044000000.0,0.0,0.013,0.117,0.016,0.31,0.0,5594000000.0,1.0,525508324.0,524000000.0,526000000.0,28.71,248614000000.0,0.0,1094000000.0,0.0,474.454,
42,PNC,MRT,2010-12-31,2010-12-31,2010-12-31,2021-08-06,-431000000.0,264284000000.0,262877000000.0,,,0.058,58.495,0.0,4907000000.0,4907000000.0,0.0,3397000000.0,,7.653,39676000000.0,,,39676000000.0,0.0,1059000000.0,183390000000.0,0.007,0.4,4449000000.0,5508000000.0,0.363,5508000000.0,4449000000.0,4449000000.0,5.8,5.74,5.8,30242000000.0,28869750000.0,30242000000.0,67743357712.0,15.0,12.299,4812000000.0,9.308,1.0,15176000000.0,1.0,10753000000.0,0.0,288300000000.0,286643250000.0,0.0,228212000000.0,,,231446000000.0,,,31926357712.0,-991000000.0,3400000000.0,3282000000.0,-3813000000.0,-204000000.0,-11532000000.0,5729000000.0,2376000000.0,4812000000.0,0.0,3412000000.0,3011000000.0,3011000000.0,-373000000.0,-15000000.0,0.198,8613000000.0,6563000000.0,0.0,0.069,1.056,10.603,10.469,0.0,401000000.0,60.72,2.104,2.069,0.0,15859000000.0,15176000000.0,15176000000.0,0.0,0.011,0.104,0.016,0.293,0.0,5570000000.0,1.0,525796405.0,517000000.0,520000000.0,29.354,253531000000.0,0.0,1037000000.0,0.0,490.389,
43,PNC,MRT,2010-09-30,2010-09-30,2010-09-30,2021-08-06,146000000.0,260133000000.0,264271750000.0,,,0.061,57.442,0.0,4139000000.0,4139000000.0,0.0,3684000000.0,,7.572,39956000000.0,,,39956000000.0,0.0,984000000.0,179183000000.0,0.008,0.4,4994000000.0,5978000000.0,0.37,5978000000.0,4994000000.0,4994000000.0,6.45,6.39,6.45,30042000000.0,28794750000.0,30042000000.0,59332502009.0,12.0,9.925,7663000000.0,14.652,1.0,16159000000.0,1.0,10518000000.0,0.0,285432000000.0,286502000000.0,0.0,224818000000.0,,,227467000000.0,,,27273502009.0,298000000.0,2479000000.0,3303000000.0,-5224000000.0,-197000000.0,-14950000000.0,7585000000.0,4952000000.0,7663000000.0,0.0,3733000000.0,3224000000.0,3224000000.0,-377000000.0,-49000000.0,0.2,8482000000.0,7677000000.0,0.0,0.062,0.908,8.46,8.048,0.0,509000000.0,51.91,1.688,1.68,0.0,15114000000.0,16159000000.0,16159000000.0,0.0,0.012,0.112,0.017,0.309,1000000.0,5479000000.0,1.0,525399769.0,523000000.0,526000000.0,30.897,249615000000.0,0.0,1261000000.0,0.0,477.275,
44,PNC,MRT,2010-06-30,2010-06-30,2010-06-30,2021-08-06,-442000000.0,261695000000.0,267090250000.0,,,0.061,54.155,0.0,8586000000.0,8586000000.0,0.0,3140000000.0,,8.13,40645000000.0,,,40645000000.0,0.0,915000000.0,178799000000.0,0.007,0.4,4478000000.0,5393000000.0,0.329,5393000000.0,4478000000.0,4478000000.0,5.38,5.32,5.38,28377000000.0,28516250000.0,28377000000.0,68264848956.0,15.0,12.658,8673000000.0,16.552,1.0,16414000000.0,1.0,12138000000.0,0.0,281616000000.0,289232000000.0,0.0,218729000000.0,,,230705000000.0,,,29721848956.0,-239000000.0,-3240000000.0,3345000000.0,-8120000000.0,-190000000.0,-19953000000.0,11041000000.0,14194000000.0,8673000000.0,0.0,3211000000.0,2597000000.0,2597000000.0,-68000000.0,-71000000.0,0.158,8538000000.0,7876000000.0,0.0,0.074,1.047,11.445,10.502,0.0,614000000.0,56.5,1.811,1.804,0.0,14073000000.0,16414000000.0,16414000000.0,0.0,0.01,0.091,0.015,0.273,0.0,5578000000.0,1.0,526050424.0,524000000.0,527000000.0,31.324,249557000000.0,0.0,1267000000.0,0.0,476.254,
45,PNC,MRT,2010-03-31,2010-03-31,2010-03-31,2021-08-06,-1288000000.0,265396000000.0,271605000000.0,,,0.06,53.851,0.0,4170000000.0,4170000000.0,0.0,2544000000.0,,8.799,42713000000.0,,,42713000000.0,0.0,946000000.0,182523000000.0,0.007,0.4,3587000000.0,4533000000.0,0.278,4533000000.0,3587000000.0,3587000000.0,4.03,3.99,4.03,26818000000.0,28245500000.0,26818000000.0,61670297181.0,17.0,13.605,7156000000.0,14.369,1.0,16305000000.0,1.0,12714000000.0,0.0,291225000000.0,293297250000.0,0.0,225462000000.0,,,235962000000.0,,,30889297181.0,-13000000.0,-3396000000.0,3366000000.0,-9705000000.0,-182000000.0,-21443000000.0,14274000000.0,17793000000.0,7156000000.0,0.0,2597000000.0,1876000000.0,1876000000.0,-58000000.0,-53000000.0,0.115,9028000000.0,7277000000.0,0.0,0.099,1.152,16.466,14.814,0.0,721000000.0,59.7,1.894,1.823,0.0,13340000000.0,16305000000.0,16305000000.0,0.0,0.007,0.066,0.012,0.22,0.0,5715000000.0,1.0,517408663.0,498000000.0,500000000.0,32.741,252682000000.0,0.0,990000000.0,0.0,507.394,
46,PNC,MRT,2009-12-31,2009-12-31,2009-12-31,2021-08-06,-1962000000.0,269863000000.0,276861500000.0,,,0.059,65.952,0.0,8776000000.0,8776000000.0,0.0,2403000000.0,,7.925,39557000000.0,,,39557000000.0,0.0,978000000.0,186922000000.0,0.018,0.96,3314000000.0,4292000000.0,0.264,4292000000.0,3314000000.0,3314000000.0,4.4,4.36,4.4,29942000000.0,28160250000.0,29942000000.0,62030515465.0,19.0,14.453,5754000000.0,12.674,1.0,16228000000.0,1.0,12909000000.0,0.0,287735000000.0,296659000000.0,0.0,225805000000.0,,,237296000000.0,,,24351515465.0,-183000000.0,-3396000000.0,59000000.0,-12601000000.0,-430000000.0,-15416000000.0,9479000000.0,13416000000.0,5754000000.0,0.0,2447000000.0,2003000000.0,2003000000.0,-45000000.0,-44000000.0,0.123,9073000000.0,7155000000.0,0.0,0.218,0.813,12.158,11.998,0.0,444000000.0,52.79,1.501,1.477,0.0,13144000000.0,16228000000.0,16228000000.0,0.0,0.007,0.071,0.011,0.204,0.0,5760000000.0,1.0,461290310.0,454000000.0,455000000.0,35.744,256954000000.0,0.0,867000000.0,0.0,565.978,
47,PNC,MRT,2009-09-30,2009-09-30,2009-09-30,2021-08-06,-1947000000.0,271407000000.0,282166000000.0,,,0.043,62.887,0.0,4555000000.0,4555000000.0,0.0,1050000000.0,,8.288,42234000000.0,,,42234000000.0,0.0,866000000.0,183809000000.0,0.031,1.52,1137000000.0,2003000000.0,0.165,2003000000.0,1137000000.0,1137000000.0,1.4,1.38,1.4,28928000000.0,27030250000.0,28928000000.0,53432571673.0,47.0,26.676,4539000000.0,9.867,1.0,12124000000.0,1.0,12734000000.0,0.0,296352000000.0,302887000000.0,0.0,227831000000.0,,,239744000000.0,,,22419571673.0,366000000.0,-1253000000.0,99000000.0,-16836000000.0,-613000000.0,-10141000000.0,5968000000.0,7776000000.0,4539000000.0,0.0,1055000000.0,723000000.0,723000000.0,-159000000.0,-5000000.0,0.06,7280000000.0,4844000000.0,0.0,1.086,0.775,31.009,34.707,0.0,332000000.0,48.59,1.849,1.844,0.0,12179000000.0,12124000000.0,12124000000.0,0.0,0.003,0.027,0.004,0.094,-5000000.0,4584000000.0,1.0,461402998.0,460000000.0,461000000.0,26.357,258673000000.0,0.0,82000000.0,0.0,562.333,
48,PNC,MRT,2009-06-30,2009-06-30,2009-06-30,2021-08-06,-3101000000.0,279754000000.0,250716750000.0,,,0.04,60.519,0.0,13987000000.0,13987000000.0,0.0,750000000.0,,9.17,45000000000.0,,,45000000000.0,0.0,739000000.0,190439000000.0,0.054,2.08,695000000.0,1434000000.0,0.144,1434000000.0,695000000.0,695000000.0,1.11,1.08,1.11,27294000000.0,23352750000.0,27294000000.0,47709266619.0,69.0,33.27,6661000000.0,14.769,1.0,9925000000.0,1.0,12890000000.0,0.0,297877000000.0,270022750000.0,0.0,227872000000.0,,,250287000000.0,,,17281266619.0,272000000.0,2143000000.0,147000000.0,-13708000000.0,-796000000.0,-4221000000.0,-2168000000.0,-3661000000.0,6661000000.0,0.0,724000000.0,504000000.0,504000000.0,-140000000.0,26000000.0,0.051,6197000000.0,3728000000.0,0.0,1.874,0.633,34.288,34.964,0.0,220000000.0,38.81,1.741,1.764,0.0,11758000000.0,9925000000.0,9925000000.0,0.0,0.002,0.022,0.003,0.07,-9000000.0,3903000000.0,1.0,445278707.0,451000000.0,453000000.0,22.007,266864000000.0,0.0,-29000000.0,0.0,591.716,
49,PNC,MRT,2009-03-31,2009-03-31,2009-03-31,2021-08-06,-3289000000.0,286422000000.0,216471000000.0,,,0.038,59.767,0.0,18359000000.0,18359000000.0,0.0,1060000000.0,,9.735,48787000000.0,,,48787000000.0,0.0,629000000.0,194635000000.0,0.09,2.64,1206000000.0,1835000000.0,0.225,1835000000.0,1206000000.0,1206000000.0,2.43,2.39,2.43,26477000000.0,20306250000.0,26477000000.0,46267908116.0,38.0,25.214,7578000000.0,17.106,1.0,8161000000.0,1.0,12178000000.0,0.0,304672000000.0,236032000000.0,0.0,229035000000.0,,,257766000000.0,,,13013908116.0,-358000000.0,2384000000.0,168000000.0,-10446000000.0,-980000000.0,4594000000.0,-12530000000.0,-13882000000.0,7578000000.0,0.0,1031000000.0,944000000.0,944000000.0,-128000000.0,29000000.0,0.116,4808000000.0,3353000000.0,0.0,1.086,0.492,13.786,12.053,0.0,87000000.0,29.29,1.595,1.59,0.0,11738000000.0,8161000000.0,8161000000.0,0.0,0.004,0.046,0.005,0.148,-10000000.0,3167000000.0,1.0,444312329.0,443000000.0,444000000.0,18.422,274244000000.0,0.0,175000000.0,0.0,619.061,
50,PNC,MRT,2008-12-31,2008-12-31,2008-12-31,2021-08-06,-3949000000.0,291081000000.0,179863250000.0,,,0.035,73.901,0.0,19330000000.0,19330000000.0,0.0,914000000.0,,10.362,52584000000.0,,,52584000000.0,0.0,463000000.0,192865000000.0,0.053,2.61,1180000000.0,1643000000.0,0.261,1643000000.0,1180000000.0,1180000000.0,2.49,2.44,2.49,25422000000.0,17292750000.0,25422000000.0,46264937861.0,39.0,28.159,7414000000.0,21.552,1.0,6296000000.0,1.0,11688000000.0,0.0,312647000000.0,199773750000.0,0.0,231546000000.0,,,263433000000.0,,,17058937861.0,904000000.0,2856000000.0,141000000.0,-4979000000.0,-902000000.0,6476000000.0,-12986000000.0,-14722000000.0,7414000000.0,0.0,882000000.0,861000000.0,861000000.0,-118000000.0,32000000.0,0.137,3685000000.0,2611000000.0,0.0,1.048,0.671,19.813,19.679,0.0,21000000.0,49.0,2.709,2.677,0.0,11461000000.0,6296000000.0,6296000000.0,0.0,0.005,0.05,0.006,0.187,-13000000.0,2500000000.0,1.0,348141589.0,344000000.0,346000000.0,18.302,279393000000.0,0.0,298000000.0,0.0,812.189,
51,PNC,MRT,2008-09-30,2008-09-30,2008-09-30,2021-08-06,-2230000000.0,145610000000.0,141823000000.0,,,0.045,41.212,0.0,3060000000.0,3060000000.0,0.0,1362000000.0,,9.096,32266000000.0,,,32266000000.0,0.0,497000000.0,84984000000.0,0.035,2.58,1848000000.0,2345000000.0,0.371,2345000000.0,1848000000.0,1848000000.0,3.77,3.71,3.77,14218000000.0,14650750000.0,14218000000.0,54954340093.0,30.0,23.435,4201000000.0,12.177,1.0,6327000000.0,1.0,9921000000.0,0.0,164895000000.0,160742250000.0,0.0,118511000000.0,,,129322000000.0,,,25883340093.0,-258000000.0,340000000.0,83000000.0,3744000000.0,-885000000.0,5681000000.0,-10140000000.0,-9959000000.0,4201000000.0,0.0,1308000000.0,1308000000.0,1308000000.0,-128000000.0,54000000.0,0.207,3838000000.0,2489000000.0,0.0,0.684,1.82,19.788,19.814,0.0,0.0,74.7,4.091,4.073,0.0,11959000000.0,6327000000.0,6327000000.0,0.0,0.009,0.089,0.011,0.292,-11000000.0,2633000000.0,1.0,346497190.0,345000000.0,347000000.0,18.339,135689000000.0,0.0,540000000.0,0.0,393.301,
52,PNC,MRT,2008-06-30,2008-06-30,2008-06-30,2021-08-06,-1227000000.0,142771000000.0,138262000000.0,,,0.046,43.919,0.0,3525000000.0,3525000000.0,0.0,1510000000.0,,8.317,32596000000.0,,,32596000000.0,0.0,465000000.0,84689000000.0,0.045,2.55,2113000000.0,2578000000.0,0.401,2578000000.0,2113000000.0,2113000000.0,4.26,4.2,4.26,15108000000.0,14731000000.0,15108000000.0,48744994630.0,23.0,18.908,1897000000.0,5.515,1.0,6424000000.0,1.0,9928000000.0,0.0,161914000000.0,156191750000.0,0.0,117468000000.0,,,125654000000.0,,,19747994630.0,348000000.0,60000000.0,-373000000.0,6929000000.0,-871000000.0,9304000000.0,-10853000000.0,-9849000000.0,1897000000.0,0.0,1467000000.0,1467000000.0,1467000000.0,-128000000.0,43000000.0,0.228,3806000000.0,2618000000.0,0.0,0.599,1.307,13.461,13.404,0.0,0.0,57.1,3.074,3.058,0.0,11940000000.0,6424000000.0,6424000000.0,0.0,0.011,0.1,0.014,0.329,-7000000.0,2599000000.0,1.0,345849293.0,344000000.0,346000000.0,18.674,132843000000.0,0.0,646000000.0,0.0,386.172,
53,PNC,MRT,2008-03-31,2008-03-31,2008-03-31,2021-08-06,-779000000.0,139991000000.0,133982000000.0,,,0.046,42.546,0.0,3934000000.0,3934000000.0,0.0,1416000000.0,,8.567,32931000000.0,,,32931000000.0,0.0,406000000.0,80410000000.0,0.038,2.52,1994000000.0,2400000000.0,0.394,2400000000.0,1994000000.0,1994000000.0,4.04,3.97,4.04,14423000000.0,14580000000.0,14423000000.0,49842585867.0,25.0,20.768,-761000000.0,-2.245,1.0,6098000000.0,1.0,9349000000.0,0.0,159639000000.0,150327500000.0,0.0,113365000000.0,,,123560000000.0,,,22344585867.0,700000000.0,-181000000.0,-646000000.0,11283000000.0,-860000000.0,11221000000.0,-9760000000.0,-8549000000.0,-761000000.0,0.0,1385000000.0,1385000000.0,1385000000.0,-128000000.0,31000000.0,0.227,3743000000.0,2355000000.0,0.0,0.624,1.549,16.133,16.23,0.0,0.0,65.57,3.664,3.645,0.0,11664000000.0,6098000000.0,6098000000.0,0.0,0.01,0.095,0.013,0.327,-10000000.0,2567000000.0,1.0,340774529.0,339000000.0,342000000.0,17.988,130642000000.0,0.0,609000000.0,0.0,385.375,
54,PNC,MRT,2007-12-31,2007-12-31,2007-12-31,2021-08-06,-147000000.0,138920000000.0,129625000000.0,,,0.045,44.876,0.0,3913000000.0,3913000000.0,0.0,1491000000.0,,8.241,31065000000.0,,,31065000000.0,0.0,391000000.0,82696000000.0,0.037,2.44,2028000000.0,2419000000.0,0.411,2419000000.0,2028000000.0,2028000000.0,4.4,4.32,4.4,14854000000.0,14659000000.0,14854000000.0,46616925885.0,23.0,19.271,-416000000.0,-1.257,1.0,5891000000.0,1.0,9551000000.0,0.0,156521000000.0,143227250000.0,0.0,114198000000.0,,,122412000000.0,,,22354925885.0,44000000.0,-2543000000.0,-710000000.0,14111000000.0,-806000000.0,15099000000.0,-14639000000.0,-11179000000.0,-416000000.0,0.0,1467000000.0,1467000000.0,1467000000.0,-128000000.0,24000000.0,0.249,3652000000.0,2239000000.0,0.0,0.555,1.505,15.239,14.92,0.0,0.0,65.65,3.795,3.689,0.0,11497000000.0,5891000000.0,5891000000.0,0.0,0.011,0.1,0.014,0.344,-15000000.0,2493000000.0,1.0,340516769.0,331000000.0,334000000.0,17.798,129369000000.0,0.0,561000000.0,0.0,390.843,
55,PNC,MRT,2007-09-30,2007-09-30,2007-09-30,2021-08-06,-255000000.0,131366000000.0,120350000000.0,,,0.056,43.142,0.0,3318000000.0,3318000000.0,0.0,1665000000.0,,7.921,27580000000.0,,,27580000000.0,0.0,315000000.0,78409000000.0,0.035,2.36,2392000000.0,2707000000.0,0.404,2707000000.0,2392000000.0,2392000000.0,5.23,5.14,5.23,14539000000.0,13642500000.0,14539000000.0,44604225549.0,19.0,16.477,1426000000.0,4.231,1.0,6695000000.0,1.0,8935000000.0,0.0,146693000000.0,131447500000.0,0.0,108756000000.0,,,115161000000.0,,,23140225549.0,300000000.0,-2173000000.0,-785000000.0,11370000000.0,-756000000.0,12115000000.0,-13241000000.0,-9757000000.0,1426000000.0,0.0,1665000000.0,1665000000.0,1665000000.0,0.0,0.0,0.249,4052000000.0,2643000000.0,0.0,0.451,1.592,13.898,13.021,0.0,0.0,68.1,3.456,3.428,0.0,11531000000.0,6695000000.0,6695000000.0,0.0,0.014,0.122,0.018,0.357,-21000000.0,2813000000.0,1.0,339797732.0,337000000.0,340000000.0,19.866,122431000000.0,0.0,727000000.0,0.0,363.297,
56,PNC,MRT,2007-06-30,2007-06-30,2007-06-30,2021-08-06,-439000000.0,125651000000.0,112117500000.0,,,0.075,42.409,0.0,3177000000.0,3177000000.0,0.0,2742000000.0,,7.569,24641000000.0,,,24641000000.0,0.0,318000000.0,77221000000.0,0.032,2.28,4126000000.0,4444000000.0,0.527,4444000000.0,4126000000.0,4126000000.0,9.11,8.96,9.11,14504000000.0,12697250000.0,14504000000.0,42032306887.0,10.0,9.458,395000000.0,1.155,1.0,8438000000.0,1.0,8658000000.0,0.0,138457000000.0,121329750000.0,0.0,103551000000.0,,,109777000000.0,,,24689306887.0,-261000000.0,-1893000000.0,-483000000.0,7206000000.0,-703000000.0,8207000000.0,-8863000000.0,-6020000000.0,395000000.0,0.0,2742000000.0,2742000000.0,2742000000.0,0.0,0.0,0.325,4120000000.0,4318000000.0,0.0,0.25,1.702,9.004,7.857,0.0,0.0,71.58,2.926,2.901,0.0,11339000000.0,8438000000.0,8438000000.0,0.0,0.024,0.216,0.034,0.489,-24000000.0,2914000000.0,1.0,344919068.0,342000000.0,346000000.0,24.673,116993000000.0,0.0,1384000000.0,0.0,342.085,
57,PNC,MRT,2007-03-31,2007-03-31,2007-03-31,2021-08-06,-162000000.0,122563000000.0,104433250000.0,,,0.081,47.854,0.0,3234000000.0,3234000000.0,0.0,2700000000.0,,7.223,20577000000.0,,,20577000000.0,0.0,329000000.0,77367000000.0,0.031,2.2,4085000000.0,4414000000.0,0.521,4414000000.0,4085000000.0,4085000000.0,9.17,9.02,9.17,14739000000.0,11278000000.0,14739000000.0,32724035823.0,8.0,7.414,2265000000.0,7.354,1.0,8467000000.0,1.0,8668000000.0,0.0,131238000000.0,112398500000.0,0.0,101145000000.0,,,106457000000.0,,,21099035823.0,28000000.0,-1943000000.0,-321000000.0,2343000000.0,-647000000.0,6307000000.0,-8544000000.0,-5801000000.0,2265000000.0,0.0,2700000000.0,2700000000.0,2700000000.0,0.0,0.0,0.319,4225000000.0,4242000000.0,0.0,0.24,1.432,7.814,7.848,0.0,0.0,71.97,2.492,2.618,0.0,11134000000.0,8467000000.0,8467000000.0,0.0,0.026,0.239,0.036,0.482,-23000000.0,3000000000.0,1.0,293164316.0,308000000.0,312000000.0,27.49,113895000000.0,0.0,1385000000.0,0.0,369.789,
58,PNC,MRT,2006-12-31,2006-12-31,2006-12-31,2021-08-06,-235000000.0,101820000000.0,97106750000.0,,,0.088,36.945,0.0,3523000000.0,3523000000.0,0.0,2595000000.0,,8.356,15148000000.0,,,15148000000.0,0.0,345000000.0,66301000000.0,0.029,2.15,3958000000.0,4303000000.0,0.502,4303000000.0,3958000000.0,3958000000.0,8.89,8.73,8.89,10788000000.0,9788500000.0,10788000000.0,33547859360.0,8.0,7.796,2159000000.0,7.394,1.0,8572000000.0,1.0,4043000000.0,0.0,109402000000.0,105117000000.0,0.0,85325000000.0,,,90147000000.0,,,21753859360.0,5000000.0,-58000000.0,-188000000.0,-2397000000.0,-633000000.0,3208000000.0,-5362000000.0,-4591000000.0,2159000000.0,0.0,2595000000.0,2595000000.0,2595000000.0,0.0,0.0,0.303,4443000000.0,4129000000.0,0.0,0.242,2.016,8.383,8.328,0.0,0.0,74.04,2.538,2.522,0.0,10985000000.0,8572000000.0,8572000000.0,0.0,0.027,0.265,0.038,0.462,-29000000.0,3149000000.0,1.0,293812255.0,292000000.0,297000000.0,29.356,97777000000.0,0.0,1363000000.0,0.0,334.853,
59,PNC,MRT,2006-09-30,2006-09-30,2006-09-30,2021-08-06,-109000000.0,98436000000.0,94640250000.0,,,0.091,36.969,0.0,3018000000.0,3018000000.0,0.0,2574000000.0,,8.112,14812000000.0,,,14812000000.0,0.0,366000000.0,64572000000.0,0.029,2.1,3970000000.0,4336000000.0,0.502,4336000000.0,3970000000.0,3970000000.0,8.83,8.68,8.83,10758000000.0,9232250000.0,10758000000.0,33646325271.0,8.0,7.76,1812000000.0,6.227,1.0,8640000000.0,1.0,4008000000.0,0.0,106222000000.0,103008250000.0,0.0,81535000000.0,,,87270000000.0,,,21330325271.0,-456000000.0,-239000000.0,-61000000.0,-3871000000.0,-617000000.0,-169000000.0,-2099000000.0,-1496000000.0,1812000000.0,0.0,2574000000.0,2574000000.0,2574000000.0,0.0,0.0,0.298,4581000000.0,4059000000.0,0.0,0.238,1.983,8.287,8.204,0.0,0.0,72.44,2.469,2.44,0.0,10771000000.0,8640000000.0,8640000000.0,0.0,0.027,0.279,0.039,0.459,-25000000.0,3312000000.0,1.0,294455070.0,291000000.0,296000000.0,29.691,94428000000.0,0.0,1396000000.0,0.0,324.495,
60,PNC,MRT,2006-06-30,2006-06-30,2006-06-30,2021-08-06,-510000000.0,94914000000.0,93341500000.0,,,0.073,30.126,0.0,3438000000.0,3438000000.0,0.0,1424000000.0,,9.681,15754000000.0,,,15754000000.0,0.0,391000000.0,63493000000.0,0.029,2.05,2135000000.0,2526000000.0,0.371,2526000000.0,2135000000.0,2135000000.0,4.9,4.81,4.9,8827000000.0,8622000000.0,8827000000.0,34106818144.0,16.0,13.502,1961000000.0,6.693,1.0,6805000000.0,1.0,4498000000.0,0.0,102732000000.0,102451500000.0,0.0,76506000000.0,,,85455000000.0,,,20769818144.0,-4000000.0,-213000000.0,45000000.0,-2260000000.0,-601000000.0,2023000000.0,-3988000000.0,-3567000000.0,1961000000.0,0.0,1424000000.0,1424000000.0,1424000000.0,0.0,0.0,0.209,4573000000.0,2232000000.0,0.0,0.418,2.353,14.586,14.32,0.0,0.0,70.17,3.052,3.021,0.0,9449000000.0,6805000000.0,6805000000.0,0.0,0.015,0.165,0.021,0.314,-21000000.0,3278000000.0,1.0,295992848.0,293000000.0,297000000.0,23.225,90416000000.0,0.0,711000000.0,0.0,308.587,
61,PNC,MRT,2006-03-31,2006-03-31,2006-03-31,2021-08-06,-394000000.0,93257000000.0,92311500000.0,,,0.071,30.072,0.0,3206000000.0,3206000000.0,0.0,1325000000.0,,9.549,16543000000.0,,,16543000000.0,0.0,388000000.0,60899000000.0,0.03,2.0,1998000000.0,2386000000.0,0.364,2386000000.0,1998000000.0,1998000000.0,4.59,4.51,4.59,8781000000.0,8476000000.0,8781000000.0,33325505284.0,17.0,13.967,1716000000.0,5.877,1.0,6553000000.0,1.0,4482000000.0,0.0,102112000000.0,102136500000.0,0.0,75871000000.0,,,83849000000.0,,,19846505284.0,298000000.0,-292000000.0,125000000.0,702000000.0,-580000000.0,2247000000.0,-3665000000.0,-3139000000.0,1716000000.0,0.0,1325000000.0,1325000000.0,1325000000.0,0.0,0.0,0.202,4468000000.0,2085000000.0,0.0,0.436,2.26,14.978,14.664,0.0,0.0,67.31,3.029,2.999,0.0,9230000000.0,6553000000.0,6553000000.0,0.0,0.014,0.156,0.02,0.305,-18000000.0,3197000000.0,1.0,294852255.0,292000000.0,296000000.0,22.442,88775000000.0,0.0,673000000.0,0.0,304.024,
62,PNC,MRT,2005-12-31,2005-12-31,2005-12-31,2021-08-06,-267000000.0,91954000000.0,89837000000.0,,,0.07,29.941,0.0,3518000000.0,3518000000.0,0.0,1325000000.0,,9.67,16997000000.0,,,16997000000.0,0.0,375000000.0,60275000000.0,0.032,2.0,1929000000.0,2304000000.0,0.365,2304000000.0,1929000000.0,1929000000.0,4.63,4.55,4.63,8563000000.0,8175500000.0,8563000000.0,33047920780.0,17.0,14.344,-680000000.0,-2.378,1.0,6306000000.0,1.0,4466000000.0,0.0,100967000000.0,99472000000.0,0.0,75880000000.0,,,82801000000.0,,,18068920780.0,288000000.0,-530000000.0,54000000.0,4023000000.0,-575000000.0,6764000000.0,-5796000000.0,-5070000000.0,-680000000.0,0.0,1325000000.0,1325000000.0,1325000000.0,0.0,0.0,0.21,4306000000.0,2000000000.0,0.0,0.432,2.11,13.637,13.354,0.0,0.0,61.83,2.865,2.804,0.0,9023000000.0,6306000000.0,6306000000.0,0.0,0.015,0.162,0.019,0.306,-4000000.0,3108000000.0,1.0,292235497.0,286000000.0,290000000.0,22.049,87488000000.0,0.0,604000000.0,0.0,305.902,
63,PNC,MRT,2005-09-30,2005-09-30,2005-09-30,2021-08-06,-200000000.0,93241000000.0,86779250000.0,,,0.069,28.779,0.0,3474000000.0,3474000000.0,0.0,1277000000.0,,10.139,18453000000.0,,,18453000000.0,0.0,353000000.0,60214000000.0,0.034,2.0,1827000000.0,2180000000.0,0.362,2180000000.0,1827000000.0,1827000000.0,4.5,4.44,4.5,8317000000.0,7903000000.0,8317000000.0,31717782525.0,17.0,14.549,-641000000.0,-2.218,1.0,6018000000.0,1.0,4225000000.0,0.0,103995000000.0,95524500000.0,0.0,76371000000.0,,,84329000000.0,,,16869782525.0,469000000.0,-346000000.0,10000000.0,4194000000.0,-570000000.0,8941000000.0,-7831000000.0,-7224000000.0,-641000000.0,0.0,1277000000.0,1277000000.0,1277000000.0,0.0,0.0,0.212,4125000000.0,1893000000.0,0.0,0.444,2.028,13.21,12.893,0.0,0.0,58.02,2.803,2.786,0.0,8814000000.0,6018000000.0,6018000000.0,0.0,0.015,0.162,0.019,0.304,-3000000.0,2983000000.0,1.0,290758058.0,289000000.0,292000000.0,20.824,89016000000.0,0.0,550000000.0,0.0,308.014,
64,PNC,MRT,2005-06-30,2005-06-30,2005-06-30,2021-08-06,-41000000.0,90794000000.0,82793250000.0,,,0.069,28.923,0.0,3442000000.0,3442000000.0,0.0,1201000000.0,,9.953,18290000000.0,,,18290000000.0,0.0,318000000.0,58673000000.0,0.037,2.0,1689000000.0,2007000000.0,0.354,2007000000.0,1689000000.0,1689000000.0,4.26,4.21,4.26,8243000000.0,7651750000.0,8243000000.0,27124555348.0,16.0,13.515,-566000000.0,-1.986,1.0,5675000000.0,1.0,4170000000.0,0.0,101472000000.0,90513750000.0,0.0,73693000000.0,,,82044000000.0,,,15440555348.0,377000000.0,-407000000.0,14000000.0,5894000000.0,-566000000.0,10276000000.0,-9333000000.0,-8687000000.0,-566000000.0,0.0,1201000000.0,1201000000.0,1201000000.0,0.0,0.0,0.212,3947000000.0,1728000000.0,0.0,0.469,1.873,12.856,12.784,0.0,0.0,54.46,2.721,2.735,0.0,8626000000.0,5675000000.0,5675000000.0,0.0,0.015,0.157,0.019,0.298,-3000000.0,2898000000.0,1.0,283521031.0,285000000.0,288000000.0,19.912,86624000000.0,0.0,488000000.0,0.0,303.944,
65,PNC,MRT,2005-03-31,2005-03-31,2005-03-31,2021-08-06,-175000000.0,83359000000.0,78374250000.0,,,0.071,26.972,0.0,2908000000.0,2908000000.0,0.0,1223000000.0,,9.928,14592000000.0,,,14592000000.0,0.0,309000000.0,55169000000.0,0.039,2.0,1710000000.0,2019000000.0,0.363,2019000000.0,1710000000.0,1710000000.0,4.35,4.3,4.35,7579000000.0,7357000000.0,7579000000.0,23377104608.0,14.0,11.579,-767000000.0,-2.73,1.0,5568000000.0,1.0,3589000000.0,0.0,91454000000.0,84581750000.0,0.0,68196000000.0,,,75248000000.0,,,14568104608.0,121000000.0,223000000.0,-23000000.0,973000000.0,-567000000.0,7430000000.0,-6542000000.0,-6587000000.0,-767000000.0,0.0,1223000000.0,1223000000.0,1223000000.0,0.0,0.0,0.22,3817000000.0,1751000000.0,0.0,0.46,1.922,11.912,11.834,0.0,0.0,51.48,2.616,2.598,0.0,8485000000.0,5568000000.0,5568000000.0,0.0,0.016,0.166,0.02,0.307,-3000000.0,2812000000.0,1.0,282985715.0,281000000.0,284000000.0,19.815,79770000000.0,0.0,487000000.0,0.0,283.879,
66,PNC,MRT,2004-12-31,2004-12-31,2004-12-31,2021-08-06,-54000000.0,79723000000.0,76063250000.0,,,0.072,26.594,0.0,3230000000.0,3230000000.0,0.0,1197000000.0,,9.601,12039000000.0,,,12039000000.0,0.0,302000000.0,53269000000.0,0.035,2.0,1735000000.0,2037000000.0,0.371,2037000000.0,1735000000.0,1735000000.0,4.25,4.21,4.25,7473000000.0,7269750000.0,7473000000.0,26244755268.0,15.0,12.884,460000000.0,1.637,1.0,5489000000.0,1.0,3355000000.0,0.0,85177000000.0,82174250000.0,0.0,64802000000.0,,,71746000000.0,,,16234755268.0,262000000.0,213000000.0,-133000000.0,-56000000.0,-566000000.0,4995000000.0,-5193000000.0,-5168000000.0,460000000.0,0.0,1197000000.0,1197000000.0,1197000000.0,0.0,0.0,0.218,3712000000.0,1777000000.0,0.0,0.471,2.172,13.563,13.515,0.0,0.0,57.44,2.958,2.941,0.0,8273000000.0,5489000000.0,5489000000.0,0.0,0.016,0.165,0.021,0.316,-3000000.0,2708000000.0,1.0,282638497.0,281000000.0,284000000.0,19.534,76368000000.0,0.0,538000000.0,0.0,271.772,
67,PNC,MRT,2004-09-30,2004-09-30,2004-09-30,2021-08-06,-25000000.0,77297000000.0,73174500000.0,,,0.074,26.021,0.0,3005000000.0,3005000000.0,0.0,1164000000.0,,9.503,13015000000.0,,,13015000000.0,0.0,300000000.0,51162000000.0,0.037,2.0,1721000000.0,2021000000.0,0.374,2021000000.0,1721000000.0,1721000000.0,4.15,4.21,4.15,7312000000.0,7062750000.0,7312000000.0,23230691527.0,13.0,11.495,777000000.0,2.765,1.0,5404000000.0,1.0,3355000000.0,0.0,83952000000.0,79389250000.0,0.0,63260000000.0,,,69486000000.0,,,15275691527.0,-145000000.0,203000000.0,-185000000.0,1024000000.0,-564000000.0,3633000000.0,-4555000000.0,-4471000000.0,777000000.0,0.0,1164000000.0,1164000000.0,1164000000.0,0.0,0.0,0.215,3672000000.0,1732000000.0,0.0,0.482,2.089,13.123,13.036,0.0,0.0,54.1,2.827,2.813,0.0,8107000000.0,5404000000.0,5404000000.0,0.0,0.016,0.165,0.022,0.318,0.0,2635000000.0,1.0,282360287.0,281000000.0,283000000.0,19.231,73942000000.0,0.0,557000000.0,0.0,263.139,
68,PNC,MRT,2004-06-30,2004-06-30,2004-06-30,2021-08-06,-139000000.0,73118000000.0,71921250000.0,,,0.074,25.139,0.0,3065000000.0,3065000000.0,0.0,1187000000.0,,9.291,11020000000.0,,,11020000000.0,0.0,297000000.0,49994000000.0,0.037,1.98,1806000000.0,2103000000.0,0.393,2103000000.0,1806000000.0,1806000000.0,4.24,4.3,4.24,7064000000.0,6894000000.0,7064000000.0,25995330218.0,14.0,12.361,895000000.0,3.185,1.0,5350000000.0,1.0,3329000000.0,0.0,77744000000.0,78382750000.0,0.0,59084000000.0,,,65635000000.0,,,14970330218.0,-732000000.0,231000000.0,-357000000.0,1934000000.0,-556000000.0,2040000000.0,-3667000000.0,-3404000000.0,895000000.0,0.0,1187000000.0,1187000000.0,1187000000.0,0.0,0.0,0.222,3518000000.0,1832000000.0,0.0,0.467,2.119,12.612,12.519,0.0,0.0,53.08,2.798,2.788,0.0,7991000000.0,5350000000.0,5350000000.0,0.0,0.017,0.172,0.023,0.338,0.0,2494000000.0,1.0,282033350.0,281000000.0,283000000.0,19.039,69789000000.0,0.0,619000000.0,0.0,248.359,
69,PNC,MRT,2004-03-31,2004-03-31,2004-03-31,2021-08-06,180000000.0,74115000000.0,70457250000.0,,,0.074,25.638,0.0,2787000000.0,2787000000.0,0.0,1067000000.0,,9.193,13812000000.0,,,13812000000.0,0.0,288000000.0,48125000000.0,0.035,1.96,1636000000.0,1924000000.0,0.37,1924000000.0,1636000000.0,1636000000.0,3.81,3.88,3.81,7230000000.0,6821500000.0,7230000000.0,24201218746.0,15.0,12.579,1348000000.0,4.78,1.0,5207000000.0,1.0,3316000000.0,0.0,81824000000.0,75927750000.0,0.0,60558000000.0,,,66467000000.0,,,15676218746.0,-839000000.0,-241000000.0,-397000000.0,3894000000.0,-549000000.0,1711000000.0,-3898000000.0,-3174000000.0,1348000000.0,0.0,1067000000.0,1067000000.0,1067000000.0,0.0,0.0,0.205,3529000000.0,1678000000.0,0.0,0.514,2.168,14.692,14.546,0.0,0.0,55.42,3.011,3.001,0.0,7829000000.0,5207000000.0,5207000000.0,0.0,0.015,0.156,0.022,0.314,0.0,2439000000.0,1.0,282862121.0,282000000.0,284000000.0,18.465,70799000000.0,0.0,569000000.0,0.0,251.06,
70,PNC,MRT,2003-12-31,2003-12-31,2003-12-31,2021-08-06,60000000.0,68168000000.0,69083250000.0,,,0.073,23.732,0.0,2968000000.0,2968000000.0,0.0,1001000000.0,,9.189,11544000000.0,,,11544000000.0,0.0,289000000.0,45241000000.0,0.035,1.94,1540000000.0,1829000000.0,0.36,1829000000.0,1540000000.0,1540000000.0,3.58,3.65,3.58,6645000000.0,6712000000.0,6645000000.0,25514629000.0,17.0,13.95,1706000000.0,6.093,1.0,5076000000.0,1.0,2707000000.0,0.0,74037000000.0,72723000000.0,0.0,55357000000.0,,,61061000000.0,,,15176629000.0,-233000000.0,-10000000.0,-467000000.0,1513000000.0,-546000000.0,759000000.0,-2698000000.0,-2209000000.0,1706000000.0,0.0,1001000000.0,1001000000.0,1001000000.0,0.0,0.0,0.197,3476000000.0,1600000000.0,0.0,0.542,2.284,15.161,15.288,0.0,0.0,54.73,2.99,3.019,0.0,7642000000.0,5076000000.0,5076000000.0,0.0,0.014,0.149,0.021,0.303,0.0,2426000000.0,1.0,277300000.0,280000000.0,281000000.0,18.129,65461000000.0,0.0,539000000.0,0.0,233.789,
71,PNC,MRT,2003-09-30,2003-09-30,2003-09-30,2021-08-06,147000000.0,72284000000.0,68635500000.0,,,0.073,23.874,0.0,3614000000.0,3614000000.0,0.0,989000000.0,,9.647,13952000000.0,,,13952000000.0,0.0,278000000.0,45523000000.0,0.04,1.92,1527000000.0,1805000000.0,0.362,1805000000.0,1527000000.0,1527000000.0,3.52,3.49,3.52,6637000000.0,6765500000.0,6637000000.0,16661158000.0,11.0,9.231,2233000000.0,8.032,1.0,4989000000.0,1.0,2696000000.0,0.0,79926000000.0,71184500000.0,0.0,57679000000.0,,,64030000000.0,,,13327158000.0,-253000000.0,0.0,-392000000.0,824000000.0,-544000000.0,451000000.0,-2937000000.0,-2597000000.0,2233000000.0,0.0,989000000.0,989000000.0,989000000.0,16000000.0,0.0,0.198,3425000000.0,1564000000.0,0.0,0.545,2.008,13.475,13.517,0.0,0.0,47.58,2.671,2.651,0.0,7507000000.0,4989000000.0,4989000000.0,0.0,0.014,0.146,0.021,0.306,0.0,2352000000.0,1.0,280100000.0,278000000.0,280000000.0,17.946,69588000000.0,0.0,538000000.0,0.0,250.317,
72,PNC,MRT,2003-06-30,2003-06-30,2003-06-30,2021-08-06,305000000.0,67262000000.0,67479250000.0,,,0.073,24.107,0.0,4647000000.0,4647000000.0,0.0,993000000.0,,8.766,7981000000.0,,,7981000000.0,0.0,269000000.0,46694000000.0,0.039,1.92,1526000000.0,1795000000.0,0.362,1795000000.0,1526000000.0,1526000000.0,3.51,3.49,3.51,6774000000.0,6785500000.0,6774000000.0,16816896000.0,11.0,9.369,2765000000.0,9.84,1.0,4953000000.0,1.0,2672000000.0,0.0,67924000000.0,69111000000.0,0.0,52907000000.0,,,59379000000.0,,,13744896000.0,958000000.0,7000000.0,-215000000.0,-2762000000.0,-546000000.0,-1256000000.0,-551000000.0,-396000000.0,2765000000.0,0.0,993000000.0,993000000.0,993000000.0,16000000.0,0.0,0.2,3373000000.0,1580000000.0,0.0,0.547,2.029,13.842,13.906,0.0,0.0,48.81,2.775,2.769,0.0,7360000000.0,4953000000.0,4953000000.0,0.0,0.015,0.146,0.022,0.308,0.0,2326000000.0,1.0,281600000.0,281000000.0,282000000.0,17.626,64590000000.0,0.0,533000000.0,0.0,229.858,
73,PNC,MRT,2003-03-31,2003-03-31,2003-03-31,2021-08-06,293000000.0,68619000000.0,67392000000.0,,,0.075,24.0,0.0,5539000000.0,5539000000.0,0.0,1129000000.0,,8.942,8611000000.0,,,8611000000.0,0.0,258000000.0,47081000000.0,0.045,1.92,1719000000.0,1977000000.0,0.392,1977000000.0,1719000000.0,1719000000.0,3.99,3.96,3.99,6792000000.0,6689500000.0,6792000000.0,17985130747.0,10.0,9.097,3574000000.0,12.629,1.0,5049000000.0,1.0,2686000000.0,0.0,69005000000.0,70122750000.0,0.0,53252000000.0,,,60735000000.0,,,11986130747.0,840000000.0,-22000000.0,-107000000.0,-2701000000.0,-548000000.0,-1185000000.0,-1549000000.0,-1323000000.0,3574000000.0,0.0,1129000000.0,1129000000.0,1129000000.0,16000000.0,0.0,0.224,3277000000.0,1772000000.0,0.0,0.481,1.765,10.617,10.622,0.0,0.0,42.38,2.374,2.375,0.0,7311000000.0,5049000000.0,5049000000.0,0.0,0.017,0.169,0.025,0.34,0.0,2309000000.0,1.0,282825171.0,283000000.0,284000000.0,17.841,65933000000.0,0.0,590000000.0,0.0,232.979,
74,PNC,MRT,2002-12-31,2002-12-31,2002-12-31,2021-08-06,321000000.0,66377000000.0,66878250000.0,,,0.076,24.237,0.0,5048000000.0,5048000000.0,0.0,1184000000.0,,8.514,9200000000.0,,,9200000000.0,0.0,242000000.0,44982000000.0,0.046,1.92,1805000000.0,2047000000.0,0.403,2047000000.0,1805000000.0,1805000000.0,4.18,4.15,4.18,6859000000.0,6486250000.0,6859000000.0,18549167491.0,10.0,9.062,4728000000.0,16.707,1.0,5085000000.0,1.0,2646000000.0,0.0,67883000000.0,70898250000.0,0.0,51958000000.0,,,58400000000.0,,,11926167491.0,-1126000000.0,-1676000000.0,69000000.0,-3184000000.0,-546000000.0,-5983000000.0,129000000.0,1987000000.0,4728000000.0,0.0,1184000000.0,1184000000.0,1184000000.0,16000000.0,0.0,0.233,3227000000.0,1858000000.0,0.0,0.459,1.739,10.073,10.024,0.0,0.0,41.9,2.345,2.332,0.0,7187000000.0,5085000000.0,5085000000.0,0.0,0.018,0.183,0.025,0.355,0.0,2266000000.0,1.0,284634069.0,283000000.0,285000000.0,17.968,63731000000.0,0.0,621000000.0,0.0,225.198,
75,PNC,MRT,2002-09-30,2002-09-30,2002-09-30,2021-08-06,325000000.0,67659000000.0,67693500000.0,,,0.063,23.651,0.0,3403000000.0,3403000000.0,0.0,492000000.0,,8.909,10026000000.0,,,10026000000.0,0.0,288000000.0,44960000000.0,0.046,1.92,736000000.0,1024000000.0,0.241,1024000000.0,736000000.0,736000000.0,1.76,1.76,1.76,6717000000.0,6227250000.0,6717000000.0,19699950382.0,27.0,19.238,4742000000.0,16.697,1.0,4254000000.0,1.0,2650000000.0,0.0,71632000000.0,72702000000.0,0.0,54559000000.0,,,59839000000.0,,,11985950382.0,-110000000.0,-1694000000.0,4000000.0,-3305000000.0,-549000000.0,-4013000000.0,-839000000.0,1142000000.0,4742000000.0,0.0,492000000.0,492000000.0,492000000.0,0.0,0.0,0.116,3425000000.0,829000000.0,0.0,1.091,1.784,24.362,23.96,0.0,0.0,42.17,2.818,2.815,0.0,7062000000.0,4254000000.0,4254000000.0,0.0,0.007,0.079,0.01,0.173,0.0,2277000000.0,1.0,284229319.0,284000000.0,285000000.0,14.979,65009000000.0,0.0,244000000.0,0.0,228.905,
76,PNC,MRT,2002-06-30,2002-06-30,2002-06-30,2021-08-06,170000000.0,66913000000.0,68731750000.0,,,0.061,22.58,0.0,2839000000.0,2839000000.0,0.0,454000000.0,,9.306,10553000000.0,,,10553000000.0,0.0,277000000.0,44427000000.0,0.037,1.92,679000000.0,956000000.0,0.227,956000000.0,679000000.0,679000000.0,1.61,1.6,1.61,6390000000.0,6241250000.0,6390000000.0,23018152000.0,34.0,24.078,3532000000.0,12.481,1.0,4203000000.0,1.0,2656000000.0,0.0,71971000000.0,74532000000.0,0.0,54679000000.0,,,59465000000.0,,,14816152000.0,-820000000.0,-1694000000.0,-319000000.0,-1762000000.0,-554000000.0,-4212000000.0,-140000000.0,1805000000.0,3532000000.0,0.0,454000000.0,454000000.0,454000000.0,0.0,0.0,0.108,3426000000.0,777000000.0,0.0,1.193,2.319,32.635,32.472,0.0,0.0,52.28,3.525,3.52,0.0,6913000000.0,4203000000.0,4203000000.0,0.0,0.007,0.073,0.009,0.162,0.0,2260000000.0,1.0,283400000.0,283000000.0,285000000.0,14.852,64257000000.0,0.0,225000000.0,0.0,227.057,
77,PNC,MRT,2002-03-31,2002-03-31,2002-03-31,2021-08-06,-30000000.0,66564000000.0,69503000000.0,,,0.059,21.127,0.0,2786000000.0,2786000000.0,0.0,429000000.0,,9.961,10988000000.0,,,10988000000.0,0.0,287000000.0,44910000000.0,0.031,1.92,645000000.0,932000000.0,0.226,932000000.0,645000000.0,645000000.0,1.49,1.48,1.49,5979000000.0,6330750000.0,5979000000.0,25175888297.0,39.0,27.013,2695000000.0,9.523,1.0,4120000000.0,1.0,2659000000.0,0.0,72107000000.0,75552500000.0,0.0,54672000000.0,,,59554000000.0,,,17412888297.0,-212000000.0,-1694000000.0,-384000000.0,-1281000000.0,-561000000.0,-4806000000.0,1899000000.0,3823000000.0,2695000000.0,0.0,429000000.0,429000000.0,429000000.0,0.0,0.0,0.104,3379000000.0,741000000.0,0.0,1.289,2.912,40.589,41.268,0.0,0.0,61.49,4.226,4.224,0.0,6730000000.0,4120000000.0,4120000000.0,0.0,0.006,0.068,0.009,0.157,0.0,2228000000.0,1.0,283182441.0,283000000.0,285000000.0,14.558,63905000000.0,0.0,216000000.0,0.0,225.813,
78,PNC,MRT,2001-12-31,2001-12-31,2001-12-31,2021-08-06,5000000.0,69638000000.0,70603500000.0,,,0.057,20.289,0.0,4327000000.0,4327000000.0,0.0,377000000.0,,10.784,12160000000.0,,,12160000000.0,0.0,309000000.0,47304000000.0,0.034,1.92,564000000.0,873000000.0,0.218,873000000.0,564000000.0,564000000.0,1.27,1.26,1.27,5823000000.0,6531250000.0,5823000000.0,25497577876.0,45.0,29.207,1557000000.0,5.425,1.0,4011000000.0,1.0,2373000000.0,0.0,75098000000.0,76978250000.0,0.0,56846000000.0,,,62797000000.0,,,15964577876.0,665000000.0,485000000.0,-497000000.0,269000000.0,-569000000.0,-1458000000.0,566000000.0,197000000.0,1557000000.0,0.0,377000000.0,377000000.0,377000000.0,-5000000.0,0.0,0.094,3351000000.0,660000000.0,0.0,1.512,2.742,42.346,44.252,0.0,0.0,56.2,3.98,4.021,0.0,6549000000.0,4011000000.0,4011000000.0,0.0,0.005,0.058,0.007,0.141,0.0,2199000000.0,1.0,284067222.0,287000000.0,290000000.0,13.976,67265000000.0,0.0,187000000.0,0.0,234.373,
79,PNC,MRT,2001-09-30,2001-09-30,2001-09-30,2021-08-06,152000000.0,71812000000.0,70655000000.0,,,0.069,23.682,0.0,3513000000.0,3513000000.0,0.0,1141000000.0,,9.477,13046000000.0,,,13046000000.0,0.0,231000000.0,44918000000.0,0.034,1.92,1722000000.0,1953000000.0,0.398,1953000000.0,1722000000.0,1722000000.0,3.9,4.01,3.9,6773000000.0,6739500000.0,6773000000.0,24946441770.0,14.0,12.773,1667000000.0,5.829,1.0,4904000000.0,1.0,2393000000.0,0.0,78952000000.0,77061750000.0,0.0,56329000000.0,,,64191000000.0,,,16486441770.0,407000000.0,477000000.0,-484000000.0,594000000.0,-568000000.0,-3130000000.0,1870000000.0,1541000000.0,1667000000.0,0.0,1141000000.0,1141000000.0,1141000000.0,-25000000.0,0.0,0.233,3085000000.0,1819000000.0,0.0,0.492,2.434,14.449,14.679,0.0,0.0,57.25,3.362,3.339,0.0,7115000000.0,4904000000.0,4904000000.0,0.0,0.016,0.169,0.022,0.351,0.0,2182000000.0,1.0,287972782.0,286000000.0,289000000.0,17.147,69419000000.0,0.0,581000000.0,0.0,242.724,
80,PNC,MRT,2001-06-30,2001-06-30,2001-06-30,2021-08-06,-60000000.0,69998000000.0,70173000000.0,,,0.07,23.431,0.0,3659000000.0,3659000000.0,0.0,1216000000.0,,9.247,12119000000.0,,,12119000000.0,0.0,257000000.0,45799000000.0,0.029,1.89,1824000000.0,2081000000.0,0.422,2081000000.0,1824000000.0,1824000000.0,4.15,4.18,4.15,6748000000.0,6642000000.0,6748000000.0,28286720531.0,16.0,13.593,2518000000.0,8.743,1.0,4930000000.0,1.0,2405000000.0,0.0,76053000000.0,76474000000.0,0.0,57137000000.0,,,62402000000.0,,,19005720531.0,540000000.0,477000000.0,-223000000.0,-949000000.0,-563000000.0,-2413000000.0,435000000.0,-1318000000.0,2518000000.0,0.0,1216000000.0,1216000000.0,1216000000.0,-48000000.0,0.0,0.247,3039000000.0,1891000000.0,0.0,0.455,2.816,15.63,15.853,0.0,0.0,65.79,3.855,3.843,0.0,7010000000.0,4930000000.0,4930000000.0,0.0,0.017,0.183,0.024,0.37,0.0,2150000000.0,1.0,288884641.0,288000000.0,291000000.0,17.118,67593000000.0,0.0,608000000.0,0.0,234.698,
81,PNC,MRT,2001-03-31,2001-03-31,2001-03-31,2021-08-06,7000000.0,70966000000.0,71607750000.0,,,0.069,23.464,0.0,2998000000.0,2998000000.0,0.0,1236000000.0,,9.34,12279000000.0,,,12279000000.0,0.0,286000000.0,47189000000.0,0.027,1.86,1847000000.0,2133000000.0,0.434,2133000000.0,1847000000.0,1847000000.0,4.21,4.19,4.21,6781000000.0,6494250000.0,6781000000.0,27676823031.0,15.0,12.976,2331000000.0,8.066,1.0,4915000000.0,1.0,2437000000.0,0.0,77810000000.0,79165250000.0,0.0,59545000000.0,,,63337000000.0,,,19620823031.0,826000000.0,473000000.0,-265000000.0,-1155000000.0,-554000000.0,-552000000.0,-953000000.0,-1288000000.0,2331000000.0,0.0,1236000000.0,1236000000.0,1236000000.0,-64000000.0,0.0,0.251,3024000000.0,1891000000.0,0.0,0.442,2.893,15.874,16.093,0.0,0.0,67.75,3.992,3.984,0.0,6857000000.0,4915000000.0,4915000000.0,0.0,0.017,0.19,0.023,0.376,0.0,2120000000.0,1.0,289606244.0,289000000.0,293000000.0,17.007,68529000000.0,0.0,611000000.0,0.0,237.125,
82,PNC,MRT,2000-12-31,2000-12-31,2000-12-31,2021-08-06,-88000000.0,69844000000.0,72443000000.0,,,0.069,22.952,0.0,3662000000.0,3662000000.0,0.0,1279000000.0,,9.366,11718000000.0,,,11718000000.0,0.0,283000000.0,47664000000.0,0.025,1.83,1913000000.0,2196000000.0,0.441,2196000000.0,1913000000.0,1913000000.0,4.35,4.31,4.35,6656000000.0,6308750000.0,6656000000.0,30330315178.0,16.0,13.812,3048000000.0,10.51,1.0,4978000000.0,1.0,2468000000.0,0.0,75432000000.0,81226750000.0,0.0,58990000000.0,,,62340000000.0,,,21137315178.0,582000000.0,-30000000.0,-239000000.0,-2482000000.0,-546000000.0,-1405000000.0,-1061000000.0,-754000000.0,3048000000.0,0.0,1279000000.0,1279000000.0,1279000000.0,-65000000.0,0.0,0.257,3036000000.0,1942000000.0,0.0,0.421,3.176,16.526,16.795,0.0,0.0,73.06,4.246,4.256,0.0,6736000000.0,4978000000.0,4978000000.0,0.0,0.018,0.203,0.024,0.384,0.0,2113000000.0,1.0,289314470.0,290000000.0,293000000.0,17.166,67376000000.0,0.0,634000000.0,0.0,232.331,
83,PNC,MRT,2000-09-30,2000-09-30,2000-09-30,2021-08-06,-177000000.0,69884000000.0,72303500000.0,,,0.067,22.087,0.0,3106000000.0,3106000000.0,0.0,1249000000.0,,9.816,12299000000.0,,,12299000000.0,0.0,291000000.0,47494000000.0,0.028,1.8,1838000000.0,2129000000.0,0.439,2129000000.0,1838000000.0,1838000000.0,4.23,4.19,4.23,6383000000.0,6131250000.0,6383000000.0,34246461135.0,19.0,16.086,1989000000.0,6.882,1.0,4848000000.0,1.0,2476000000.0,0.0,76601000000.0,81849500000.0,0.0,59753000000.0,,,62653000000.0,,,18799461135.0,932000000.0,-1125000000.0,-201000000.0,-2154000000.0,-544000000.0,315000000.0,-1372000000.0,-14000000.0,1989000000.0,0.0,1249000000.0,1249000000.0,1249000000.0,-62000000.0,0.0,0.258,2990000000.0,1858000000.0,0.0,0.426,2.945,15.052,15.366,0.0,0.0,65.0,3.878,3.875,0.0,6545000000.0,4848000000.0,4848000000.0,0.0,0.017,0.204,0.022,0.379,0.0,2058000000.0,1.0,289222479.0,289000000.0,292000000.0,16.775,67408000000.0,0.0,589000000.0,0.0,233.246,
84,PNC,MRT,2000-06-30,2000-06-30,2000-06-30,2021-08-06,-254000000.0,75737000000.0,73083250000.0,,,0.065,21.231,0.0,3138000000.0,3138000000.0,0.0,1247000000.0,,11.163,18585000000.0,,,18585000000.0,0.0,261000000.0,47426000000.0,0.038,1.76,1840000000.0,2101000000.0,0.441,2101000000.0,1840000000.0,1840000000.0,4.2,4.17,4.2,6157000000.0,6003250000.0,6157000000.0,29518085936.0,16.0,14.05,2637000000.0,9.093,1.0,4761000000.0,1.0,4366000000.0,0.0,86818000000.0,84390250000.0,0.0,63487000000.0,,,68732000000.0,,,13614085936.0,936000000.0,-1411000000.0,-353000000.0,-403000000.0,-535000000.0,-862000000.0,-839000000.0,2200000000.0,2637000000.0,0.0,1247000000.0,1247000000.0,1247000000.0,-60000000.0,0.0,0.262,2900000000.0,1861000000.0,0.0,0.419,2.211,10.917,11.162,0.0,0.0,46.88,2.86,2.856,0.0,6358000000.0,4761000000.0,4761000000.0,0.0,0.017,0.208,0.022,0.386,0.0,1975000000.0,1.0,290402857.0,290000000.0,292000000.0,16.417,71371000000.0,0.0,593000000.0,0.0,246.107,
85,PNC,MRT,2000-03-31,2000-03-31,2000-03-31,2021-08-06,-264000000.0,74307000000.0,73038500000.0,,,0.065,20.689,0.0,2190000000.0,2190000000.0,0.0,1247000000.0,,11.164,18094000000.0,,,18094000000.0,0.0,252000000.0,46701000000.0,0.038,1.72,1845000000.0,2097000000.0,0.44,2097000000.0,1845000000.0,1845000000.0,4.17,4.19,4.17,6039000000.0,5902750000.0,6039000000.0,29432213015.0,16.0,14.035,1838000000.0,6.297,1.0,4769000000.0,1.0,4155000000.0,0.0,86056000000.0,84952000000.0,0.0,63325000000.0,,,67420000000.0,,,13182213015.0,-145000000.0,-1407000000.0,-466000000.0,-1577000000.0,-527000000.0,-869000000.0,-1114000000.0,486000000.0,1838000000.0,0.0,1247000000.0,1247000000.0,1247000000.0,-44000000.0,0.0,0.261,2888000000.0,1881000000.0,0.0,0.412,2.183,10.571,10.806,0.0,0.0,45.06,2.764,2.758,0.0,6178000000.0,4769000000.0,4769000000.0,0.0,0.017,0.211,0.022,0.387,0.0,1941000000.0,1.0,292548003.0,291900000.0,294100000.0,16.338,70152000000.0,0.0,598000000.0,0.0,240.329,
86,PNC,MRT,1999-12-31,1999-12-31,1999-12-31,2021-08-06,-267000000.0,69286000000.0,73178750000.0,,,0.063,20.02,0.0,3080000000.0,3080000000.0,0.0,1264000000.0,,10.51,14229000000.0,,,14229000000.0,0.0,305000000.0,45802000000.0,0.038,1.68,1850000000.0,2155000000.0,0.465,2155000000.0,1850000000.0,1850000000.0,4.19,4.15,4.19,5946000000.0,5875750000.0,5946000000.0,32412500000.0,18.0,15.041,1772000000.0,5.966,1.0,4631000000.0,1.0,2512000000.0,0.0,77923000000.0,85944000000.0,0.0,59799000000.0,,,62492000000.0,,,15708500000.0,551000000.0,1854000000.0,-662000000.0,-1742000000.0,-520000000.0,-2885000000.0,1664000000.0,-87000000.0,1772000000.0,0.0,1264000000.0,1264000000.0,1264000000.0,-62000000.0,0.0,0.273,2763000000.0,1868000000.0,0.0,0.401,2.642,12.428,10.621,0.0,0.0,44.5,3.392,2.854,0.0,6006000000.0,4631000000.0,4631000000.0,0.0,0.017,0.215,0.022,0.399,0.0,1906000000.0,1.0,353000000.0,297000000.0,300000000.0,15.593,66774000000.0,0.0,586000000.0,0.0,224.828,
87,PNC,MRT,1999-09-30,1999-09-30,1999-09-30,2021-08-06,-236000000.0,73003000000.0,75159000000.0,,,0.061,19.935,0.0,2194000000.0,2194000000.0,0.0,1245000000.0,,11.29,18898000000.0,,,18898000000.0,0.0,145000000.0,45146000000.0,0.031,1.64,1867000000.0,2012000000.0,0.436,2012000000.0,1867000000.0,1867000000.0,4.1,3.88,4.1,5871000000.0,5900000000.0,5871000000.0,34875570000.0,19.0,17.334,3255000000.0,11.053,1.0,4612000000.0,1.0,2943000000.0,0.0,86764000000.0,89731000000.0,0.0,64039000000.0,,,66284000000.0,,,18599570000.0,256000000.0,3018000000.0,-733000000.0,-2965000000.0,-511000000.0,-5732000000.0,2733000000.0,186000000.0,3255000000.0,0.0,1245000000.0,1245000000.0,1245000000.0,-56000000.0,0.0,0.27,2736000000.0,1876000000.0,0.0,0.4,3.168,14.939,12.851,0.0,0.0,52.69,4.033,3.365,0.0,5839000000.0,4612000000.0,4612000000.0,0.0,0.017,0.211,0.021,0.405,0.0,1862000000.0,1.0,353000000.0,294500000.0,297600000.0,15.66,70060000000.0,0.0,622000000.0,0.0,237.895,
88,PNC,MRT,1999-06-30,1999-06-30,1999-06-30,2021-08-06,-248000000.0,75558000000.0,75967750000.0,,,0.061,19.351,0.0,2188000000.0,2188000000.0,0.0,1206000000.0,,11.982,18464000000.0,,,18464000000.0,0.0,316000000.0,47685000000.0,0.028,1.62,1822000000.0,2138000000.0,0.462,2138000000.0,1822000000.0,1822000000.0,3.95,3.8,3.95,5755000000.0,5880500000.0,5755000000.0,37944864000.0,21.0,17.748,1735000000.0,5.834,1.0,4628000000.0,1.0,2769000000.0,0.0,89065000000.0,91597000000.0,0.0,66145000000.0,,,68955000000.0,,,20331864000.0,153000000.0,3199000000.0,-577000000.0,-4410000000.0,-507000000.0,-5313000000.0,3731000000.0,531000000.0,1735000000.0,0.0,1206000000.0,1206000000.0,1206000000.0,-35000000.0,0.0,0.261,2776000000.0,1852000000.0,0.0,0.41,3.533,16.859,14.59,0.0,0.0,57.63,4.393,3.703,0.0,5646000000.0,4628000000.0,4628000000.0,0.0,0.016,0.205,0.02,0.394,0.0,1876000000.0,1.0,352800000.0,297400000.0,300900000.0,15.562,72789000000.0,0.0,616000000.0,0.0,244.751,
89,PNC,MRT,1999-03-31,1999-03-31,1999-03-31,2021-08-06,-89000000.0,74868000000.0,76046500000.0,,,0.06,19.62,0.0,2322000000.0,2322000000.0,0.0,1171000000.0,,11.48,19935000000.0,,,19935000000.0,0.0,346000000.0,45799000000.0,0.029,1.6,1765000000.0,2111000000.0,0.464,2111000000.0,1765000000.0,1765000000.0,3.83,3.67,3.83,5931000000.0,5850000000.0,5931000000.0,35196886961.0,20.0,16.673,1610000000.0,5.326,1.0,4547000000.0,1.0,2457000000.0,0.0,90024000000.0,92897500000.0,0.0,65881000000.0,,,68089000000.0,,,16784886961.0,-200000000.0,2201000000.0,-447000000.0,-813000000.0,-502000000.0,-1856000000.0,46000000.0,-1352000000.0,1610000000.0,0.0,1167000000.0,1167000000.0,1167000000.0,-35000000.0,4000000.0,0.257,2750000000.0,1797000000.0,0.0,0.418,2.83,14.383,14.507,0.0,0.0,55.56,3.691,3.694,0.0,5458000000.0,4547000000.0,4547000000.0,0.0,0.015,0.199,0.019,0.388,0.0,1857000000.0,1.0,302103797.0,302300000.0,305500000.0,15.041,72411000000.0,0.0,598000000.0,0.0,239.534,
90,PNC,MRT,1998-12-31,1998-12-31,1998-12-31,2021-08-06,-43000000.0,77207000000.0,75418250000.0,,,0.058,20.09,0.0,2534000000.0,2534000000.0,0.0,1115000000.0,,11.636,20946000000.0,,,20946000000.0,0.0,310000000.0,47496000000.0,0.029,1.58,1686000000.0,1996000000.0,0.459,1996000000.0,1686000000.0,1686000000.0,3.64,3.49,3.64,6043000000.0,5739000000.0,6043000000.0,34238633858.0,20.0,17.154,726000000.0,2.414,1.0,4349000000.0,1.0,2548000000.0,0.0,93071000000.0,92428750000.0,0.0,68211000000.0,,,70316000000.0,,,16248633858.0,-1710000000.0,-1031000000.0,-219000000.0,-1015000000.0,-495000000.0,-1703000000.0,-733000000.0,476000000.0,726000000.0,0.0,1115000000.0,1115000000.0,1115000000.0,-35000000.0,0.0,0.256,2638000000.0,1711000000.0,0.0,0.434,2.689,14.573,14.835,0.0,0.0,54.0,3.736,3.735,0.0,5262000000.0,4349000000.0,4349000000.0,0.0,0.015,0.194,0.018,0.388,0.0,1742000000.0,1.0,300900627.0,300800000.0,305100000.0,14.458,74659000000.0,0.0,571000000.0,0.0,248.201,
91,PNC,MRT,1998-09-30,1998-09-30,1998-09-30,2021-08-06,17000000.0,76238000000.0,74896500000.0,,,0.059,19.271,0.0,1982000000.0,1982000000.0,0.0,1095021000.0,,12.014,19972000000.0,,,19972000000.0,0.0,521000000.0,46875000000.0,0.035,1.56,1666404000.0,2187404000.0,0.491,2187404000.0,1666404000.0,1666404000.0,3.58,3.52,3.58,5793000000.0,5574250000.0,5793000000.0,31964371585.0,19.0,14.613,-1676000000.0,-5.576,1.0,4453066000.0,1.0,0.0,0.0,94228000000.0,91362750000.0,0.0,67753000000.0,,,69597000000.0,,,13570371585.0,-1478000000.0,-1074000000.0,-436000000.0,1062000000.0,-490000000.0,3065000000.0,-2867000000.0,-1659000000.0,-1676000000.0,0.0,1087021000.0,1087021000.0,1087021000.0,0.0,8000000.0,0.244,2722677000.0,1730389000.0,0.0,0.436,2.343,12.484,12.57,0.0,0.0,45.0,3.047,3.038,0.0,5105000000.0,4453066000.0,4453066000.0,0.0,0.015,0.195,0.018,0.374,0.0,1831821000.0,1.0,301563813.0,300600000.0,,14.814,76238000000.0,0.0,579383000.0,0.0,253.619,
92,PNC,MRT,1998-06-30,1998-06-30,1998-06-30,2021-08-06,-16000000.0,75873000000.0,,,,,18.745,0.0,2094000000.0,2094000000.0,0.0,1075616000.0,,12.319,20488000000.0,,,20488000000.0,0.0,397000000.0,47096000000.0,0.029,1.54,1639413000.0,2036413000.0,0.465,2036413000.0,1639413000.0,1639413000.0,3.5,3.44,3.5,5633000000.0,,5633000000.0,32003317498.0,20.0,15.716,-1033000000.0,-3.438,1.0,4382230000.0,1.0,0.0,0.0,94267000000.0,,0.0,67424000000.0,,,69392000000.0,,,16209317498.0,-1582000000.0,-969000000.0,-496000000.0,1366000000.0,-486000000.0,2857000000.0,-3406000000.0,-1980000000.0,-1033000000.0,0.0,1067616000.0,1067616000.0,1067616000.0,0.0,8000000.0,0.244,2681640000.0,1700590000.0,0.0,0.44,2.878,15.183,15.394,0.0,0.0,53.88,3.699,3.695,0.0,4947000000.0,4382230000.0,4382230000.0,0.0,,,,0.374,0.0,1792393000.0,1.0,300841082.0,300500000.0,305900000.0,14.583,75873000000.0,0.0,571797000.0,0.0,252.489,
93,PNC,MRT,1998-03-31,1998-03-31,1998-03-31,2021-08-06,-32000000.0,72355000000.0,,,,,18.253,0.0,2581000000.0,2581000000.0,0.0,1054691000.0,,12.068,18375000000.0,,,18375000000.0,0.0,367000000.0,46068000000.0,0.025,1.52,1610163000.0,1977163000.0,0.464,1977163000.0,1610163000.0,1610163000.0,3.4,3.35,3.4,5487000000.0,,5487000000.0,33347574878.0,21.0,16.866,-197000000.0,-0.655,1.0,4259772000.0,1.0,0.0,0.0,88149000000.0,,0.0,64227000000.0,,,66218000000.0,,,18028574878.0,-515000000.0,29000000.0,-966000000.0,-206000000.0,-485000000.0,-178000000.0,-140000000.0,-65000000.0,-197000000.0,0.0,1050691000.0,1050691000.0,1050691000.0,0.0,4000000.0,0.247,2596565000.0,1663207000.0,0.0,0.447,3.286,17.159,17.629,0.0,0.0,59.94,4.232,4.23,0.0,4788000000.0,4259772000.0,4259772000.0,0.0,,,,0.378,0.0,1746443000.0,1.0,300777025.0,300600000.0,,14.171,72355000000.0,0.0,559472000.0,0.0,240.702,
94,PNC,MRT,1997-12-31,1997-12-31,1997-12-31,2021-08-06,-23000000.0,75120000000.0,74190000000.0,,,0.057,17.362,0.0,4303000000.0,4303000000.0,0.0,1052000000.0,,12.832,19622000000.0,,,19622000000.0,0.0,346000000.0,47649000000.0,0.026,1.5,1618000000.0,1964000000.0,0.468,1964000000.0,1618000000.0,1618000000.0,3.33,3.28,3.33,5384000000.0,5626500000.0,5384000000.0,,,,-41000000.0,-0.132,1.0,4200000000.0,1.0,1632000000.0,0.0,88807000000.0,88827500000.0,0.0,65645000000.0,,,69086000000.0,,,17126243804.0,287000000.0,0.0,-1377000000.0,-46000000.0,-488000000.0,376000000.0,-48000000.0,659000000.0,-41000000.0,0.0,1052000000.0,1052000000.0,1052000000.0,0.0,0.0,0.25,2539000000.0,1661000000.0,0.0,0.45,3.181,16.28,17.099,0.0,0.0,56.94,4.078,4.204,0.0,4641000000.0,4200000000.0,4200000000.0,0.0,0.014,0.187,0.018,0.385,0.0,1680000000.0,1.0,300777025.0,310100000.0,316200000.0,13.544,73488000000.0,0.0,566000000.0,0.0,236.982,
95,PNC,MRT,1997-09-30,1997-09-30,1997-09-30,2021-08-06,,,,,,,,,,,,,,,,,,,,,,0.03,1.48,,,,,,,,,,,,,,,,,,1.0,,,,,,,,,,,,,,,,,,,,,,,,,,,,,,,,,,,,,,,,48.88,,,,,,,,,,,,,,1.0,,,,,,,,,,
96,PNC,MRT,1997-06-30,1997-06-30,1997-06-30,2021-08-06,,,,,,,,,,,,,,,,,,,,,,0.035,1.46,,,,,,,,,,,,,,,,,,1.0,,,,,,,,,,,,,,,,,,,,,,,,,,,,,,,,,,,,,,,,41.75,,,,,,,,,,,,,,1.0,,309962000.0,,,,,,,,
97,PNC,MRT,1997-03-31,1997-03-31,1997-03-31,2021-08-06,,,,,,,,,,,,,,,,,,,,,,0.036,1.44,,,,,,,,,,,,,,,,,,1.0,,,,,,,,,,,,,,,,,,,,,,,,,,,,,,,,,,,,,,,,40.0,,,,,,,,,,,,,,1.0,,321752000.0,,,,,,,,
98,PNC,MRT,1996-12-31,1996-12-31,1996-12-31,2021-08-06,-67000000.0,73260000000.0,,,,,17.333,0.0,4016000000.0,4016000000.0,0.0,992000000.0,,11.423,19604000000.0,,,19604000000.0,0.0,290000000.0,45676000000.0,0.038,1.42,1527000000.0,1817000000.0,0.469,1817000000.0,1527000000.0,1527000000.0,2.91,2.88,2.91,5869000000.0,,5869000000.0,,,,210000000.0,0.62,1.0,3875000000.0,1.0,0.0,0.0,88848000000.0,,0.0,64264000000.0,,,67041000000.0,,,,337000000.0,460000000.0,-449000000.0,561000000.0,-488000000.0,-1428000000.0,1555000000.0,280000000.0,210000000.0,0.0,992000000.0,992000000.0,992000000.0,0.0,0.0,0.256,2347000000.0,1528000000.0,0.0,0.488,,,12.928,0.0,0.0,37.62,,3.287,0.0,4075000000.0,3875000000.0,3875000000.0,0.0,,,,0.394,0.0,1567000000.0,1.0,,338600000.0,344600000.0,11.444,73260000000.0,0.0,535000000.0,0.0,216.361,
99,PNC,MRT,1995-12-31,1995-12-31,1995-12-31,2021-08-06,,,,,,,,0.0,,,0.0,408000000.0,,,,,,,,296000000.0,,0.043,1.4,627000000.0,923000000.0,0.298,923000000.0,627000000.0,627000000.0,1.2,1.19,1.2,,,,,,,1120000000.0,3.329,1.0,3096000000.0,1.0,,0.0,,,,,,,,,,,267000000.0,49000000.0,-148000000.0,-5441000000.0,-387000000.0,-7888000000.0,7035000000.0,5585000000.0,1120000000.0,0.0,408000000.0,408000000.0,408000000.0,0.0,0.0,0.132,2469000000.0,627000000.0,,1.167,,,26.875,,0.0,32.25,,3.505,,,3096000000.0,3096000000.0,0.0,,,,0.203,0.0,1411000000.0,1.0,,336455000.0,343868000.0,9.202,,,219000000.0,,,
