None,ticker,dimension,calendardate,datekey,reportperiod,lastupdated,accoci,assets,assetsavg,assetsc,assetsnc,assetturnover,bvps,capex,cashneq,cashnequsd,cor,consolinc,currentratio,de,debt,debtc,debtnc,debtusd,deferredrev,depamor,deposits,divyield,dps,ebit,ebitda,ebitdamargin,ebitdausd,ebitusd,ebt,eps,epsdil,epsusd,equity,equityavg,equityusd,ev,evebit,evebitda,fcf,fcfps,fxusd,gp,grossmargin,intangibles,intexp,invcap,invcapavg,inventory,investments,investmentsc,investmentsnc,liabilities,liabilitiesc,liabilitiesnc,marketcap,ncf,ncfbus,ncfcommon,ncfdebt,ncfdiv,ncff,ncfi,ncfinv,ncfo,ncfx,netinc,netinccmn,netinccmnusd,netincdis,netincnci,netmargin,opex,opinc,payables,payoutratio,pb,pe,pe1,ppnenet,prefdivis,price,ps,ps1,receivables,retearn,revenue,revenueusd,rnd,roa,roe,roic,ros,sbcomp,sgna,sharefactor,sharesbas,shareswa,shareswadil,sps,tangibles,taxassets,taxexp,taxliabilities,tbvps,workingcapital
0,BEAM2,MRY,2013-12-31,2013-12-31,2013-12-31,2021-08-25,-146800000.0,8584700000.0,8479900000.0,2890100000.0,5694600000.0,0.3,31.302,-128500000.0,277200000.0,277200000.0,1067900000.0,362500000.0,4.09,0.692,2037300000.0,12800000.0,2024500000.0,2037300000.0,0.0,121000000.0,0.0,0.013,0.9,566000000.0,687000000.0,0.27,687000000.0,566000000.0,474400000.0,2.24,2.22,2.24,5074100000.0,4835675000.0,5074100000.0,13152387982.0,23.0,19.145,295300000.0,1.822,1.0,1479400000.0,0.581,4782200000.0,91600000.0,4856000000.0,4881525000.0,1843300000.0,57300000.0,0.0,57300000.0,3510600000.0,706600000.0,2804000000.0,11098487982.0,-88500000.0,86200000.0,176900000.0,-513600000.0,-145700000.0,-468800000.0,-42300000.0,0.0,423800000.0,-1200000.0,362500000.0,362500000.0,362500000.0,3000000.0,0.0,0.142,862300000.0,617100000.0,241700000.0,0.402,2.187,30.617,30.384,815700000.0,0.0,68.06,4.357,4.331,427000000.0,6352600000.0,2547300000.0,2547300000.0,0.0,0.043,0.075,0.116,0.222,20000000.0,793200000.0,1.0,163069174.0,162100000,163400000.0,15.714,3802500000.0,0.0,111900000.0,526700000.0,23.458,2183500000.0
1,BEAM2,MRY,2012-12-31,2012-12-31,2012-12-31,2021-08-25,-186000000.0,8676100000.0,8230125000.0,2902600000.0,5773500000.0,0.299,29.117,-136500000.0,365700000.0,365700000.0,1023700000.0,385200000.0,2.321,0.882,2505000000.0,480100000.0,2024900000.0,2505000000.0,0.0,110500000.0,0.0,0.013,0.82,590400000.0,700900000.0,0.285,700900000.0,590400000.0,481400000.0,2.43,2.4,2.43,4609200000.0,4431875000.0,4609200000.0,12087103945.0,20.0,17.245,241700000.0,1.527,1.0,1436000000.0,0.584,4879100000.0,109000000.0,4685600000.0,4679950000.0,1763000000.0,51500000.0,0.0,51500000.0,4066900000.0,1250700000.0,2816200000.0,9720203945.0,147400000.0,-665600000.0,112700000.0,566900000.0,-130100000.0,564200000.0,-802100000.0,0.0,378200000.0,7100000.0,385200000.0,385200000.0,385200000.0,18200000.0,0.0,0.157,862500000.0,573500000.0,264000000.0,0.337,2.109,25.234,25.14,787900000.0,0.0,61.09,3.952,3.932,453000000.0,6136800000.0,2459700000.0,2459700000.0,0.0,0.047,0.087,0.126,0.24,20300000.0,811600000.0,1.0,159112849.0,158300000,160800000.0,15.538,3797000000.0,0.0,96200000.0,453000000.0,23.986,1651900000.0
2,BEAM2,MRY,2011-12-31,2011-12-31,2011-12-31,2021-08-25,-304100000.0,7491800000.0,11122150000.0,2434400000.0,5057400000.0,0.207,26.518,-218500000.0,218300000.0,218300000.0,985600000.0,906800000.0,3.209,0.827,1930500000.0,28400000.0,1902100000.0,1930500000.0,0.0,199400000.0,0.0,0.015,0.76,1059900000.0,1259300000.0,0.548,1259300000.0,1059900000.0,942500000.0,5.83,5.72,5.83,4099700000.0,5639450000.0,4099700000.0,10228352736.0,10.0,8.122,236000000.0,1.527,1.0,1313400000.0,0.571,4202900000.0,117400000.0,4242400000.0,6350500000.0,1551500000.0,42200000.0,0.0,42200000.0,3392100000.0,758700000.0,2633400000.0,7964152736.0,-646400000.0,1136700000.0,102300000.0,-1975300000.0,-117800000.0,-2002500000.0,918200000.0,0.0,454500000.0,-16600000.0,902700000.0,902700000.0,902700000.0,-787200000.0,4100000.0,0.393,927800000.0,385600000.0,206100000.0,0.13,1.943,8.823,8.787,729700000.0,0.0,51.23,3.464,3.445,385800000.0,5892600000.0,2299000000.0,2299000000.0,0.0,0.081,0.16,0.167,0.461,52100000.0,788700000.0,1.0,155458769.0,154600000,157800000.0,14.871,3288900000.0,0.0,39800000.0,375100000.0,21.274,1675700000.0
3,BEAM2,MRY,2010-12-31,2010-12-31,2010-12-31,2021-08-25,-172000000.0,12674000000.0,12363950000.0,4343000000.0,8331000000.0,0.169,37.212,-223000000.0,811500000.0,811500000.0,865000000.0,496000000.0,2.061,1.232,4232000000.0,611400000.0,3620600000.0,4232000000.0,0.0,245100000.0,0.0,0.013,0.76,667500000.0,912600000.0,0.436,912600000.0,667500000.0,523800000.0,3.2,3.16,3.2,5671100000.0,5428675000.0,5671100000.0,12798894345.0,19.0,14.025,547600000.0,3.593,1.0,1229900000.0,0.587,4364300000.0,143700000.0,9623300000.0,7998750000.0,1523100000.0,51900000.0,0.0,51900000.0,6986000000.0,2106900000.0,4879100000.0,9192994345.0,447500000.0,150000000.0,40600000.0,-165200000.0,-116200000.0,-248500000.0,-73000000.0,0.0,770600000.0,-1600000.0,487600000.0,487600000.0,487600000.0,-186500000.0,8400000.0,0.233,773700000.0,456200000.0,189300000.0,0.237,1.621,18.854,18.828,668200000.0,0.0,60.25,4.388,4.383,431100000.0,7499300000.0,2094900000.0,2094900000.0,0.0,0.039,0.09,0.083,0.319,56000000.0,723700000.0,1.0,152580819.0,152400000,154300000.0,13.746,8309700000.0,0.0,36200000.0,393100000.0,54.526,2236100000.0
4,BEAM2,MRY,2009-12-31,2009-12-31,2009-12-31,2021-08-25,-211800000.0,12370600000.0,12262375000.0,3871700000.0,8498900000.0,0.161,33.882,-157500000.0,417200000.0,417200000.0,782700000.0,247100000.0,2.645,1.427,4464600000.0,51300000.0,4413300000.0,4464600000.0,0.0,254700000.0,0.0,0.023,1.01,399700000.0,654400000.0,0.33,654400000.0,399700000.0,256100000.0,1.61,1.6,1.61,5092400000.0,4893850000.0,5092400000.0,10711190168.0,27.0,16.368,708800000.0,4.716,1.0,1197600000.0,0.605,6764900000.0,143600000.0,8189500000.0,8513600000.0,2016600000.0,49800000.0,0.0,49800000.0,7264900000.0,1463600000.0,5801300000.0,6494790168.0,253900000.0,-55700000.0,6900000.0,-287400000.0,-152200000.0,-432300000.0,-213200000.0,0.0,866300000.0,33100000.0,242800000.0,242800000.0,242800000.0,-12400000.0,4300000.0,0.123,798500000.0,399100000.0,468500000.0,0.627,1.275,26.75,26.832,1467900000.0,0.0,43.2,3.28,3.279,949000000.0,7135400000.0,1980300000.0,1980300000.0,0.0,0.02,0.05,0.047,0.202,40900000.0,659900000.0,1.0,150342365.0,150300000,151800000.0,13.176,5605700000.0,0.0,13300000.0,642900000.0,37.297,2408100000.0
5,BEAM2,MRY,2008-12-31,2008-12-31,2008-12-31,2021-08-25,-478400000.0,12091900000.0,13363575000.0,3468100000.0,8623800000.0,0.569,30.89,-176300000.0,163300000.0,163300000.0,4044800000.0,245300000.0,2.914,1.578,4725200000.0,36600000.0,4688600000.0,4725200000.0,0.0,265500000.0,0.0,0.042,1.72,643800000.0,909300000.0,0.12,909300000.0,643800000.0,406700000.0,2.05,2.02,2.05,4686000000.0,5523775000.0,4686000000.0,10812276151.0,17.0,11.891,641300000.0,4.227,1.0,3564100000.0,0.468,6783200000.0,237100000.0,8680500000.0,8162325000.0,1975400000.0,55100000.0,0.0,55100000.0,7392300000.0,1190100000.0,6202200000.0,6188176151.0,-40400000.0,-97900000.0,-257100000.0,387200000.0,-261200000.0,-555800000.0,-274200000.0,0.0,817600000.0,-28000000.0,311100000.0,311100000.0,311100000.0,-152500000.0,-65800000.0,0.041,3418500000.0,145600000.0,387700000.0,0.839,1.321,19.891,20.137,1553900000.0,0.0,41.28,0.813,0.823,918500000.0,7046200000.0,7608900000.0,7608900000.0,0.0,0.023,0.056,0.079,0.085,25700000.0,1997800000.0,1.0,149907368.0,151700000,153700000.0,50.158,5308700000.0,0.0,95600000.0,700000000.0,34.995,2278000000.0
6,BEAM2,MRY,2007-12-31,2007-12-31,2007-12-31,2021-08-25,349100000.0,13956900000.0,14684075000.0,3780900000.0,10176000000.0,0.583,37.136,-267100000.0,203700000.0,203700000.0,4564600000.0,787000000.0,1.806,1.357,4373700000.0,431000000.0,3942700000.0,4373700000.0,65200000.0,280400000.0,0.0,0.022,1.62,1402500000.0,1682900000.0,0.197,1682900000.0,1402500000.0,1108900000.0,4.98,4.87,4.98,5685500000.0,5235450000.0,5685500000.0,16424145873.0,12.0,9.759,698200000.0,4.56,1.0,3998500000.0,0.467,8063200000.0,293600000.0,7969800000.0,9220325000.0,2047600000.0,110000000.0,0.0,110000000.0,7712900000.0,2093900000.0,5619000000.0,11129945873.0,21000000.0,1011300000.0,80800000.0,-1562800000.0,-248600000.0,-1713000000.0,744200000.0,0.0,965300000.0,24500000.0,762600000.0,762600000.0,762600000.0,0.0,24400000.0,0.089,2622200000.0,1376300000.0,468900000.0,0.325,1.958,14.595,14.53,1698200000.0,0.0,72.36,1.3,1.294,1101900000.0,6999300000.0,8563100000.0,8563100000.0,0.0,0.052,0.146,0.152,0.164,27900000.0,2035800000.0,1.0,153813514.0,153100000,156500000.0,55.931,5893700000.0,0.0,346300000.0,951300000.0,38.496,1687000000.0
7,BEAM2,MRY,2006-12-31,2006-12-31,2006-12-31,2021-08-25,37900000.0,14668300000.0,14333825000.0,3930100000.0,10738200000.0,0.594,31.71,-266000000.0,182700000.0,182700000.0,4476800000.0,830100000.0,1.562,1.984,5824200000.0,789300000.0,5034900000.0,5824200000.0,92200000.0,254700000.0,0.0,0.017,1.47,1438200000.0,1692900000.0,0.199,1692900000.0,1438200000.0,1129400000.0,5.56,5.42,5.56,4728000000.0,4319800000.0,4728000000.0,18814011952.0,13.0,11.113,716700000.0,4.807,1.0,4044200000.0,0.475,8038700000.0,308800000.0,9755700000.0,9564325000.0,1937800000.0,179900000.0,0.0,179900000.0,9380600000.0,2515400000.0,6865200000.0,12926711952.0,89100000.0,-496300000.0,61200000.0,-147700000.0,-224000000.0,-145500000.0,-762300000.0,0.0,982700000.0,14200000.0,830100000.0,830100000.0,830100000.0,-18000000.0,0.0,0.097,2596300000.0,1447900000.0,469300000.0,0.264,2.734,15.572,15.358,1708200000.0,0.0,85.39,1.517,1.494,1130100000.0,6496300000.0,8521000000.0,8521000000.0,0.0,0.058,0.192,0.15,0.169,37000000.0,2026600000.0,1.0,151384377.0,149100000,153000000.0,57.15,6629600000.0,0.0,299300000.0,1308400000.0,44.464,1414700000.0
8,BEAM2,MRY,2005-12-31,2005-12-31,2005-12-31,2021-08-25,-22200000.0,13201500000.0,10570750000.0,3192700000.0,10008800000.0,0.652,25.038,-221900000.0,93600000.0,93600000.0,3731000000.0,621100000.0,1.133,2.518,5824000000.0,934100000.0,4889900000.0,5824000000.0,119200000.0,224400000.0,0.0,0.018,1.38,1096500000.0,1320900000.0,0.192,1320900000.0,1096500000.0,942900000.0,4.26,4.13,4.26,3645600000.0,3455850000.0,3645600000.0,17191693583.0,16.0,13.015,580800000.0,3.989,1.0,3160000000.0,0.459,6880500000.0,153600000.0,9233500000.0,7161700000.0,1663100000.0,1243400000.0,0.0,1243400000.0,9181100000.0,2817900000.0,6363200000.0,11399693583.0,-71300000.0,-4316400000.0,72100000.0,3917600000.0,-201600000.0,3783700000.0,-4664200000.0,0.0,802700000.0,6500000.0,621100000.0,621100000.0,621100000.0,-43600000.0,0.0,0.09,2008700000.0,1151300000.0,688400000.0,0.324,3.127,18.354,18.315,1679600000.0,0.0,78.02,1.654,1.648,1115600000.0,5890200000.0,6891000000.0,6891000000.0,0.0,0.059,0.18,0.153,0.159,26000000.0,1655500000.0,1.0,146112453.0,145600000,150500000.0,47.328,6321000000.0,0.0,321800000.0,1077100000.0,43.413,374800000.0
9,BEAM2,MRY,2004-12-31,2004-12-31,2004-12-31,2021-08-25,6400000.0,7883600000.0,7731650000.0,2641900000.0,5241700000.0,0.795,21.576,-215600000.0,85100000.0,85100000.0,3342100000.0,783800000.0,1.298,1.404,1909700000.0,670200000.0,1239500000.0,1909700000.0,146300000.0,221000000.0,0.0,0.016,1.26,1122200000.0,1343200000.0,0.219,1343200000.0,1122200000.0,1044900000.0,5.4,5.23,5.4,3130700000.0,2898650000.0,3130700000.0,12915337493.0,12.0,9.615,576300000.0,3.972,1.0,2803100000.0,0.456,3237200000.0,77300000.0,4435000000.0,4082400000.0,915700000.0,137800000.0,0.0,137800000.0,4394900000.0,2036000000.0,2358900000.0,11125737493.0,60300000.0,-30900000.0,-248600000.0,-64800000.0,-183500000.0,-515600000.0,-245300000.0,0.0,791900000.0,29300000.0,783800000.0,783800000.0,783800000.0,-67800000.0,0.0,0.128,1778500000.0,1024600000.0,271200000.0,0.233,3.554,14.195,14.293,1219500000.0,0.0,77.18,1.81,1.822,787800000.0,5447200000.0,6145200000.0,6145200000.0,0.0,0.101,0.27,0.275,0.183,35000000.0,1433600000.0,1.0,144153116.0,145100000,149900000.0,42.351,4646400000.0,0.0,261100000.0,627300000.0,32.022,605900000.0
10,BEAM2,MRY,2003-12-31,2003-12-31,2003-12-31,2021-08-25,-89800000.0,7444900000.0,6481675000.0,2281600000.0,5163300000.0,0.789,18.136,-181900000.0,44100000.0,44100000.0,2686500000.0,579200000.0,1.069,1.684,1970700000.0,728100000.0,1242600000.0,1970700000.0,173300000.0,192600000.0,0.0,0.016,1.14,918400000.0,1111000000.0,0.217,1111000000.0,918400000.0,854500000.0,3.97,3.86,3.97,2640600000.0,2480100000.0,2640600000.0,11515411699.0,13.0,10.365,608800000.0,4.181,1.0,2426100000.0,0.475,3212100000.0,63900000.0,4025900000.0,3424075000.0,800000000.0,74900000.0,0.0,74900000.0,4447800000.0,2133500000.0,2314300000.0,10428211699.0,89200000.0,-1047700000.0,-111200000.0,831600000.0,-166900000.0,515400000.0,-1229600000.0,0.0,790700000.0,12700000.0,579200000.0,579200000.0,579200000.0,-27100000.0,0.0,0.113,1557800000.0,868300000.0,244700000.0,0.287,3.949,18.005,18.008,1187900000.0,0.0,71.49,2.04,2.036,715200000.0,4846900000.0,5112600000.0,5112600000.0,0.0,0.089,0.234,0.268,0.18,27600000.0,1236400000.0,1.0,145869516.0,145600000,150300000.0,35.114,4232800000.0,0.0,275300000.0,734300000.0,29.071,148100000.0
11,BEAM2,MRY,2002-12-31,2002-12-31,2002-12-31,2021-08-25,-177600000.0,5822200000.0,5759375000.0,1903100000.0,3919100000.0,0.794,15.483,-186400000.0,15400000.0,15400000.0,2375600000.0,562200000.0,1.256,1.345,1135900000.0,294200000.0,841700000.0,1135900000.0,200200000.0,178700000.0,0.0,0.022,1.02,809200000.0,987900000.0,0.216,987900000.0,809200000.0,748800000.0,3.76,3.65,3.76,2313200000.0,2305700000.0,2313200000.0,8109623357.0,10.0,8.209,600600000.0,4.02,1.0,2196700000.0,0.48,2332700000.0,60400000.0,3095300000.0,3232050000.0,835800000.0,76000000.0,0.0,76000000.0,3110100000.0,1514700000.0,1595400000.0,6941723357.0,-33300000.0,-414400000.0,-135700000.0,45400000.0,-153400000.0,-219100000.0,-600800000.0,0.0,787000000.0,-400000.0,562200000.0,562200000.0,562200000.0,-15800000.0,0.0,0.123,1431500000.0,765200000.0,268200000.0,0.271,3.001,12.347,12.37,1189600000.0,0.0,46.51,1.518,1.52,845100000.0,4529900000.0,4572300000.0,4572300000.0,0.0,0.098,0.244,0.25,0.177,29200000.0,1094700000.0,1.0,149252276.0,149400000,154000000.0,30.604,3489500000.0,0.0,186600000.0,387800000.0,23.357,388400000.0
12,BEAM2,MRY,2001-12-31,2001-12-31,2001-12-31,2021-08-25,-131700000.0,5270500000.0,5642600000.0,1969600000.0,3300900000.0,0.985,13.861,-204000000.0,48700000.0,48700000.0,3128300000.0,386000000.0,1.604,1.321,989500000.0,39200000.0,950300000.0,989500000.0,227200000.0,218700000.0,0.0,0.025,0.97,577200000.0,795900000.0,0.143,795900000.0,577200000.0,480400000.0,2.55,2.49,2.55,2102700000.0,2116825000.0,2102700000.0,7081422634.0,12.0,8.897,434700000.0,2.866,1.0,2431300000.0,0.437,694300000.0,96800000.0,4289000000.0,3700300000.0,856600000.0,72400000.0,0.0,72400000.0,2777000000.0,1228000000.0,1549000000.0,5882622634.0,27800000.0,543500000.0,-218800000.0,-964600000.0,-148000000.0,-952800000.0,339700000.0,0.0,638700000.0,2200000.0,386000000.0,386000000.0,386000000.0,0.0,0.0,0.069,1900000000.0,531300000.0,313400000.0,0.38,2.798,15.24,15.525,1158400000.0,0.0,39.59,1.058,1.08,860600000.0,4157700000.0,5559600000.0,5559600000.0,0.0,0.068,0.182,0.156,0.104,4300000.0,1358200000.0,1.0,148588599.0,151700000,155300000.0,36.649,4576200000.0,0.0,94400000.0,322900000.0,30.166,741600000.0
13,BEAM2,MRY,2000-12-31,2000-12-31,2000-12-31,2021-08-25,-79600000.0,5764100000.0,6248100000.0,2264500000.0,3499600000.0,0.902,13.553,-212200000.0,20900000.0,20900000.0,3089000000.0,-137700000.0,1.11,1.692,1957800000.0,806000000.0,1151800000.0,1957800000.0,0.0,236700000.0,0.0,0.031,0.93,172700000.0,409400000.0,0.073,409400000.0,172700000.0,38900000.0,-0.88,-0.88,-0.88,2135900000.0,2498350000.0,2135900000.0,6579254150.0,38.0,16.07,260200000.0,1.651,1.0,2546400000.0,0.452,1989400000.0,133800000.0,3671700000.0,3669075000.0,1079200000.0,0.0,0.0,0.0,3613800000.0,2039900000.0,1573900000.0,4640754150.0,-51000000.0,-25600000.0,-253400000.0,116000000.0,-147700000.0,-284000000.0,-238000000.0,0.0,472400000.0,-1400000.0,-137700000.0,-137700000.0,-137700000.0,0.0,0.0,-0.024,2368600000.0,177800000.0,291800000.0,-1.057,2.173,-33.702,-34.091,1205100000.0,0.0,30.0,0.824,0.839,952100000.0,3919700000.0,5635400000.0,5635400000.0,0.0,-0.022,-0.055,0.047,0.031,200000.0,1414000000.0,1.0,154691805.0,157600000,157600000.0,35.758,3774700000.0,0.0,176600000.0,442200000.0,23.951,224600000.0
14,BEAM2,MRY,1999-12-31,1999-12-31,1999-12-31,2021-08-25,-14900000.0,6417100000.0,6544075000.0,2312800000.0,4104300000.0,0.841,16.436,-217300000.0,71900000.0,71900000.0,2873100000.0,-890600000.0,1.155,1.344,1844800000.0,640000000.0,1204800000.0,1844800000.0,0.0,230500000.0,0.0,0.027,0.89,-613900000.0,-383400000.0,-0.07,-383400000.0,-613900000.0,-720700000.0,-5.35,-5.35,-5.35,2738200000.0,3043875000.0,2738200000.0,7036577590.0,-11.0,-18.353,271100000.0,1.627,1.0,2627500000.0,0.478,2592100000.0,106800000.0,3595000000.0,3344450000.0,1061400000.0,0.0,0.0,0.0,3678900000.0,2002900000.0,1676000000.0,5424977590.0,31600000.0,-132300000.0,-317300000.0,360200000.0,-149600000.0,-107300000.0,-349200000.0,0.0,488400000.0,-300000.0,-890600000.0,-890600000.0,-890600000.0,0.0,0.0,-0.162,3268600000.0,-641100000.0,272200000.0,-0.166,1.981,-6.091,-6.18,1176500000.0,0.0,33.062,0.986,1.001,956500000.0,4205200000.0,5500600000.0,5500600000.0,0.0,-0.136,-0.293,-0.184,-0.112,-15200000.0,1518500000.0,1.0,164082498.0,166600000,166600000.0,33.017,3825000000.0,0.0,169900000.0,484600000.0,22.959,309900000.0
15,BEAM2,MRY,1998-12-31,1998-12-31,1998-12-31,2021-08-25,4700000.0,7359700000.0,7299950000.0,2265300000.0,5094400000.0,0.723,23.795,-245400000.0,40300000.0,40300000.0,2667900000.0,263100000.0,1.228,0.796,1486400000.0,504700000.0,981700000.0,1486400000.0,0.0,251100000.0,0.0,0.027,0.85,584100000.0,835200000.0,0.158,835200000.0,584100000.0,481400000.0,1.52,1.49,1.52,4097500000.0,4067250000.0,4097500000.0,6857153174.0,12.0,8.21,158800000.0,0.922,1.0,2612200000.0,0.495,3761300000.0,102700000.0,3199900000.0,3023750000.0,1087600000.0,0.0,0.0,0.0,3262200000.0,1844600000.0,1417600000.0,5408153174.0,-13900000.0,-254800000.0,-55400000.0,340900000.0,-147400000.0,90200000.0,-502800000.0,0.0,404200000.0,-5500000.0,263100000.0,263100000.0,263100000.0,0.0,0.0,0.05,1992600000.0,619600000.0,274900000.0,0.559,1.32,20.556,20.806,1119900000.0,0.0,31.625,1.024,1.031,919900000.0,5245400000.0,5280100000.0,5280100000.0,0.0,0.036,0.065,0.193,0.111,0.0,1440700000.0,1.0,171008796.0,172200000,176200000.0,30.663,3598400000.0,0.0,218300000.0,522300000.0,20.897,420700000.0
16,BEAM2,MRY,1997-12-31,1997-12-31,1997-12-31,2021-08-25,0.0,6942500000.0,7339900000.0,2095600000.0,4846900000.0,0.66,23.41,-191400000.0,54200000.0,54200000.0,2540400000.0,98500000.0,1.185,0.728,0.0,404600000.0,739100000.0,0.0,0.0,242700000.0,0.0,0.038,1.41,313400000.0,556100000.0,0.115,556100000.0,313400000.0,196700000.0,0.57,0.56,0.57,4017100000.0,3846550000.0,4017100000.0,,,,234900000.0,1.369,1.0,2304100000.0,0.476,3674100000.0,116700000.0,1445700000.0,2864900000.0,955200000.0,0.0,0.0,0.0,2925400000.0,1768500000.0,1156900000.0,6391056425.0,19300000.0,-36600000.0,-90000000.0,-1243800000.0,-243400000.0,-1494900000.0,-227600000.0,0.0,426300000.0,-6400000.0,98500000.0,98500000.0,98500000.0,-65100000.0,0.0,0.02,2033600000.0,270500000.0,0.0,2.474,1.591,64.884,65.022,980900000.0,0.0,37.062,1.319,1.313,862000000.0,5129700000.0,4844500000.0,4844500000.0,0.0,0.013,0.026,0.109,0.065,0.0,1301600000.0,1.0,172439971.0,171600000,173300000.0,28.231,3268400000.0,0.0,98200000.0,0.0,19.047,327100000.0
17,BEAM2,MRY,1996-12-31,1996-12-31,1996-12-31,2021-08-25,-204100000.0,7737300000.0,,2842100000.0,4895200000.0,,21.212,-185200000.0,34900000.0,34900000.0,2401100000.0,486500000.0,1.374,1.105,2380500000.0,782200000.0,1598300000.0,2380500000.0,0.0,238300000.0,0.0,0.0,0.0,809900000.0,1048200000.0,0.222,1048200000.0,809900000.0,644400000.0,2.8,2.76,2.8,3676000000.0,,3676000000.0,,,,148300000.0,0.856,1.0,2316600000.0,0.491,3730700000.0,165500000.0,4284100000.0,,1037900000.0,0.0,0.0,0.0,4061300000.0,2068100000.0,1993200000.0,,-197100000.0,-694400000.0,-444300000.0,854400000.0,-348400000.0,95900000.0,-867300000.0,0.0,333500000.0,-3600000.0,486500000.0,486500000.0,486500000.0,-315100000.0,0.0,0.103,1805400000.0,511200000.0,241300000.0,0.0,,,17.723,972600000.0,0.0,49.625,,1.823,892400000.0,5025400000.0,4717700000.0,4717700000.0,0.0,,,,0.172,0.0,1249500000.0,1.0,,173300000,176100000.0,27.223,4006600000.0,0.0,157900000.0,462700000.0,23.119,774000000.0
18,BEAM2,MRY,1995-12-31,1995-12-31,1995-12-31,2021-08-25,,,,,,,,-160300000.0,,,3111700000.0,540400000.0,,,,,,,,224000000.0,,0.0,0.0,848500000.0,1072500000.0,0.218,1072500000.0,848500000.0,711900000.0,2.89,2.86,2.89,,,,,,,220000000.0,1.177,1.0,1816400000.0,0.369,,136600000.0,,,,,,,,,,,-222000000.0,1171600000.0,-988400000.0,-484000000.0,-377500000.0,-1824400000.0,1009000000.0,0.0,380300000.0,-16900000.0,540400000.0,540400000.0,540400000.0,-357200000.0,0.0,0.11,1353700000.0,462700000.0,,0.0,,,15.398,,0.0,44.5,,1.688,,,4928100000.0,4928100000.0,0.0,,,,0.172,0.0,1245800000.0,1.0,,186900000,189600000.0,26.368,,,171500000.0,,,
0,BEAM2,MRQ,2013-12-31,2013-12-31,2013-12-31,2021-08-25,-146800000.0,8584700000.0,,2890100000.0,5694600000.0,,31.015,-36200000.0,277200000.0,277200000.0,324900000.0,90300000.0,4.09,0.692,2037300000.0,12800000.0,2024500000.0,2037300000.0,0.0,31000000.0,0.0,0.013,0.225,139900000.0,170900000.0,0.231,170900000.0,139900000.0,121300000.0,0.56,0.55,0.56,5074100000.0,,5074100000.0,13152387982.0,23.0,19.145,273500000.0,1.672,1.0,414600000.0,0.561,4782200000.0,18600000.0,4856000000.0,,1843300000.0,57300000.0,0.0,57300000.0,3510600000.0,706600000.0,2804000000.0,11098487982.0,106000000.0,8700000.0,33000000.0,-179100000.0,-36800000.0,-181200000.0,-27500000.0,0.0,309700000.0,5000000.0,90300000.0,90300000.0,90300000.0,1300000.0,0.0,0.122,279700000.0,134900000.0,241700000.0,0.402,2.187,30.617,30.384,815700000.0,0.0,68.06,4.357,4.331,427000000.0,6352600000.0,739500000.0,739500000.0,0.0,,,,,4600000.0,222600000.0,1.0,163069174.0,163600000,164900000.0,4.52,3802500000.0,0.0,31000000.0,526700000.0,23.243,2183500000.0
1,BEAM2,MRQ,2013-09-30,2013-09-30,2013-09-30,2021-08-25,-206300000.0,8510000000.0,,2786800000.0,5723200000.0,,30.002,-30900000.0,171200000.0,171200000.0,255300000.0,84800000.0,3.382,0.745,2225100000.0,190500000.0,2034600000.0,2225100000.0,0.0,30200000.0,0.0,0.014,0.225,131300000.0,161500000.0,0.27,161500000.0,131300000.0,110400000.0,0.52,0.52,0.52,4875400000.0,,4875400000.0,12631071016.0,22.0,18.227,111600000.0,0.687,1.0,343400000.0,0.574,4813700000.0,20900000.0,4926200000.0,,1871300000.0,53200000.0,0.0,53200000.0,3634600000.0,824000000.0,2810600000.0,10467871016.0,-141900000.0,6000000.0,56900000.0,-266400000.0,-36500000.0,-241800000.0,-24900000.0,0.0,142500000.0,-17700000.0,84800000.0,84800000.0,84800000.0,100000.0,0.0,0.142,198500000.0,144900000.0,201800000.0,0.433,2.147,27.225,27.164,808300000.0,0.0,64.65,4.149,4.164,465200000.0,6249100000.0,598700000.0,598700000.0,0.0,,,,,2200000.0,182900000.0,1.0,161916025.0,162500000,163800000.0,3.684,3696300000.0,0.0,25600000.0,452300000.0,22.746,1962800000.0
2,BEAM2,MRQ,2013-06-30,2013-06-30,2013-06-30,2021-08-25,-289400000.0,8563700000.0,,2915700000.0,5648000000.0,,29.159,-35400000.0,313100000.0,313100000.0,263500000.0,74300000.0,2.788,0.816,2476300000.0,443700000.0,2032600000.0,2476300000.0,0.0,28900000.0,0.0,0.014,0.225,117500000.0,146400000.0,0.23,146400000.0,117500000.0,91800000.0,0.46,0.46,0.46,4715000000.0,,4715000000.0,12303415266.0,20.0,17.06,-4300000.0,-0.027,1.0,374100000.0,0.587,4762600000.0,25700000.0,4918600000.0,,1819100000.0,50600000.0,0.0,50600000.0,3848700000.0,1045700000.0,2803000000.0,10153715266.0,248000000.0,5900000.0,57500000.0,224400000.0,-36300000.0,248800000.0,-29500000.0,0.0,31100000.0,-2400000.0,74300000.0,74300000.0,74300000.0,300000.0,0.0,0.117,214000000.0,160100000.0,200400000.0,0.489,2.153,25.647,25.551,790600000.0,0.0,63.11,3.98,4.0,489400000.0,6237700000.0,637600000.0,637600000.0,0.0,,,,,6900000.0,210000000.0,1.0,160889166.0,161700000,163100000.0,3.943,3801100000.0,0.0,17500000.0,441900000.0,23.507,1870000000.0
3,BEAM2,MRQ,2013-03-31,2013-03-31,2013-03-31,2021-08-25,-239100000.0,8261200000.0,,2558500000.0,5702700000.0,,29.148,-26000000.0,65100000.0,65100000.0,228600000.0,114500000.0,3.288,0.766,2214800000.0,192000000.0,2022800000.0,2214800000.0,0.0,30900000.0,0.0,0.013,0.225,179100000.0,210000000.0,0.364,210000000.0,179100000.0,152700000.0,0.71,0.71,0.71,4678200000.0,,4678200000.0,12326460234.0,19.0,16.435,-85500000.0,-0.533,1.0,349100000.0,0.604,4807400000.0,26400000.0,4825300000.0,,1764300000.0,53000000.0,0.0,53000000.0,3583000000.0,778200000.0,2804800000.0,10187160234.0,-300600000.0,65600000.0,29500000.0,-292500000.0,-36100000.0,-294600000.0,39600000.0,0.0,-59500000.0,13900000.0,114500000.0,114500000.0,114500000.0,1300000.0,0.0,0.198,170100000.0,179000000.0,199700000.0,0.317,2.178,24.1,24.068,781400000.0,0.0,63.54,4.058,4.062,470200000.0,6217800000.0,577700000.0,577700000.0,0.0,,,,,6300000.0,177700000.0,1.0,160326727.0,160500000,161800000.0,3.599,3453800000.0,0.0,38200000.0,440700000.0,21.519,1780300000.0
4,BEAM2,MRQ,2012-12-31,2012-12-31,2012-12-31,2021-08-25,-186000000.0,8676100000.0,,2902600000.0,5773500000.0,,28.898,-40600000.0,365700000.0,365700000.0,303800000.0,110900000.0,2.321,0.882,2505000000.0,480100000.0,2024900000.0,2505000000.0,0.0,29400000.0,0.0,0.013,0.205,145700000.0,175100000.0,0.247,175100000.0,145700000.0,116600000.0,0.69,0.69,0.69,4609200000.0,,4609200000.0,12087103945.0,20.0,17.245,225000000.0,1.411,1.0,405400000.0,0.572,4879100000.0,29100000.0,4685600000.0,,1763000000.0,51500000.0,0.0,51500000.0,4066900000.0,1250700000.0,2816200000.0,9720203945.0,218200000.0,400000.0,21900000.0,100000.0,-32800000.0,-7500000.0,-40200000.0,0.0,265600000.0,300000.0,110900000.0,110900000.0,110900000.0,15900000.0,0.0,0.156,248600000.0,156800000.0,264000000.0,0.297,2.109,25.234,25.14,787900000.0,0.0,61.09,3.952,3.932,453000000.0,6136800000.0,709200000.0,709200000.0,0.0,,,,,5500000.0,228000000.0,1.0,159112849.0,159500000,161400000.0,4.446,3797000000.0,0.0,5700000.0,453000000.0,23.806,1651900000.0
5,BEAM2,MRQ,2012-09-30,2012-09-30,2012-09-30,2021-08-25,-196900000.0,8404700000.0,,2627900000.0,5776800000.0,,28.218,-37200000.0,147500000.0,147500000.0,255700000.0,96200000.0,2.893,0.878,2514400000.0,289200000.0,2225200000.0,2514400000.0,0.0,28100000.0,0.0,0.014,0.205,161600000.0,189700000.0,0.303,189700000.0,161600000.0,133100000.0,0.61,0.6,0.61,4475400000.0,,4475400000.0,11516416700.0,20.0,17.102,50200000.0,0.317,1.0,371000000.0,0.592,4874800000.0,28500000.0,4988300000.0,,1733700000.0,48600000.0,0.0,48600000.0,3929300000.0,908500000.0,3020800000.0,9112516700.0,38200000.0,-300000.0,11300000.0,-2400000.0,-32600000.0,-16800000.0,-37500000.0,0.0,87400000.0,5100000.0,96200000.0,96200000.0,96200000.0,2200000.0,0.0,0.154,209100000.0,161900000.0,173800000.0,0.336,2.036,25.583,25.688,769700000.0,0.0,57.54,3.824,3.83,451700000.0,6046200000.0,626700000.0,626700000.0,0.0,,,,,5000000.0,203800000.0,1.0,158368382.0,158600000,161400000.0,3.951,3529900000.0,0.0,36900000.0,462700000.0,22.257,1719400000.0
6,BEAM2,MRQ,2012-06-30,2012-06-30,2012-06-30,2021-08-25,-281200000.0,8200400000.0,,2484700000.0,5715700000.0,,27.394,-35300000.0,109300000.0,109300000.0,249400000.0,101100000.0,2.704,0.895,2513200000.0,299800000.0,2213400000.0,2513200000.0,0.0,27100000.0,0.0,0.013,0.205,148100000.0,175200000.0,0.293,175200000.0,148100000.0,121200000.0,0.63,0.62,0.63,4328300000.0,,4328300000.0,11704348403.0,14.0,12.11,41500000.0,0.263,1.0,347600000.0,0.582,4823900000.0,26900000.0,4861400000.0,,1688300000.0,45800000.0,0.0,45800000.0,3872100000.0,919000000.0,2953100000.0,9848248403.0,20800000.0,-602300000.0,34300000.0,577700000.0,-32400000.0,581000000.0,-637600000.0,0.0,76800000.0,600000.0,101100000.0,101100000.0,101100000.0,800000.0,0.0,0.169,221200000.0,126400000.0,137200000.0,0.325,2.275,14.631,14.533,758100000.0,0.0,62.49,4.217,4.228,422800000.0,6002900000.0,597000000.0,597000000.0,0.0,,,,,5400000.0,202700000.0,1.0,157597190.0,158000000,160800000.0,3.778,3376500000.0,0.0,20100000.0,409400000.0,21.37,1565700000.0
7,BEAM2,MRQ,2012-03-31,2012-03-31,2012-03-31,2021-08-25,-184400000.0,7639300000.0,,2402600000.0,5236700000.0,,27.464,-23400000.0,88500000.0,88500000.0,219100000.0,79100000.0,2.485,0.771,1944600000.0,332400000.0,1612200000.0,1944600000.0,0.0,25900000.0,0.0,0.013,0.205,137700000.0,163600000.0,0.306,163600000.0,137700000.0,113200000.0,0.5,0.49,0.5,4314600000.0,,4314600000.0,10891343699.0,10.0,8.834,-75000000.0,-0.477,1.0,314700000.0,0.59,4344200000.0,24500000.0,4184500000.0,,1683100000.0,45800000.0,0.0,45800000.0,3324700000.0,966700000.0,2358000000.0,9179143699.0,-129800000.0,-63400000.0,45200000.0,-8500000.0,-32300000.0,7500000.0,-86800000.0,0.0,-51600000.0,1100000.0,79100000.0,79100000.0,79100000.0,-700000.0,0.0,0.148,183600000.0,131100000.0,162600000.0,0.41,2.127,10.192,10.098,754400000.0,0.0,58.57,3.976,3.985,380000000.0,5935600000.0,533800000.0,533800000.0,0.0,,,,,4400000.0,177100000.0,1.0,156720910.0,157100000,159600000.0,3.398,3295100000.0,0.0,34100000.0,408500000.0,20.975,1435900000.0
8,BEAM2,MRQ,2011-12-31,2011-12-31,2011-12-31,2021-08-25,-304100000.0,7491800000.0,,2434400000.0,5057400000.0,,26.365,-56900000.0,218300000.0,218300000.0,270900000.0,79800000.0,3.209,0.827,1930500000.0,28400000.0,1902100000.0,1930500000.0,0.0,25700000.0,0.0,0.015,0.19,119200000.0,144900000.0,0.232,144900000.0,119200000.0,88300000.0,0.5,0.48,0.5,4099700000.0,,4099700000.0,10228352736.0,10.0,8.122,80200000.0,0.516,1.0,354500000.0,0.567,4202900000.0,30900000.0,4242400000.0,,1551500000.0,42200000.0,0.0,42200000.0,3392100000.0,758700000.0,2633400000.0,7964152736.0,-257600000.0,-47400000.0,34800000.0,-295800000.0,-29600000.0,-292800000.0,-104300000.0,0.0,137100000.0,2400000.0,79800000.0,79800000.0,79800000.0,-2300000.0,0.0,0.128,228200000.0,126300000.0,206100000.0,0.38,1.943,8.823,8.787,729700000.0,0.0,51.23,3.464,3.445,385800000.0,5892600000.0,625400000.0,625400000.0,0.0,,,,,3100000.0,192800000.0,1.0,155458769.0,155500000,159600000.0,4.022,3288900000.0,0.0,8500000.0,375100000.0,21.15,1675700000.0
9,BEAM2,MRQ,2011-09-30,2011-09-30,2011-09-30,2021-08-25,-353900000.0,11575200000.0,,3621700000.0,7953500000.0,,40.794,-63600000.0,475900000.0,475900000.0,243400000.0,413800000.0,2.2,0.832,2740100000.0,419500000.0,2320600000.0,2740100000.0,0.0,56400000.0,0.0,0.014,0.19,426400000.0,482800000.0,0.834,482800000.0,426400000.0,399900000.0,2.67,2.67,2.67,6314900000.0,,6314900000.0,11940576111.0,12.0,9.544,247300000.0,1.598,1.0,335800000.0,0.58,6521100000.0,26500000.0,5672300000.0,,1949300000.0,0.0,0.0,0.0,5256700000.0,1646000000.0,3610700000.0,8353676111.0,188500000.0,1206300000.0,28800000.0,-1233800000.0,-29500000.0,-1245300000.0,1142700000.0,0.0,310900000.0,-19800000.0,413100000.0,413100000.0,413100000.0,-495800000.0,700000.0,0.713,308200000.0,27600000.0,399500000.0,0.071,1.323,9.197,9.182,1240200000.0,0.0,54.08,-17.796,-17.835,743700000.0,8202200000.0,579200000.0,579200000.0,0.0,,,,,25400000.0,231600000.0,1.0,154468863.0,154800000,154800000.0,3.742,5054100000.0,0.0,-13200000.0,645100000.0,32.649,1975700000.0
10,BEAM2,MRQ,2011-06-30,2011-06-30,2011-06-30,2021-08-25,-700000.0,12898600000.0,,4346000000.0,8552600000.0,,40.561,-60700000.0,287400000.0,287400000.0,241700000.0,330000000.0,2.168,1.058,3874300000.0,584200000.0,3290100000.0,3874300000.0,0.0,58700000.0,0.0,0.012,0.19,382900000.0,441600000.0,0.774,441600000.0,382900000.0,353800000.0,2.13,2.09,2.13,6258600000.0,,6258600000.0,13570537323.0,18.0,13.468,152100000.0,0.986,1.0,328700000.0,0.576,6787000000.0,29100000.0,7693700000.0,,1973800000.0,0.0,0.0,0.0,6620400000.0,2004800000.0,4615600000.0,9831037323.0,18200000.0,13200000.0,18000000.0,-136200000.0,-29500000.0,-146300000.0,-47500000.0,0.0,212800000.0,-800000.0,328600000.0,328600000.0,328600000.0,-267600000.0,1400000.0,0.576,209000000.0,119700000.0,426200000.0,0.089,1.571,16.445,16.393,1253000000.0,0.0,63.77,24.084,24.105,887100000.0,7849300000.0,570400000.0,570400000.0,0.0,,,,,9800000.0,197100000.0,1.0,154163985.0,154300000,157300000.0,3.697,6111600000.0,0.0,25200000.0,710700000.0,39.609,2341200000.0
11,BEAM2,MRQ,2011-03-31,2011-03-31,2011-03-31,2021-08-25,-46200000.0,12523000000.0,,3976800000.0,8546200000.0,,38.286,-37300000.0,269200000.0,269200000.0,229600000.0,83200000.0,2.373,1.125,4008700000.0,337400000.0,3671300000.0,4008700000.0,0.0,58600000.0,0.0,0.012,0.19,131400000.0,190000000.0,0.363,190000000.0,131400000.0,100500000.0,0.53,0.52,0.53,5884600000.0,,5884600000.0,12911502867.0,20.0,14.333,-243600000.0,-1.585,1.0,294400000.0,0.562,6793000000.0,30900000.0,7793600000.0,,2171400000.0,0.0,0.0,0.0,6620400000.0,1675900000.0,4944500000.0,9495302867.0,-595500000.0,-35400000.0,20700000.0,-309500000.0,-29200000.0,-318100000.0,-72700000.0,0.0,-206300000.0,1600000.0,81200000.0,81200000.0,81200000.0,-21500000.0,2000000.0,0.155,182400000.0,112000000.0,486800000.0,0.358,1.614,19.121,19.043,1437200000.0,0.0,61.89,7.047,7.06,1078900000.0,7550400000.0,524000000.0,524000000.0,0.0,,,,,13800000.0,167200000.0,1.0,153422247.0,153700000,156600000.0,3.409,5730000000.0,0.0,19300000.0,674600000.0,37.28,2300900000.0
12,BEAM2,MRQ,2010-12-31,2010-12-31,2010-12-31,2021-08-25,-172000000.0,12674000000.0,,4343000000.0,8331000000.0,,37.066,-112000000.0,811500000.0,811500000.0,-1328000000.0,87500000.0,2.061,1.232,4232000000.0,611400000.0,3620600000.0,4232000000.0,0.0,63900000.0,0.0,0.013,0.19,72800000.0,136700000.0,-0.064,136700000.0,72800000.0,81000000.0,0.56,0.55,0.56,5671100000.0,,5671100000.0,12798894345.0,19.0,14.025,169500000.0,1.108,1.0,-815000000.0,0.38,4364300000.0,-8200000.0,9623300000.0,,1523100000.0,51900000.0,0.0,51900000.0,6986000000.0,2106900000.0,4879100000.0,9192994345.0,193500000.0,7600000.0,28600000.0,28800000.0,-29100000.0,26800000.0,-104400000.0,0.0,281500000.0,-10400000.0,85400000.0,85400000.0,85400000.0,-103700000.0,2100000.0,-0.04,-778400000.0,-36600000.0,189300000.0,0.339,1.621,18.854,18.828,668200000.0,0.0,60.25,4.388,4.383,431100000.0,7499300000.0,-2143000000.0,-2143000000.0,0.0,,,,,11600000.0,-397600000.0,1.0,152580819.0,153000000,155500000.0,-14.007,8309700000.0,0.0,-4400000.0,393100000.0,54.312,2236100000.0
13,BEAM2,MRQ,2010-09-30,2010-09-30,2010-09-30,2021-08-25,-172800000.0,12486900000.0,,4170400000.0,8316500000.0,,36.329,-42100000.0,671200000.0,671200000.0,746400000.0,104700000.0,2.064,1.249,4277100000.0,614200000.0,3662900000.0,4277100000.0,0.0,60700000.0,0.0,0.015,0.19,178600000.0,239300000.0,0.164,239300000.0,178600000.0,128500000.0,0.67,0.66,0.67,5543800000.0,,5543800000.0,11312197189.0,20.0,14.058,245800000.0,1.611,1.0,710400000.0,0.488,6653000000.0,50100000.0,7419100000.0,,2109800000.0,0.0,0.0,0.0,6925400000.0,2020700000.0,4904700000.0,7500597189.0,254900000.0,43700000.0,3200000.0,-35000000.0,-29100000.0,-60100000.0,1600000.0,0.0,287900000.0,25500000.0,102600000.0,102600000.0,102600000.0,-3900000.0,2100000.0,0.07,539100000.0,171300000.0,491400000.0,0.284,1.353,18.131,18.166,1403000000.0,0.0,49.23,4.48,4.487,920300000.0,7416100000.0,1456800000.0,1456800000.0,0.0,,,,,15300000.0,379800000.0,1.0,152358261.0,152600000,154300000.0,9.547,5833900000.0,0.0,25900000.0,656200000.0,38.23,2149700000.0
14,BEAM2,MRQ,2010-06-30,2010-06-30,2010-06-30,2021-08-25,-377900000.0,12064000000.0,,3863700000.0,8200300000.0,,34.592,-36900000.0,416300000.0,416300000.0,781900000.0,229400000.0,1.994,1.284,4227900000.0,647300000.0,3580600000.0,4227900000.0,0.0,61100000.0,0.0,0.019,0.19,273700000.0,334800000.0,0.222,334800000.0,273700000.0,223800000.0,1.49,1.48,1.49,5275300000.0,,5275300000.0,10115737590.0,17.0,12.115,236300000.0,1.55,1.0,727700000.0,0.482,6547900000.0,49900000.0,7390300000.0,,1960800000.0,0.0,0.0,0.0,6773000000.0,1937400000.0,4835600000.0,5968037590.0,126600000.0,90500000.0,1000000.0,-161300000.0,-29000000.0,-190400000.0,53600000.0,0.0,273200000.0,-9800000.0,227400000.0,227400000.0,227400000.0,-48700000.0,2000000.0,0.151,519500000.0,208200000.0,466100000.0,0.128,1.131,13.713,13.652,1406500000.0,0.0,39.18,3.084,3.087,1014800000.0,7373600000.0,1509600000.0,1509600000.0,0.0,,,,,13300000.0,383900000.0,1.0,152323573.0,152500000,154100000.0,9.899,5516100000.0,0.0,-3600000.0,677500000.0,36.171,1926300000.0
15,BEAM2,MRQ,2010-03-31,2010-03-31,2010-03-31,2021-08-25,-215800000.0,12230900000.0,,3783600000.0,8447300000.0,,34.462,-32000000.0,289700000.0,289700000.0,839900000.0,74400000.0,1.842,1.338,4437400000.0,806600000.0,3630800000.0,4437400000.0,0.0,59400000.0,0.0,0.016,0.19,156200000.0,215600000.0,0.133,215600000.0,156200000.0,101000000.0,0.48,0.47,0.48,5224500000.0,,5224500000.0,11419843272.0,23.0,15.403,-104000000.0,-0.686,1.0,785200000.0,0.483,6762100000.0,55200000.0,7562300000.0,,2052700000.0,0.0,0.0,0.0,6991600000.0,2054200000.0,4937400000.0,7372443272.0,-127500000.0,8200000.0,7800000.0,2300000.0,-29000000.0,-24800000.0,-23800000.0,0.0,-72000000.0,-6900000.0,72200000.0,72200000.0,72200000.0,0.0,2200000.0,0.044,628800000.0,156400000.0,465600000.0,0.396,1.411,23.968,23.779,1449400000.0,0.0,48.51,3.403,3.394,942600000.0,7175600000.0,1625100000.0,1625100000.0,0.0,,,,,15800000.0,492900000.0,1.0,151977804.0,151600000,153200000.0,10.72,5468800000.0,0.0,28800000.0,660100000.0,36.074,1729400000.0
16,BEAM2,MRQ,2009-12-31,2009-12-31,2009-12-31,2021-08-25,-211800000.0,12370600000.0,,3871700000.0,8498900000.0,,33.814,-66300000.0,417200000.0,417200000.0,-1812400000.0,12400000.0,2.645,1.427,4464600000.0,51300000.0,4413300000.0,4464600000.0,0.0,62600000.0,0.0,0.023,0.19,-47600000.0,15000000.0,-0.005,15000000.0,-47600000.0,-30200000.0,0.07,0.07,0.07,5092400000.0,,5092400000.0,10711190168.0,27.0,16.368,185700000.0,1.233,1.0,-1104900000.0,0.379,6764900000.0,-17400000.0,8189500000.0,,2016600000.0,49800000.0,0.0,49800000.0,7264900000.0,1463600000.0,5801300000.0,6494790168.0,157100000.0,-9200000.0,2000000.0,14700000.0,-28700000.0,-12000000.0,-75500000.0,0.0,252000000.0,-7400000.0,11500000.0,11500000.0,11500000.0,-12400000.0,900000.0,-0.004,-1046100000.0,-58800000.0,468500000.0,2.714,1.275,26.75,26.832,1467900000.0,0.0,43.2,3.28,3.279,949000000.0,7135400000.0,-2917300000.0,-2917300000.0,0.0,,,,,5600000.0,-762300000.0,1.0,150342365.0,150600000,152100000.0,-19.371,5605700000.0,0.0,-41700000.0,642900000.0,37.222,2408100000.0
17,BEAM2,MRQ,2009-09-30,2009-09-30,2009-09-30,2021-08-25,-242800000.0,12331700000.0,,3698900000.0,8632800000.0,,33.762,-33300000.0,260100000.0,260100000.0,893400000.0,125200000.0,2.665,1.429,4476500000.0,48100000.0,4428400000.0,4476500000.0,0.0,59300000.0,0.0,0.029,0.19,210300000.0,269600000.0,0.157,269600000.0,210300000.0,155200000.0,0.83,0.82,0.83,5071000000.0,,5071000000.0,10982319842.0,82.0,27.973,349000000.0,2.324,1.0,824500000.0,0.48,6867300000.0,55100000.0,8292600000.0,,2024200000.0,0.0,0.0,0.0,7246600000.0,1388200000.0,5858400000.0,6457619842.0,-4500000.0,7000000.0,1500000.0,-353200000.0,-28600000.0,-380200000.0,-26300000.0,0.0,382300000.0,19700000.0,124100000.0,124100000.0,124100000.0,0.0,1100000.0,0.072,620000000.0,204500000.0,417900000.0,0.229,1.273,-129.152,-143.267,1463500000.0,0.0,42.98,0.966,0.966,969000000.0,7153200000.0,1717900000.0,1717900000.0,0.0,,,,,15200000.0,484700000.0,1.0,150247088.0,150200000,152100000.0,11.437,5464400000.0,0.0,31100000.0,726800000.0,36.381,2310700000.0
18,BEAM2,MRQ,2009-06-30,2009-06-30,2009-06-30,2021-08-25,-310400000.0,12395900000.0,,3756400000.0,8639500000.0,,32.539,-30900000.0,264600000.0,264600000.0,914800000.0,100600000.0,2.769,1.532,4789300000.0,64400000.0,4724900000.0,4789300000.0,0.0,58700000.0,0.0,0.043,0.19,182500000.0,241200000.0,0.139,241200000.0,182500000.0,129100000.0,0.66,0.66,0.66,4890600000.0,,4890600000.0,9939874247.0,20.0,13.106,303600000.0,2.02,1.0,826000000.0,0.474,6890400000.0,53400000.0,8673700000.0,,1987300000.0,0.0,0.0,0.0,7492200000.0,1356500000.0,6135700000.0,5217874247.0,24500000.0,-25200000.0,1900000.0,-241100000.0,-28700000.0,-267700000.0,-56100000.0,0.0,334500000.0,13800000.0,99800000.0,99800000.0,99800000.0,0.0,800000.0,0.057,633100000.0,192900000.0,396400000.0,0.288,1.067,32.249,31.872,1475600000.0,0.0,34.74,0.758,0.758,1055500000.0,7057600000.0,1740800000.0,1740800000.0,0.0,,,,,7900000.0,491900000.0,1.0,150197877.0,150300000,151600000.0,11.582,5505500000.0,0.0,29300000.0,721100000.0,36.63,2399900000.0
19,BEAM2,MRQ,2009-03-31,2009-03-31,2009-03-31,2021-08-25,-598200000.0,11951300000.0,,3493800000.0,8457500000.0,,30.123,-27000000.0,240100000.0,240100000.0,786900000.0,8900000.0,3.23,1.64,4962100000.0,38900000.0,4923200000.0,4962100000.0,0.0,74100000.0,0.0,0.071,0.44,54500000.0,128600000.0,0.089,128600000.0,54500000.0,2000000.0,0.05,0.05,0.05,4521400000.0,,4521400000.0,8248102876.0,18.0,11.149,-129500000.0,-0.863,1.0,652000000.0,0.453,6693000000.0,52500000.0,8898600000.0,,1974300000.0,0.0,0.0,0.0,7415800000.0,1081700000.0,6334100000.0,3686202876.0,76800000.0,-28300000.0,1500000.0,292200000.0,-66200000.0,227600000.0,-55300000.0,0.0,-102500000.0,7000000.0,7400000.0,7400000.0,7400000.0,0.0,1500000.0,0.005,591500000.0,60500000.0,349900000.0,8.8,0.815,18.617,18.598,1482200000.0,0.0,24.55,0.509,0.509,843500000.0,6987000000.0,1438900000.0,1438900000.0,0.0,,,,,12200000.0,445600000.0,1.0,150150830.0,150100000,151400000.0,9.586,5258300000.0,0.0,-5400000.0,704200000.0,35.032,2412100000.0
20,BEAM2,MRQ,2008-12-31,2008-12-31,2008-12-31,2021-08-25,-478400000.0,12091900000.0,,3468100000.0,8623800000.0,,31.261,-70200000.0,163300000.0,163300000.0,960900000.0,-279600000.0,2.914,1.578,4725200000.0,36600000.0,4688600000.0,4725200000.0,0.0,66400000.0,0.0,0.042,0.44,-313200000.0,-246800000.0,-0.138,-246800000.0,-313200000.0,-371100000.0,-1.84,-1.81,-1.84,4686000000.0,,4686000000.0,10812276151.0,17.0,11.891,118100000.0,0.788,1.0,824700000.0,0.462,6783200000.0,57900000.0,8680500000.0,,1975400000.0,55100000.0,0.0,55100000.0,7392300000.0,1190100000.0,6202200000.0,6188176151.0,-12200000.0,-5000000.0,6200000.0,-66700000.0,-66100000.0,-99300000.0,-75200000.0,0.0,188300000.0,-26000000.0,-281300000.0,-281300000.0,-281300000.0,-152500000.0,1700000.0,-0.158,1145100000.0,-320400000.0,387700000.0,-0.239,1.321,19.891,20.137,1553900000.0,0.0,41.28,0.813,0.823,918500000.0,7046200000.0,1785600000.0,1785600000.0,0.0,,,,,-2500000.0,473400000.0,1.0,149907368.0,149900000,151300000.0,11.912,5308700000.0,0.0,-89800000.0,700000000.0,35.415,2278000000.0
21,BEAM2,MRQ,2008-09-30,2008-09-30,2008-09-30,2021-08-25,213500000.0,13339900000.0,,3753400000.0,9586500000.0,,37.719,-34200000.0,175500000.0,175500000.0,1006500000.0,338300000.0,1.458,1.357,4799600000.0,1315000000.0,3484600000.0,4799600000.0,0.0,67700000.0,0.0,0.03,0.44,567700000.0,635400000.0,0.331,635400000.0,567700000.0,507300000.0,2.22,2.18,2.22,5654100000.0,,5654100000.0,13123178620.0,10.0,8.297,561200000.0,3.744,1.0,915300000.0,0.476,7656100000.0,60400000.0,7733900000.0,,2091000000.0,45900000.0,0.0,45900000.0,7670900000.0,2574000000.0,5096900000.0,8599378620.0,14800000.0,-97800000.0,-132800000.0,238200000.0,-66100000.0,-435000000.0,-132000000.0,0.0,595400000.0,-13600000.0,335900000.0,335900000.0,335900000.0,122300000.0,2400000.0,0.175,660500000.0,254800000.0,414600000.0,0.198,1.521,10.832,11.031,1613500000.0,0.0,57.36,1.07,1.07,1060800000.0,7327900000.0,1921800000.0,1921800000.0,0.0,,,,,8500000.0,494600000.0,1.0,149919432.0,149900000,151900000.0,12.821,5683800000.0,0.0,171400000.0,1077600000.0,37.917,1179400000.0
22,BEAM2,MRQ,2008-06-30,2008-06-30,2008-06-30,2021-08-25,510300000.0,13858000000.0,,3968100000.0,9889900000.0,,38.376,-38500000.0,160700000.0,160700000.0,1099700000.0,59900000.0,1.702,1.28,4684500000.0,1121400000.0,3563100000.0,4684500000.0,51800000.0,66800000.0,0.0,0.027,0.42,155800000.0,222600000.0,0.106,222600000.0,155800000.0,97600000.0,0.89,0.88,0.89,5871500000.0,,5871500000.0,14096573447.0,13.0,10.15,139900000.0,0.914,1.0,995700000.0,0.475,7835700000.0,58200000.0,8215300000.0,,2162200000.0,85100000.0,0.0,85100000.0,7517800000.0,2330800000.0,5187000000.0,9591673447.0,-18700000.0,3400000.0,-134600000.0,11100000.0,-64200000.0,-167200000.0,-35100000.0,0.0,178400000.0,5200000.0,136000000.0,136000000.0,136000000.0,-109400000.0,-76100000.0,0.065,1011700000.0,-16000000.0,429700000.0,0.472,1.634,14.382,14.38,1676700000.0,0.0,62.41,1.161,1.156,1212300000.0,7125800000.0,2095400000.0,2095400000.0,0.0,,,,,13800000.0,538400000.0,1.0,153688086.0,153000000,155300000.0,13.695,6022300000.0,0.0,-38400000.0,1017000000.0,39.361,1637300000.0
23,BEAM2,MRQ,2008-03-31,2008-03-31,2008-03-31,2021-08-25,475600000.0,14164500000.0,,3891900000.0,10272600000.0,,38.205,-33400000.0,179400000.0,179400000.0,977700000.0,126700000.0,1.559,1.312,4684300000.0,1114700000.0,3569600000.0,4684300000.0,58500000.0,64600000.0,0.0,0.024,0.42,233500000.0,298100000.0,0.165,298100000.0,233500000.0,172900000.0,0.78,0.77,0.78,5883500000.0,,5883500000.0,14875181049.0,11.0,8.987,-177900000.0,-1.155,1.0,828400000.0,0.459,8153000000.0,60600000.0,8019600000.0,,2173800000.0,200800000.0,0.0,200800000.0,7722000000.0,2496800000.0,5225200000.0,10705181049.0,-24300000.0,1500000.0,4100000.0,204600000.0,-64800000.0,145700000.0,-31900000.0,0.0,-144500000.0,6400000.0,120500000.0,120500000.0,120500000.0,-12900000.0,6200000.0,0.067,601200000.0,227200000.0,445500000.0,0.538,1.82,14.032,13.984,1701200000.0,0.0,69.5,1.265,1.265,1079800000.0,7054600000.0,1806100000.0,1806100000.0,0.0,,,,,5900000.0,491400000.0,1.0,154031382.0,154000000,156300000.0,11.728,6011500000.0,0.0,52400000.0,1287100000.0,39.036,1395100000.0
24,BEAM2,MRQ,2007-12-31,2007-12-31,2007-12-31,2021-08-25,349100000.0,13956900000.0,,3780900000.0,10176000000.0,,36.919,-106400000.0,203700000.0,203700000.0,1143300000.0,225900000.0,1.806,1.357,4373700000.0,431000000.0,3942700000.0,4373700000.0,65200000.0,76600000.0,0.0,0.022,0.42,348900000.0,425500000.0,0.192,425500000.0,348900000.0,281400000.0,1.31,1.28,1.31,5685500000.0,,5685500000.0,16424145873.0,12.0,9.759,355900000.0,2.311,1.0,1072100000.0,0.484,8063200000.0,67500000.0,7969800000.0,,2047600000.0,110000000.0,0.0,110000000.0,7712900000.0,2093900000.0,5619000000.0,11129945873.0,-81600000.0,850500000.0,13500000.0,-1238100000.0,-64700000.0,-1282400000.0,744100000.0,0.0,462300000.0,-5600000.0,201500000.0,201500000.0,201500000.0,2300000.0,24400000.0,0.091,735900000.0,336200000.0,468900000.0,0.321,1.958,14.595,14.53,1698200000.0,0.0,72.36,1.3,1.294,1101900000.0,6999300000.0,2215400000.0,2215400000.0,0.0,,,,,-1500000.0,528600000.0,1.0,153813514.0,154000000,156800000.0,14.386,5893700000.0,0.0,79900000.0,951300000.0,38.271,1687000000.0
25,BEAM2,MRQ,2007-09-30,2007-09-30,2007-09-30,2021-08-25,194000000.0,15054600000.0,,4219900000.0,10834700000.0,,34.681,-66400000.0,285300000.0,285300000.0,1143800000.0,208900000.0,1.567,1.728,5579500000.0,919600000.0,4659900000.0,5579500000.0,72000000.0,67400000.0,0.0,0.02,0.42,375200000.0,442600000.0,0.206,442600000.0,375200000.0,301000000.0,1.36,1.34,1.36,5313100000.0,,5313100000.0,18172972578.0,13.0,10.883,304600000.0,1.988,1.0,1001500000.0,0.467,8430200000.0,74200000.0,9224800000.0,,2279000000.0,182400000.0,0.0,182400000.0,9182200000.0,2693800000.0,6488400000.0,12482072578.0,134500000.0,167000000.0,24400000.0,-316000000.0,-64600000.0,-361800000.0,100600000.0,0.0,371000000.0,24700000.0,208900000.0,208900000.0,208900000.0,-900000.0,0.0,0.097,633500000.0,368000000.0,449300000.0,0.309,2.349,15.246,15.175,1938700000.0,0.0,81.49,1.49,1.49,1206200000.0,6797700000.0,2145300000.0,2145300000.0,0.0,,,,,11100000.0,507500000.0,1.0,153173059.0,153200000,156600000.0,14.003,6624400000.0,0.0,92100000.0,1464900000.0,43.24,1526100000.0
26,BEAM2,MRQ,2007-06-30,2007-06-30,2007-06-30,2021-08-25,125500000.0,15008200000.0,,4142200000.0,10866000000.0,,33.519,-50600000.0,150800000.0,150800000.0,1215800000.0,232000000.0,1.659,1.821,5841700000.0,980200000.0,4861500000.0,5841700000.0,78700000.0,69000000.0,0.0,0.019,0.39,419900000.0,488900000.0,0.213,488900000.0,419900000.0,343500000.0,1.52,1.48,1.52,5121700000.0,,5121700000.0,18465187418.0,14.0,11.368,256000000.0,1.675,1.0,1077500000.0,0.47,8460800000.0,76400000.0,9742000000.0,,2230500000.0,183100000.0,0.0,183100000.0,9329100000.0,2496300000.0,6832800000.0,12582587418.0,-36500000.0,-6200000.0,16500000.0,-239500000.0,-59700000.0,-288900000.0,-56800000.0,0.0,306600000.0,2600000.0,232000000.0,232000000.0,232000000.0,-2500000.0,0.0,0.101,661700000.0,415800000.0,460700000.0,0.257,2.457,16.532,16.441,1949100000.0,0.0,82.37,1.489,1.49,1316200000.0,6719700000.0,2293300000.0,2293300000.0,0.0,,,,,9800000.0,523800000.0,1.0,152756919.0,152800000,156500000.0,15.009,6547400000.0,0.0,111500000.0,1519900000.0,42.849,1645900000.0
27,BEAM2,MRQ,2007-03-31,2007-03-31,2007-03-31,2021-08-25,28600000.0,14716600000.0,,4021100000.0,10695500000.0,,31.637,-43700000.0,187300000.0,187300000.0,1061700000.0,120200000.0,1.789,1.936,6069900000.0,825700000.0,5244200000.0,6069900000.0,85500000.0,67400000.0,0.0,0.019,0.39,258500000.0,325900000.0,0.171,325900000.0,258500000.0,183000000.0,0.79,0.77,0.79,4821500000.0,,4821500000.0,17658291187.0,13.0,10.718,-218300000.0,-1.432,1.0,847400000.0,0.444,8406800000.0,75500000.0,9944700000.0,,2250600000.0,182700000.0,0.0,182700000.0,9333700000.0,2247700000.0,7086000000.0,12016791187.0,4600000.0,0.0,26400000.0,230800000.0,-59600000.0,220100000.0,-43700000.0,0.0,-174600000.0,2800000.0,120200000.0,120200000.0,120200000.0,1100000.0,0.0,0.063,591100000.0,256300000.0,458300000.0,0.494,2.492,15.468,15.246,1940700000.0,0.0,78.82,1.428,1.428,1139500000.0,6548800000.0,1909100000.0,1909100000.0,0.0,,,,,8500000.0,475900000.0,1.0,152458655.0,152400000,156100000.0,12.527,6309800000.0,0.0,62800000.0,1370400000.0,41.403,1773400000.0
28,BEAM2,MRQ,2006-12-31,2006-12-31,2006-12-31,2021-08-25,37900000.0,14668300000.0,,3930100000.0,10738200000.0,,31.208,-101000000.0,182700000.0,182700000.0,1008400000.0,257600000.0,1.562,1.984,5824200000.0,789300000.0,5034900000.0,5824200000.0,92200000.0,62000000.0,0.0,0.017,0.39,350500000.0,412500000.0,0.203,412500000.0,350500000.0,289600000.0,1.7,1.66,1.7,4728000000.0,,4728000000.0,18814011952.0,13.0,11.113,278200000.0,1.836,1.0,1020200000.0,0.503,8038700000.0,60900000.0,9755700000.0,,1937800000.0,179900000.0,0.0,179900000.0,9380600000.0,2515400000.0,6865200000.0,12926711952.0,-35800000.0,21000000.0,29600000.0,-321500000.0,-59300000.0,-340900000.0,-80000000.0,0.0,379200000.0,5900000.0,257600000.0,257600000.0,257600000.0,-18000000.0,0.0,0.127,692300000.0,327900000.0,469300000.0,0.229,2.734,15.572,15.358,1708200000.0,0.0,85.39,1.517,1.494,1130100000.0,6496300000.0,2028600000.0,2028600000.0,0.0,,,,,10000000.0,496000000.0,1.0,151384377.0,151500000,155700000.0,13.39,6629600000.0,0.0,32000000.0,1308400000.0,43.76,1414700000.0
29,BEAM2,MRQ,2006-09-30,2006-09-30,2006-09-30,2021-08-25,44800000.0,14555500000.0,,3979200000.0,10576300000.0,,29.364,-77600000.0,218500000.0,218500000.0,1199400000.0,151300000.0,1.366,2.162,6105800000.0,1068000000.0,5037800000.0,6105800000.0,99000000.0,61100000.0,0.0,0.019,0.36,335900000.0,397000000.0,0.179,397000000.0,335900000.0,250300000.0,1.0,0.97,1.0,4425200000.0,,4425200000.0,17705885897.0,13.0,10.838,314200000.0,2.085,1.0,1019100000.0,0.459,8251200000.0,85600000.0,9277800000.0,,2111300000.0,80700000.0,0.0,80700000.0,9568900000.0,2913800000.0,6655100000.0,11328685897.0,3600000.0,74900000.0,15400000.0,-484400000.0,-58900000.0,-380500000.0,-2700000.0,0.0,391800000.0,-5000000.0,151300000.0,151300000.0,151300000.0,0.0,0.0,0.068,639600000.0,379500000.0,422900000.0,0.36,2.56,15.137,14.844,1926100000.0,0.0,75.11,1.368,1.367,1267400000.0,6238900000.0,2218500000.0,2218500000.0,0.0,,,,,8300000.0,513700000.0,1.0,150827931.0,150700000,154300000.0,14.721,6304300000.0,0.0,99000000.0,1415500000.0,41.833,1065400000.0
30,BEAM2,MRQ,2006-06-30,2006-06-30,2006-06-30,2021-08-25,26300000.0,14488400000.0,,4096400000.0,10392000000.0,,29.369,-28900000.0,214900000.0,214900000.0,1184400000.0,247800000.0,1.459,2.255,6592100000.0,1104900000.0,5487200000.0,6592100000.0,105700000.0,72500000.0,0.0,0.02,0.36,439600000.0,512100000.0,0.227,512100000.0,439600000.0,356400000.0,1.68,1.64,1.68,4340800000.0,,4340800000.0,16347674215.0,13.0,10.721,244700000.0,1.656,1.0,1072700000.0,0.475,8038600000.0,83200000.0,10020200000.0,,2083700000.0,88300000.0,0.0,88300000.0,9788200000.0,2806800000.0,6981400000.0,10412574215.0,39900000.0,-583800000.0,6000000.0,409500000.0,-52900000.0,367200000.0,-612700000.0,0.0,273600000.0,11800000.0,247800000.0,247800000.0,247800000.0,0.0,0.0,0.11,639100000.0,433600000.0,413100000.0,0.214,2.399,15.106,15.141,1897300000.0,0.0,71.01,1.324,1.335,1379800000.0,6205600000.0,2257100000.0,2257100000.0,0.0,,,,,9200000.0,526500000.0,1.0,146635322.0,147800000,151600000.0,15.271,6449800000.0,0.0,108600000.0,1314100000.0,43.639,1289600000.0
31,BEAM2,MRQ,2006-03-31,2006-03-31,2006-03-31,2021-08-25,-27300000.0,13623100000.0,,3781800000.0,9841300000.0,,25.855,-58500000.0,175000000.0,175000000.0,1084600000.0,173400000.0,1.382,2.504,6110100000.0,999300000.0,5110800000.0,6110100000.0,112500000.0,59100000.0,0.0,0.017,0.36,312200000.0,371300000.0,0.184,371300000.0,312200000.0,233100000.0,1.18,1.15,1.18,3785200000.0,,3785200000.0,17530233472.0,15.0,12.637,-120400000.0,-0.822,1.0,932200000.0,0.462,7618000000.0,79100000.0,9203600000.0,,2106500000.0,79900000.0,0.0,79900000.0,9476900000.0,2736600000.0,6740300000.0,11799833472.0,81400000.0,-8400000.0,10200000.0,248700000.0,-52900000.0,208700000.0,-66900000.0,0.0,-61900000.0,1500000.0,173400000.0,173400000.0,173400000.0,0.0,0.0,0.086,625300000.0,306900000.0,422900000.0,0.305,3.117,18.386,18.367,1830700000.0,0.0,80.63,1.597,1.597,1151000000.0,6010700000.0,2016800000.0,2016800000.0,0.0,,,,,9500000.0,490400000.0,1.0,146345448.0,146400000,150400000.0,13.776,6005100000.0,0.0,59700000.0,1445200000.0,41.018,1045200000.0
32,BEAM2,MRQ,2005-12-31,2005-12-31,2005-12-31,2021-08-25,-22200000.0,13201500000.0,,3192700000.0,10008800000.0,,24.936,-71600000.0,93600000.0,93600000.0,948200000.0,175900000.0,1.133,2.518,5824000000.0,934100000.0,4889900000.0,5824000000.0,119200000.0,55300000.0,0.0,0.018,0.36,298000000.0,353300000.0,0.198,353300000.0,298000000.0,235700000.0,1.2,1.17,1.2,3645600000.0,,3645600000.0,17191693583.0,16.0,13.015,127000000.0,0.869,1.0,840600000.0,0.47,6880500000.0,62300000.0,9233500000.0,,1663100000.0,1243400000.0,0.0,1243400000.0,9181100000.0,2817900000.0,6363200000.0,11399693583.0,-113700000.0,-17900000.0,6200000.0,-175300000.0,-52800000.0,-217800000.0,-89200000.0,0.0,198600000.0,-5300000.0,175900000.0,175900000.0,175900000.0,-4100000.0,0.0,0.098,547900000.0,292700000.0,688400000.0,0.3,3.127,18.354,18.315,1679600000.0,0.0,78.02,1.654,1.648,1115600000.0,5890200000.0,1788800000.0,1788800000.0,0.0,,,,,2900000.0,441700000.0,1.0,146112453.0,146200000,150800000.0,12.235,6321000000.0,0.0,59800000.0,1077100000.0,43.235,374800000.0
33,BEAM2,MRQ,2005-09-30,2005-09-30,2005-09-30,2021-08-25,-9700000.0,13148600000.0,,3307600000.0,9841000000.0,,23.788,-49200000.0,207300000.0,207300000.0,986300000.0,92200000.0,1.47,2.658,5999300000.0,610000000.0,5389300000.0,5999300000.0,126000000.0,57500000.0,0.0,0.017,0.36,230600000.0,288100000.0,0.16,288100000.0,230600000.0,178500000.0,0.63,0.61,0.63,3473000000.0,,3473000000.0,13479594842.0,12.0,10.217,222100000.0,1.521,1.0,815300000.0,0.453,6473400000.0,52100000.0,10216700000.0,,1665400000.0,1375200000.0,0.0,1375200000.0,9232300000.0,2250500000.0,6981800000.0,11872494842.0,55200000.0,-4253400000.0,11600000.0,4241800000.0,-52600000.0,4197100000.0,-4427800000.0,0.0,271300000.0,14600000.0,92200000.0,92200000.0,92200000.0,-12900000.0,0.0,0.051,520800000.0,294500000.0,743900000.0,0.571,3.419,17.09,16.979,1691400000.0,0.0,81.33,1.777,1.777,1114000000.0,5714200000.0,1801600000.0,1801600000.0,0.0,,,,,4900000.0,426300000.0,1.0,145979280.0,146000000,151200000.0,12.34,6675200000.0,0.0,86300000.0,1185600000.0,45.721,1057100000.0
34,BEAM2,MRQ,2005-06-30,2005-06-30,2005-06-30,2021-08-25,-26200000.0,7956400000.0,,2778700000.0,5177700000.0,,23.589,-53300000.0,133900000.0,133900000.0,960000000.0,200300000.0,1.514,1.216,1758300000.0,519900000.0,1238400000.0,1758300000.0,0.0,56400000.0,0.0,0.015,0.33,318100000.0,374500000.0,0.21,374500000.0,318100000.0,298000000.0,1.38,1.33,1.38,3429800000.0,,3429800000.0,14764380369.0,13.0,10.726,316600000.0,2.177,1.0,822800000.0,0.462,3225400000.0,20100000.0,4520200000.0,,928000000.0,0.0,0.0,0.0,4170400000.0,1835200000.0,2335200000.0,12915680369.0,-35300000.0,-45100000.0,25600000.0,-277400000.0,-48200000.0,-298600000.0,-99800000.0,0.0,369900000.0,-6800000.0,200300000.0,200300000.0,200300000.0,-16500000.0,0.0,0.112,490300000.0,332500000.0,279000000.0,0.239,3.766,15.574,15.497,1226500000.0,0.0,88.8,2.022,2.021,952800000.0,5704000000.0,1782800000.0,1782800000.0,0.0,,,,,9900000.0,410800000.0,1.0,145446851.0,145400000,150400000.0,12.261,4731000000.0,0.0,97700000.0,247200000.0,32.538,943500000.0
35,BEAM2,MRQ,2005-03-31,2005-03-31,2005-03-31,2021-08-25,7100000.0,7976500000.0,,2746500000.0,5230000000.0,,22.617,-47800000.0,121600000.0,121600000.0,836500000.0,152700000.0,1.384,1.326,2035800000.0,798400000.0,1237400000.0,2035800000.0,139500000.0,55200000.0,0.0,0.016,0.33,249800000.0,305000000.0,0.201,305000000.0,249800000.0,230700000.0,1.05,1.02,1.05,3275000000.0,,3275000000.0,13426988336.0,12.0,9.947,-84900000.0,-0.586,1.0,681300000.0,0.449,3229600000.0,19100000.0,4676400000.0,,948500000.0,0.0,0.0,0.0,4343000000.0,1984700000.0,2358300000.0,11682188336.0,22500000.0,0.0,28700000.0,128500000.0,-48000000.0,103000000.0,-47400000.0,0.0,-37100000.0,4000000.0,152700000.0,152700000.0,152700000.0,-10100000.0,0.0,0.101,449700000.0,231600000.0,273100000.0,0.314,3.567,14.661,14.66,1221600000.0,0.0,80.63,1.876,1.875,848900000.0,5551900000.0,1517800000.0,1517800000.0,0.0,,,,,8300000.0,376700000.0,1.0,144886374.0,144800000,149600000.0,10.482,4746900000.0,0.0,78000000.0,680500000.0,32.782,761800000.0
36,BEAM2,MRQ,2004-12-31,2004-12-31,2004-12-31,2021-08-25,6400000.0,7883600000.0,,2641900000.0,5241700000.0,,21.666,-87200000.0,85100000.0,85100000.0,869400000.0,249500000.0,1.298,1.404,1909700000.0,670200000.0,1239500000.0,1909700000.0,146300000.0,53100000.0,0.0,0.016,0.33,298600000.0,351700000.0,0.223,351700000.0,298600000.0,279700000.0,1.73,1.67,1.73,3130700000.0,,3130700000.0,12915337493.0,12.0,9.615,104900000.0,0.726,1.0,709900000.0,0.45,3237200000.0,18900000.0,4435000000.0,,915700000.0,137800000.0,0.0,137800000.0,4394900000.0,2036000000.0,2358900000.0,11125737493.0,-30200000.0,-1200000.0,-23100000.0,-74700000.0,-47700000.0,-155100000.0,-87200000.0,0.0,192100000.0,20000000.0,249500000.0,249500000.0,249500000.0,-27300000.0,0.0,0.158,446300000.0,263600000.0,271200000.0,0.191,3.554,14.195,14.293,1219500000.0,0.0,77.18,1.81,1.822,787800000.0,5447200000.0,1579300000.0,1579300000.0,0.0,,,,,15600000.0,351900000.0,1.0,144153116.0,144500000,148700000.0,10.929,4646400000.0,0.0,30200000.0,627300000.0,32.155,605900000.0
37,BEAM2,MRQ,2004-09-30,2004-09-30,2004-09-30,2021-08-25,-96000000.0,7720200000.0,,2558400000.0,5161800000.0,,20.025,-45600000.0,195100000.0,195100000.0,825500000.0,226800000.0,1.16,1.55,1984700000.0,743700000.0,1241000000.0,1984700000.0,153000000.0,53100000.0,0.0,0.017,0.33,292200000.0,345300000.0,0.229,345300000.0,292200000.0,272200000.0,1.57,1.52,1.57,2881600000.0,,2881600000.0,12558300123.0,12.0,9.784,197100000.0,1.37,1.0,682800000.0,0.453,3358500000.0,20000000.0,3946000000.0,,1049400000.0,0.0,0.0,0.0,4467400000.0,2205300000.0,2262100000.0,10671600123.0,11700000.0,-7400000.0,-57500000.0,-86800000.0,-47600000.0,-192300000.0,-53000000.0,0.0,242700000.0,14300000.0,226800000.0,226800000.0,226800000.0,-38000000.0,0.0,0.15,433500000.0,249300000.0,350400000.0,0.21,3.703,15.439,15.631,1322100000.0,0.0,74.09,2.084,2.082,1051000000.0,5293100000.0,1508300000.0,1508300000.0,0.0,,,,,2100000.0,352700000.0,1.0,144035634.0,143900000,148900000.0,10.482,4361700000.0,0.0,45400000.0,300500000.0,30.311,353100000.0
38,BEAM2,MRQ,2004-06-30,2004-06-30,2004-06-30,2021-08-25,-104000000.0,7723100000.0,,2574400000.0,5148700000.0,,19.143,-33000000.0,183400000.0,183400000.0,877600000.0,167800000.0,1.127,1.637,2070100000.0,827500000.0,1242600000.0,2070100000.0,159800000.0,55200000.0,0.0,0.016,0.3,292700000.0,347900000.0,0.215,347900000.0,292700000.0,273400000.0,1.15,1.12,1.15,2789200000.0,,2789200000.0,12973321262.0,13.0,10.447,240200000.0,1.649,1.0,743100000.0,0.459,3360000000.0,19300000.0,3966300000.0,,985000000.0,0.0,0.0,0.0,4564700000.0,2283500000.0,2281200000.0,11031521262.0,31300000.0,-22300000.0,-123700000.0,-21000000.0,-44100000.0,-180100000.0,-55300000.0,0.0,273200000.0,-6500000.0,167800000.0,167800000.0,167800000.0,6200000.0,0.0,0.104,447000000.0,296100000.0,357400000.0,0.261,3.955,18.07,18.045,1330800000.0,0.0,75.43,2.123,2.115,1134200000.0,5161500000.0,1620700000.0,1620700000.0,0.0,,,,,5600000.0,369000000.0,1.0,146248459.0,145700000,150800000.0,11.124,4363100000.0,0.0,105600000.0,385400000.0,29.946,290900000.0
39,BEAM2,MRQ,2004-03-31,2004-03-31,2004-03-31,2021-08-25,-96600000.0,7599700000.0,,2445400000.0,5154300000.0,,19.092,-49800000.0,152100000.0,152100000.0,769600000.0,139700000.0,1.105,1.589,2093900000.0,848900000.0,1245000000.0,2093900000.0,166500000.0,59600000.0,0.0,0.015,0.3,238700000.0,298300000.0,0.208,298300000.0,238700000.0,219600000.0,0.95,0.92,0.95,2793100000.0,,2793100000.0,13078306131.0,13.0,11.026,34100000.0,0.233,1.0,667300000.0,0.464,3345500000.0,19100000.0,3982300000.0,,967700000.0,0.0,0.0,0.0,4436900000.0,2213700000.0,2223200000.0,11209406131.0,47500000.0,0.0,-44300000.0,117700000.0,-44100000.0,11900000.0,-49800000.0,0.0,83900000.0,1500000.0,139700000.0,139700000.0,139700000.0,-8700000.0,0.0,0.097,451700000.0,215600000.0,343900000.0,0.316,4.013,18.097,18.073,1347900000.0,0.0,76.63,2.173,2.174,1048900000.0,5037800000.0,1436900000.0,1436900000.0,0.0,,,,,11700000.0,360000000.0,1.0,146279605.0,146300000,151200000.0,9.822,4254200000.0,0.0,79900000.0,405500000.0,29.079,231700000.0
40,BEAM2,MRQ,2003-12-31,2003-12-31,2003-12-31,2021-08-25,-89800000.0,7444900000.0,,2281600000.0,5163300000.0,,18.099,-71700000.0,44100000.0,44100000.0,207600000.0,156900000.0,1.069,1.684,1970700000.0,728100000.0,1242600000.0,1970700000.0,173300000.0,49000000.0,0.0,0.016,0.3,243100000.0,292100000.0,0.527,292100000.0,243100000.0,234200000.0,1.07,1.04,1.07,2640600000.0,,2640600000.0,11515411699.0,13.0,10.365,180000000.0,1.234,1.0,347000000.0,0.626,3212100000.0,8900000.0,4025900000.0,,800000000.0,74900000.0,0.0,74900000.0,4447800000.0,2133500000.0,2314300000.0,10428211699.0,-54400000.0,-933300000.0,9200000.0,721800000.0,-44100000.0,690500000.0,-1005000000.0,0.0,251700000.0,5700000.0,156900000.0,156900000.0,156900000.0,-27100000.0,0.0,0.283,130600000.0,216400000.0,244700000.0,0.28,3.949,18.005,18.008,1187900000.0,0.0,71.49,2.04,2.036,715200000.0,4846900000.0,554600000.0,554600000.0,0.0,,,,,17800000.0,73100000.0,1.0,145869516.0,145900000,151500000.0,3.801,4232800000.0,0.0,77300000.0,734300000.0,29.012,148100000.0
41,BEAM2,MRQ,2003-09-30,2003-09-30,2003-09-30,2021-08-25,-133500000.0,6244400000.0,,2254300000.0,3990100000.0,,17.317,-45200000.0,161700000.0,161700000.0,851700000.0,146100000.0,1.268,1.339,1248900000.0,407400000.0,841500000.0,1248900000.0,180000000.0,49700000.0,0.0,0.02,0.3,253800000.0,303500000.0,0.192,303500000.0,253800000.0,235600000.0,1.01,0.98,1.01,2512700000.0,,2512700000.0,9494437646.0,11.0,8.735,243200000.0,1.676,1.0,732100000.0,0.462,2400700000.0,18200000.0,3153600000.0,,869000000.0,0.0,0.0,0.0,3363300000.0,1777300000.0,1586000000.0,8242437646.0,26700000.0,-35800000.0,-2500000.0,-135100000.0,-43700000.0,-174000000.0,-81000000.0,0.0,288400000.0,-4000000.0,146100000.0,146100000.0,146100000.0,0.0,0.0,0.092,493200000.0,238900000.0,278500000.0,0.297,3.28,13.961,14.082,1191000000.0,0.0,56.75,1.688,1.686,942300000.0,4785500000.0,1583800000.0,1583800000.0,0.0,,,,,7100000.0,400400000.0,1.0,145241192.0,145100000,149900000.0,10.915,3843700000.0,0.0,89500000.0,387600000.0,26.49,477000000.0
42,BEAM2,MRQ,2003-06-30,2003-06-30,2003-06-30,2021-08-25,-125200000.0,6243900000.0,,2268000000.0,3975900000.0,,16.9,-36600000.0,132300000.0,132300000.0,856500000.0,176700000.0,1.251,1.394,1384300000.0,542800000.0,841500000.0,1384300000.0,186800000.0,47900000.0,0.0,0.02,0.27,244300000.0,292200000.0,0.185,292200000.0,244300000.0,225700000.0,1.21,1.18,1.21,2453900000.0,,2453900000.0,8833666834.0,10.0,8.584,165200000.0,1.138,1.0,725600000.0,0.459,2386900000.0,18600000.0,3295400000.0,,869800000.0,0.0,0.0,0.0,3421600000.0,1813600000.0,1608000000.0,7585666834.0,28600000.0,-78600000.0,-33300000.0,29700000.0,-39400000.0,-67100000.0,-115200000.0,0.0,201800000.0,9100000.0,176700000.0,176700000.0,176700000.0,0.0,0.0,0.112,485200000.0,240400000.0,279900000.0,0.223,3.091,13.607,13.846,1184900000.0,0.0,52.2,1.593,1.592,993800000.0,4727000000.0,1582100000.0,1582100000.0,0.0,,,,,2100000.0,391500000.0,1.0,145319288.0,145200000,149600000.0,10.896,3857000000.0,0.0,49000000.0,393300000.0,26.563,454400000.0
43,BEAM2,MRQ,2003-03-31,2003-03-31,2003-03-31,2021-08-25,-158000000.0,5993500000.0,,2092500000.0,3901000000.0,,15.822,-28400000.0,103700000.0,103700000.0,770700000.0,99500000.0,1.241,1.419,1351700000.0,510000000.0,841700000.0,1351700000.0,193500000.0,46000000.0,0.0,0.024,0.27,177200000.0,223200000.0,0.16,223200000.0,177200000.0,159000000.0,0.68,0.66,0.68,2313200000.0,,2313200000.0,7405990810.0,9.0,7.275,20400000.0,0.14,1.0,621400000.0,0.446,2334000000.0,18200000.0,3221400000.0,,860900000.0,0.0,0.0,0.0,3281400000.0,1686100000.0,1595300000.0,6285490810.0,88300000.0,0.0,-84600000.0,215200000.0,-39700000.0,66000000.0,-28400000.0,0.0,48800000.0,1900000.0,99500000.0,99500000.0,99500000.0,0.0,0.0,0.071,448800000.0,172600000.0,275200000.0,0.397,2.717,10.88,11.078,1173100000.0,0.0,42.87,1.339,1.336,899000000.0,4589700000.0,1392100000.0,1392100000.0,0.0,,,,,600000.0,371400000.0,1.0,146617467.0,146200000,150200000.0,9.522,3659500000.0,0.0,59500000.0,381800000.0,25.031,406400000.0
44,BEAM2,MRQ,2002-12-31,2002-12-31,2002-12-31,2021-08-25,-177600000.0,5822200000.0,,1903100000.0,3919100000.0,,15.577,-69000000.0,15400000.0,15400000.0,53200000.0,168100000.0,1.256,1.345,1135900000.0,294200000.0,841700000.0,1135900000.0,200200000.0,45700000.0,0.0,0.022,0.27,222400000.0,268100000.0,0.825,268100000.0,222400000.0,218200000.0,1.13,1.1,1.13,2313200000.0,,2313200000.0,8109623357.0,10.0,8.209,163800000.0,1.103,1.0,271900000.0,0.836,2332700000.0,4200000.0,3095300000.0,,835800000.0,76000000.0,0.0,76000000.0,3110100000.0,1514700000.0,1595400000.0,6941723357.0,-73800000.0,14800000.0,-114900000.0,-121400000.0,-40500000.0,-252200000.0,-54200000.0,0.0,232800000.0,-200000.0,168100000.0,168100000.0,168100000.0,-15800000.0,0.0,0.517,70800000.0,201100000.0,268200000.0,0.239,3.001,12.347,12.37,1189600000.0,0.0,46.51,1.518,1.52,845100000.0,4529900000.0,325100000.0,325100000.0,0.0,,,,,3700000.0,7200000.0,1.0,149252276.0,148500000,152800000.0,2.189,3489500000.0,0.0,50100000.0,387800000.0,23.498,388400000.0
45,BEAM2,MRQ,2002-09-30,2002-09-30,2002-09-30,2021-08-25,-113400000.0,5959000000.0,,2026000000.0,3933000000.0,,15.704,-44400000.0,89200000.0,89200000.0,799600000.0,113200000.0,1.278,1.36,1257100000.0,282700000.0,974400000.0,1257100000.0,207000000.0,47000000.0,0.0,0.021,0.25,198600000.0,245600000.0,0.168,245600000.0,198600000.0,180100000.0,0.75,0.73,0.75,2355600000.0,,2355600000.0,8415928097.0,12.0,9.451,239400000.0,1.596,1.0,663500000.0,0.453,2336500000.0,18500000.0,3205500000.0,,828000000.0,0.0,0.0,0.0,3203900000.0,1584900000.0,1619000000.0,7097428097.0,33500000.0,3800000.0,-56600000.0,-115900000.0,-37600000.0,-210100000.0,-40600000.0,0.0,283800000.0,400000.0,113200000.0,113200000.0,113200000.0,0.0,0.0,0.077,466100000.0,197400000.0,265600000.0,0.333,3.013,13.573,13.511,1184900000.0,0.0,47.29,1.248,1.248,884400000.0,4398400000.0,1463100000.0,1463100000.0,0.0,,,,,2700000.0,368200000.0,1.0,150083064.0,150000000,154600000.0,9.754,3622500000.0,0.0,66900000.0,429300000.0,24.15,441100000.0
46,BEAM2,MRQ,2002-06-30,2002-06-30,2002-06-30,2021-08-25,-114000000.0,5975400000.0,,2094900000.0,3880500000.0,,15.852,-42700000.0,55700000.0,55700000.0,824600000.0,196900000.0,1.283,1.342,1374200000.0,399400000.0,974800000.0,1374200000.0,213800000.0,44400000.0,0.0,0.018,0.25,236700000.0,281100000.0,0.186,281100000.0,236700000.0,215800000.0,1.31,1.27,1.31,2380900000.0,,2380900000.0,9326727432.0,14.0,10.654,165400000.0,1.101,1.0,688000000.0,0.455,2267900000.0,20900000.0,3393600000.0,,834500000.0,0.0,0.0,0.0,3196300000.0,1632400000.0,1563900000.0,8409427432.0,-36100000.0,-433000000.0,7300000.0,262600000.0,-37900000.0,232500000.0,-475700000.0,0.0,208100000.0,-1000000.0,196900000.0,196900000.0,196900000.0,0.0,0.0,0.13,471400000.0,216600000.0,266200000.0,0.191,3.532,16.735,16.667,1194800000.0,0.0,56.0,1.484,1.485,970000000.0,4363300000.0,1512600000.0,1512600000.0,0.0,,,,,22800000.0,375900000.0,1.0,150168347.0,150200000,155100000.0,10.071,3707500000.0,0.0,18900000.0,411800000.0,24.684,462500000.0
47,BEAM2,MRQ,2002-03-31,2002-03-31,2002-03-31,2021-08-25,-133800000.0,5280900000.0,,1975900000.0,3305000000.0,,14.604,-30300000.0,91800000.0,91800000.0,698200000.0,84000000.0,1.677,1.247,1009100000.0,59100000.0,950000000.0,1009100000.0,220500000.0,41600000.0,0.0,0.02,0.25,151500000.0,193100000.0,0.152,193100000.0,151500000.0,134700000.0,0.57,0.55,0.57,2173100000.0,,2173100000.0,8326650691.0,14.0,10.391,32000000.0,0.215,1.0,572200000.0,0.45,1785900000.0,16800000.0,3233800000.0,,796400000.0,0.0,0.0,0.0,2709400000.0,1178500000.0,1530900000.0,7385850691.0,43100000.0,0.0,28500000.0,20100000.0,-37400000.0,10700000.0,-30300000.0,0.0,62300000.0,400000.0,84000000.0,84000000.0,84000000.0,0.0,0.0,0.066,423200000.0,149000000.0,267500000.0,0.439,3.399,18.08,18.151,1145900000.0,0.0,49.37,1.329,1.322,893500000.0,4204300000.0,1270400000.0,1270400000.0,0.0,,,,,0.0,343400000.0,1.0,149601999.0,148800000,153500000.0,8.538,3495000000.0,0.0,50700000.0,376200000.0,23.488,797400000.0
48,BEAM2,MRQ,2001-12-31,2001-12-31,2001-12-31,2021-08-25,-131700000.0,5270500000.0,,1969600000.0,3300900000.0,,14.141,-75400000.0,48700000.0,48700000.0,827600000.0,128800000.0,1.604,1.321,989500000.0,39200000.0,950300000.0,989500000.0,227200000.0,53600000.0,0.0,0.025,0.25,117100000.0,170700000.0,0.119,170700000.0,117100000.0,99400000.0,0.87,0.84,0.87,2102700000.0,,2102700000.0,7081422634.0,12.0,8.897,73700000.0,0.496,1.0,611600000.0,0.425,694300000.0,17700000.0,4289000000.0,,856600000.0,72400000.0,0.0,72400000.0,2777000000.0,1228000000.0,1549000000.0,5882622634.0,-16000000.0,280000000.0,-77800000.0,-271100000.0,-37300000.0,-382600000.0,210400000.0,0.0,149100000.0,7100000.0,128800000.0,128800000.0,128800000.0,0.0,0.0,0.089,538500000.0,73100000.0,313400000.0,0.287,2.798,15.24,15.525,1158400000.0,0.0,39.59,1.058,1.08,860600000.0,4157700000.0,1439200000.0,1439200000.0,0.0,,,,,4300000.0,321300000.0,1.0,148588599.0,148700000,152900000.0,9.679,4576200000.0,0.0,-29400000.0,322900000.0,30.775,741600000.0
49,BEAM2,MRQ,2001-09-30,2001-09-30,2001-09-30,2021-08-25,-89700000.0,5751400000.0,,2251900000.0,3499500000.0,,13.751,-44000000.0,64700000.0,64700000.0,826000000.0,92800000.0,1.308,1.57,1263500000.0,312300000.0,951200000.0,1263500000.0,234000000.0,55000000.0,0.0,0.029,0.24,175500000.0,230500000.0,0.16,230500000.0,175500000.0,155300000.0,0.61,0.6,0.61,2086100000.0,,2086100000.0,6434009035.0,47.0,17.833,277900000.0,1.832,1.0,617000000.0,0.428,1946900000.0,20200000.0,3281800000.0,,1014300000.0,0.0,0.0,0.0,3275000000.0,1721500000.0,1553500000.0,5092409035.0,-6300000.0,0.0,-90300000.0,-149200000.0,-36700000.0,-276200000.0,-52400000.0,0.0,321900000.0,400000.0,92800000.0,92800000.0,92800000.0,0.0,0.0,0.064,444100000.0,172900000.0,346800000.0,0.393,2.441,-44.09,-49.265,1208500000.0,0.0,33.5,0.925,0.923,946200000.0,4028600000.0,1443000000.0,1443000000.0,0.0,,,,,0.0,334400000.0,1.0,152012210.0,151700000,155500000.0,9.512,3804500000.0,0.0,62500000.0,507300000.0,25.079,530400000.0
50,BEAM2,MRQ,2001-06-30,2001-06-30,2001-06-30,2021-08-25,-106400000.0,5815800000.0,,2293500000.0,3522300000.0,,14.066,-48700000.0,71000000.0,71000000.0,786200000.0,102900000.0,1.344,1.526,1412600000.0,461300000.0,951300000.0,1412600000.0,240800000.0,56200000.0,0.0,0.025,0.24,150800000.0,207000000.0,0.147,207000000.0,150800000.0,123700000.0,0.67,0.66,0.67,2147900000.0,,2147900000.0,7859553840.0,65.0,22.533,95500000.0,0.625,1.0,619600000.0,0.441,1960200000.0,27100000.0,3490100000.0,,1038300000.0,0.0,0.0,0.0,3278600000.0,1707100000.0,1571500000.0,5863153840.0,24000000.0,270000000.0,-49100000.0,-631700000.0,-36900000.0,-342400000.0,224700000.0,0.0,144200000.0,-2500000.0,102900000.0,102900000.0,102900000.0,0.0,0.0,0.073,469400000.0,150200000.0,285200000.0,0.358,2.73,-43.431,-46.78,1199500000.0,0.0,38.36,1.074,1.073,966800000.0,4010100000.0,1405800000.0,1405800000.0,0.0,,,,,0.0,353400000.0,1.0,152845512.0,152700000,156100000.0,9.206,3855600000.0,0.0,20800000.0,476900000.0,25.25,586400000.0
51,BEAM2,MRQ,2001-03-31,2001-03-31,2001-03-31,2021-08-25,-103300000.0,5732700000.0,,2242400000.0,3490300000.0,,13.862,-35900000.0,47000000.0,47000000.0,688500000.0,61500000.0,1.114,1.691,2043400000.0,891800000.0,1151600000.0,2043400000.0,0.0,53900000.0,0.0,0.027,0.24,133800000.0,187700000.0,0.148,187700000.0,133800000.0,102000000.0,0.4,0.39,0.4,2130600000.0,,2130600000.0,7226242590.0,44.0,18.239,-12400000.0,-0.081,1.0,583100000.0,0.459,1976200000.0,31800000.0,3740300000.0,,1086300000.0,0.0,0.0,0.0,3602100000.0,2012600000.0,1589500000.0,5289342590.0,26100000.0,-6500000.0,-1600000.0,87400000.0,-37100000.0,48400000.0,-43000000.0,0.0,23500000.0,-2800000.0,61500000.0,61500000.0,61500000.0,0.0,0.0,0.048,448000000.0,135100000.0,258800000.0,0.6,2.483,-37.647,-39.091,1196800000.0,0.0,34.4,0.953,0.953,906100000.0,3944100000.0,1271600000.0,1271600000.0,0.0,,,,,0.0,349100000.0,1.0,153759959.0,153700000,156700000.0,8.273,3756500000.0,0.0,40500000.0,485600000.0,24.44,229800000.0
52,BEAM2,MRQ,2000-12-31,2000-12-31,2000-12-31,2021-08-25,-79600000.0,5764100000.0,,2264500000.0,3499600000.0,,13.816,-67900000.0,20900000.0,20900000.0,815900000.0,-372700000.0,1.11,1.692,1957800000.0,806000000.0,1151800000.0,1957800000.0,0.0,59500000.0,0.0,0.031,0.24,-323900000.0,-264400000.0,-0.191,-264400000.0,-323900000.0,-357200000.0,-2.36,-2.34,-2.36,2135900000.0,,2135900000.0,6579254150.0,38.0,16.07,123200000.0,0.797,1.0,568000000.0,0.41,1989400000.0,33300000.0,3671700000.0,,1079200000.0,0.0,0.0,0.0,3613800000.0,2039900000.0,1573900000.0,4640754150.0,-64000000.0,0.0,-69600000.0,-66000000.0,-37300000.0,-172300000.0,-81300000.0,0.0,191100000.0,-1500000.0,-372700000.0,-372700000.0,-372700000.0,0.0,0.0,-0.269,893100000.0,-325100000.0,291800000.0,-0.102,2.173,-33.702,-34.091,1205100000.0,0.0,30.0,0.824,0.839,952100000.0,3919700000.0,1383900000.0,1383900000.0,0.0,,,,,200000.0,262600000.0,1.0,154691805.0,154600000,147400000.0,8.951,3774700000.0,0.0,15500000.0,442200000.0,24.416,224600000.0
53,BEAM2,MRQ,2000-09-30,2000-09-30,2000-09-30,2021-08-25,-75900000.0,6347200000.0,,2332100000.0,4015100000.0,,16.487,-49000000.0,84900000.0,84900000.0,754600000.0,73300000.0,1.079,1.462,2023400000.0,870900000.0,1152500000.0,2023400000.0,0.0,58900000.0,0.0,0.035,0.23,159600000.0,218500000.0,0.156,218500000.0,159600000.0,124800000.0,0.47,0.46,0.47,2578500000.0,,2578500000.0,6140926883.0,9.0,6.632,114600000.0,0.733,1.0,642900000.0,0.46,2516600000.0,34800000.0,3607700000.0,,1113400000.0,0.0,0.0,0.0,3768700000.0,2161400000.0,1607300000.0,4158226883.0,-4600000.0,0.0,-44700000.0,-47400000.0,-36200000.0,-127800000.0,-41100000.0,0.0,163600000.0,700000.0,73300000.0,73300000.0,73300000.0,0.0,0.0,0.052,480600000.0,162300000.0,246100000.0,0.489,1.613,12.368,12.927,1164800000.0,0.0,26.5,0.73,0.727,894500000.0,4292100000.0,1397500000.0,1397500000.0,0.0,,,,,0.0,375000000.0,1.0,156914222.0,156400000,158800000.0,8.935,3830600000.0,0.0,51500000.0,488400000.0,24.492,170700000.0
54,BEAM2,MRQ,2000-06-30,2000-06-30,2000-06-30,2021-08-25,-57300000.0,6448000000.0,,2400100000.0,4047900000.0,,16.679,-56000000.0,89500000.0,89500000.0,791100000.0,97400000.0,1.099,1.442,2072200000.0,914800000.0,1157400000.0,2072200000.0,0.0,58700000.0,0.0,0.039,0.23,195700000.0,254400000.0,0.17,254400000.0,195700000.0,161900000.0,0.61,0.61,0.61,2640300000.0,,2640300000.0,5629442429.0,9.0,6.417,53900000.0,0.34,1.0,705500000.0,0.471,2537800000.0,33800000.0,3709400000.0,,1087300000.0,0.0,0.0,0.0,3807700000.0,2183500000.0,1624200000.0,3651442429.0,-5600000.0,-1800000.0,-24900000.0,600000.0,-36600000.0,-61600000.0,-53700000.0,0.0,109900000.0,-200000.0,97400000.0,97400000.0,97400000.0,0.0,0.0,0.065,507000000.0,198500000.0,256800000.0,0.377,1.383,11.737,12.534,1171000000.0,0.0,23.062,0.647,0.647,988900000.0,4292700000.0,1496600000.0,1496600000.0,0.0,,,,,0.0,391200000.0,1.0,158328127.0,158300000,160700000.0,9.454,3910200000.0,0.0,64500000.0,502100000.0,24.701,216600000.0
55,BEAM2,MRQ,2000-03-31,2000-03-31,2000-03-31,2021-08-25,-27500000.0,6433100000.0,,2354300000.0,4078800000.0,,16.379,-39300000.0,95100000.0,95100000.0,727400000.0,64300000.0,1.091,1.438,2073100000.0,909500000.0,1163600000.0,2073100000.0,0.0,59600000.0,0.0,0.036,0.23,141300000.0,200900000.0,0.148,200900000.0,141300000.0,109400000.0,0.4,0.39,0.4,2638700000.0,,2638700000.0,5713662450.0,-10.0,-15.372,-31500000.0,-0.196,1.0,630000000.0,0.464,2565000000.0,31900000.0,3687500000.0,,1099100000.0,0.0,0.0,0.0,3794400000.0,2158600000.0,1635800000.0,4102062450.0,23200000.0,-23800000.0,-114200000.0,228800000.0,-37600000.0,77700000.0,-61900000.0,0.0,7800000.0,-400000.0,64300000.0,64300000.0,64300000.0,0.0,0.0,0.047,487900000.0,142100000.0,270600000.0,0.575,1.555,-4.649,-4.735,1169400000.0,0.0,25.0,0.737,0.724,922800000.0,4231900000.0,1357400000.0,1357400000.0,0.0,,,,,0.0,385200000.0,1.0,164082498.0,161100000,163500000.0,8.426,3868100000.0,0.0,45100000.0,520400000.0,24.011,195700000.0
56,BEAM2,MRQ,1999-12-31,1999-12-31,1999-12-31,2021-08-25,-14900000.0,6417100000.0,,2312800000.0,4104300000.0,,16.737,-81300000.0,71900000.0,71900000.0,741900000.0,101200000.0,1.155,1.344,1844800000.0,640000000.0,1204800000.0,1844800000.0,0.0,57300000.0,0.0,0.027,0.23,194900000.0,252200000.0,0.174,252200000.0,194900000.0,165500000.0,0.57,0.57,0.57,2738200000.0,,2738200000.0,7036577590.0,-11.0,-18.353,58800000.0,0.359,1.0,706400000.0,0.488,2592100000.0,29400000.0,3595000000.0,,1061400000.0,0.0,0.0,0.0,3678900000.0,2002900000.0,1676000000.0,5424977590.0,2600000.0,-105000000.0,-59500000.0,164100000.0,-38000000.0,66600000.0,-206000000.0,0.0,140100000.0,1900000.0,101200000.0,101200000.0,101200000.0,0.0,0.0,0.07,541300000.0,165100000.0,272200000.0,0.404,1.981,-6.091,-6.18,1176500000.0,0.0,33.062,0.986,1.001,956500000.0,4205200000.0,1448300000.0,1448300000.0,0.0,,,,,-15200000.0,386900000.0,1.0,164082498.0,163600000,163600000.0,8.853,3825000000.0,0.0,64300000.0,484600000.0,23.38,309900000.0
57,BEAM2,MRQ,1999-09-30,1999-09-30,1999-09-30,2021-08-25,-11100000.0,6197100000.0,,2275900000.0,3921200000.0,,16.167,-51700000.0,69300000.0,69300000.0,699900000.0,48200000.0,1.099,1.309,1680900000.0,711200000.0,969700000.0,1680900000.0,0.0,52300000.0,0.0,0.027,0.22,117500000.0,169800000.0,0.127,169800000.0,117500000.0,91300000.0,0.26,0.26,0.26,2683800000.0,,2683800000.0,7009451851.0,-11.0,-18.451,156600000.0,0.943,1.0,639400000.0,0.477,2536900000.0,26200000.0,3200900000.0,,1029100000.0,0.0,0.0,0.0,3513300000.0,2070900000.0,1442400000.0,5366351851.0,3000000.0,-27300000.0,-68700000.0,-30600000.0,-36700000.0,-136600000.0,-68700000.0,0.0,208300000.0,0.0,48200000.0,48200000.0,48200000.0,0.0,0.0,0.036,519300000.0,120100000.0,245800000.0,0.846,2.0,-5.99,-6.017,1107200000.0,0.0,32.25,0.975,0.973,910700000.0,4103800000.0,1339300000.0,1339300000.0,0.0,,,,,0.0,379300000.0,1.0,166398507.0,166000000,166000000.0,8.068,3660200000.0,0.0,43100000.0,501000000.0,22.049,205000000.0
58,BEAM2,MRQ,1999-06-30,1999-06-30,1999-06-30,2021-08-25,-24800000.0,6232600000.0,,2368100000.0,3864500000.0,,16.579,-45600000.0,66300000.0,66300000.0,753600000.0,-1096100000.0,1.151,1.252,1709400000.0,734900000.0,974500000.0,1709400000.0,0.0,57100000.0,0.0,0.021,0.22,-1051700000.0,-994600000.0,-0.7,-994600000.0,-1051700000.0,-1077600000.0,-6.51,-6.5,-6.51,2767000000.0,,2767000000.0,8532229142.0,-14.0,-24.253,92100000.0,0.552,1.0,667100000.0,0.47,2554100000.0,25900000.0,3265000000.0,,1054100000.0,0.0,0.0,0.0,3465600000.0,2056600000.0,1409000000.0,6912229142.0,22700000.0,0.0,-78800000.0,46700000.0,-37000000.0,-73700000.0,-36600000.0,0.0,137700000.0,-4700000.0,-1096100000.0,-1096100000.0,-1096100000.0,0.0,0.0,-0.772,1719700000.0,-1052600000.0,250900000.0,-0.034,2.498,-7.79,-7.821,1097700000.0,0.0,41.375,1.265,1.264,956200000.0,4130500000.0,1420700000.0,1420700000.0,0.0,,,,,0.0,388000000.0,1.0,167062940.0,166900000,163600000.0,8.512,3678500000.0,0.0,18500000.0,523400000.0,22.04,311500000.0
59,BEAM2,MRQ,1999-03-31,1999-03-31,1999-03-31,2021-08-25,-18900000.0,7329500000.0,,2306800000.0,5022700000.0,,23.464,-38700000.0,43600000.0,43600000.0,677700000.0,56100000.0,1.194,0.839,1663600000.0,689200000.0,974400000.0,1663600000.0,0.0,63800000.0,0.0,0.022,0.22,125400000.0,189200000.0,0.146,189200000.0,125400000.0,100100000.0,0.33,0.32,0.33,3986500000.0,,3986500000.0,6423854658.0,11.0,7.576,-36400000.0,-0.214,1.0,614600000.0,0.476,3700400000.0,25300000.0,3316900000.0,,1085900000.0,0.0,0.0,0.0,3343000000.0,1932200000.0,1410800000.0,6464154658.0,3300000.0,0.0,-110300000.0,180000000.0,-37900000.0,36400000.0,-37900000.0,0.0,2300000.0,2500000.0,56100000.0,56100000.0,56100000.0,0.0,0.0,0.043,488300000.0,126300000.0,261900000.0,0.667,1.622,23.54,24.214,1103800000.0,0.0,38.5,1.204,1.218,930000000.0,5263600000.0,1292300000.0,1292300000.0,0.0,,,,,0.0,364300000.0,1.0,167900121.0,169900000,173200000.0,7.606,3629100000.0,0.0,44000000.0,543000000.0,21.36,374600000.0
60,BEAM2,MRQ,1998-12-31,1998-12-31,1998-12-31,2021-08-25,4700000.0,7359700000.0,,2265300000.0,5094400000.0,,23.92,-75500000.0,40300000.0,40300000.0,700200000.0,95900000.0,1.228,0.796,1486400000.0,504700000.0,981700000.0,1486400000.0,0.0,64600000.0,0.0,0.027,0.22,191100000.0,255700000.0,0.176,255700000.0,191100000.0,165000000.0,0.56,0.55,0.56,4097500000.0,,4097500000.0,6857153174.0,12.0,8.21,80400000.0,0.469,1.0,749900000.0,0.517,3761300000.0,26100000.0,3199900000.0,,1087600000.0,0.0,0.0,0.0,3262200000.0,1844600000.0,1417600000.0,5408153174.0,-33900000.0,-1400000.0,-19900000.0,-38200000.0,-38100000.0,-107900000.0,-80100000.0,0.0,155900000.0,-1800000.0,95900000.0,95900000.0,95900000.0,0.0,0.0,0.066,557500000.0,192400000.0,274900000.0,0.393,1.32,20.556,20.806,1119900000.0,0.0,31.625,1.024,1.031,919900000.0,5245400000.0,1450100000.0,1450100000.0,0.0,,,,,0.0,393100000.0,1.0,171008796.0,171300000,174400000.0,8.465,3598400000.0,0.0,69100000.0,522300000.0,21.006,420700000.0
61,BEAM2,MRQ,1998-09-30,1998-09-30,1998-09-30,2021-08-25,16000000.0,7352500000.0,,2249100000.0,5103400000.0,,23.36,-59600000.0,74200000.0,74200000.0,681000000.0,56800000.0,1.166,0.827,1523200000.0,547700000.0,975500000.0,1523200000.0,0.0,62300000.0,0.0,0.028,0.21,135600000.0,197900000.0,0.152,197900000.0,135600000.0,109400000.0,0.33,0.32,0.33,4025000000.0,,4025000000.0,6538963474.0,17.0,10.283,157800000.0,0.916,1.0,619300000.0,0.476,3796200000.0,26200000.0,3075700000.0,,1055200000.0,0.0,0.0,0.0,3327500000.0,1929600000.0,1397900000.0,5118963474.0,-15900000.0,-96600000.0,-46400000.0,10500000.0,-36300000.0,-71800000.0,-159100000.0,0.0,217400000.0,-2400000.0,56800000.0,56800000.0,56800000.0,0.0,0.0,0.044,346300000.0,273000000.0,239300000.0,0.636,1.272,38.402,38.98,1081500000.0,0.0,29.625,0.994,0.991,879800000.0,5149400000.0,1300300000.0,1300300000.0,0.0,,,,,0.0,346300000.0,1.0,172792016.0,172300000,176000000.0,7.547,3556300000.0,0.0,52600000.0,503700000.0,20.64,319500000.0
62,BEAM2,MRQ,1998-06-30,1998-06-30,1998-06-30,2021-08-25,6000000.0,7281300000.0,,2293300000.0,4988000000.0,,23.586,-60800000.0,90100000.0,90100000.0,668000000.0,65800000.0,1.147,0.786,1510100000.0,727800000.0,782300000.0,1510100000.0,0.0,62100000.0,0.0,0.022,0.21,143000000.0,205100000.0,0.155,205100000.0,143000000.0,117700000.0,0.37,0.37,0.37,4078000000.0,,4078000000.0,7888586583.0,23.0,13.515,11400000.0,0.066,1.0,658200000.0,0.496,3749600000.0,25300000.0,2951700000.0,,1033900000.0,0.0,0.0,0.0,3203300000.0,2000000000.0,1203300000.0,6648386583.0,-83700000.0,-107500000.0,27800000.0,92600000.0,-36600000.0,11700000.0,-163800000.0,0.0,72200000.0,-3800000.0,65800000.0,65800000.0,65800000.0,0.0,0.0,0.05,494100000.0,164100000.0,240900000.0,0.568,1.63,63.621,65.148,1030400000.0,0.0,38.438,1.321,1.32,938400000.0,5167100000.0,1326200000.0,1326200000.0,0.0,,,,,0.0,354800000.0,1.0,172966155.0,172900000,177300000.0,7.67,3531700000.0,0.0,51900000.0,472400000.0,20.426,293300000.0
63,BEAM2,MRQ,1998-03-31,1998-03-31,1998-03-31,2021-08-25,16000000.0,7206300000.0,,2305500000.0,4900800000.0,,23.613,-49500000.0,173800000.0,173800000.0,618700000.0,44600000.0,1.229,0.771,1414000000.0,558800000.0,855200000.0,1414000000.0,0.0,62100000.0,0.0,0.021,0.21,114400000.0,176500000.0,0.147,176500000.0,114400000.0,89300000.0,0.26,0.25,0.26,4068500000.0,,4068500000.0,7965543844.0,36.0,17.268,-90800000.0,-0.527,1.0,584800000.0,0.486,3702500000.0,25100000.0,2867700000.0,,1019200000.0,0.0,0.0,0.0,3137800000.0,1876300000.0,1261500000.0,6876043844.0,119600000.0,-49300000.0,-16900000.0,276000000.0,-36400000.0,258200000.0,-99800000.0,0.0,-41300000.0,2500000.0,44600000.0,44600000.0,44600000.0,0.0,0.0,0.037,459900000.0,124900000.0,254200000.0,0.808,1.69,1057.853,1329.167,992500000.0,0.0,39.875,1.391,1.39,893400000.0,5137900000.0,1203500000.0,1203500000.0,0.0,,,,,0.0,346500000.0,1.0,172439971.0,172300000,177100000.0,6.985,3503800000.0,0.0,44700000.0,517300000.0,20.335,429200000.0
64,BEAM2,MRQ,1997-12-31,1997-12-31,1997-12-31,2021-08-25,0.0,6942500000.0,,2095600000.0,4846900000.0,,23.41,-80200000.0,54200000.0,54200000.0,671200000.0,-33900000.0,1.185,0.728,0.0,404600000.0,739100000.0,0.0,0.0,58800000.0,0.0,0.038,0.21,-2400000.0,56400000.0,0.043,56400000.0,-2400000.0,-26400000.0,-0.2,-0.2,-0.2,4017100000.0,,4017100000.0,,,,118100000.0,0.688,1.0,647200000.0,0.491,3674100000.0,24000000.0,1445700000.0,,955200000.0,0.0,0.0,0.0,2925400000.0,1768500000.0,1156900000.0,6391056425.0,-12200000.0,-40000000.0,-10400000.0,18800000.0,-36300000.0,-28900000.0,-123400000.0,0.0,198300000.0,600000.0,-33900000.0,-33900000.0,-33900000.0,0.0,0.0,-0.026,634900000.0,12300000.0,0.0,-1.05,1.591,64.884,65.022,980900000.0,0.0,37.062,1.319,1.313,862000000.0,5129700000.0,1318400000.0,1318400000.0,0.0,,,,,0.0,341700000.0,1.0,172439971.0,171600000,167600000.0,7.683,3268400000.0,0.0,7500000.0,0.0,19.047,327100000.0
65,BEAM2,MRQ,1997-09-30,1997-09-30,1997-09-30,2021-08-25,,,,,,,,-36700000.0,,,632000000.0,28000000.0,,,,,,,,60700000.0,,0.036,0.2,85000000.0,145700000.0,0.123,145700000.0,85000000.0,61000000.0,0.16,0.16,0.16,,,,,,,81100000.0,0.473,1.0,553500000.0,0.467,,24000000.0,,,,,,,,,,,-91100000.0,3400000.0,-24600000.0,28900000.0,-34600000.0,-19900000.0,-29900000.0,0.0,117800000.0,-4700000.0,28000000.0,28000000.0,28000000.0,0.0,0.0,0.024,318500000.0,235000000.0,,1.25,,,,,0.0,33.688,,,,,1185500000.0,1185500000.0,0.0,,,,,0.0,318500000.0,1.0,,171400000,179400000.0,6.917,,,33000000.0,,,
66,BEAM2,MRQ,1997-06-30,1997-06-30,1997-06-30,2021-08-25,,,,,,,,-40200000.0,,,766500000.0,-32200000.0,,,,,,,,61000000.0,,0.027,0.2,21700000.0,82700000.0,0.067,82700000.0,21700000.0,-9100000.0,-0.19,-0.18,-0.19,,,,,,,106000000.0,0.616,1.0,469000000.0,0.38,,30800000.0,,,,,,,,,,,117900000.0,0.0,-55000000.0,-1414500000.0,-86500000.0,-1526700000.0,-39400000.0,0.0,146200000.0,2700000.0,-32200000.0,-32200000.0,-32200000.0,36500000.0,0.0,-0.026,410100000.0,58900000.0,,-1.053,,,,,0.0,37.312,,,,,1235500000.0,1235500000.0,0.0,,,,,0.0,328400000.0,1.0,,172100000,171900000.0,7.179,,,23100000.0,,,
67,BEAM2,MRQ,1997-03-31,1997-03-31,1997-03-31,2021-08-25,,,,,,,,-34300000.0,,,656500000.0,136600000.0,,,,,,,,62200000.0,,0.016,0.8,209100000.0,271300000.0,0.245,271300000.0,209100000.0,171200000.0,0.8,0.78,0.8,,,,,,,-70300000.0,-0.41,1.0,448600000.0,0.406,,37900000.0,,,,,,,,,,,4700000.0,0.0,0.0,123000000.0,-86000000.0,80600000.0,-34900000.0,0.0,-36000000.0,-5000000.0,136600000.0,136600000.0,136600000.0,-101600000.0,0.0,0.124,339000000.0,109600000.0,,1.0,,,,,0.0,50.625,,,,,1105100000.0,1105100000.0,0.0,,,,,0.0,313000000.0,1.0,,171300000,174300000.0,6.451,,,34600000.0,,,
68,BEAM2,MRQ,1996-12-31,1996-12-31,1996-12-31,2021-08-25,-204100000.0,7737300000.0,,2842100000.0,4895200000.0,,21.212,,34900000.0,34900000.0,,,1.374,1.105,2380500000.0,782200000.0,1598300000.0,2380500000.0,0.0,,0.0,0.0,0.0,,,,,,,,,,3676000000.0,,3676000000.0,,,,,,1.0,,,3730700000.0,,4284100000.0,,1037900000.0,0.0,0.0,0.0,4061300000.0,2068100000.0,1993200000.0,,,,,,,,,,,,,,,,,,,,241300000.0,,,,17.723,972600000.0,,49.625,,1.823,892400000.0,5025400000.0,,,,,,,,,,1.0,,173300000,,,4006600000.0,0.0,,462700000.0,23.119,774000000.0
0,BEAM2,MRT,2013-12-31,2013-12-31,2013-12-31,2021-08-25,-146800000.0,8584700000.0,8479900000.0,2890100000.0,5694600000.0,0.3,31.302,-128500000.0,277200000.0,277200000.0,1067900000.0,362500000.0,4.09,0.692,2037300000.0,12800000.0,2024500000.0,2037300000.0,0.0,121000000.0,0.0,0.013,0.9,566000000.0,687000000.0,0.27,687000000.0,566000000.0,474400000.0,2.24,2.22,2.24,5074100000.0,4835675000.0,5074100000.0,13152387982.0,23.0,19.145,295300000.0,1.822,1.0,1479400000.0,0.581,4782200000.0,91600000.0,4856000000.0,4881525000.0,1843300000.0,57300000.0,0.0,57300000.0,3510600000.0,706600000.0,2804000000.0,11098487982.0,-88500000.0,86200000.0,176900000.0,-513600000.0,-145700000.0,-468800000.0,-42300000.0,0.0,423800000.0,-1200000.0,362500000.0,362500000.0,362500000.0,3000000.0,0.0,0.142,862300000.0,617100000.0,241700000.0,0.402,2.187,30.617,30.384,815700000.0,0.0,68.06,4.357,4.331,427000000.0,6352600000.0,2547300000.0,2547300000.0,0.0,0.043,0.075,0.116,0.222,20000000.0,793200000.0,1.0,163069174.0,162100000,163400000.0,15.714,3802500000.0,0.0,111900000.0,526700000.0,23.458,2183500000.0
1,BEAM2,MRT,2013-09-30,2013-09-30,2013-09-30,2021-08-25,-206300000.0,8510000000.0,8502750000.0,2786800000.0,5723200000.0,0.297,30.002,-132900000.0,171200000.0,171200000.0,1051200000.0,384500000.0,3.382,0.745,2225100000.0,190500000.0,2034600000.0,2225100000.0,0.0,119400000.0,0.0,0.014,0.88,573600000.0,693000000.0,0.275,693000000.0,573600000.0,471500000.0,2.38,2.38,2.38,4875400000.0,4719450000.0,4875400000.0,12631071016.0,22.0,18.227,246800000.0,1.519,1.0,1472000000.0,0.583,4813700000.0,102100000.0,4926200000.0,4838925000.0,1871300000.0,53200000.0,0.0,53200000.0,3634600000.0,824000000.0,2810600000.0,10467871016.0,23700000.0,77900000.0,165800000.0,-334400000.0,-141700000.0,-295100000.0,-55000000.0,0.0,379700000.0,-5900000.0,384500000.0,384500000.0,384500000.0,17600000.0,0.0,0.152,831200000.0,640800000.0,201800000.0,0.37,2.147,27.225,27.164,808300000.0,0.0,64.65,4.149,4.164,465200000.0,6249100000.0,2523200000.0,2523200000.0,0.0,0.045,0.081,0.119,0.227,20900000.0,798600000.0,1.0,161916025.0,162500000,163800000.0,15.527,3696300000.0,0.0,87000000.0,452300000.0,22.746,1962800000.0
2,BEAM2,MRT,2013-06-30,2013-06-30,2013-06-30,2021-08-25,-289400000.0,8563700000.0,8476425000.0,2915700000.0,5648000000.0,0.301,29.159,-139200000.0,313100000.0,313100000.0,1051600000.0,395900000.0,2.788,0.816,2476300000.0,443700000.0,2032600000.0,2476300000.0,0.0,117300000.0,0.0,0.014,0.86,603900000.0,721200000.0,0.283,721200000.0,603900000.0,494200000.0,2.47,2.46,2.47,4715000000.0,4619450000.0,4715000000.0,12303415266.0,20.0,17.06,185400000.0,1.147,1.0,1499600000.0,0.588,4762600000.0,109700000.0,4918600000.0,4854450000.0,1819100000.0,50600000.0,0.0,50600000.0,3848700000.0,1045700000.0,2803000000.0,10153715266.0,203800000.0,71600000.0,120200000.0,-70400000.0,-137800000.0,-70100000.0,-67600000.0,0.0,324600000.0,16900000.0,395900000.0,395900000.0,395900000.0,19700000.0,0.0,0.155,841800000.0,657800000.0,200400000.0,0.348,2.153,25.647,25.551,790600000.0,0.0,63.11,3.98,4.0,489400000.0,6237700000.0,2551200000.0,2551200000.0,0.0,0.047,0.086,0.124,0.237,23700000.0,819500000.0,1.0,160889166.0,161700000,163100000.0,15.777,3801100000.0,0.0,98300000.0,441900000.0,23.507,1870000000.0
3,BEAM2,MRT,2013-03-31,2013-03-31,2013-03-31,2021-08-25,-239100000.0,8261200000.0,8385600000.0,2558500000.0,5702700000.0,0.299,29.148,-139100000.0,65100000.0,65100000.0,1037500000.0,422700000.0,3.288,0.766,2214800000.0,192000000.0,2022800000.0,2214800000.0,0.0,115500000.0,0.0,0.013,0.84,634500000.0,750000000.0,0.299,750000000.0,634500000.0,523600000.0,2.64,2.62,2.64,4678200000.0,4522775000.0,4678200000.0,12326460234.0,19.0,16.435,231200000.0,1.44,1.0,1473100000.0,0.587,4807400000.0,110900000.0,4825300000.0,4840150000.0,1764300000.0,53000000.0,0.0,53000000.0,3583000000.0,778200000.0,2804800000.0,10187160234.0,-23400000.0,-536600000.0,97000000.0,282900000.0,-133900000.0,262100000.0,-675700000.0,0.0,370300000.0,19900000.0,422700000.0,422700000.0,422700000.0,20200000.0,0.0,0.168,849000000.0,624100000.0,199700000.0,0.318,2.178,24.1,24.068,781400000.0,0.0,63.54,4.058,4.062,470200000.0,6217800000.0,2510600000.0,2510600000.0,0.0,0.05,0.093,0.131,0.253,22200000.0,812200000.0,1.0,160326727.0,160500000,161800000.0,15.642,3453800000.0,0.0,100900000.0,440700000.0,21.519,1780300000.0
4,BEAM2,MRT,2012-12-31,2012-12-31,2012-12-31,2021-08-25,-186000000.0,8676100000.0,8230125000.0,2902600000.0,5773500000.0,0.299,29.117,-136500000.0,365700000.0,365700000.0,1023700000.0,385200000.0,2.321,0.882,2505000000.0,480100000.0,2024900000.0,2505000000.0,0.0,110500000.0,0.0,0.013,0.82,590400000.0,700900000.0,0.285,700900000.0,590400000.0,481400000.0,2.43,2.4,2.43,4609200000.0,4431875000.0,4609200000.0,12087103945.0,20.0,17.245,241700000.0,1.527,1.0,1436000000.0,0.584,4879100000.0,109000000.0,4685600000.0,4679950000.0,1763000000.0,51500000.0,0.0,51500000.0,4066900000.0,1250700000.0,2816200000.0,9720203945.0,147400000.0,-665600000.0,112700000.0,566900000.0,-130100000.0,564200000.0,-802100000.0,0.0,378200000.0,7100000.0,385200000.0,385200000.0,385200000.0,18200000.0,0.0,0.157,862500000.0,573500000.0,264000000.0,0.337,2.109,25.234,25.14,787900000.0,0.0,61.09,3.952,3.932,453000000.0,6136800000.0,2459700000.0,2459700000.0,0.0,0.047,0.087,0.126,0.24,20300000.0,811600000.0,1.0,159112849.0,158300000,160800000.0,15.538,3797000000.0,0.0,96200000.0,453000000.0,23.986,1651900000.0
5,BEAM2,MRT,2012-09-30,2012-09-30,2012-09-30,2021-08-25,-196900000.0,8404700000.0,7934050000.0,2627900000.0,5776800000.0,0.3,28.218,-152800000.0,147500000.0,147500000.0,995100000.0,356200000.0,2.893,0.878,2514400000.0,289200000.0,2225200000.0,2514400000.0,0.0,106800000.0,0.0,0.014,0.805,566600000.0,673400000.0,0.283,673400000.0,566600000.0,455800000.0,2.24,2.19,2.24,4475400000.0,4304500000.0,4475400000.0,11516416700.0,20.0,17.102,96900000.0,0.611,1.0,1387800000.0,0.582,4874800000.0,110800000.0,4988300000.0,4569150000.0,1733700000.0,48600000.0,0.0,48600000.0,3929300000.0,908500000.0,3020800000.0,9112516700.0,-328400000.0,-713400000.0,125600000.0,271000000.0,-126900000.0,278900000.0,-866200000.0,0.0,249700000.0,9200000.0,356200000.0,356200000.0,356200000.0,0.0,0.0,0.149,842100000.0,545700000.0,173800000.0,0.359,2.036,25.583,25.688,769700000.0,0.0,57.54,3.824,3.83,451700000.0,6046200000.0,2382900000.0,2382900000.0,0.0,0.045,0.083,0.124,0.238,17900000.0,776400000.0,1.0,158368382.0,158600000,161400000.0,15.025,3529900000.0,0.0,99600000.0,462700000.0,22.257,1719400000.0
6,BEAM2,MRT,2012-06-30,2012-06-30,2012-06-30,2021-08-25,-281200000.0,8200400000.0,8726675000.0,2484700000.0,5715700000.0,0.268,27.394,-179200000.0,109300000.0,109300000.0,982800000.0,673800000.0,2.704,0.895,2513200000.0,299800000.0,2213400000.0,2513200000.0,0.0,135100000.0,0.0,0.013,0.79,831400000.0,966500000.0,0.414,966500000.0,831400000.0,722600000.0,4.3,4.26,4.3,4328300000.0,4764375000.0,4328300000.0,11704348403.0,14.0,12.11,294000000.0,1.861,1.0,1352600000.0,0.579,4823900000.0,108800000.0,4861400000.0,4740150000.0,1688300000.0,45800000.0,0.0,45800000.0,3872100000.0,919000000.0,2953100000.0,9848248403.0,-178100000.0,493200000.0,143100000.0,-960400000.0,-123800000.0,-949600000.0,314000000.0,0.0,473200000.0,-15700000.0,673100000.0,673100000.0,673100000.0,-498000000.0,700000.0,0.288,941200000.0,411400000.0,137200000.0,0.184,2.275,14.631,14.533,758100000.0,0.0,62.49,4.217,4.228,422800000.0,6002900000.0,2335400000.0,2335400000.0,0.0,0.077,0.141,0.175,0.356,38300000.0,804200000.0,1.0,157597190.0,158000000,160800000.0,14.781,3376500000.0,0.0,49500000.0,409400000.0,21.37,1565700000.0
7,BEAM2,MRT,2012-03-31,2012-03-31,2012-03-31,2021-08-25,-184400000.0,7639300000.0,9901225000.0,2402600000.0,5236700000.0,0.233,27.464,-204600000.0,88500000.0,88500000.0,975100000.0,902700000.0,2.485,0.771,1944600000.0,332400000.0,1612200000.0,1944600000.0,0.0,166700000.0,0.0,0.013,0.775,1066200000.0,1232900000.0,0.534,1232900000.0,1066200000.0,955200000.0,5.8,5.73,5.8,4314600000.0,5246950000.0,4314600000.0,10891343699.0,10.0,8.834,404600000.0,2.575,1.0,1333700000.0,0.578,4344200000.0,111000000.0,4184500000.0,5448225000.0,1683100000.0,45800000.0,0.0,45800000.0,3324700000.0,966700000.0,2358000000.0,9179143699.0,-180700000.0,1108700000.0,126800000.0,-1674300000.0,-120900000.0,-1676900000.0,904100000.0,0.0,609200000.0,-17100000.0,900600000.0,900600000.0,900600000.0,-766400000.0,2100000.0,0.39,929000000.0,404700000.0,162600000.0,0.134,2.127,10.192,10.098,754400000.0,0.0,58.57,3.976,3.985,380000000.0,5935600000.0,2308800000.0,2308800000.0,0.0,0.091,0.172,0.196,0.462,42700000.0,798600000.0,1.0,156720910.0,157100000,159600000.0,14.696,3295100000.0,0.0,54600000.0,408500000.0,20.975,1435900000.0
8,BEAM2,MRT,2011-12-31,2011-12-31,2011-12-31,2021-08-25,-304100000.0,7491800000.0,11122150000.0,2434400000.0,5057400000.0,0.207,26.518,-218500000.0,218300000.0,218300000.0,985600000.0,906800000.0,3.209,0.827,1930500000.0,28400000.0,1902100000.0,1930500000.0,0.0,199400000.0,0.0,0.015,0.76,1059900000.0,1259300000.0,0.548,1259300000.0,1059900000.0,942500000.0,5.83,5.72,5.83,4099700000.0,5639450000.0,4099700000.0,10228352736.0,10.0,8.122,236000000.0,1.527,1.0,1313400000.0,0.571,4202900000.0,117400000.0,4242400000.0,6350500000.0,1551500000.0,42200000.0,0.0,42200000.0,3392100000.0,758700000.0,2633400000.0,7964152736.0,-646400000.0,1136700000.0,102300000.0,-1975300000.0,-117800000.0,-2002500000.0,918200000.0,0.0,454500000.0,-16600000.0,902700000.0,902700000.0,902700000.0,-787200000.0,4100000.0,0.393,927800000.0,385600000.0,206100000.0,0.13,1.943,8.823,8.787,729700000.0,0.0,51.23,3.464,3.445,385800000.0,5892600000.0,2299000000.0,2299000000.0,0.0,0.081,0.16,0.167,0.461,52100000.0,788700000.0,1.0,155458769.0,154600000,157800000.0,14.871,3288900000.0,0.0,39800000.0,375100000.0,21.274,1675700000.0
9,BEAM2,MRT,2011-09-30,2011-09-30,2011-09-30,2021-08-25,-353900000.0,11575200000.0,12417700000.0,3621700000.0,7953500000.0,-0.038,40.794,-273600000.0,475900000.0,475900000.0,-613300000.0,914500000.0,2.2,0.832,2740100000.0,419500000.0,2320600000.0,2740100000.0,0.0,237600000.0,0.0,0.014,0.76,1013500000.0,1251100000.0,-2.665,1251100000.0,1013500000.0,935200000.0,5.89,5.83,5.89,6314900000.0,6032300000.0,6314900000.0,11940576111.0,12.0,9.544,325300000.0,2.101,1.0,143900000.0,-0.307,6521100000.0,78300000.0,5672300000.0,7695725000.0,1949300000.0,0.0,0.0,0.0,5256700000.0,1646000000.0,3610700000.0,8353676111.0,-195300000.0,1191700000.0,96100000.0,-1650700000.0,-117300000.0,-1682900000.0,918100000.0,0.0,598900000.0,-29400000.0,908300000.0,908300000.0,908300000.0,-888600000.0,6200000.0,-1.935,-78800000.0,222700000.0,399500000.0,0.129,1.323,9.197,9.182,1240200000.0,0.0,54.08,-17.796,-17.835,743700000.0,8202200000.0,-469400000.0,-469400000.0,0.0,0.073,0.151,0.132,-2.159,60600000.0,198300000.0,1.0,154468863.0,154800000,154800000.0,-3.032,5054100000.0,0.0,26900000.0,645100000.0,32.649,1975700000.0
10,BEAM2,MRT,2011-06-30,2011-06-30,2011-06-30,2021-08-25,-700000.0,12898600000.0,12645625000.0,4346000000.0,8552600000.0,0.032,40.561,-252100000.0,287400000.0,287400000.0,-110300000.0,605400000.0,2.168,1.058,3874300000.0,584200000.0,3290100000.0,3874300000.0,0.0,241900000.0,0.0,0.012,0.76,765700000.0,1007600000.0,2.468,1007600000.0,765700000.0,663800000.0,3.89,3.82,3.89,6258600000.0,5839525000.0,6258600000.0,13570537323.0,18.0,13.468,323800000.0,2.099,1.0,518500000.0,1.27,6787000000.0,101900000.0,7693700000.0,8132425000.0,1973800000.0,0.0,0.0,0.0,6620400000.0,2004800000.0,4615600000.0,9831037323.0,-128900000.0,29100000.0,70500000.0,-451900000.0,-116900000.0,-497700000.0,-223000000.0,0.0,575900000.0,15900000.0,597800000.0,597800000.0,597800000.0,-396700000.0,7600000.0,1.464,152100000.0,366400000.0,426200000.0,0.195,1.571,16.445,16.393,1253000000.0,0.0,63.77,24.084,24.105,887100000.0,7849300000.0,408200000.0,408200000.0,0.0,0.047,0.102,0.094,1.876,50500000.0,346500000.0,1.0,154163985.0,154300000,157300000.0,2.645,6111600000.0,0.0,66000000.0,710700000.0,39.609,2341200000.0
11,BEAM2,MRT,2011-03-31,2011-03-31,2011-03-31,2021-08-25,-46200000.0,12523000000.0,12436975000.0,3976800000.0,8546200000.0,0.108,38.286,-228300000.0,269200000.0,269200000.0,429900000.0,504800000.0,2.373,1.125,4008700000.0,337400000.0,3671300000.0,4008700000.0,0.0,244300000.0,0.0,0.012,0.76,656500000.0,900800000.0,0.669,900800000.0,656500000.0,533800000.0,3.25,3.21,3.25,5884600000.0,5593700000.0,5884600000.0,12911502867.0,20.0,14.333,408000000.0,2.655,1.0,917500000.0,0.681,6793000000.0,122700000.0,7793600000.0,8056575000.0,2171400000.0,0.0,0.0,0.0,6620400000.0,1675900000.0,4944500000.0,9495302867.0,-20500000.0,106400000.0,53500000.0,-477000000.0,-116400000.0,-541800000.0,-121900000.0,0.0,636300000.0,6900000.0,496600000.0,496600000.0,496600000.0,-177800000.0,8200000.0,0.369,462600000.0,454900000.0,486800000.0,0.234,1.614,19.121,19.043,1437200000.0,0.0,61.89,7.047,7.06,1078900000.0,7550400000.0,1347400000.0,1347400000.0,0.0,0.04,0.089,0.081,0.487,54000000.0,533300000.0,1.0,153422247.0,153700000,156600000.0,8.766,5730000000.0,0.0,37200000.0,674600000.0,37.28,2300900000.0
12,BEAM2,MRT,2010-12-31,2010-12-31,2010-12-31,2021-08-25,-172000000.0,12674000000.0,12363950000.0,4343000000.0,8331000000.0,0.169,37.212,-223000000.0,811500000.0,811500000.0,865000000.0,496000000.0,2.061,1.232,4232000000.0,611400000.0,3620600000.0,4232000000.0,0.0,245100000.0,0.0,0.013,0.76,667500000.0,912600000.0,0.436,912600000.0,667500000.0,523800000.0,3.2,3.16,3.2,5671100000.0,5428675000.0,5671100000.0,12798894345.0,19.0,14.025,547600000.0,3.593,1.0,1229900000.0,0.587,4364300000.0,143700000.0,9623300000.0,7998750000.0,1523100000.0,51900000.0,0.0,51900000.0,6986000000.0,2106900000.0,4879100000.0,9192994345.0,447500000.0,150000000.0,40600000.0,-165200000.0,-116200000.0,-248500000.0,-73000000.0,0.0,770600000.0,-1600000.0,487600000.0,487600000.0,487600000.0,-186500000.0,8400000.0,0.233,773700000.0,456200000.0,189300000.0,0.237,1.621,18.854,18.828,668200000.0,0.0,60.25,4.388,4.383,431100000.0,7499300000.0,2094900000.0,2094900000.0,0.0,0.039,0.09,0.083,0.319,56000000.0,723700000.0,1.0,152580819.0,152400000,154300000.0,13.746,8309700000.0,0.0,36200000.0,393100000.0,54.526,2236100000.0
13,BEAM2,MRT,2010-09-30,2010-09-30,2010-09-30,2021-08-25,-172800000.0,12486900000.0,12288100000.0,4170400000.0,8316500000.0,0.136,36.329,-177300000.0,671200000.0,671200000.0,555800000.0,420900000.0,2.064,1.249,4277100000.0,614200000.0,3662900000.0,4277100000.0,0.0,243800000.0,0.0,0.015,0.76,560900000.0,804700000.0,0.481,804700000.0,560900000.0,423100000.0,2.71,2.68,2.71,5543800000.0,5284000000.0,5543800000.0,11312197189.0,20.0,14.058,563800000.0,3.695,1.0,1118400000.0,0.668,6653000000.0,137800000.0,7419100000.0,7640300000.0,2109800000.0,0.0,0.0,0.0,6925400000.0,2020700000.0,4904700000.0,7500597189.0,411100000.0,133200000.0,14000000.0,-179300000.0,-115800000.0,-287300000.0,-44100000.0,0.0,741100000.0,1400000.0,413700000.0,413700000.0,413700000.0,-65000000.0,7200000.0,0.247,641300000.0,477100000.0,491400000.0,0.28,1.353,18.131,18.166,1403000000.0,0.0,49.23,4.48,4.487,920300000.0,7416100000.0,1674200000.0,1674200000.0,0.0,0.034,0.078,0.073,0.335,50000000.0,494300000.0,1.0,152358261.0,152600000,154300000.0,10.971,5833900000.0,0.0,9400000.0,656200000.0,38.23,2149700000.0
14,BEAM2,MRT,2010-06-30,2010-06-30,2010-06-30,2021-08-25,-377900000.0,12064000000.0,12249300000.0,3863700000.0,8200300000.0,0.158,34.592,-168500000.0,416300000.0,416300000.0,702800000.0,441400000.0,1.994,1.284,4227900000.0,647300000.0,3580600000.0,4227900000.0,0.0,242400000.0,0.0,0.019,0.76,592600000.0,835000000.0,0.431,835000000.0,592600000.0,449800000.0,2.87,2.84,2.87,5275300000.0,5165800000.0,5275300000.0,10115737590.0,17.0,12.115,667000000.0,4.374,1.0,1232500000.0,0.637,6547900000.0,142800000.0,7390300000.0,7858675000.0,1960800000.0,0.0,0.0,0.0,6773000000.0,1937400000.0,4835600000.0,5968037590.0,151700000.0,96500000.0,12300000.0,-497500000.0,-115300000.0,-607400000.0,-72000000.0,0.0,835500000.0,-4400000.0,435200000.0,435200000.0,435200000.0,-61100000.0,6200000.0,0.225,722200000.0,510300000.0,466100000.0,0.265,1.131,13.713,13.652,1406500000.0,0.0,39.18,3.084,3.087,1014800000.0,7373600000.0,1935300000.0,1935300000.0,0.0,0.036,0.084,0.075,0.306,49900000.0,599200000.0,1.0,152323573.0,152500000,154100000.0,12.69,5516100000.0,0.0,14600000.0,677500000.0,36.171,1926300000.0
15,BEAM2,MRT,2010-03-31,2010-03-31,2010-03-31,2021-08-25,-215800000.0,12230900000.0,12332275000.0,3783600000.0,8447300000.0,0.176,34.462,-162500000.0,289700000.0,289700000.0,835700000.0,312600000.0,1.842,1.338,4437400000.0,806600000.0,3630800000.0,4437400000.0,0.0,240000000.0,0.0,0.016,0.76,501400000.0,741400000.0,0.342,741400000.0,501400000.0,355100000.0,2.04,2.02,2.04,5224500000.0,5069625000.0,5224500000.0,11419843272.0,23.0,15.403,734300000.0,4.844,1.0,1330800000.0,0.614,6762100000.0,146300000.0,7562300000.0,8179525000.0,2052700000.0,0.0,0.0,0.0,6991600000.0,2054200000.0,4937400000.0,7372443272.0,49600000.0,-19200000.0,13200000.0,-577300000.0,-115000000.0,-684700000.0,-181700000.0,0.0,896800000.0,19200000.0,307600000.0,307600000.0,307600000.0,-12400000.0,5000000.0,0.142,835800000.0,495000000.0,465600000.0,0.373,1.411,23.968,23.779,1449400000.0,0.0,48.51,3.403,3.394,942600000.0,7175600000.0,2166500000.0,2166500000.0,0.0,0.025,0.061,0.061,0.231,44500000.0,707200000.0,1.0,151977804.0,151600000,153200000.0,14.291,5468800000.0,0.0,47500000.0,660100000.0,36.074,1729400000.0
16,BEAM2,MRT,2009-12-31,2009-12-31,2009-12-31,2021-08-25,-211800000.0,12370600000.0,12262375000.0,3871700000.0,8498900000.0,0.161,33.882,-157500000.0,417200000.0,417200000.0,782700000.0,247100000.0,2.645,1.427,4464600000.0,51300000.0,4413300000.0,4464600000.0,0.0,254700000.0,0.0,0.023,1.01,399700000.0,654400000.0,0.33,654400000.0,399700000.0,256100000.0,1.61,1.6,1.61,5092400000.0,4893850000.0,5092400000.0,10711190168.0,27.0,16.368,708800000.0,4.716,1.0,1197600000.0,0.605,6764900000.0,143600000.0,8189500000.0,8513600000.0,2016600000.0,49800000.0,0.0,49800000.0,7264900000.0,1463600000.0,5801300000.0,6494790168.0,253900000.0,-55700000.0,6900000.0,-287400000.0,-152200000.0,-432300000.0,-213200000.0,0.0,866300000.0,33100000.0,242800000.0,242800000.0,242800000.0,-12400000.0,4300000.0,0.123,798500000.0,399100000.0,468500000.0,0.627,1.275,26.75,26.832,1467900000.0,0.0,43.2,3.28,3.279,949000000.0,7135400000.0,1980300000.0,1980300000.0,0.0,0.02,0.05,0.047,0.202,40900000.0,659900000.0,1.0,150342365.0,150300000,151800000.0,13.176,5605700000.0,0.0,13300000.0,642900000.0,37.297,2408100000.0
17,BEAM2,MRT,2009-09-30,2009-09-30,2009-09-30,2021-08-25,-242800000.0,12331700000.0,12192700000.0,3698900000.0,8632800000.0,0.548,33.762,-161400000.0,260100000.0,260100000.0,3556000000.0,-44900000.0,2.665,1.429,4476500000.0,48100000.0,4428400000.0,4476500000.0,0.0,258500000.0,0.0,0.029,1.26,134100000.0,392600000.0,0.059,392600000.0,134100000.0,-84800000.0,-0.3,-0.28,-0.3,5071000000.0,4792250000.0,5071000000.0,10982319842.0,82.0,27.973,641200000.0,4.269,1.0,3127200000.0,0.468,6867300000.0,218900000.0,8292600000.0,8636350000.0,2024200000.0,0.0,0.0,0.0,7246600000.0,1388200000.0,5858400000.0,6457619842.0,84600000.0,-51500000.0,11100000.0,-368800000.0,-189600000.0,-519600000.0,-212900000.0,0.0,802600000.0,14500000.0,-50000000.0,-50000000.0,-50000000.0,-152500000.0,5100000.0,-0.007,2989700000.0,137500000.0,417900000.0,-4.2,1.273,-129.152,-143.267,1463500000.0,0.0,42.98,0.966,0.966,969000000.0,7153200000.0,6683200000.0,6683200000.0,0.0,-0.004,-0.01,0.016,0.02,32800000.0,1895600000.0,1.0,150247088.0,150200000,152100000.0,44.495,5464400000.0,0.0,-34800000.0,726800000.0,36.381,2310700000.0
18,BEAM2,MRT,2009-06-30,2009-06-30,2009-06-30,2021-08-25,-310400000.0,12395900000.0,12444750000.0,3756400000.0,8639500000.0,0.553,32.539,-162300000.0,264600000.0,264600000.0,3669100000.0,168200000.0,2.769,1.532,4789300000.0,64400000.0,4724900000.0,4789300000.0,0.0,266900000.0,0.0,0.043,1.51,491500000.0,758400000.0,0.11,758400000.0,491500000.0,267300000.0,1.09,1.08,1.09,4890600000.0,4938025000.0,4890600000.0,9939874247.0,20.0,13.106,853400000.0,5.678,1.0,3218000000.0,0.467,6890400000.0,224200000.0,8673700000.0,8496675000.0,1987300000.0,0.0,0.0,0.0,7492200000.0,1356500000.0,6135700000.0,5217874247.0,103900000.0,-156300000.0,-123200000.0,222600000.0,-227100000.0,-574400000.0,-318600000.0,0.0,1015700000.0,-18800000.0,161800000.0,161800000.0,161800000.0,-30200000.0,6400000.0,0.023,3030200000.0,187800000.0,396400000.0,1.385,1.067,32.249,31.872,1475600000.0,0.0,34.74,0.758,0.758,1055500000.0,7057600000.0,6887100000.0,6887100000.0,0.0,0.013,0.033,0.058,0.071,26100000.0,1905500000.0,1.0,150197877.0,150300000,151600000.0,45.822,5505500000.0,0.0,105500000.0,721100000.0,36.63,2399900000.0
19,BEAM2,MRT,2009-03-31,2009-03-31,2009-03-31,2021-08-25,-598200000.0,11951300000.0,12810275000.0,3493800000.0,8457500000.0,0.565,30.123,-169900000.0,240100000.0,240100000.0,3854000000.0,127500000.0,3.23,1.64,4962100000.0,38900000.0,4923200000.0,4962100000.0,0.0,275000000.0,0.0,0.071,1.74,464800000.0,739800000.0,0.102,739800000.0,464800000.0,235800000.0,1.32,1.3,1.32,4521400000.0,5183250000.0,4521400000.0,8248102876.0,18.0,11.149,689700000.0,4.595,1.0,3387700000.0,0.468,6693000000.0,229000000.0,8898600000.0,8382075000.0,1974300000.0,0.0,0.0,0.0,7415800000.0,1081700000.0,6334100000.0,3686202876.0,60700000.0,-127700000.0,-259700000.0,474800000.0,-262600000.0,-473900000.0,-297600000.0,0.0,859600000.0,-27400000.0,198000000.0,198000000.0,198000000.0,-139600000.0,-70500000.0,0.027,3408800000.0,-21100000.0,349900000.0,1.318,0.815,18.617,18.598,1482200000.0,0.0,24.55,0.509,0.509,843500000.0,6987000000.0,7241700000.0,7241700000.0,0.0,0.015,0.038,0.055,0.064,32000000.0,1952000000.0,1.0,150150830.0,150100000,151400000.0,48.246,5258300000.0,0.0,37800000.0,704200000.0,35.032,2412100000.0
20,BEAM2,MRT,2008-12-31,2008-12-31,2008-12-31,2021-08-25,-478400000.0,12091900000.0,13363575000.0,3468100000.0,8623800000.0,0.569,30.89,-176300000.0,163300000.0,163300000.0,4044800000.0,245300000.0,2.914,1.578,4725200000.0,36600000.0,4688600000.0,4725200000.0,0.0,265500000.0,0.0,0.042,1.72,643800000.0,909300000.0,0.12,909300000.0,643800000.0,406700000.0,2.05,2.02,2.05,4686000000.0,5523775000.0,4686000000.0,10812276151.0,17.0,11.891,641300000.0,4.227,1.0,3564100000.0,0.468,6783200000.0,237100000.0,8680500000.0,8162325000.0,1975400000.0,55100000.0,0.0,55100000.0,7392300000.0,1190100000.0,6202200000.0,6188176151.0,-40400000.0,-97900000.0,-257100000.0,387200000.0,-261200000.0,-555800000.0,-274200000.0,0.0,817600000.0,-28000000.0,311100000.0,311100000.0,311100000.0,-152500000.0,-65800000.0,0.041,3418500000.0,145600000.0,387700000.0,0.839,1.321,19.891,20.137,1553900000.0,0.0,41.28,0.813,0.823,918500000.0,7046200000.0,7608900000.0,7608900000.0,0.0,0.023,0.056,0.079,0.085,25700000.0,1997800000.0,1.0,149907368.0,151700000,153700000.0,50.158,5308700000.0,0.0,95600000.0,700000000.0,34.995,2278000000.0
21,BEAM2,MRT,2008-09-30,2008-09-30,2008-09-30,2021-08-25,213500000.0,13339900000.0,13829825000.0,3753400000.0,9586500000.0,0.581,37.719,-212500000.0,175500000.0,175500000.0,4227200000.0,750800000.0,1.458,1.357,4799600000.0,1315000000.0,3484600000.0,4799600000.0,0.0,275700000.0,0.0,0.03,1.7,1305900000.0,1581600000.0,0.197,1581600000.0,1305900000.0,1059200000.0,5.2,5.11,5.2,5654100000.0,5773650000.0,5654100000.0,13123178620.0,10.0,8.297,879100000.0,5.865,1.0,3811500000.0,0.474,7656100000.0,246700000.0,7733900000.0,7984650000.0,2091000000.0,45900000.0,0.0,45900000.0,7670900000.0,2574000000.0,5096900000.0,8599378620.0,-109800000.0,757600000.0,-249800000.0,-784200000.0,-259800000.0,-1738900000.0,545100000.0,0.0,1091600000.0,-7600000.0,793900000.0,793900000.0,793900000.0,2300000.0,-43100000.0,0.099,3009300000.0,802200000.0,414600000.0,0.327,1.521,10.832,11.031,1613500000.0,0.0,57.36,1.07,1.07,1060800000.0,7327900000.0,8038700000.0,8038700000.0,0.0,0.057,0.138,0.164,0.162,26700000.0,2053000000.0,1.0,149919432.0,149900000,151900000.0,53.627,5683800000.0,0.0,265300000.0,1077600000.0,37.917,1179400000.0
22,BEAM2,MRT,2008-06-30,2008-06-30,2008-06-30,2021-08-25,510300000.0,13858000000.0,14258500000.0,3968100000.0,9889900000.0,0.579,38.376,-244700000.0,160700000.0,160700000.0,4364500000.0,621400000.0,1.702,1.28,4684500000.0,1121400000.0,3563100000.0,4684500000.0,51800000.0,275400000.0,0.0,0.027,1.68,1113400000.0,1388800000.0,0.168,1388800000.0,1113400000.0,852900000.0,4.34,4.27,4.34,5871500000.0,5688400000.0,5871500000.0,14096573447.0,13.0,10.15,622500000.0,4.069,1.0,3897700000.0,0.472,7835700000.0,260500000.0,8215300000.0,8357375000.0,2162200000.0,85100000.0,0.0,85100000.0,7517800000.0,2330800000.0,5187000000.0,9591673447.0,9900000.0,1022400000.0,-92600000.0,-1338400000.0,-258300000.0,-1665700000.0,777700000.0,0.0,867200000.0,30700000.0,666900000.0,666900000.0,666900000.0,-120900000.0,-45500000.0,0.081,2982300000.0,915400000.0,429700000.0,0.387,1.634,14.382,14.38,1676700000.0,0.0,62.41,1.161,1.156,1212300000.0,7125800000.0,8262200000.0,8262200000.0,0.0,0.047,0.117,0.133,0.135,29300000.0,2065900000.0,1.0,153688086.0,153000000,155300000.0,54.001,6022300000.0,0.0,186000000.0,1017000000.0,39.361,1637300000.0
23,BEAM2,MRT,2008-03-31,2008-03-31,2008-03-31,2021-08-25,475600000.0,14164500000.0,14546050000.0,3891900000.0,10272600000.0,0.582,38.205,-256800000.0,179400000.0,179400000.0,4480600000.0,793500000.0,1.559,1.312,4684300000.0,1114700000.0,3569600000.0,4684300000.0,58500000.0,277600000.0,0.0,0.024,1.65,1377500000.0,1655100000.0,0.196,1655100000.0,1377500000.0,1098800000.0,4.97,4.87,4.97,5883500000.0,5500950000.0,5883500000.0,14875181049.0,11.0,8.987,738600000.0,4.796,1.0,3979500000.0,0.47,8153000000.0,278700000.0,8019600000.0,8739050000.0,2173800000.0,200800000.0,0.0,200800000.0,7722000000.0,2496800000.0,5225200000.0,10705181049.0,-7900000.0,1012800000.0,58500000.0,-1589000000.0,-253800000.0,-1787400000.0,756000000.0,0.0,995400000.0,28100000.0,762900000.0,762900000.0,762900000.0,-14000000.0,30600000.0,0.09,2632300000.0,1347200000.0,445500000.0,0.332,1.82,14.032,13.984,1701200000.0,0.0,69.5,1.265,1.265,1079800000.0,7054600000.0,8460100000.0,8460100000.0,0.0,0.052,0.139,0.158,0.163,25300000.0,2051300000.0,1.0,154031382.0,154000000,156300000.0,54.936,6011500000.0,0.0,335900000.0,1287100000.0,39.036,1395100000.0
24,BEAM2,MRT,2007-12-31,2007-12-31,2007-12-31,2021-08-25,349100000.0,13956900000.0,14684075000.0,3780900000.0,10176000000.0,0.583,37.136,-267100000.0,203700000.0,203700000.0,4564600000.0,787000000.0,1.806,1.357,4373700000.0,431000000.0,3942700000.0,4373700000.0,65200000.0,280400000.0,0.0,0.022,1.62,1402500000.0,1682900000.0,0.197,1682900000.0,1402500000.0,1108900000.0,4.98,4.87,4.98,5685500000.0,5235450000.0,5685500000.0,16424145873.0,12.0,9.759,698200000.0,4.56,1.0,3998500000.0,0.467,8063200000.0,293600000.0,7969800000.0,9220325000.0,2047600000.0,110000000.0,0.0,110000000.0,7712900000.0,2093900000.0,5619000000.0,11129945873.0,21000000.0,1011300000.0,80800000.0,-1562800000.0,-248600000.0,-1713000000.0,744200000.0,0.0,965300000.0,24500000.0,762600000.0,762600000.0,762600000.0,0.0,24400000.0,0.089,2622200000.0,1376300000.0,468900000.0,0.325,1.958,14.595,14.53,1698200000.0,0.0,72.36,1.3,1.294,1101900000.0,6999300000.0,8563100000.0,8563100000.0,0.0,0.052,0.146,0.152,0.164,27900000.0,2035800000.0,1.0,153813514.0,153100000,156500000.0,55.931,5893700000.0,0.0,346300000.0,951300000.0,38.496,1687000000.0
25,BEAM2,MRT,2007-09-30,2007-09-30,2007-09-30,2021-08-25,194000000.0,15054600000.0,14861925000.0,4219900000.0,10834700000.0,0.564,34.681,-261700000.0,285300000.0,285300000.0,4429700000.0,818700000.0,1.567,1.728,5579500000.0,919600000.0,4659900000.0,5579500000.0,72000000.0,265800000.0,0.0,0.02,1.59,1404100000.0,1669900000.0,0.199,1669900000.0,1404100000.0,1117100000.0,5.37,5.25,5.37,5313100000.0,4996075000.0,5313100000.0,18172972578.0,13.0,10.883,620500000.0,4.05,1.0,3946600000.0,0.471,8430200000.0,287000000.0,9224800000.0,9666800000.0,2279000000.0,182400000.0,0.0,182400000.0,9182200000.0,2693800000.0,6488400000.0,12482072578.0,66800000.0,181800000.0,96900000.0,-646200000.0,-243200000.0,-771500000.0,-79900000.0,0.0,882200000.0,36000000.0,818700000.0,818700000.0,818700000.0,-20300000.0,0.0,0.098,2578600000.0,1368000000.0,449300000.0,0.296,2.349,15.246,15.175,1938700000.0,0.0,81.49,1.49,1.49,1206200000.0,6797700000.0,8376300000.0,8376300000.0,0.0,0.055,0.164,0.145,0.168,39400000.0,2003200000.0,1.0,153173059.0,153200000,156600000.0,54.676,6624400000.0,0.0,298400000.0,1464900000.0,43.24,1526100000.0
26,BEAM2,MRT,2007-06-30,2007-06-30,2007-06-30,2021-08-25,125500000.0,15008200000.0,14737150000.0,4142200000.0,10866000000.0,0.573,33.519,-272900000.0,150800000.0,150800000.0,4485300000.0,761100000.0,1.659,1.821,5841700000.0,980200000.0,4861500000.0,5841700000.0,78700000.0,259500000.0,0.0,0.019,1.53,1364800000.0,1624300000.0,0.192,1624300000.0,1364800000.0,1066400000.0,5.01,4.88,5.01,5121700000.0,4774100000.0,5121700000.0,18465187418.0,14.0,11.368,630100000.0,4.124,1.0,3964200000.0,0.469,8460800000.0,298400000.0,9742000000.0,9680050000.0,2230500000.0,183100000.0,0.0,183100000.0,9329100000.0,2496300000.0,6832800000.0,12582587418.0,-64100000.0,89700000.0,87900000.0,-814600000.0,-237500000.0,-790200000.0,-183200000.0,0.0,903000000.0,6300000.0,761100000.0,761100000.0,761100000.0,-19400000.0,0.0,0.09,2584700000.0,1379500000.0,460700000.0,0.305,2.457,16.532,16.441,1949100000.0,0.0,82.37,1.489,1.49,1316200000.0,6719700000.0,8449500000.0,8449500000.0,0.0,0.052,0.159,0.141,0.162,36600000.0,2009400000.0,1.0,152756919.0,152800000,156500000.0,55.298,6547400000.0,0.0,305300000.0,1519900000.0,42.849,1645900000.0
27,BEAM2,MRT,2007-03-31,2007-03-31,2007-03-31,2021-08-25,28600000.0,14716600000.0,14607200000.0,4021100000.0,10695500000.0,0.576,31.637,-251200000.0,187300000.0,187300000.0,4453900000.0,776900000.0,1.789,1.936,6069900000.0,825700000.0,5244200000.0,6069900000.0,85500000.0,263000000.0,0.0,0.019,1.5,1384500000.0,1647500000.0,0.196,1647500000.0,1384500000.0,1079300000.0,5.17,5.04,5.17,4821500000.0,4578875000.0,4821500000.0,17658291187.0,13.0,10.718,618800000.0,4.06,1.0,3959400000.0,0.471,8406800000.0,305200000.0,9944700000.0,9749600000.0,2250600000.0,182700000.0,0.0,182700000.0,9333700000.0,2247700000.0,7086000000.0,12016791187.0,12300000.0,-487900000.0,77400000.0,-165600000.0,-230700000.0,-134100000.0,-739100000.0,0.0,870000000.0,15500000.0,776900000.0,776900000.0,776900000.0,-16900000.0,0.0,0.092,2562100000.0,1397300000.0,458300000.0,0.29,2.492,15.468,15.246,1940700000.0,0.0,78.82,1.428,1.428,1139500000.0,6548800000.0,8413300000.0,8413300000.0,0.0,0.053,0.17,0.142,0.165,36000000.0,2012100000.0,1.0,152458655.0,152400000,156100000.0,55.205,6309800000.0,0.0,302400000.0,1370400000.0,41.403,1773400000.0
28,BEAM2,MRT,2006-12-31,2006-12-31,2006-12-31,2021-08-25,37900000.0,14668300000.0,14333825000.0,3930100000.0,10738200000.0,0.594,31.71,-266000000.0,182700000.0,182700000.0,4476800000.0,830100000.0,1.562,1.984,5824200000.0,789300000.0,5034900000.0,5824200000.0,92200000.0,254700000.0,0.0,0.017,1.47,1438200000.0,1692900000.0,0.199,1692900000.0,1438200000.0,1129400000.0,5.56,5.42,5.56,4728000000.0,4319800000.0,4728000000.0,18814011952.0,13.0,11.113,716700000.0,4.807,1.0,4044200000.0,0.475,8038700000.0,308800000.0,9755700000.0,9564325000.0,1937800000.0,179900000.0,0.0,179900000.0,9380600000.0,2515400000.0,6865200000.0,12926711952.0,89100000.0,-496300000.0,61200000.0,-147700000.0,-224000000.0,-145500000.0,-762300000.0,0.0,982700000.0,14200000.0,830100000.0,830100000.0,830100000.0,-18000000.0,0.0,0.097,2596300000.0,1447900000.0,469300000.0,0.264,2.734,15.572,15.358,1708200000.0,0.0,85.39,1.517,1.494,1130100000.0,6496300000.0,8521000000.0,8521000000.0,0.0,0.058,0.192,0.15,0.169,37000000.0,2026600000.0,1.0,151384377.0,149100000,153000000.0,57.15,6629600000.0,0.0,299300000.0,1308400000.0,44.464,1414700000.0
29,BEAM2,MRT,2006-09-30,2006-09-30,2006-09-30,2021-08-25,44800000.0,14555500000.0,13967125000.0,3979200000.0,10576300000.0,0.593,29.364,-236600000.0,218500000.0,218500000.0,4416600000.0,748400000.0,1.366,2.162,6105800000.0,1068000000.0,5037800000.0,6105800000.0,99000000.0,248000000.0,0.0,0.019,1.44,1385700000.0,1633700000.0,0.197,1633700000.0,1385700000.0,1075500000.0,5.06,4.93,5.06,4425200000.0,4049200000.0,4425200000.0,17705885897.0,13.0,10.838,565500000.0,3.752,1.0,3864600000.0,0.467,8251200000.0,310200000.0,9277800000.0,9433775000.0,2111300000.0,80700000.0,0.0,80700000.0,9568900000.0,2913800000.0,6655100000.0,11328685897.0,11200000.0,-535200000.0,37800000.0,-1500000.0,-217500000.0,-22400000.0,-771500000.0,0.0,802100000.0,3000000.0,748400000.0,748400000.0,748400000.0,-4100000.0,0.0,0.09,2451900000.0,1412700000.0,422900000.0,0.285,2.56,15.137,14.844,1926100000.0,0.0,75.11,1.368,1.367,1267400000.0,6238900000.0,8281200000.0,8281200000.0,0.0,0.054,0.185,0.147,0.167,29900000.0,1972300000.0,1.0,150827931.0,150700000,154300000.0,54.952,6304300000.0,0.0,327100000.0,1415500000.0,41.833,1065400000.0
30,BEAM2,MRT,2006-06-30,2006-06-30,2006-06-30,2021-08-25,26300000.0,14488400000.0,13615400000.0,4096400000.0,10392000000.0,0.578,29.369,-208200000.0,214900000.0,214900000.0,4203500000.0,689300000.0,1.459,2.255,6592100000.0,1104900000.0,5487200000.0,6592100000.0,105700000.0,244400000.0,0.0,0.02,1.44,1280400000.0,1524800000.0,0.194,1524800000.0,1280400000.0,1003700000.0,4.69,4.57,4.69,4340800000.0,3811150000.0,4340800000.0,16347674215.0,13.0,10.721,473400000.0,3.203,1.0,3660800000.0,0.465,8038600000.0,276700000.0,10020200000.0,9668500000.0,2083700000.0,88300000.0,0.0,88300000.0,9788200000.0,2806800000.0,6981400000.0,10412574215.0,62800000.0,-4863500000.0,34000000.0,4724700000.0,-211200000.0,4555200000.0,-5196600000.0,0.0,681600000.0,22600000.0,689300000.0,689300000.0,689300000.0,-17000000.0,0.0,0.088,2333100000.0,1327700000.0,413100000.0,0.307,2.399,15.106,15.141,1897300000.0,0.0,71.01,1.324,1.335,1379800000.0,6205600000.0,7864300000.0,7864300000.0,0.0,0.051,0.181,0.132,0.163,26500000.0,1884900000.0,1.0,146635322.0,147800000,151600000.0,53.209,6449800000.0,0.0,314400000.0,1314100000.0,43.639,1289600000.0
31,BEAM2,MRT,2006-03-31,2006-03-31,2006-03-31,2021-08-25,-27300000.0,13623100000.0,11982400000.0,3781800000.0,9841300000.0,0.617,25.855,-232600000.0,175000000.0,175000000.0,3979100000.0,641800000.0,1.382,2.504,6110100000.0,999300000.0,5110800000.0,6110100000.0,112500000.0,228300000.0,0.0,0.017,1.41,1158900000.0,1387200000.0,0.188,1387200000.0,1158900000.0,945300000.0,4.39,4.26,4.39,3785200000.0,3583400000.0,3785200000.0,17530233472.0,15.0,12.637,545300000.0,3.725,1.0,3410900000.0,0.462,7618000000.0,213600000.0,9203600000.0,8293500000.0,2106500000.0,79900000.0,0.0,79900000.0,9476900000.0,2736600000.0,6740300000.0,11799833472.0,-12400000.0,-4324800000.0,53600000.0,4037800000.0,-206500000.0,3889400000.0,-4683700000.0,0.0,777900000.0,4000000.0,641800000.0,641800000.0,641800000.0,-33500000.0,0.0,0.087,2184300000.0,1226600000.0,422900000.0,0.321,3.117,18.386,18.367,1830700000.0,0.0,80.63,1.597,1.597,1151000000.0,6010700000.0,7390000000.0,7390000000.0,0.0,0.054,0.179,0.14,0.157,27200000.0,1769200000.0,1.0,146345448.0,146400000,150400000.0,50.478,6005100000.0,0.0,303500000.0,1445200000.0,41.018,1045200000.0
32,BEAM2,MRT,2005-12-31,2005-12-31,2005-12-31,2021-08-25,-22200000.0,13201500000.0,10570750000.0,3192700000.0,10008800000.0,0.652,25.038,-221900000.0,93600000.0,93600000.0,3731000000.0,621100000.0,1.133,2.518,5824000000.0,934100000.0,4889900000.0,5824000000.0,119200000.0,224400000.0,0.0,0.018,1.38,1096500000.0,1320900000.0,0.192,1320900000.0,1096500000.0,942900000.0,4.26,4.13,4.26,3645600000.0,3455850000.0,3645600000.0,17191693583.0,16.0,13.015,580800000.0,3.989,1.0,3160000000.0,0.459,6880500000.0,153600000.0,9233500000.0,7161700000.0,1663100000.0,1243400000.0,0.0,1243400000.0,9181100000.0,2817900000.0,6363200000.0,11399693583.0,-71300000.0,-4316400000.0,72100000.0,3917600000.0,-201600000.0,3783700000.0,-4664200000.0,0.0,802700000.0,6500000.0,621100000.0,621100000.0,621100000.0,-43600000.0,0.0,0.09,2008700000.0,1151300000.0,688400000.0,0.324,3.127,18.354,18.315,1679600000.0,0.0,78.02,1.654,1.648,1115600000.0,5890200000.0,6891000000.0,6891000000.0,0.0,0.059,0.18,0.153,0.159,26000000.0,1655500000.0,1.0,146112453.0,145600000,150500000.0,47.328,6321000000.0,0.0,321800000.0,1077100000.0,43.413,374800000.0
33,BEAM2,MRT,2005-09-30,2005-09-30,2005-09-30,2021-08-25,-9700000.0,13148600000.0,9241275000.0,3307600000.0,9841000000.0,0.723,23.788,-237500000.0,207300000.0,207300000.0,3652200000.0,694700000.0,1.47,2.658,5999300000.0,610000000.0,5389300000.0,5999300000.0,126000000.0,222200000.0,0.0,0.017,1.35,1097100000.0,1319300000.0,0.197,1319300000.0,1097100000.0,986900000.0,4.79,4.63,4.79,3473000000.0,3327125000.0,3473000000.0,13479594842.0,12.0,10.217,558700000.0,3.827,1.0,3029300000.0,0.453,6473400000.0,110200000.0,10216700000.0,5962075000.0,1665400000.0,1375200000.0,0.0,1375200000.0,9232300000.0,2250500000.0,6981800000.0,11872494842.0,12200000.0,-4299700000.0,42800000.0,4018200000.0,-196500000.0,3846400000.0,-4662200000.0,0.0,796200000.0,31800000.0,694700000.0,694700000.0,694700000.0,-66800000.0,0.0,0.104,1907100000.0,1122200000.0,743900000.0,0.282,3.419,17.09,16.979,1691400000.0,0.0,81.33,1.777,1.777,1114000000.0,5714200000.0,6681500000.0,6681500000.0,0.0,0.075,0.209,0.184,0.164,38700000.0,1565700000.0,1.0,145979280.0,146000000,151200000.0,45.764,6675200000.0,0.0,292200000.0,1185600000.0,45.721,1057100000.0
34,BEAM2,MRT,2005-06-30,2005-06-30,2005-06-30,2021-08-25,-26200000.0,7956400000.0,7884175000.0,2778700000.0,5177700000.0,0.81,23.589,-233900000.0,133900000.0,133900000.0,3491400000.0,829300000.0,1.514,1.216,1758300000.0,519900000.0,1238400000.0,1758300000.0,0.0,217800000.0,0.0,0.015,1.32,1158700000.0,1376500000.0,0.215,1376500000.0,1158700000.0,1080600000.0,5.73,5.54,5.73,3429800000.0,3179275000.0,3429800000.0,14764380369.0,13.0,10.726,533700000.0,3.671,1.0,2896800000.0,0.453,3225400000.0,78100000.0,4520200000.0,4394400000.0,928000000.0,0.0,0.0,0.0,4170400000.0,1835200000.0,2335200000.0,12915680369.0,-31300000.0,-53700000.0,-26300000.0,-310400000.0,-191500000.0,-543000000.0,-287400000.0,0.0,767600000.0,31500000.0,829300000.0,829300000.0,829300000.0,-91900000.0,0.0,0.13,1819800000.0,1077000000.0,279000000.0,0.23,3.766,15.574,15.497,1226500000.0,0.0,88.8,2.022,2.021,952800000.0,5704000000.0,6388200000.0,6388200000.0,0.0,0.105,0.261,0.264,0.181,35900000.0,1492100000.0,1.0,145446851.0,145400000,150400000.0,43.935,4731000000.0,0.0,251300000.0,247200000.0,32.538,943500000.0
35,BEAM2,MRT,2005-03-31,2005-03-31,2005-03-31,2021-08-25,7100000.0,7976500000.0,7825850000.0,2746500000.0,5230000000.0,0.796,22.617,-213600000.0,121600000.0,121600000.0,3409000000.0,796800000.0,1.384,1.326,2035800000.0,798400000.0,1237400000.0,2035800000.0,139500000.0,216600000.0,0.0,0.016,1.29,1133300000.0,1349900000.0,0.217,1349900000.0,1133300000.0,1056000000.0,5.5,5.33,5.5,3275000000.0,3019125000.0,3275000000.0,13426988336.0,12.0,9.947,457300000.0,3.158,1.0,2817100000.0,0.452,3229600000.0,77300000.0,4676400000.0,4255925000.0,948500000.0,0.0,0.0,0.0,4343000000.0,1984700000.0,2358300000.0,11682188336.0,35300000.0,-30900000.0,-175600000.0,-54000000.0,-187400000.0,-424500000.0,-242900000.0,0.0,670900000.0,31800000.0,796800000.0,796800000.0,796800000.0,-69200000.0,0.0,0.128,1776500000.0,1040600000.0,273100000.0,0.235,3.567,14.661,14.66,1221600000.0,0.0,80.63,1.876,1.875,848900000.0,5551900000.0,6226100000.0,6226100000.0,0.0,0.102,0.264,0.266,0.182,31600000.0,1450300000.0,1.0,144886374.0,144800000,149600000.0,42.998,4746900000.0,0.0,259200000.0,680500000.0,32.782,761800000.0
36,BEAM2,MRT,2004-12-31,2004-12-31,2004-12-31,2021-08-25,6400000.0,7883600000.0,7731650000.0,2641900000.0,5241700000.0,0.795,21.576,-215600000.0,85100000.0,85100000.0,3342100000.0,783800000.0,1.298,1.404,1909700000.0,670200000.0,1239500000.0,1909700000.0,146300000.0,221000000.0,0.0,0.016,1.26,1122200000.0,1343200000.0,0.219,1343200000.0,1122200000.0,1044900000.0,5.4,5.23,5.4,3130700000.0,2898650000.0,3130700000.0,12915337493.0,12.0,9.615,576300000.0,3.972,1.0,2803100000.0,0.456,3237200000.0,77300000.0,4435000000.0,4082400000.0,915700000.0,137800000.0,0.0,137800000.0,4394900000.0,2036000000.0,2358900000.0,11125737493.0,60300000.0,-30900000.0,-248600000.0,-64800000.0,-183500000.0,-515600000.0,-245300000.0,0.0,791900000.0,29300000.0,783800000.0,783800000.0,783800000.0,-67800000.0,0.0,0.128,1778500000.0,1024600000.0,271200000.0,0.233,3.554,14.195,14.293,1219500000.0,0.0,77.18,1.81,1.822,787800000.0,5447200000.0,6145200000.0,6145200000.0,0.0,0.101,0.27,0.275,0.183,35000000.0,1433600000.0,1.0,144153116.0,145100000,149900000.0,42.351,4646400000.0,0.0,261100000.0,627300000.0,32.022,605900000.0
37,BEAM2,MRT,2004-09-30,2004-09-30,2004-09-30,2021-08-25,-96000000.0,7720200000.0,7621975000.0,2558400000.0,5161800000.0,0.672,20.025,-200100000.0,195100000.0,195100000.0,2680300000.0,691200000.0,1.16,1.55,1984700000.0,743700000.0,1241000000.0,1984700000.0,153000000.0,216900000.0,0.0,0.017,1.23,1066700000.0,1283600000.0,0.251,1283600000.0,1066700000.0,999400000.0,4.74,4.6,4.74,2881600000.0,2776125000.0,2881600000.0,12558300123.0,12.0,9.784,651400000.0,4.527,1.0,2440200000.0,0.477,3358500000.0,67300000.0,3946000000.0,3980125000.0,1049400000.0,0.0,0.0,0.0,4467400000.0,2205300000.0,2262100000.0,10671600123.0,36100000.0,-963000000.0,-216300000.0,731700000.0,-179900000.0,330000000.0,-1163100000.0,0.0,851500000.0,15000000.0,691200000.0,691200000.0,691200000.0,-67600000.0,0.0,0.135,1462800000.0,977400000.0,350400000.0,0.259,3.703,15.439,15.631,1322100000.0,0.0,74.09,2.084,2.082,1051000000.0,5293100000.0,5120500000.0,5120500000.0,0.0,0.091,0.249,0.268,0.208,37200000.0,1154800000.0,1.0,144035634.0,143900000,148900000.0,35.584,4361700000.0,0.0,308200000.0,300500000.0,30.311,353100000.0
38,BEAM2,MRT,2004-06-30,2004-06-30,2004-06-30,2021-08-25,-104000000.0,7723100000.0,7253025000.0,2574400000.0,5148700000.0,0.716,19.143,-199700000.0,183400000.0,183400000.0,2706500000.0,610500000.0,1.127,1.637,2070100000.0,827500000.0,1242600000.0,2070100000.0,159800000.0,213500000.0,0.0,0.016,1.2,1028300000.0,1241800000.0,0.239,1241800000.0,1028300000.0,962800000.0,4.18,4.06,4.18,2789200000.0,2683900000.0,2789200000.0,12973321262.0,13.0,10.447,697500000.0,4.787,1.0,2489500000.0,0.479,3360000000.0,65500000.0,3966300000.0,3782025000.0,985000000.0,0.0,0.0,0.0,4564700000.0,2283500000.0,2281200000.0,11031521262.0,51100000.0,-991400000.0,-161300000.0,683400000.0,-176000000.0,348300000.0,-1191100000.0,0.0,897200000.0,-3300000.0,610500000.0,610500000.0,610500000.0,-29600000.0,0.0,0.117,1522500000.0,967000000.0,357400000.0,0.287,3.955,18.07,18.045,1330800000.0,0.0,75.43,2.123,2.115,1134200000.0,5161500000.0,5196000000.0,5196000000.0,0.0,0.084,0.227,0.272,0.198,42200000.0,1202500000.0,1.0,146248459.0,145700000,150800000.0,35.662,4363100000.0,0.0,352300000.0,385400000.0,29.946,290900000.0
39,BEAM2,MRT,2004-03-31,2004-03-31,2004-03-31,2021-08-25,-96600000.0,7599700000.0,6883225000.0,2445400000.0,5154300000.0,0.749,19.092,-203300000.0,152100000.0,152100000.0,2685400000.0,619400000.0,1.105,1.589,2093900000.0,848900000.0,1245000000.0,2093900000.0,166500000.0,206200000.0,0.0,0.015,1.17,979900000.0,1186100000.0,0.23,1186100000.0,979900000.0,915100000.0,4.24,4.12,4.24,2793100000.0,2600075000.0,2793100000.0,13078306131.0,13.0,11.026,622500000.0,4.255,1.0,2472000000.0,0.479,3345500000.0,64800000.0,3982300000.0,3614300000.0,967700000.0,0.0,0.0,0.0,4436900000.0,2213700000.0,2223200000.0,11209406131.0,48400000.0,-1047700000.0,-70900000.0,734100000.0,-171300000.0,461300000.0,-1251000000.0,0.0,825800000.0,12300000.0,619400000.0,619400000.0,619400000.0,-35800000.0,0.0,0.12,1560700000.0,911300000.0,343900000.0,0.276,4.013,18.097,18.073,1347900000.0,0.0,76.63,2.173,2.174,1048900000.0,5037800000.0,5157400000.0,5157400000.0,0.0,0.09,0.238,0.271,0.19,38700000.0,1225000000.0,1.0,146279605.0,146300000,151200000.0,35.252,4254200000.0,0.0,295700000.0,405500000.0,29.079,231700000.0
40,BEAM2,MRT,2003-12-31,2003-12-31,2003-12-31,2021-08-25,-89800000.0,7444900000.0,6481675000.0,2281600000.0,5163300000.0,0.789,18.136,-181900000.0,44100000.0,44100000.0,2686500000.0,579200000.0,1.069,1.684,1970700000.0,728100000.0,1242600000.0,1970700000.0,173300000.0,192600000.0,0.0,0.016,1.14,918400000.0,1111000000.0,0.217,1111000000.0,918400000.0,854500000.0,3.97,3.86,3.97,2640600000.0,2480100000.0,2640600000.0,11515411699.0,13.0,10.365,608800000.0,4.181,1.0,2426100000.0,0.475,3212100000.0,63900000.0,4025900000.0,3424075000.0,800000000.0,74900000.0,0.0,74900000.0,4447800000.0,2133500000.0,2314300000.0,10428211699.0,89200000.0,-1047700000.0,-111200000.0,831600000.0,-166900000.0,515400000.0,-1229600000.0,0.0,790700000.0,12700000.0,579200000.0,579200000.0,579200000.0,-27100000.0,0.0,0.113,1557800000.0,868300000.0,244700000.0,0.287,3.949,18.005,18.008,1187900000.0,0.0,71.49,2.04,2.036,715200000.0,4846900000.0,5112600000.0,5112600000.0,0.0,0.089,0.234,0.268,0.18,27600000.0,1236400000.0,1.0,145869516.0,145600000,150300000.0,35.114,4232800000.0,0.0,275300000.0,734300000.0,29.071,148100000.0
41,BEAM2,MRT,2003-09-30,2003-09-30,2003-09-30,2021-08-25,-133500000.0,6244400000.0,6076000000.0,2254300000.0,3990100000.0,0.804,17.317,-179200000.0,161700000.0,161700000.0,2532100000.0,590400000.0,1.268,1.339,1248900000.0,407400000.0,841500000.0,1248900000.0,180000000.0,189300000.0,0.0,0.02,1.11,897700000.0,1087000000.0,0.223,1087000000.0,897700000.0,838500000.0,4.03,3.92,4.03,2512700000.0,2398250000.0,2512700000.0,9494437646.0,11.0,8.735,592600000.0,4.084,1.0,2351000000.0,0.481,2400700000.0,59200000.0,3153600000.0,3191425000.0,869000000.0,0.0,0.0,0.0,3363300000.0,1777300000.0,1586000000.0,8242437646.0,69800000.0,-99600000.0,-235300000.0,-11600000.0,-163300000.0,-427300000.0,-278800000.0,0.0,771800000.0,6800000.0,590400000.0,590400000.0,590400000.0,-15800000.0,0.0,0.121,1498000000.0,853000000.0,278500000.0,0.275,3.28,13.961,14.082,1191000000.0,0.0,56.75,1.688,1.686,942300000.0,4785500000.0,4883100000.0,4883100000.0,0.0,0.097,0.246,0.281,0.184,13500000.0,1170500000.0,1.0,145241192.0,145100000,149900000.0,33.653,3843700000.0,0.0,248100000.0,387600000.0,26.49,477000000.0
42,BEAM2,MRT,2003-06-30,2003-06-30,2003-06-30,2021-08-25,-125200000.0,6243900000.0,6004650000.0,2268000000.0,3975900000.0,0.793,16.9,-178400000.0,132300000.0,132300000.0,2480000000.0,557500000.0,1.251,1.394,1384300000.0,542800000.0,841500000.0,1384300000.0,186800000.0,186600000.0,0.0,0.02,1.06,842500000.0,1029100000.0,0.216,1029100000.0,842500000.0,783000000.0,3.77,3.67,3.77,2453900000.0,2358975000.0,2453900000.0,8833666834.0,10.0,8.584,588800000.0,4.055,1.0,2282400000.0,0.479,2386900000.0,59500000.0,3295400000.0,3204400000.0,869800000.0,0.0,0.0,0.0,3421600000.0,1813600000.0,1608000000.0,7585666834.0,76600000.0,-60000000.0,-289400000.0,7600000.0,-157200000.0,-463400000.0,-238400000.0,0.0,767200000.0,11200000.0,557500000.0,557500000.0,557500000.0,-15800000.0,0.0,0.117,1470900000.0,811500000.0,279900000.0,0.281,3.091,13.607,13.846,1184900000.0,0.0,52.2,1.593,1.592,993800000.0,4727000000.0,4762400000.0,4762400000.0,0.0,0.093,0.236,0.263,0.177,9100000.0,1138300000.0,1.0,145319288.0,145200000,149600000.0,32.799,3857000000.0,0.0,225500000.0,393300000.0,26.563,454400000.0
43,BEAM2,MRT,2003-03-31,2003-03-31,2003-03-31,2021-08-25,-158000000.0,5993500000.0,5937525000.0,2092500000.0,3901000000.0,0.79,15.822,-184500000.0,103700000.0,103700000.0,2448100000.0,577700000.0,1.241,1.419,1351700000.0,510000000.0,841700000.0,1351700000.0,193500000.0,183100000.0,0.0,0.024,1.04,834900000.0,1018000000.0,0.217,1018000000.0,834900000.0,773100000.0,3.87,3.76,3.87,2313200000.0,2340725000.0,2313200000.0,7405990810.0,9.0,7.275,589000000.0,4.029,1.0,2244800000.0,0.478,2334000000.0,61800000.0,3221400000.0,3228950000.0,860900000.0,0.0,0.0,0.0,3281400000.0,1686100000.0,1595300000.0,6285490810.0,11900000.0,-414400000.0,-248800000.0,240500000.0,-155700000.0,-163800000.0,-598900000.0,0.0,773500000.0,1100000.0,577700000.0,577700000.0,577700000.0,-15800000.0,0.0,0.123,1457100000.0,787700000.0,275200000.0,0.269,2.717,10.88,11.078,1173100000.0,0.0,42.87,1.339,1.336,899000000.0,4589700000.0,4692900000.0,4692900000.0,0.0,0.097,0.247,0.259,0.178,29800000.0,1122700000.0,1.0,146617467.0,146200000,150200000.0,32.099,3659500000.0,0.0,195400000.0,381800000.0,25.031,406400000.0
44,BEAM2,MRT,2002-12-31,2002-12-31,2002-12-31,2021-08-25,-177600000.0,5822200000.0,5759375000.0,1903100000.0,3919100000.0,0.794,15.483,-186400000.0,15400000.0,15400000.0,2375600000.0,562200000.0,1.256,1.345,1135900000.0,294200000.0,841700000.0,1135900000.0,200200000.0,178700000.0,0.0,0.022,1.02,809200000.0,987900000.0,0.216,987900000.0,809200000.0,748800000.0,3.76,3.65,3.76,2313200000.0,2305700000.0,2313200000.0,8109623357.0,10.0,8.209,600600000.0,4.02,1.0,2196700000.0,0.48,2332700000.0,60400000.0,3095300000.0,3232050000.0,835800000.0,76000000.0,0.0,76000000.0,3110100000.0,1514700000.0,1595400000.0,6941723357.0,-33300000.0,-414400000.0,-135700000.0,45400000.0,-153400000.0,-219100000.0,-600800000.0,0.0,787000000.0,-400000.0,562200000.0,562200000.0,562200000.0,-15800000.0,0.0,0.123,1431500000.0,765200000.0,268200000.0,0.271,3.001,12.347,12.37,1189600000.0,0.0,46.51,1.518,1.52,845100000.0,4529900000.0,4572300000.0,4572300000.0,0.0,0.098,0.244,0.25,0.177,29200000.0,1094700000.0,1.0,149252276.0,149400000,154000000.0,30.604,3489500000.0,0.0,186600000.0,387800000.0,23.357,388400000.0
45,BEAM2,MRT,2002-09-30,2002-09-30,2002-09-30,2021-08-25,-113400000.0,5959000000.0,5621450000.0,2026000000.0,3933000000.0,1.011,15.704,-192800000.0,89200000.0,89200000.0,3150000000.0,522900000.0,1.278,1.36,1257100000.0,282700000.0,974400000.0,1257100000.0,207000000.0,186600000.0,0.0,0.021,1.0,703900000.0,890500000.0,0.157,890500000.0,703900000.0,630000000.0,3.5,3.39,3.5,2355600000.0,2253075000.0,2355600000.0,8415928097.0,12.0,9.451,510500000.0,3.403,1.0,2535300000.0,0.446,2336500000.0,73900000.0,3205500000.0,3530475000.0,828000000.0,0.0,0.0,0.0,3203900000.0,1584900000.0,1619000000.0,7097428097.0,24500000.0,-149200000.0,-98600000.0,-104300000.0,-150200000.0,-349500000.0,-336200000.0,0.0,703300000.0,6900000.0,522900000.0,522900000.0,522900000.0,0.0,0.0,0.092,1899200000.0,636100000.0,265600000.0,0.286,3.013,13.573,13.511,1184900000.0,0.0,47.29,1.248,1.248,884400000.0,4398400000.0,5685300000.0,5685300000.0,0.0,0.093,0.232,0.199,0.124,29800000.0,1408800000.0,1.0,150083064.0,150000000,154600000.0,37.902,3622500000.0,0.0,107100000.0,429300000.0,24.15,441100000.0
46,BEAM2,MRT,2002-06-30,2002-06-30,2002-06-30,2021-08-25,-114000000.0,5975400000.0,5569550000.0,2094900000.0,3880500000.0,1.017,15.852,-192400000.0,55700000.0,55700000.0,3176400000.0,502500000.0,1.283,1.342,1374200000.0,399400000.0,974800000.0,1374200000.0,213800000.0,194600000.0,0.0,0.018,0.99,680800000.0,875400000.0,0.155,875400000.0,680800000.0,605200000.0,3.36,3.26,3.36,2380900000.0,2185700000.0,2380900000.0,9326727432.0,14.0,10.654,549000000.0,3.655,1.0,2488800000.0,0.439,2267900000.0,75600000.0,3393600000.0,3549550000.0,834500000.0,0.0,0.0,0.0,3196300000.0,1632400000.0,1563900000.0,8409427432.0,-15300000.0,-153000000.0,-132300000.0,-137600000.0,-149300000.0,-415600000.0,-348000000.0,0.0,741400000.0,6900000.0,502500000.0,502500000.0,502500000.0,0.0,0.0,0.089,1877200000.0,611600000.0,266200000.0,0.295,3.532,16.735,16.667,1194800000.0,0.0,56.0,1.484,1.485,970000000.0,4363300000.0,5665200000.0,5665200000.0,0.0,0.09,0.23,0.192,0.12,27100000.0,1375000000.0,1.0,150168347.0,150200000,155100000.0,37.718,3707500000.0,0.0,102700000.0,411800000.0,24.684,462500000.0
47,BEAM2,MRT,2002-03-31,2002-03-31,2002-03-31,2021-08-25,-133800000.0,5280900000.0,5529650000.0,1975900000.0,3305000000.0,1.005,14.604,-198400000.0,91800000.0,91800000.0,3138000000.0,408500000.0,1.677,1.247,1009100000.0,59100000.0,950000000.0,1009100000.0,220500000.0,206400000.0,0.0,0.02,0.98,594900000.0,801300000.0,0.144,801300000.0,594900000.0,513100000.0,2.72,2.65,2.72,2173100000.0,2127450000.0,2173100000.0,8326650691.0,14.0,10.391,479100000.0,3.22,1.0,2420400000.0,0.435,1785900000.0,81800000.0,3233800000.0,3573675000.0,796400000.0,0.0,0.0,0.0,2709400000.0,1178500000.0,1530900000.0,7385850691.0,44800000.0,550000000.0,-188700000.0,-1031900000.0,-148300000.0,-990500000.0,352400000.0,0.0,677500000.0,5400000.0,408500000.0,408500000.0,408500000.0,0.0,0.0,0.073,1875200000.0,545200000.0,267500000.0,0.36,3.399,18.08,18.151,1145900000.0,0.0,49.37,1.329,1.322,893500000.0,4204300000.0,5558400000.0,5558400000.0,0.0,0.074,0.192,0.166,0.107,4300000.0,1352500000.0,1.0,149601999.0,148800000,153500000.0,37.355,3495000000.0,0.0,104600000.0,376200000.0,23.488,797400000.0
48,BEAM2,MRT,2001-12-31,2001-12-31,2001-12-31,2021-08-25,-131700000.0,5270500000.0,5642600000.0,1969600000.0,3300900000.0,0.985,13.861,-204000000.0,48700000.0,48700000.0,3128300000.0,386000000.0,1.604,1.321,989500000.0,39200000.0,950300000.0,989500000.0,227200000.0,218700000.0,0.0,0.025,0.97,577200000.0,795900000.0,0.143,795900000.0,577200000.0,480400000.0,2.55,2.49,2.55,2102700000.0,2116825000.0,2102700000.0,7081422634.0,12.0,8.897,434700000.0,2.866,1.0,2431300000.0,0.437,694300000.0,96800000.0,4289000000.0,3700300000.0,856600000.0,72400000.0,0.0,72400000.0,2777000000.0,1228000000.0,1549000000.0,5882622634.0,27800000.0,543500000.0,-218800000.0,-964600000.0,-148000000.0,-952800000.0,339700000.0,0.0,638700000.0,2200000.0,386000000.0,386000000.0,386000000.0,0.0,0.0,0.069,1900000000.0,531300000.0,313400000.0,0.38,2.798,15.24,15.525,1158400000.0,0.0,39.59,1.058,1.08,860600000.0,4157700000.0,5559600000.0,5559600000.0,0.0,0.068,0.182,0.156,0.104,4300000.0,1358200000.0,1.0,148588599.0,151700000,155300000.0,36.649,4576200000.0,0.0,94400000.0,322900000.0,30.166,741600000.0
49,BEAM2,MRT,2001-09-30,2001-09-30,2001-09-30,2021-08-25,-89700000.0,5751400000.0,5766000000.0,2251900000.0,3499500000.0,0.955,13.751,-196500000.0,64700000.0,64700000.0,3116600000.0,-115500000.0,1.308,1.57,1263500000.0,312300000.0,951200000.0,1263500000.0,234000000.0,224600000.0,0.0,0.029,0.96,136200000.0,360800000.0,0.066,360800000.0,136200000.0,23800000.0,-0.68,-0.69,-0.68,2086100000.0,2125125000.0,2086100000.0,6434009035.0,47.0,17.833,484200000.0,3.192,1.0,2387700000.0,0.434,1946900000.0,112400000.0,3281800000.0,3545975000.0,1014300000.0,0.0,0.0,0.0,3275000000.0,1721500000.0,1553500000.0,5092409035.0,-20200000.0,263500000.0,-210600000.0,-759500000.0,-148000000.0,-742500000.0,48000000.0,0.0,680700000.0,-6400000.0,-115500000.0,-115500000.0,-115500000.0,0.0,0.0,-0.021,2254600000.0,133100000.0,346800000.0,-1.412,2.441,-44.09,-49.265,1208500000.0,0.0,33.5,0.925,0.923,946200000.0,4028600000.0,5504300000.0,5504300000.0,0.0,-0.02,-0.054,0.038,0.025,200000.0,1299500000.0,1.0,152012210.0,151700000,155500000.0,36.284,3804500000.0,0.0,139300000.0,507300000.0,25.079,530400000.0
50,BEAM2,MRT,2001-06-30,2001-06-30,2001-06-30,2021-08-25,-106400000.0,5815800000.0,5914950000.0,2293500000.0,3522300000.0,0.923,14.066,-201500000.0,71000000.0,71000000.0,3045200000.0,-135000000.0,1.344,1.526,1412600000.0,461300000.0,951300000.0,1412600000.0,240800000.0,228500000.0,0.0,0.025,0.95,120300000.0,348800000.0,0.064,348800000.0,120300000.0,-6700000.0,-0.82,-0.83,-0.82,2147900000.0,2248225000.0,2147900000.0,7859553840.0,65.0,22.533,320900000.0,2.102,1.0,2413600000.0,0.442,1960200000.0,127000000.0,3490100000.0,3627450000.0,1038300000.0,0.0,0.0,0.0,3278600000.0,1707100000.0,1571500000.0,5863153840.0,-18500000.0,263500000.0,-165000000.0,-657700000.0,-147500000.0,-594100000.0,59300000.0,0.0,522400000.0,-6100000.0,-135000000.0,-135000000.0,-135000000.0,0.0,0.0,-0.025,2291100000.0,122500000.0,285200000.0,-1.159,2.73,-43.431,-46.78,1199500000.0,0.0,38.36,1.074,1.073,966800000.0,4010100000.0,5458800000.0,5458800000.0,0.0,-0.023,-0.06,0.033,0.022,200000.0,1340100000.0,1.0,152845512.0,152700000,156100000.0,35.749,3855600000.0,0.0,128300000.0,476900000.0,25.25,586400000.0
51,BEAM2,MRT,2001-03-31,2001-03-31,2001-03-31,2021-08-25,-103300000.0,5732700000.0,6073000000.0,2242400000.0,3490300000.0,0.914,13.862,-208800000.0,47000000.0,47000000.0,3050100000.0,-140500000.0,1.114,1.691,2043400000.0,891800000.0,1151600000.0,2043400000.0,0.0,231000000.0,0.0,0.027,0.94,165200000.0,396200000.0,0.071,396200000.0,165200000.0,31500000.0,-0.88,-0.88,-0.88,2130600000.0,2371325000.0,2130600000.0,7226242590.0,44.0,18.239,279300000.0,1.817,1.0,2499500000.0,0.45,1976200000.0,133700000.0,3740300000.0,3682275000.0,1086300000.0,0.0,0.0,0.0,3602100000.0,2012600000.0,1589500000.0,5289342590.0,-48100000.0,-8300000.0,-140800000.0,-25400000.0,-147200000.0,-313300000.0,-219100000.0,0.0,488100000.0,-3800000.0,-140500000.0,-140500000.0,-140500000.0,0.0,0.0,-0.025,2328700000.0,170800000.0,258800000.0,-1.068,2.483,-37.647,-39.091,1196800000.0,0.0,34.4,0.953,0.953,906100000.0,3944100000.0,5549600000.0,5549600000.0,0.0,-0.023,-0.059,0.045,0.03,200000.0,1377900000.0,1.0,153759959.0,153700000,156700000.0,36.107,3756500000.0,0.0,172000000.0,485600000.0,24.44,229800000.0
52,BEAM2,MRT,2000-12-31,2000-12-31,2000-12-31,2021-08-25,-79600000.0,5764100000.0,6248100000.0,2264500000.0,3499600000.0,0.902,13.553,-212200000.0,20900000.0,20900000.0,3089000000.0,-137700000.0,1.11,1.692,1957800000.0,806000000.0,1151800000.0,1957800000.0,0.0,236700000.0,0.0,0.031,0.93,172700000.0,409400000.0,0.073,409400000.0,172700000.0,38900000.0,-0.88,-0.88,-0.88,2135900000.0,2498350000.0,2135900000.0,6579254150.0,38.0,16.07,260200000.0,1.651,1.0,2546400000.0,0.452,1989400000.0,133800000.0,3671700000.0,3669075000.0,1079200000.0,0.0,0.0,0.0,3613800000.0,2039900000.0,1573900000.0,4640754150.0,-51000000.0,-25600000.0,-253400000.0,116000000.0,-147700000.0,-284000000.0,-238000000.0,0.0,472400000.0,-1400000.0,-137700000.0,-137700000.0,-137700000.0,0.0,0.0,-0.024,2368600000.0,177800000.0,291800000.0,-1.057,2.173,-33.702,-34.091,1205100000.0,0.0,30.0,0.824,0.839,952100000.0,3919700000.0,5635400000.0,5635400000.0,0.0,-0.022,-0.055,0.047,0.031,200000.0,1414000000.0,1.0,154691805.0,157600000,157600000.0,35.758,3774700000.0,0.0,176600000.0,442200000.0,23.951,224600000.0
53,BEAM2,MRT,2000-09-30,2000-09-30,2000-09-30,2021-08-25,-75900000.0,6347200000.0,6411350000.0,2332100000.0,4015100000.0,0.889,16.487,-225600000.0,84900000.0,84900000.0,3015000000.0,336200000.0,1.079,1.462,2023400000.0,870900000.0,1152500000.0,2023400000.0,0.0,234500000.0,0.0,0.035,0.92,691500000.0,926000000.0,0.162,926000000.0,691500000.0,561600000.0,2.05,2.03,2.05,2578500000.0,2648925000.0,2578500000.0,6140926883.0,9.0,6.632,195800000.0,1.252,1.0,2684800000.0,0.471,2516600000.0,129900000.0,3607700000.0,3649900000.0,1113400000.0,0.0,0.0,0.0,3768700000.0,2161400000.0,1607300000.0,4158226883.0,15600000.0,-130600000.0,-243300000.0,346100000.0,-148400000.0,-45100000.0,-362700000.0,0.0,421400000.0,2000000.0,336200000.0,336200000.0,336200000.0,0.0,0.0,0.059,2016800000.0,668000000.0,246100000.0,0.449,1.613,12.368,12.927,1164800000.0,0.0,26.5,0.73,0.727,894500000.0,4292100000.0,5699800000.0,5699800000.0,0.0,0.052,0.127,0.189,0.121,-15200000.0,1538300000.0,1.0,156914222.0,156400000,158800000.0,36.444,3830600000.0,0.0,225400000.0,488400000.0,24.492,170700000.0
54,BEAM2,MRT,2000-06-30,2000-06-30,2000-06-30,2021-08-25,-57300000.0,6448000000.0,6373825000.0,2400100000.0,4047900000.0,0.885,16.679,-228300000.0,89500000.0,89500000.0,2960300000.0,311100000.0,1.099,1.442,2072200000.0,914800000.0,1157400000.0,2072200000.0,0.0,227900000.0,0.0,0.039,0.91,649400000.0,877300000.0,0.156,877300000.0,649400000.0,528100000.0,1.84,1.83,1.84,2640300000.0,2675250000.0,2640300000.0,5629442429.0,9.0,6.417,237800000.0,1.502,1.0,2681300000.0,0.475,2537800000.0,121300000.0,3709400000.0,3548200000.0,1087300000.0,0.0,0.0,0.0,3807700000.0,2183500000.0,1624200000.0,3651442429.0,23200000.0,-157900000.0,-267300000.0,362900000.0,-148900000.0,-53900000.0,-390300000.0,0.0,466100000.0,1300000.0,311100000.0,311100000.0,311100000.0,0.0,0.0,0.055,2055500000.0,625800000.0,256800000.0,0.495,1.383,11.737,12.534,1171000000.0,0.0,23.062,0.647,0.647,988900000.0,4292700000.0,5641600000.0,5641600000.0,0.0,0.049,0.116,0.183,0.115,-15200000.0,1542600000.0,1.0,158328127.0,158300000,160700000.0,35.639,3910200000.0,0.0,217000000.0,502100000.0,24.701,216600000.0
55,BEAM2,MRT,2000-03-31,2000-03-31,2000-03-31,2021-08-25,-27500000.0,6433100000.0,6319975000.0,2354300000.0,4078800000.0,0.881,16.379,-217900000.0,95100000.0,95100000.0,2922800000.0,-882400000.0,1.091,1.438,2073100000.0,909500000.0,1163600000.0,2073100000.0,0.0,226300000.0,0.0,0.036,0.9,-598000000.0,-371700000.0,-0.067,-371700000.0,-598000000.0,-711400000.0,-5.28,-5.28,-5.28,2638700000.0,2706925000.0,2638700000.0,5713662450.0,-10.0,-15.372,276000000.0,1.713,1.0,2642900000.0,0.475,2565000000.0,113400000.0,3687500000.0,3437100000.0,1099100000.0,0.0,0.0,0.0,3794400000.0,2158600000.0,1635800000.0,4102062450.0,51500000.0,-156100000.0,-321200000.0,409000000.0,-149300000.0,-66000000.0,-373200000.0,0.0,493900000.0,-3200000.0,-882400000.0,-882400000.0,-882400000.0,0.0,0.0,-0.159,3268200000.0,-625300000.0,270600000.0,-0.17,1.555,-4.649,-4.735,1169400000.0,0.0,25.0,0.737,0.724,922800000.0,4231900000.0,5565700000.0,5565700000.0,0.0,-0.14,-0.326,-0.174,-0.107,-15200000.0,1539400000.0,1.0,164082498.0,161100000,163500000.0,34.548,3868100000.0,0.0,171000000.0,520400000.0,24.011,195700000.0
56,BEAM2,MRT,1999-12-31,1999-12-31,1999-12-31,2021-08-25,-14900000.0,6417100000.0,6544075000.0,2312800000.0,4104300000.0,0.841,16.436,-217300000.0,71900000.0,71900000.0,2873100000.0,-890600000.0,1.155,1.344,1844800000.0,640000000.0,1204800000.0,1844800000.0,0.0,230500000.0,0.0,0.027,0.89,-613900000.0,-383400000.0,-0.07,-383400000.0,-613900000.0,-720700000.0,-5.35,-5.35,-5.35,2738200000.0,3043875000.0,2738200000.0,7036577590.0,-11.0,-18.353,271100000.0,1.627,1.0,2627500000.0,0.478,2592100000.0,106800000.0,3595000000.0,3344450000.0,1061400000.0,0.0,0.0,0.0,3678900000.0,2002900000.0,1676000000.0,5424977590.0,31600000.0,-132300000.0,-317300000.0,360200000.0,-149600000.0,-107300000.0,-349200000.0,0.0,488400000.0,-300000.0,-890600000.0,-890600000.0,-890600000.0,0.0,0.0,-0.162,3268600000.0,-641100000.0,272200000.0,-0.166,1.981,-6.091,-6.18,1176500000.0,0.0,33.062,0.986,1.001,956500000.0,4205200000.0,5500600000.0,5500600000.0,0.0,-0.136,-0.293,-0.184,-0.112,-15200000.0,1518500000.0,1.0,164082498.0,166600000,166600000.0,33.017,3825000000.0,0.0,169900000.0,484600000.0,22.959,309900000.0
57,BEAM2,MRT,1999-09-30,1999-09-30,1999-09-30,2021-08-25,-11100000.0,6197100000.0,6779725000.0,2275900000.0,3921200000.0,0.812,16.167,-211500000.0,69300000.0,69300000.0,2831400000.0,-895900000.0,1.099,1.309,1680900000.0,711200000.0,969700000.0,1680900000.0,0.0,237800000.0,0.0,0.027,0.88,-617700000.0,-379900000.0,-0.069,-379900000.0,-617700000.0,-721200000.0,-5.36,-5.37,-5.36,2683800000.0,3383700000.0,2683800000.0,7009451851.0,-11.0,-18.451,292700000.0,1.763,1.0,2671000000.0,0.485,2536900000.0,103500000.0,3200900000.0,3245675000.0,1029100000.0,0.0,0.0,0.0,3513300000.0,2070900000.0,1442400000.0,5366351851.0,-4900000.0,-28700000.0,-277700000.0,157900000.0,-149700000.0,-281800000.0,-223300000.0,0.0,504200000.0,-4000000.0,-895900000.0,-895900000.0,-895900000.0,0.0,0.0,-0.163,3284800000.0,-613800000.0,245800000.0,-0.164,2.0,-5.99,-6.017,1107200000.0,0.0,32.25,0.975,0.973,910700000.0,4103800000.0,5502400000.0,5502400000.0,0.0,-0.132,-0.265,-0.19,-0.112,0.0,1524700000.0,1.0,166398507.0,166000000,166000000.0,33.147,3660200000.0,0.0,174700000.0,501000000.0,22.049,205000000.0
58,BEAM2,MRT,1999-06-30,1999-06-30,1999-06-30,2021-08-25,-24800000.0,6232600000.0,7068575000.0,2368100000.0,3864500000.0,0.773,16.579,-219400000.0,66300000.0,66300000.0,2812500000.0,-887300000.0,1.151,1.252,1709400000.0,734900000.0,974500000.0,1709400000.0,0.0,247800000.0,0.0,0.021,0.87,-599600000.0,-351800000.0,-0.064,-351800000.0,-599600000.0,-703100000.0,-5.29,-5.31,-5.29,2767000000.0,3719000000.0,2767000000.0,8532229142.0,-14.0,-24.253,293900000.0,1.761,1.0,2650900000.0,0.485,2554100000.0,103500000.0,3265000000.0,3214375000.0,1054100000.0,0.0,0.0,0.0,3465600000.0,2056600000.0,1409000000.0,6912229142.0,-23800000.0,-98000000.0,-255400000.0,199000000.0,-149300000.0,-217000000.0,-313700000.0,0.0,513300000.0,-6400000.0,-887300000.0,-887300000.0,-887300000.0,0.0,0.0,-0.162,3111800000.0,-460900000.0,250900000.0,-0.164,2.498,-7.79,-7.821,1097700000.0,0.0,41.375,1.265,1.264,956200000.0,4130500000.0,5463400000.0,5463400000.0,0.0,-0.126,-0.239,-0.187,-0.11,0.0,1491700000.0,1.0,167062940.0,166900000,163600000.0,32.735,3678500000.0,0.0,184200000.0,523400000.0,22.04,311500000.0
59,BEAM2,MRT,1999-03-31,1999-03-31,1999-03-31,2021-08-25,-18900000.0,7329500000.0,7330750000.0,2306800000.0,5022700000.0,0.732,23.464,-234600000.0,43600000.0,43600000.0,2726900000.0,274600000.0,1.194,0.839,1663600000.0,689200000.0,974400000.0,1663600000.0,0.0,252800000.0,0.0,0.022,0.86,595100000.0,847900000.0,0.158,847900000.0,595100000.0,492200000.0,1.59,1.56,1.59,3986500000.0,4046750000.0,3986500000.0,6423854658.0,11.0,7.576,213200000.0,1.255,1.0,2642000000.0,0.492,3700400000.0,102900000.0,3316900000.0,3136050000.0,1085900000.0,0.0,0.0,0.0,3343000000.0,1932200000.0,1410800000.0,6464154658.0,-130200000.0,-205500000.0,-148800000.0,244900000.0,-148900000.0,-131600000.0,-440900000.0,0.0,447800000.0,-5500000.0,274600000.0,274600000.0,274600000.0,0.0,0.0,0.051,1886200000.0,755800000.0,261900000.0,0.541,1.622,23.54,24.214,1103800000.0,0.0,38.5,1.204,1.218,930000000.0,5263600000.0,5368900000.0,5368900000.0,0.0,0.037,0.068,0.19,0.111,0.0,1458500000.0,1.0,167900121.0,169900000,173200000.0,31.6,3629100000.0,0.0,217600000.0,543000000.0,21.36,374600000.0
60,BEAM2,MRT,1998-12-31,1998-12-31,1998-12-31,2021-08-25,4700000.0,7359700000.0,7299950000.0,2265300000.0,5094400000.0,0.723,23.795,-245400000.0,40300000.0,40300000.0,2667900000.0,263100000.0,1.228,0.796,1486400000.0,504700000.0,981700000.0,1486400000.0,0.0,251100000.0,0.0,0.027,0.85,584100000.0,835200000.0,0.158,835200000.0,584100000.0,481400000.0,1.52,1.49,1.52,4097500000.0,4067250000.0,4097500000.0,6857153174.0,12.0,8.21,158800000.0,0.922,1.0,2612200000.0,0.495,3761300000.0,102700000.0,3199900000.0,3023750000.0,1087600000.0,0.0,0.0,0.0,3262200000.0,1844600000.0,1417600000.0,5408153174.0,-13900000.0,-254800000.0,-55400000.0,340900000.0,-147400000.0,90200000.0,-502800000.0,0.0,404200000.0,-5500000.0,263100000.0,263100000.0,263100000.0,0.0,0.0,0.05,1992600000.0,619600000.0,274900000.0,0.559,1.32,20.556,20.806,1119900000.0,0.0,31.625,1.024,1.031,919900000.0,5245400000.0,5280100000.0,5280100000.0,0.0,0.036,0.065,0.193,0.111,0.0,1440700000.0,1.0,171008796.0,172200000,176200000.0,30.663,3598400000.0,0.0,218300000.0,522300000.0,20.897,420700000.0
61,BEAM2,MRT,1998-09-30,1998-09-30,1998-09-30,2021-08-25,16000000.0,7352500000.0,7195650000.0,2249100000.0,5103400000.0,0.715,23.36,-250100000.0,74200000.0,74200000.0,2638900000.0,133300000.0,1.166,0.827,1523200000.0,547700000.0,975500000.0,1523200000.0,0.0,245300000.0,0.0,0.028,0.84,390600000.0,635900000.0,0.124,635900000.0,390600000.0,290000000.0,0.76,0.74,0.76,4025000000.0,4047150000.0,4025000000.0,6538963474.0,17.0,10.283,196500000.0,1.14,1.0,2509500000.0,0.487,3796200000.0,100600000.0,3075700000.0,2585200000.0,1055200000.0,0.0,0.0,0.0,3327500000.0,1929600000.0,1397900000.0,5118963474.0,7800000.0,-293400000.0,-45900000.0,397900000.0,-145600000.0,169200000.0,-546100000.0,0.0,446600000.0,-3100000.0,133300000.0,133300000.0,133300000.0,0.0,0.0,0.026,1935200000.0,574300000.0,239300000.0,1.105,1.272,38.402,38.98,1081500000.0,0.0,29.625,0.994,0.991,879800000.0,5149400000.0,5148400000.0,5148400000.0,0.0,0.019,0.033,0.151,0.076,0.0,1389300000.0,1.0,172792016.0,172300000,176000000.0,29.88,3556300000.0,0.0,156700000.0,503700000.0,20.64,319500000.0
62,BEAM2,MRT,1998-06-30,1998-06-30,1998-06-30,2021-08-25,6000000.0,7281300000.0,,2293300000.0,4988000000.0,,23.586,-227200000.0,90100000.0,90100000.0,2589900000.0,104500000.0,1.147,0.786,1510100000.0,727800000.0,782300000.0,1510100000.0,0.0,243700000.0,0.0,0.022,0.83,340000000.0,583700000.0,0.116,583700000.0,340000000.0,241600000.0,0.59,0.58,0.59,4078000000.0,,4078000000.0,7888586583.0,23.0,13.515,119800000.0,0.693,1.0,2443700000.0,0.485,3749600000.0,98400000.0,2951700000.0,,1033900000.0,0.0,0.0,0.0,3203300000.0,2000000000.0,1203300000.0,6648386583.0,-67400000.0,-193400000.0,-24100000.0,416300000.0,-143900000.0,221100000.0,-416900000.0,0.0,347000000.0,-5400000.0,104500000.0,104500000.0,104500000.0,0.0,0.0,0.021,1907400000.0,536300000.0,240900000.0,1.407,1.63,63.621,65.148,1030400000.0,0.0,38.438,1.321,1.32,938400000.0,5167100000.0,5033600000.0,5033600000.0,0.0,,,,0.068,0.0,1361500000.0,1.0,172966155.0,172900000,177300000.0,29.113,3531700000.0,0.0,137100000.0,472400000.0,20.426,293300000.0
63,BEAM2,MRT,1998-03-31,1998-03-31,1998-03-31,2021-08-25,16000000.0,7206300000.0,,2305500000.0,4900800000.0,,23.613,-206600000.0,173800000.0,173800000.0,2688400000.0,6500000.0,1.229,0.771,1414000000.0,558800000.0,855200000.0,1414000000.0,0.0,242600000.0,0.0,0.021,0.82,218700000.0,461300000.0,0.093,461300000.0,218700000.0,114800000.0,0.03,0.03,0.03,4068500000.0,,4068500000.0,7965543844.0,36.0,17.268,214400000.0,1.244,1.0,2254500000.0,0.456,3702500000.0,103900000.0,2867700000.0,,1019200000.0,0.0,0.0,0.0,3137800000.0,1876300000.0,1261500000.0,6876043844.0,134200000.0,-85900000.0,-106900000.0,-1090800000.0,-193800000.0,-1317300000.0,-292500000.0,0.0,421000000.0,1100000.0,6500000.0,6500000.0,6500000.0,36500000.0,0.0,0.001,1823400000.0,431100000.0,254200000.0,27.333,1.69,1057.853,1329.167,992500000.0,0.0,39.875,1.391,1.39,893400000.0,5137900000.0,4942900000.0,4942900000.0,0.0,,,,0.044,0.0,1335100000.0,1.0,172439971.0,172300000,177100000.0,28.688,3503800000.0,0.0,108300000.0,517300000.0,20.335,429200000.0
64,BEAM2,MRT,1997-12-31,1997-12-31,1997-12-31,2021-08-25,0.0,6942500000.0,7339900000.0,2095600000.0,4846900000.0,0.66,23.41,-191400000.0,54200000.0,54200000.0,2540400000.0,98500000.0,1.185,0.728,0.0,404600000.0,739100000.0,0.0,0.0,242700000.0,0.0,0.038,1.41,313400000.0,556100000.0,0.115,556100000.0,313400000.0,196700000.0,0.57,0.56,0.57,4017100000.0,3846550000.0,4017100000.0,,,,234900000.0,1.369,1.0,2304100000.0,0.476,3674100000.0,116700000.0,1445700000.0,2864900000.0,955200000.0,0.0,0.0,0.0,2925400000.0,1768500000.0,1156900000.0,6391056425.0,19300000.0,-36600000.0,-90000000.0,-1243800000.0,-243400000.0,-1494900000.0,-227600000.0,0.0,426300000.0,-6400000.0,98500000.0,98500000.0,98500000.0,-65100000.0,0.0,0.02,2033600000.0,270500000.0,0.0,2.474,1.591,64.884,65.022,980900000.0,0.0,37.062,1.319,1.313,862000000.0,5129700000.0,4844500000.0,4844500000.0,0.0,0.013,0.026,0.109,0.065,0.0,1301600000.0,1.0,172439971.0,171600000,173300000.0,28.231,3268400000.0,0.0,98200000.0,0.0,19.047,327100000.0
65,BEAM2,MRT,1997-09-30,1997-09-30,1997-09-30,2021-08-25,,,,,,,,,,,,,,,,,,,,,,0.036,1.2,,,,,,,,,,,,,,,,,,1.0,,,,,,,,,,,,,,,,,,,,,,,,,,,,,,,,,,,,,,,,33.688,,,,,,,,,,,,,,1.0,,171400000,,,,,,,,
66,BEAM2,MRT,1997-06-30,1997-06-30,1997-06-30,2021-08-25,,,,,,,,,,,,,,,,,,,,,,0.027,1.0,,,,,,,,,,,,,,,,,,1.0,,,,,,,,,,,,,,,,,,,,,,,,,,,,,,,,,,,,,,,,37.312,,,,,,,,,,,,,,1.0,,172100000,,,,,,,,
67,BEAM2,MRT,1997-03-31,1997-03-31,1997-03-31,2021-08-25,,,,,,,,,,,,,,,,,,,,,,0.016,0.8,,,,,,,,,,,,,,,,,,1.0,,,,,,,,,,,,,,,,,,,,,,,,,,,,,,,,,,,,,,,,50.625,,,,,,,,,,,,,,1.0,,171300000,,,,,,,,
68,BEAM2,MRT,1996-12-31,1996-12-31,1996-12-31,2021-08-25,-204100000.0,7737300000.0,,2842100000.0,4895200000.0,,21.212,-185200000.0,34900000.0,34900000.0,2401100000.0,486500000.0,1.374,1.105,2380500000.0,782200000.0,1598300000.0,2380500000.0,0.0,238300000.0,0.0,0.0,0.0,809900000.0,1048200000.0,0.222,1048200000.0,809900000.0,644400000.0,2.8,2.76,2.8,3676000000.0,,3676000000.0,,,,148300000.0,0.856,1.0,2316600000.0,0.491,3730700000.0,165500000.0,4284100000.0,,1037900000.0,0.0,0.0,0.0,4061300000.0,2068100000.0,1993200000.0,,-197100000.0,-694400000.0,-444300000.0,854400000.0,-348400000.0,95900000.0,-867300000.0,0.0,333500000.0,-3600000.0,486500000.0,486500000.0,486500000.0,-315100000.0,0.0,0.103,1805400000.0,511200000.0,241300000.0,0.0,,,17.723,972600000.0,0.0,49.625,,1.823,892400000.0,5025400000.0,4717700000.0,4717700000.0,0.0,,,,0.172,0.0,1249500000.0,1.0,,173300000,176100000.0,27.223,4006600000.0,0.0,157900000.0,462700000.0,23.119,774000000.0
69,BEAM2,MRT,1995-12-31,1995-12-31,1995-12-31,2021-08-25,,,,,,,,-160300000.0,,,3111700000.0,540400000.0,,,,,,,,224000000.0,,0.0,0.0,848500000.0,1072500000.0,0.218,1072500000.0,848500000.0,711900000.0,2.89,2.86,2.89,,,,,,,220000000.0,1.177,1.0,1816400000.0,0.369,,136600000.0,,,,,,,,,,,-222000000.0,1171600000.0,-988400000.0,-484000000.0,-377500000.0,-1824400000.0,1009000000.0,0.0,380300000.0,-16900000.0,540400000.0,540400000.0,540400000.0,-357200000.0,0.0,0.11,1353700000.0,462700000.0,,0.0,,,15.398,,0.0,44.5,,1.688,,,4928100000.0,4928100000.0,0.0,,,,0.172,0.0,1245800000.0,1.0,,186900000,189600000.0,26.368,,,171500000.0,,,
