None,ticker,dimension,calendardate,datekey,reportperiod,lastupdated,accoci,assets,assetsavg,assetsc,assetsnc,assetturnover,bvps,capex,cashneq,cashnequsd,cor,consolinc,currentratio,de,debt,debtc,debtnc,debtusd,deferredrev,depamor,deposits,divyield,dps,ebit,ebitda,ebitdamargin,ebitdausd,ebitusd,ebt,eps,epsdil,epsusd,equity,equityavg,equityusd,ev,evebit,evebitda,fcf,fcfps,fxusd,gp,grossmargin,intangibles,intexp,invcap,invcapavg,inventory,investments,investmentsc,investmentsnc,liabilities,liabilitiesc,liabilitiesnc,marketcap,ncf,ncfbus,ncfcommon,ncfdebt,ncfdiv,ncff,ncfi,ncfinv,ncfo,ncfx,netinc,netinccmn,netinccmnusd,netincdis,netincnci,netmargin,opex,opinc,payables,payoutratio,pb,pe,pe1,ppnenet,prefdivis,price,ps,ps1,receivables,retearn,revenue,revenueusd,rnd,roa,roe,roic,ros,sbcomp,sgna,sharefactor,sharesbas,shareswa,shareswadil,sps,tangibles,taxassets,taxexp,taxliabilities,tbvps,workingcapital
0,ANSS,MRY,2020-12-31,2020-12-31,2020-12-31,2021-08-05,-17775000.0,5940590000.0,4996209000.0,1719237000.0,4221353000.0,0.337,47.738,-35370000.0,912672000.0,912672000.0,225264000.0,433887000.0,2.359,0.45,919058000.0,0.0,919058000.0,919058000.0,372061000.0,106246000.0,0.0,0.0,0.0,504913000.0,611159000.0,0.364,611159000.0,504913000.0,493925000.0,5.05,4.97,5.05,4097872000.0,3604470750.0,4097872000.0,30925604403.0,61.0,50.602,511940000.0,5.964,1.0,1456033000.0,0.866,3733171000.0,10988000.0,1484980000.0,1095954500.0,0.0,479000.0,479000.0,0.0,1842718000.0,728825000.0,1113893000.0,31244645403.0,40578000.0,-572328000.0,-131469000.0,300000000.0,0.0,96597000.0,-614253000.0,0.0,547310000.0,10924000.0,433887000.0,433887000.0,433887000.0,0.0,0.0,0.258,959677000.0,496356000.0,18691000.0,0.0,7.625,72.011,72.04,234233000.0,0.0,363.8,18.584,18.574,806086000.0,3804593000.0,1681297000.0,1681297000.0,355371000.0,0.087,0.12,0.461,0.3,145615000.0,587707000.0,1.0,85884127.0,85840000,87288000.0,19.586,2207419000.0,28830000.0,60038000.0,136437000.0,25.716,990412000.0
1,ANSS,MRY,2019-12-31,2019-12-31,2019-12-31,2021-08-05,-65381000.0,4838887000.0,3826501000.0,1555480000.0,3283407000.0,0.396,40.985,-44940000.0,872094000.0,872094000.0,166273000.0,451295000.0,2.238,0.401,590299000.0,75000000.0,515299000.0,590299000.0,351353000.0,78975000.0,0.0,0.0,0.0,526044000.0,605019000.0,0.399,605019000.0,526044000.0,522583000.0,5.36,5.25,5.36,3453379000.0,2969592500.0,3453379000.0,21029766884.0,40.0,34.759,454996000.0,5.4,1.0,1349619000.0,0.89,2889991000.0,3461000.0,971961000.0,532473750.0,0.0,288000.0,288000.0,0.0,1385508000.0,695140000.0,690368000.0,21671277884.0,94955000.0,-787196000.0,-25023000.0,500000000.0,0.0,429409000.0,-833548000.0,0.0,499936000.0,-842000.0,451295000.0,451295000.0,451295000.0,0.0,0.0,0.298,834579000.0,515040000.0,14298000.0,0.0,6.275,48.02,48.024,189307000.0,0.0,257.41,14.296,14.308,683098000.0,3370706000.0,1515892000.0,1515892000.0,298210000.0,0.118,0.152,0.988,0.347,116190000.0,521200000.0,1.0,84189728.0,84259000,85925000.0,17.991,1948896000.0,24077000.0,71288000.0,88639000.0,23.13,860340000.0
2,ANSS,MRY,2018-12-31,2018-12-31,2018-12-31,2021-08-05,-62379000.0,3265964000.0,3084872750.0,1311177000.0,1954787000.0,0.419,31.552,-21762000.0,777139000.0,777139000.0,155885000.0,419375000.0,2.499,0.233,0.0,0.0,0.0,0.0,328584000.0,59255000.0,0.0,0.0,0.0,487144000.0,546399000.0,0.422,546399000.0,487144000.0,487085000.0,4.99,4.88,4.99,2649547000.0,2528233000.0,2649547000.0,11214888973.0,23.0,20.525,463226000.0,5.516,1.0,1137751000.0,0.879,1783727000.0,59000.0,180331000.0,131211000.0,0.0,225000.0,225000.0,0.0,616417000.0,524767000.0,91650000.0,11944068973.0,-104362000.0,-283026000.0,-228782000.0,0.0,0.0,-262675000.0,-312231000.0,0.0,484988000.0,-14444000.0,419375000.0,419375000.0,419375000.0,0.0,0.0,0.324,661177000.0,476574000.0,7953000.0,0.0,4.508,28.481,28.645,61655000.0,0.0,142.94,9.233,9.279,533813000.0,2919411000.0,1293636000.0,1293636000.0,233802000.0,0.136,0.166,3.713,0.377,83346000.0,413580000.0,1.0,83560018.0,83973000,85913000.0,15.405,1482237000.0,26630000.0,67710000.0,38803000.0,17.651,786410000.0
3,ANSS,MRY,2017-12-31,2017-12-31,2017-12-31,2021-08-05,-37844000.0,2941623000.0,2835823500.0,1270266000.0,1671357000.0,0.386,26.425,-19149000.0,881501000.0,881501000.0,150164000.0,259251000.0,2.087,0.31,0.0,0.0,0.0,0.0,440491000.0,67678000.0,0.0,0.0,0.0,395780000.0,463458000.0,0.423,463458000.0,395780000.0,395694000.0,3.05,2.98,3.05,2245831000.0,2233486250.0,2245831000.0,11604986210.0,29.0,25.04,408511000.0,4.807,1.0,945086000.0,0.863,1536178000.0,86000.0,-84609000.0,-94027000.0,0.0,286000.0,286000.0,0.0,695792000.0,608553000.0,87239000.0,12524557210.0,59022000.0,-63885000.0,-283539000.0,0.0,0.0,-294651000.0,-94665000.0,0.0,427660000.0,20678000.0,259251000.0,259251000.0,259251000.0,0.0,0.0,0.237,554358000.0,390728000.0,6042000.0,0.0,5.577,48.311,48.39,57096000.0,0.0,147.59,11.435,11.453,388479000.0,2316916000.0,1095250000.0,1095250000.0,202746000.0,0.091,0.116,-4.209,0.361,53154000.0,338640000.0,1.0,84860473.0,84988000,86854000.0,12.887,1405445000.0,42111000.0,136443000.0,7221000.0,16.537,661713000.0
4,ANSS,MRY,2016-12-31,2016-12-31,2016-12-31,2021-08-05,-57652000.0,2800526000.0,2759343000.0,1169401000.0,1631125000.0,0.358,25.318,-12443000.0,822479000.0,822479000.0,146860000.0,265636000.0,2.169,0.268,0.0,0.0,0.0,0.0,403279000.0,69587000.0,0.0,0.0,0.0,380315000.0,449902000.0,0.455,449902000.0,380315000.0,380315000.0,3.05,2.99,3.05,2208405000.0,2226983250.0,2208405000.0,7164978901.0,19.0,15.926,353537000.0,4.053,1.0,841605000.0,0.851,1509834000.0,0.0,-70887000.0,-92038250.0,0.0,381000.0,381000.0,0.0,592121000.0,539100000.0,53021000.0,8002894901.0,38311000.0,-7891000.0,-282524000.0,0.0,0.0,-288630000.0,-32173000.0,0.0,365980000.0,-6866000.0,265636000.0,265636000.0,265636000.0,0.0,0.0,0.269,465363000.0,376242000.0,7395000.0,0.0,3.624,30.127,30.325,54677000.0,0.0,92.49,8.096,8.162,346541000.0,2057665000.0,988465000.0,988465000.0,183093000.0,0.096,0.119,-4.132,0.385,33347000.0,269515000.0,1.0,86527137.0,87227000,88969000.0,11.332,1290692000.0,42327000.0,114679000.0,7522000.0,14.797,630301000.0
5,ANSS,MRY,2015-12-31,2015-12-31,2015-12-31,2021-08-05,-52164000.0,2729904000.0,2714648500.0,1076426000.0,1653478000.0,0.347,24.502,-16145000.0,784168000.0,784168000.0,147246000.0,252521000.0,2.223,0.244,0.0,0.0,0.0,0.0,364644000.0,77670000.0,0.0,0.0,0.0,356765000.0,434435000.0,0.461,434435000.0,356765000.0,356765000.0,2.82,2.76,2.82,2194427000.0,2199648250.0,2194427000.0,7455539130.0,21.0,17.161,359554000.0,4.015,1.0,795507000.0,0.844,1552901000.0,0.0,-91311000.0,-74637250.0,0.0,446000.0,446000.0,0.0,535477000.0,484146000.0,51331000.0,8231778130.0,-3896000.0,-46117000.0,-294287000.0,0.0,0.0,-299927000.0,-62032000.0,0.0,375699000.0,-17636000.0,252521000.0,252521000.0,252521000.0,0.0,0.0,0.268,441828000.0,353679000.0,4865000.0,0.0,3.751,32.598,32.801,61924000.0,0.0,92.5,8.732,8.787,291812000.0,1792029000.0,942753000.0,942753000.0,168831000.0,0.093,0.115,-4.78,0.378,33951000.0,253603000.0,1.0,88992196.0,89561000,91502000.0,10.526,1177003000.0,32896000.0,104244000.0,6786000.0,13.142,592280000.0
6,ANSS,MRY,2014-12-31,2014-12-31,2014-12-31,2021-08-05,-31754000.0,2752879000.0,2783585500.0,1082315000.0,1670564000.0,0.336,24.086,-26023000.0,788064000.0,788064000.0,153386000.0,254690000.0,2.327,0.241,0.0,0.0,0.0,0.0,332664000.0,81924000.0,0.0,0.0,0.0,348918000.0,430842000.0,0.46,430842000.0,348918000.0,348139000.0,2.77,2.7,2.77,2217501000.0,2225309250.0,2217501000.0,6719686260.0,19.0,15.597,359284000.0,3.902,1.0,782635000.0,0.836,1571494000.0,779000.0,-71754000.0,-50013750.0,0.0,714000.0,714000.0,0.0,535378000.0,465075000.0,70303000.0,7536491260.0,45578000.0,-103016000.0,-190470000.0,0.0,0.0,-185642000.0,-129270000.0,0.0,385307000.0,-24817000.0,254690000.0,254690000.0,254690000.0,0.0,0.0,0.272,435185000.0,347450000.0,3421000.0,0.0,3.399,29.591,29.603,64643000.0,0.0,82.0,8.052,8.066,293537000.0,1539508000.0,936021000.0,936021000.0,165421000.0,0.091,0.114,-6.976,0.373,22330000.0,246376000.0,1.0,91908430.0,92067000,94194000.0,10.167,1181385000.0,28240000.0,93449000.0,23317000.0,12.832,617240000.0
7,ANSS,MRY,2013-12-31,2013-12-31,2013-12-31,2021-08-05,-2644000.0,2722382000.0,2629099250.0,1067596000.0,1654786000.0,0.328,23.047,-28848000.0,742486000.0,742486000.0,146692000.0,245327000.0,2.424,0.274,0.0,0.0,0.0,0.0,309775000.0,80701000.0,0.0,0.0,0.0,323658000.0,404359000.0,0.469,404359000.0,323658000.0,322489000.0,2.65,2.58,2.65,2136246000.0,2057066750.0,2136246000.0,7372600386.0,23.0,18.233,304135000.0,3.281,1.0,714568000.0,0.83,1547094000.0,1169000.0,-7629000.0,-31368250.0,0.0,500000.0,500000.0,0.0,586136000.0,440431000.0,145705000.0,8079934386.0,165783000.0,-4224000.0,-79138000.0,-53149000.0,0.0,-129759000.0,-33177000.0,0.0,332983000.0,-4264000.0,245327000.0,245327000.0,245327000.0,0.0,0.0,0.285,392705000.0,321863000.0,7939000.0,0.0,3.782,32.935,32.906,78674000.0,0.0,87.2,9.382,9.385,298579000.0,1284818000.0,861260000.0,861260000.0,151439000.0,0.093,0.119,-10.318,0.376,25327000.0,218907000.0,1.0,92659798.0,92691000,95139000.0,9.292,1175288000.0,44463000.0,77162000.0,76281000.0,12.68,627165000.0
8,ANSS,MRY,2012-12-31,2012-12-31,2012-12-31,2021-08-05,8651000.0,2607417000.0,2549000250.0,913359000.0,1694058000.0,0.313,20.948,-23977000.0,576703000.0,576703000.0,139516000.0,203483000.0,1.913,0.344,53149000.0,53149000.0,0.0,53149000.0,305793000.0,85422000.0,0.0,0.0,0.0,296208000.0,381630000.0,0.478,381630000.0,296208000.0,293547000.0,2.2,2.14,2.2,1940291000.0,1869630750.0,1940291000.0,5763056092.0,19.0,15.101,274438000.0,2.963,1.0,658502000.0,0.825,1602420000.0,2661000.0,4056000.0,15901250.0,0.0,452000.0,452000.0,0.0,667126000.0,477387000.0,189739000.0,6238220092.0,104875000.0,-45075000.0,-61071000.0,-74422000.0,0.0,-124846000.0,-68956000.0,96000.0,298415000.0,262000.0,203483000.0,203483000.0,203483000.0,0.0,0.0,0.255,364249000.0,294253000.0,4924000.0,0.0,3.215,30.657,30.609,52253000.0,0.0,67.34,7.817,7.816,312866000.0,1039491000.0,798018000.0,798018000.0,132628000.0,0.08,0.109,18.628,0.371,18527000.0,205178000.0,1.0,92637661.0,92622000,94954000.0,8.616,1004997000.0,38330000.0,90064000.0,102413000.0,10.851,435972000.0
9,ANSS,MRY,2011-12-31,2011-12-31,2011-12-31,2021-08-05,11876000.0,2448470000.0,2303177500.0,740033000.0,1708437000.0,0.3,19.046,-22063000.0,471828000.0,471828000.0,119014000.0,180675000.0,1.687,0.396,127572000.0,74423000.0,53149000.0,127572000.0,259155000.0,65955000.0,0.0,0.0,0.0,268190000.0,334145000.0,0.483,334145000.0,268190000.0,264858000.0,1.96,1.91,1.96,1754473000.0,1666104250.0,1754473000.0,5023468369.0,19.0,15.034,285598000.0,3.1,1.0,572435000.0,0.828,1608795000.0,3332000.0,56668000.0,101128500.0,0.0,576000.0,576000.0,0.0,693997000.0,438751000.0,255246000.0,5291549369.0,-651000.0,-269486000.0,12254000.0,-31976000.0,0.0,-9676000.0,-291643000.0,-94000.0,307661000.0,-6993000.0,180675000.0,180675000.0,180675000.0,0.0,0.0,0.261,306876000.0,265559000.0,6987000.0,0.0,3.016,29.288,29.224,45638000.0,0.0,57.28,7.653,7.631,247898000.0,836008000.0,691449000.0,691449000.0,108530000.0,0.078,0.108,2.652,0.388,13042000.0,180357000.0,1.0,92380401.0,92120000,94381000.0,7.506,839675000.0,26793000.0,84183000.0,107831000.0,9.115,301282000.0
10,ANSS,MRY,2010-12-31,2010-12-31,2010-12-31,2021-08-05,16962000.0,2126876000.0,2038359750.0,714633000.0,1412243000.0,0.285,16.871,-14260000.0,472479000.0,472479000.0,100879000.0,153132000.0,2.295,0.39,159525000.0,31962000.0,127563000.0,159525000.0,199805000.0,60826000.0,0.0,0.0,0.0,220882000.0,281708000.0,0.486,281708000.0,220882000.0,216394000.0,1.69,1.64,1.69,1529929000.0,1437914250.0,1529929000.0,4408459032.0,20.0,15.649,152624000.0,1.683,1.0,479357000.0,0.826,1313403000.0,4488000.0,189150000.0,137224500.0,0.0,455000.0,455000.0,0.0,596947000.0,311369000.0,285578000.0,4738284032.0,136601000.0,0.0,24521000.0,-65913000.0,0.0,-29639000.0,-6648000.0,7612000.0,166884000.0,6004000.0,153132000.0,153132000.0,153132000.0,0.0,0.0,0.264,260089000.0,219268000.0,2241000.0,0.0,3.097,30.942,30.811,36921000.0,0.0,52.07,8.166,8.138,224006000.0,655333000.0,580236000.0,580236000.0,88990000.0,0.075,0.106,1.61,0.381,7266000.0,155096000.0,1.0,90998349.0,90684000,93209000.0,6.398,813473000.0,23489000.0,63262000.0,81421000.0,8.97,403264000.0
11,ANSS,MRY,2009-12-31,2009-12-31,2009-12-31,2021-08-05,8812000.0,1920182000.0,1858150750.0,515490000.0,1404692000.0,0.278,14.834,-8323000.0,335878000.0,335878000.0,97236000.0,116391000.0,1.932,0.463,225426000.0,26758000.0,198668000.0,225426000.0,169275000.0,64186000.0,0.0,0.0,0.0,183930000.0,248116000.0,0.48,248116000.0,183930000.0,173529000.0,1.32,1.27,1.32,1312631000.0,1234834250.0,1312631000.0,3793714122.0,21.0,15.29,165366000.0,1.869,1.0,419649000.0,0.812,1361137000.0,10401000.0,181827000.0,178972500.0,0.0,7966000.0,7966000.0,0.0,607551000.0,266766000.0,340785000.0,3854921122.0,107702000.0,0.0,-23028000.0,-54230000.0,0.0,-64090000.0,-10731000.0,-2408000.0,173689000.0,8834000.0,116391000.0,116391000.0,116391000.0,0.0,0.0,0.225,236172000.0,183477000.0,2426000.0,0.0,2.937,33.12,32.924,35131000.0,0.0,43.46,7.458,7.44,153819000.0,502201000.0,516885000.0,516885000.0,79856000.0,0.063,0.094,1.028,0.356,44000.0,137264000.0,1.0,88700440.0,88486000,91785000.0,5.841,559045000.0,20403000.0,57138000.0,119718000.0,6.318,248724000.0
12,ANSS,MRY,2008-12-31,2008-12-31,2008-12-31,2021-08-05,-1484000.0,1864514000.0,1430176250.0,397153000.0,1467361000.0,0.334,14.256,-16639000.0,228176000.0,228176000.0,91414000.0,111671000.0,1.484,0.576,279425000.0,29630000.0,249795000.0,279425000.0,166189000.0,50093000.0,0.0,0.0,0.0,176033000.0,226126000.0,0.473,226126000.0,176033000.0,166691000.0,1.35,1.29,1.35,1182899000.0,932897250.0,1182899000.0,2592448096.0,15.0,11.465,180069000.0,2.17,1.0,386925000.0,0.809,1421401000.0,9342000.0,226698000.0,116513000.0,0.0,5699000.0,5699000.0,0.0,681615000.0,267664000.0,413951000.0,2501736096.0,60952000.0,-320130000.0,-706000.0,218995000.0,0.0,217750000.0,-337999000.0,-1230000.0,196708000.0,-15507000.0,111671000.0,111671000.0,111671000.0,0.0,0.0,0.233,217194000.0,169731000.0,3069000.0,0.0,2.115,22.403,20.659,36812000.0,0.0,27.89,5.23,4.838,157285000.0,385810000.0,478339000.0,478339000.0,71594000.0,0.078,0.12,1.511,0.368,7709000.0,134887000.0,1.0,89700111.0,82975000,86768000.0,5.765,443113000.0,6449000.0,55020000.0,140168000.0,5.34,129489000.0
13,ANSS,MRY,2007-12-31,2007-12-31,2007-12-31,2021-08-05,16229000.0,969292000.0,927061250.0,305169000.0,664123000.0,0.416,8.243,-10758000.0,167224000.0,167224000.0,78047000.0,82392000.0,1.558,0.512,60146000.0,7716000.0,52430000.0,60146000.0,122799000.0,38949000.0,0.0,0.0,0.0,131085000.0,170034000.0,0.441,170034000.0,131085000.0,124263000.0,1.06,1.02,1.06,641210000.0,597036000.0,641210000.0,3170425244.0,24.0,18.646,116370000.0,1.496,1.0,307293000.0,0.797,631434000.0,6822000.0,34913000.0,53276250.0,0.0,4627000.0,4627000.0,0.0,328082000.0,195867000.0,132215000.0,3245575244.0,62909000.0,0.0,-56000.0,-63179000.0,0.0,-55829000.0,-15418000.0,-4440000.0,127128000.0,7028000.0,82392000.0,82392000.0,82392000.0,0.0,0.0,0.214,180524000.0,126769000.0,3603000.0,0.0,5.062,39.392,39.113,29082000.0,0.0,41.46,8.423,8.37,115780000.0,274139000.0,385340000.0,385340000.0,56481000.0,0.089,0.138,2.46,0.34,1512000.0,115108000.0,1.0,78282085.0,77792000,81135000.0,4.953,337858000.0,17538000.0,41871000.0,73189000.0,4.343,109302000.0
14,ANSS,MRY,2006-12-31,2006-12-31,2006-12-31,2021-08-05,7718000.0,902696000.0,737921750.0,215944000.0,686752000.0,0.357,7.358,-7843000.0,104315000.0,104315000.0,56727000.0,14156000.0,1.203,0.688,123320000.0,13927000.0,109393000.0,123320000.0,101226000.0,27463000.0,0.0,0.0,0.0,40840000.0,68303000.0,0.259,68303000.0,40840000.0,33061000.0,0.19,0.19,0.19,534793000.0,449887000.0,534793000.0,1722426574.0,42.0,25.217,81854000.0,1.126,1.0,206913000.0,0.785,658205000.0,7779000.0,83958000.0,74516000.0,0.0,171000.0,171000.0,0.0,367903000.0,179538000.0,188365000.0,1675523574.0,-71851000.0,-304812000.0,6256000.0,121267000.0,0.0,130774000.0,-294631000.0,18024000.0,89697000.0,2309000.0,14156000.0,14156000.0,14156000.0,0.0,0.0,0.054,170757000.0,36156000.0,3599000.0,0.0,3.133,118.361,114.447,25530000.0,0.0,21.745,6.355,5.995,90482000.0,193327000.0,263640000.0,263640000.0,49406000.0,0.019,0.031,0.548,0.155,435000.0,86901000.0,1.0,77053280.0,72686000,76398000.0,3.627,244491000.0,20976000.0,18905000.0,84350000.0,3.364,36406000.0
15,ANSS,MRY,2005-12-31,2005-12-31,2005-12-31,2021-08-05,4271000.0,305509000.0,273879250.0,244362000.0,61147000.0,0.577,3.543,-4752000.0,176166000.0,176166000.0,24039000.0,43903000.0,3.196,0.358,0.0,0.0,0.0,0.0,48234000.0,8107000.0,0.0,0.0,0.0,63111000.0,71218000.0,0.451,71218000.0,63111000.0,63111000.0,0.69,0.65,0.69,224977000.0,204639250.0,224977000.0,1199453898.0,19.0,16.842,63073000.0,0.993,1.0,133997000.0,0.848,54041000.0,0.0,-1168000.0,13004250.0,0.0,18066000.0,18066000.0,0.0,80532000.0,76470000.0,4062000.0,1363883898.0,92619000.0,-4385000.0,-1461000.0,0.0,0.0,-1461000.0,28162000.0,37299000.0,67825000.0,-1907000.0,43903000.0,43903000.0,43903000.0,0.0,0.0,0.278,75157000.0,58840000.0,1330000.0,0.0,6.062,31.066,30.935,6362000.0,0.0,21.345,8.63,8.576,44199000.0,179171000.0,158036000.0,158036000.0,30688000.0,0.16,0.215,4.853,0.399,0.0,43285000.0,1.0,63897114.0,63498000,67384000.0,2.489,251468000.0,6208000.0,19208000.0,4528000.0,3.96,167892000.0
16,ANSS,MRY,2004-12-31,2004-12-31,2004-12-31,2021-08-05,6701000.0,239646000.0,212164250.0,184254000.0,55392000.0,0.634,2.834,-3735000.0,83547000.0,83547000.0,21307000.0,34567000.0,2.871,0.366,0.0,0.0,0.0,0.0,43906000.0,7588000.0,0.0,0.0,0.0,46251000.0,53839000.0,0.4,53839000.0,46251000.0,47901000.0,0.56,0.525,0.56,175469000.0,154508500.0,175469000.0,887459386.0,19.0,16.484,47631000.0,0.769,1.0,113232000.0,0.842,49283000.0,-1650000.0,42639000.0,10838750.0,0.0,54899000.0,54899000.0,0.0,64177000.0,64177000.0,0.0,1001739386.0,5509000.0,0.0,5892000.0,0.0,0.0,5892000.0,-53190000.0,-49455000.0,51366000.0,1441000.0,34567000.0,34567000.0,34567000.0,0.0,0.0,0.257,67254000.0,45978000.0,1100000.0,0.0,5.709,28.98,28.625,5551000.0,0.0,16.03,7.446,7.376,42404000.0,135268000.0,134539000.0,134539000.0,26281000.0,0.163,0.224,4.267,0.344,0.0,39824000.0,1.0,62491540.0,61910000,65956000.0,2.173,190363000.0,3962000.0,13334000.0,0.0,3.075,120077000.0
17,ANSS,MRY,2003-12-31,2003-12-31,2003-12-31,2021-08-05,4440000.0,180559000.0,161504750.0,122559000.0,58000000.0,0.703,2.124,-3311000.0,78038000.0,78038000.0,21505000.0,21313000.0,2.291,0.421,0.0,0.0,0.0,0.0,37874000.0,7098000.0,0.0,0.0,0.0,30674000.0,37772000.0,0.333,37772000.0,30674000.0,30674000.0,0.355,0.335,0.355,127074000.0,112555000.0,127074000.0,536970865.0,18.0,14.216,35495000.0,0.593,1.0,92030000.0,0.811,50986000.0,0.0,-1950000.0,5917750.0,0.0,4976000.0,4976000.0,0.0,53485000.0,53485000.0,0.0,604251865.0,31840000.0,-22335000.0,7513000.0,0.0,0.0,7513000.0,-15888000.0,9758000.0,38806000.0,1409000.0,21313000.0,21313000.0,21313000.0,0.0,0.0,0.188,61713000.0,30317000.0,988000.0,0.0,4.755,28.351,27.958,5801000.0,0.0,9.925,5.322,5.23,36234000.0,100701000.0,113535000.0,113535000.0,23792000.0,0.132,0.189,5.183,0.27,0.0,36866000.0,1.0,60881800.0,59832000,63752000.0,1.898,129573000.0,4524000.0,9361000.0,0.0,2.166,69074000.0
18,ANSS,MRY,2002-12-31,2002-12-31,2002-12-31,2021-08-05,760000.0,127001000.0,117565250.0,92491000.0,34510000.0,0.774,1.565,-2236000.0,46198000.0,46198000.0,13231000.0,18959000.0,2.597,0.39,0.0,0.0,0.0,0.0,26395000.0,4525000.0,0.0,0.0,0.0,27385000.0,31910000.0,0.351,31910000.0,27385000.0,27385000.0,0.325,0.305,0.325,91393000.0,83412750.0,91393000.0,268666012.0,10.0,8.419,19880000.0,0.34,1.0,77780000.0,0.855,24684000.0,0.0,20511000.0,30757500.0,0.0,15420000.0,14934000.0,486000.0,35608000.0,35608000.0,0.0,294095012.0,17653000.0,-4277000.0,-7455000.0,0.0,0.0,-7455000.0,2856000.0,9369000.0,22116000.0,136000.0,18959000.0,18959000.0,18959000.0,0.0,0.0,0.208,50706000.0,27074000.0,627000.0,0.0,3.218,15.512,15.538,4302000.0,0.0,5.05,3.231,3.24,29612000.0,79388000.0,91011000.0,91011000.0,19605000.0,0.161,0.227,0.89,0.301,0.0,30283000.0,1.0,58236636.0,58392000,62376000.0,1.559,102317000.0,6785000.0,8426000.0,0.0,1.752,56883000.0
19,ANSS,MRY,2001-12-31,2001-12-31,2001-12-31,2021-08-05,-71000.0,117762000.0,96314250.0,83402000.0,34360000.0,0.881,1.278,-2527000.0,28545000.0,28545000.0,12547000.0,13692000.0,1.923,0.583,0.0,0.0,0.0,0.0,25120000.0,7631000.0,0.0,0.0,0.0,19982000.0,27613000.0,0.325,27613000.0,19982000.0,19982000.0,0.235,0.223,0.235,74393000.0,67291750.0,74393000.0,337666687.0,17.0,12.229,21111000.0,0.363,1.0,72289000.0,0.852,23728000.0,0.0,22120000.0,27885500.0,0.0,25403000.0,24903000.0,500000.0,43369000.0,43369000.0,0.0,355661687.0,22232000.0,-4314000.0,-10420000.0,0.0,0.0,-10420000.0,8983000.0,15824000.0,23638000.0,31000.0,13692000.0,13692000.0,13692000.0,0.0,0.0,0.161,53741000.0,18548000.0,624000.0,0.0,4.781,25.976,26.223,4915000.0,0.0,6.162,4.192,4.229,28155000.0,60429000.0,84836000.0,84836000.0,16893000.0,0.142,0.203,0.717,0.236,0.0,32771000.0,1.0,57713864.0,58216000,61752000.0,1.457,94034000.0,7016000.0,6290000.0,0.0,1.615,40033000.0
20,ANSS,MRY,2000-12-31,2000-12-31,2000-12-31,2021-08-05,0.0,101120000.0,92460250.0,71802000.0,29318000.0,0.805,1.097,-3386000.0,6313000.0,6313000.0,8685000.0,16310000.0,2.261,0.458,0.0,0.0,0.0,0.0,19797000.0,4333000.0,0.0,0.0,0.0,23158000.0,27491000.0,0.369,27491000.0,23158000.0,23158000.0,0.258,0.25,0.258,69364000.0,68627000.0,69364000.0,166949784.0,7.0,6.073,19464000.0,0.308,1.0,65782000.0,0.883,18771000.0,0.0,44280000.0,44096000.0,0.0,41727000.0,41227000.0,500000.0,31756000.0,31756000.0,0.0,178386784.0,-4088000.0,-9247000.0,-19611000.0,0.0,0.0,-19611000.0,-7380000.0,5253000.0,22850000.0,53000.0,16310000.0,16310000.0,16310000.0,0.0,0.0,0.219,46203000.0,19579000.0,459000.0,0.0,2.572,10.937,10.901,5152000.0,0.0,2.812,2.396,2.388,23567000.0,46737000.0,74467000.0,74467000.0,14502000.0,0.176,0.238,0.525,0.311,0.0,29467000.0,1.0,63426412.0,63216000,65076000.0,1.178,82349000.0,5590000.0,6848000.0,0.0,1.303,40046000.0
21,ANSS,MRY,1999-12-31,1999-12-31,1999-12-31,2021-08-05,120000.0,83891000.0,78384250.0,70915000.0,12976000.0,0.806,1.003,-2349000.0,10401000.0,10401000.0,6618000.0,14751000.0,3.884,0.278,0.0,0.0,0.0,0.0,11406000.0,2762000.0,0.0,0.0,0.0,19869000.0,22631000.0,0.358,22631000.0,19869000.0,19869000.0,0.225,0.22,0.225,65631000.0,61427250.0,65631000.0,171813832.0,9.0,7.592,15992000.0,0.244,1.0,56521000.0,0.895,2622000.0,0.0,52608000.0,48010250.0,0.0,46913000.0,46731000.0,182000.0,18260000.0,18260000.0,0.0,178504832.0,3812000.0,-100000.0,-1519000.0,0.0,0.0,-1519000.0,-13042000.0,-10593000.0,18341000.0,32000.0,14751000.0,14751000.0,14751000.0,0.0,0.0,0.234,39278000.0,17243000.0,222000.0,0.0,2.72,12.101,12.222,3529000.0,0.0,2.75,2.827,2.851,10518000.0,30427000.0,63139000.0,63139000.0,13475000.0,0.188,0.24,0.414,0.315,0.0,24948000.0,1.0,64910848.0,65464000,66756000.0,0.964,81269000.0,6979000.0,5118000.0,0.0,1.241,52655000.0
22,ANSS,MRY,1998-12-31,1998-12-31,1998-12-31,2021-08-05,120000.0,67998000.0,62133500.0,53680000.0,14318000.0,0.91,0.816,-1239000.0,6589000.0,6589000.0,6065000.0,11349000.0,3.434,0.298,0.0,0.0,0.0,0.0,9540000.0,2710000.0,0.0,0.0,0.0,17137000.0,19847000.0,0.351,19847000.0,17137000.0,17137000.0,0.177,0.17,0.177,52367000.0,47722750.0,52367000.0,175445038.0,10.0,8.84,14407000.0,0.224,1.0,50488000.0,0.893,2716000.0,0.0,43062000.0,37490000.0,0.0,36320000.0,36138000.0,182000.0,15631000.0,15631000.0,0.0,180196038.0,-7401000.0,0.0,453000.0,0.0,0.0,453000.0,-23500000.0,-22261000.0,15646000.0,0.0,11349000.0,11349000.0,11349000.0,0.0,0.0,0.201,35282000.0,15206000.0,205000.0,0.0,3.441,15.878,15.537,3748000.0,0.0,2.75,3.186,3.122,8943000.0,15676000.0,56553000.0,56553000.0,11627000.0,0.183,0.238,0.457,0.303,0.0,22771000.0,1.0,65525832.0,64208000,66324000.0,0.881,65282000.0,7834000.0,5788000.0,0.0,1.017,38049000.0
23,ANSS,MRY,1997-12-31,1997-12-31,1997-12-31,2021-08-05,120000.0,54566000.0,48998500.0,37913000.0,16653000.0,1.032,0.642,-2292000.0,13990000.0,13990000.0,5198000.0,7400000.0,2.679,0.35,0.0,0.0,0.0,0.0,9176000.0,4170000.0,0.0,0.0,0.0,11642000.0,15812000.0,0.313,15812000.0,11642000.0,11642000.0,0.117,0.113,0.117,40414000.0,36694000.0,40414000.0,,,,10410000.0,0.165,1.0,45349000.0,0.897,2634000.0,0.0,23790000.0,17873000.0,0.0,14035000.0,13853000.0,182000.0,14152000.0,14152000.0,0.0,114168432.0,-3079000.0,0.0,336000.0,0.0,0.0,336000.0,-16117000.0,-13825000.0,12702000.0,0.0,7400000.0,7400000.0,7400000.0,0.0,0.0,0.146,34618000.0,10731000.0,235000.0,0.0,2.825,15.428,14.957,4771000.0,0.0,1.75,2.259,2.18,8034000.0,4327000.0,50547000.0,50547000.0,11004000.0,0.151,0.202,0.651,0.23,0.0,20817000.0,1.0,65239104.0,62968000,66072000.0,0.803,51932000.0,9191000.0,4242000.0,0.0,0.825,23761000.0
24,ANSS,MRY,1996-12-31,1996-12-31,1996-12-31,2021-08-05,444000.0,43431000.0,,25148000.0,18283000.0,,0.589,-2661000.0,17069000.0,17069000.0,5388000.0,1304000.0,2.405,0.317,0.0,0.0,0.0,0.0,5312000.0,11911000.0,0.0,0.0,0.0,3942000.0,15853000.0,0.337,15853000.0,3942000.0,2273000.0,0.02,0.018,0.02,32974000.0,,32974000.0,,,,10820000.0,0.193,1.0,41678000.0,0.886,3949000.0,1669000.0,11956000.0,,0.0,673000.0,0.0,673000.0,10457000.0,10457000.0,0.0,,8978000.0,0.0,41458000.0,-38204000.0,0.0,-1874000.0,-2629000.0,32000.0,13481000.0,0.0,1304000.0,1304000.0,1304000.0,0.0,0.0,0.028,38004000.0,3674000.0,486000.0,0.0,,,168.75,4334000.0,236000.0,3.375,,4.016,7307000.0,-3073000.0,47066000.0,47066000.0,9796000.0,,,,0.084,0.0,17434000.0,1.0,,56000000,59624000.0,0.84,39482000.0,9749000.0,969000.0,677000.0,0.705,14691000.0
25,ANSS,MRY,1995-12-31,1995-12-31,1995-12-31,2021-08-05,,,,,,,,-1956000.0,,,4903000.0,-1580000.0,,,,,,,,11458000.0,,,0.0,1610000.0,13068000.0,0.33,13068000.0,1610000.0,-2373000.0,-0.045,-0.043,-0.045,,,,,,,8810000.0,0.194,1.0,34713000.0,0.876,,3983000.0,,,,,,,,,,,3791000.0,0.0,2000.0,-5000000.0,0.0,-4998000.0,-1977000.0,-21000.0,10766000.0,0.0,-1580000.0,-1580000.0,-1580000.0,0.0,0.0,-0.04,33353000.0,1360000.0,,0.0,,,,,445000.0,,,,,,39616000.0,39616000.0,8329000.0,,,,0.041,0.0,14383000.0,1.0,,45416000,48816000.0,0.872,,,-793000.0,,,
0,ANSS,MRQ,2021-06-30,2021-06-30,2021-06-30,2021-08-05,-32822000.0,5890772000.0,,1622364000.0,4268408000.0,,48.759,-5790000.0,957704000.0,957704000.0,64158000.0,93716000.0,2.725,0.386,861534000.0,0.0,861534000.0,861534000.0,338396000.0,32465000.0,0.0,0.0,0.0,132196000.0,164661000.0,0.369,164661000.0,132196000.0,128860000.0,1.08,1.06,1.08,4250218000.0,,4250218000.0,30167054925.0,56.0,46.031,113087000.0,1.297,1.0,382496000.0,0.856,3800134000.0,3336000.0,1399083000.0,,0.0,504000.0,504000.0,0.0,1640554000.0,595385000.0,1045169000.0,30246824925.0,-29723000.0,-94409000.0,1752000.0,-45000000.0,0.0,-47895000.0,-100461000.0,0.0,118877000.0,-244000.0,93716000.0,93716000.0,93716000.0,0.0,0.0,0.21,265723000.0,116773000.0,9608000.0,0.0,7.117,66.132,65.607,217195000.0,0.0,347.06,16.799,16.802,664156000.0,3970707000.0,446654000.0,446654000.0,100879000.0,,,,,42885000.0,160410000.0,1.0,87151573.0,87168000,88053000.0,5.124,2090638000.0,22872000.0,35144000.0,112629000.0,23.984,1026979000.0
1,ANSS,MRQ,2021-03-31,2021-03-31,2021-03-31,2021-08-05,-37039000.0,5818028000.0,,1660952000.0,4157076000.0,,47.369,-5045000.0,987427000.0,987427000.0,62103000.0,72398000.0,2.662,0.415,907657000.0,4688000.0,902969000.0,907657000.0,366596000.0,32781000.0,0.0,0.0,0.0,50938000.0,83719000.0,0.23,83719000.0,50938000.0,47623000.0,0.83,0.82,0.83,4111969000.0,,4111969000.0,29463814984.0,57.0,46.611,166062000.0,1.913,1.0,301123000.0,0.829,3714140000.0,3315000.0,1400071000.0,,0.0,516000.0,516000.0,0.0,1706059000.0,624047000.0,1082012000.0,29457428984.0,74755000.0,-10783000.0,11892000.0,0.0,0.0,-74208000.0,-15863000.0,0.0,171107000.0,-6281000.0,72398000.0,72398000.0,72398000.0,0.0,0.0,0.199,251101000.0,50022000.0,16970000.0,0.0,7.164,64.007,63.588,218842000.0,0.0,339.56,16.934,16.945,673009000.0,3876991000.0,363226000.0,363226000.0,100479000.0,,,,,35119000.0,146215000.0,1.0,86751764.0,86808000,87986000.0,4.184,2103888000.0,22419000.0,-24775000.0,108481000.0,24.236,1036905000.0
2,ANSS,MRQ,2020-12-31,2020-12-31,2020-12-31,2021-08-05,-17775000.0,5940590000.0,,1719237000.0,4221353000.0,,47.587,-11175000.0,912672000.0,912672000.0,67903000.0,215632000.0,2.359,0.45,919058000.0,0.0,919058000.0,919058000.0,372061000.0,28713000.0,0.0,0.0,0.0,260316000.0,289029000.0,0.463,289029000.0,260316000.0,257872000.0,2.5,2.47,2.5,4097872000.0,,4097872000.0,30925604403.0,61.0,50.602,162592000.0,1.888,1.0,555783000.0,0.891,3733171000.0,2444000.0,1484980000.0,,0.0,479000.0,479000.0,0.0,1842718000.0,728825000.0,1113893000.0,31244645403.0,67931000.0,-472134000.0,2603000.0,375000000.0,0.0,372443000.0,-483663000.0,0.0,173767000.0,5384000.0,215632000.0,215632000.0,215632000.0,0.0,0.0,0.346,296392000.0,259391000.0,18691000.0,0.0,7.625,72.011,72.04,234233000.0,0.0,363.8,18.584,18.574,806086000.0,3804593000.0,623686000.0,623686000.0,96510000.0,,,,,42359000.0,195845000.0,1.0,85884127.0,86113000,87624000.0,7.243,2207419000.0,28830000.0,42240000.0,136437000.0,25.634,990412000.0
3,ANSS,MRQ,2020-09-30,2020-09-30,2020-09-30,2021-08-05,-51337000.0,4846295000.0,,1458721000.0,3387574000.0,,41.838,-7228000.0,844741000.0,844741000.0,53385000.0,75627000.0,2.596,0.35,525700000.0,0.0,525700000.0,525700000.0,326491000.0,25961000.0,0.0,0.0,0.0,91997000.0,117958000.0,0.321,117958000.0,91997000.0,90144000.0,0.88,0.87,0.88,3589613000.0,,3589613000.0,27855534024.0,64.0,52.259,87311000.0,1.018,1.0,313580000.0,0.855,2966375000.0,1853000.0,999032000.0,,0.0,468000.0,468000.0,0.0,1256682000.0,561847000.0,694835000.0,28072812024.0,100195000.0,0.0,11083000.0,0.0,0.0,9705000.0,-11024000.0,0.0,94539000.0,6975000.0,75627000.0,75627000.0,75627000.0,0.0,0.0,0.206,223495000.0,90085000.0,10578000.0,0.0,7.821,73.086,72.557,206004000.0,0.0,327.23,18.184,18.186,613512000.0,3588961000.0,366965000.0,366965000.0,86616000.0,,,,,38185000.0,132642000.0,1.0,85789237.0,85798000,87224000.0,4.277,1879920000.0,25968000.0,14517000.0,93299000.0,21.911,896874000.0
4,ANSS,MRQ,2020-06-30,2020-06-30,2020-06-30,2021-08-05,-79385000.0,4671866000.0,,1294264000.0,3377602000.0,,40.14,-9980000.0,744546000.0,744546000.0,53860000.0,96564000.0,2.38,0.359,527268000.0,0.0,527268000.0,527268000.0,325098000.0,25795000.0,0.0,0.0,0.0,115625000.0,141420000.0,0.367,141420000.0,115625000.0,112585000.0,1.13,1.11,1.13,3438048000.0,,3438048000.0,24783651128.0,55.0,45.577,121612000.0,1.42,1.0,331801000.0,0.86,2955993000.0,3040000.0,954789000.0,,0.0,433000.0,433000.0,0.0,1233818000.0,543806000.0,690012000.0,24970757128.0,26798000.0,-97846000.0,6158000.0,0.0,0.0,3187000.0,-109967000.0,0.0,131592000.0,1986000.0,96564000.0,96564000.0,96564000.0,0.0,0.0,0.25,218994000.0,112807000.0,10505000.0,0.0,7.263,62.75,62.203,206034000.0,0.0,291.73,16.42,16.43,549285000.0,3513334000.0,385661000.0,385661000.0,86133000.0,,,,,34130000.0,128698000.0,1.0,85595438.0,85651000,86934000.0,4.503,1715873000.0,24249000.0,16021000.0,94952000.0,20.033,750458000.0
5,ANSS,MRQ,2020-03-31,2020-03-31,2020-03-31,2021-08-05,-89673000.0,4526085000.0,,1290700000.0,3235385000.0,,38.373,-6987000.0,717748000.0,717748000.0,50116000.0,46064000.0,2.403,0.375,530642000.0,0.0,530642000.0,530642000.0,352964000.0,25777000.0,0.0,0.0,0.0,36975000.0,62752000.0,0.206,62752000.0,36975000.0,33324000.0,0.54,0.53,0.54,3292350000.0,,3292350000.0,19690719756.0,42.0,35.729,140425000.0,1.637,1.0,254869000.0,0.836,2856820000.0,3651000.0,945017000.0,,0.0,282000.0,282000.0,0.0,1233735000.0,537142000.0,696593000.0,19972514756.0,-154346000.0,-2348000.0,-151313000.0,-75000000.0,0.0,-288738000.0,-9599000.0,0.0,147412000.0,-3421000.0,46064000.0,46064000.0,46064000.0,0.0,0.0,0.151,220796000.0,34073000.0,12571000.0,0.0,6.066,48.58,47.735,203302000.0,0.0,232.47,13.282,13.264,572670000.0,3416770000.0,304985000.0,304985000.0,86112000.0,,,,,30941000.0,130522000.0,1.0,85914375.0,85798000,87369000.0,3.555,1669265000.0,22742000.0,-12740000.0,79467000.0,19.456,753558000.0
6,ANSS,MRQ,2019-12-31,2019-12-31,2019-12-31,2021-08-05,-65381000.0,4838887000.0,,1555480000.0,3283407000.0,,40.541,-19159000.0,872094000.0,872094000.0,49596000.0,165852000.0,2.238,0.401,590299000.0,75000000.0,515299000.0,590299000.0,351353000.0,22847000.0,0.0,0.0,0.0,188047000.0,210894000.0,0.434,210894000.0,188047000.0,185147000.0,1.96,1.91,1.96,3453379000.0,,3453379000.0,21029766884.0,40.0,34.759,120292000.0,1.412,1.0,436632000.0,0.898,2889991000.0,2900000.0,971961000.0,,0.0,288000.0,288000.0,0.0,1385508000.0,695140000.0,690368000.0,21671277884.0,139410000.0,-492209000.0,5460000.0,500000000.0,0.0,499445000.0,-500100000.0,0.0,139451000.0,614000.0,165852000.0,165852000.0,165852000.0,0.0,0.0,0.341,250916000.0,185716000.0,14298000.0,0.0,6.275,48.02,48.024,189307000.0,0.0,257.41,14.296,14.308,683098000.0,3370706000.0,486228000.0,486228000.0,79152000.0,,,,,31406000.0,167937000.0,1.0,84189728.0,85183000,86990000.0,5.708,1948896000.0,24077000.0,19295000.0,88639000.0,22.879,860340000.0
7,ANSS,MRQ,2019-09-30,2019-09-30,2019-09-30,2021-08-05,-90141000.0,3582012000.0,,1206226000.0,2375786000.0,,34.756,-8835000.0,732684000.0,732684000.0,41365000.0,89463000.0,2.546,0.225,91173000.0,0.0,91173000.0,91173000.0,291385000.0,19640000.0,0.0,0.0,0.0,109068000.0,128708000.0,0.374,128708000.0,109068000.0,108829000.0,1.06,1.04,1.06,2923324000.0,,2923324000.0,18075510783.0,35.0,30.576,111533000.0,1.326,1.0,302534000.0,0.88,2039240000.0,239000.0,427431000.0,,0.0,218000.0,218000.0,0.0,658688000.0,473830000.0,184858000.0,18616545783.0,101229000.0,-9664000.0,7853000.0,0.0,0.0,5522000.0,-22171000.0,0.0,120368000.0,-2490000.0,89463000.0,89463000.0,89463000.0,0.0,0.0,0.26,197487000.0,105047000.0,8172000.0,0.0,6.368,42.445,42.406,174455000.0,0.0,221.36,12.883,12.884,473324000.0,3204854000.0,343899000.0,343899000.0,73018000.0,,,,,31862000.0,120682000.0,1.0,84100767.0,84109000,85733000.0,4.089,1542772000.0,27334000.0,19366000.0,38479000.0,18.343,732396000.0
8,ANSS,MRQ,2019-06-30,2019-06-30,2019-06-30,2021-08-05,-69379000.0,3512842000.0,,1133345000.0,2379497000.0,,33.548,-10046000.0,631455000.0,631455000.0,40497000.0,109750000.0,2.241,0.247,90420000.0,0.0,90420000.0,90420000.0,321060000.0,18590000.0,0.0,0.0,0.0,130172000.0,148762000.0,0.404,148762000.0,130172000.0,129941000.0,1.31,1.28,1.31,2817286000.0,,2817286000.0,16670089647.0,33.0,29.178,78493000.0,0.935,1.0,328138000.0,0.89,2057804000.0,231000.0,408337000.0,,0.0,241000.0,241000.0,0.0,695556000.0,505666000.0,189890000.0,17190221647.0,24064000.0,-41000000.0,-3856000.0,0.0,0.0,-6467000.0,-59594000.0,0.0,88539000.0,1586000.0,109750000.0,109750000.0,109750000.0,0.0,0.0,0.298,199510000.0,128628000.0,9865000.0,0.0,6.102,39.204,39.238,172803000.0,0.0,204.82,12.362,12.369,501649000.0,3115391000.0,368635000.0,368635000.0,75302000.0,,,,,29122000.0,120412000.0,1.0,83928433.0,83978000,85483000.0,4.39,1455038000.0,24506000.0,20191000.0,45746000.0,17.326,627679000.0
9,ANSS,MRQ,2019-03-31,2019-03-31,2019-03-31,2021-08-05,-69937000.0,3372263000.0,,1062811000.0,2309452000.0,,32.047,-6900000.0,607391000.0,607391000.0,34815000.0,86230000.0,2.111,0.256,87259000.0,0.0,87259000.0,87259000.0,330890000.0,17898000.0,0.0,0.0,0.0,98757000.0,116655000.0,0.368,116655000.0,98757000.0,98666000.0,1.03,1.01,1.03,2684381000.0,,2684381000.0,14528811694.0,30.0,26.445,144678000.0,1.727,1.0,282315000.0,0.89,2026555000.0,91000.0,322166000.0,,0.0,237000.0,237000.0,0.0,687882000.0,503410000.0,184472000.0,15305950694.0,-169748000.0,-244323000.0,-34480000.0,0.0,0.0,-69091000.0,-251683000.0,0.0,151578000.0,-552000.0,86230000.0,86230000.0,86230000.0,0.0,0.0,0.272,186666000.0,95649000.0,11502000.0,0.0,5.702,36.328,36.469,163292000.0,0.0,182.71,11.526,11.525,455183000.0,3005641000.0,317130000.0,317130000.0,70738000.0,,,,,23800000.0,112169000.0,1.0,83771828.0,83764000,85493000.0,3.786,1345708000.0,21906000.0,12436000.0,54064000.0,16.065,559401000.0
10,ANSS,MRQ,2018-12-31,2018-12-31,2018-12-31,2021-08-05,-62379000.0,3265964000.0,,1311177000.0,1954787000.0,,31.656,-8685000.0,777139000.0,777139000.0,40089000.0,153163000.0,2.499,0.233,0.0,0.0,0.0,0.0,328584000.0,11914000.0,0.0,0.0,0.0,185121000.0,197035000.0,0.474,197035000.0,185121000.0,185062000.0,1.82,1.79,1.82,2649547000.0,,2649547000.0,11214888973.0,23.0,20.525,122800000.0,1.467,1.0,375343000.0,0.904,1783727000.0,59000.0,180331000.0,,0.0,225000.0,225000.0,0.0,616417000.0,524767000.0,91650000.0,11944068973.0,47959000.0,0.0,-73393000.0,0.0,0.0,-75392000.0,-10618000.0,0.0,131485000.0,2484000.0,153163000.0,153163000.0,153163000.0,0.0,0.0,0.369,195407000.0,179936000.0,7953000.0,0.0,4.508,28.481,28.645,61655000.0,0.0,142.94,9.233,9.279,533813000.0,2919411000.0,415432000.0,415432000.0,58896000.0,,,,,24459000.0,133137000.0,1.0,83560018.0,83697000,85472000.0,4.964,1482237000.0,26630000.0,31899000.0,38803000.0,17.71,786410000.0
11,ANSS,MRQ,2018-09-30,2018-09-30,2018-09-30,2021-08-05,-60891000.0,3056111000.0,,1127567000.0,1928544000.0,,30.283,-6326000.0,729180000.0,729180000.0,36308000.0,89336000.0,2.714,0.199,0.0,0.0,0.0,0.0,272872000.0,13603000.0,0.0,0.0,0.0,95263000.0,108866000.0,0.376,108866000.0,95263000.0,95263000.0,1.06,1.04,1.06,2548546000.0,,2548546000.0,15040821918.0,37.0,32.035,103635000.0,1.231,1.0,253110000.0,0.875,1795131000.0,0.0,116361000.0,,0.0,211000.0,211000.0,0.0,507565000.0,415439000.0,92126000.0,15736715918.0,33286000.0,0.0,-64160000.0,0.0,0.0,-66074000.0,-6360000.0,0.0,109961000.0,-4241000.0,89336000.0,89336000.0,89336000.0,0.0,0.0,0.309,160086000.0,93024000.0,6767000.0,0.0,6.175,49.363,49.386,57902000.0,0.0,186.68,13.33,13.308,398176000.0,2766259000.0,289418000.0,289418000.0,59019000.0,,,,,22983000.0,97576000.0,1.0,84297814.0,84158000,86043000.0,3.439,1260980000.0,22285000.0,5927000.0,35866000.0,14.983,712128000.0
12,ANSS,MRQ,2018-06-30,2018-06-30,2018-06-30,2021-08-05,-55789000.0,3058250000.0,,1142985000.0,1915265000.0,,29.814,-3818000.0,695894000.0,695894000.0,40450000.0,92596000.0,2.628,0.22,0.0,0.0,0.0,0.0,306879000.0,17125000.0,0.0,0.0,0.0,109722000.0,126847000.0,0.415,126847000.0,109722000.0,109722000.0,1.1,1.08,1.1,2507479000.0,,2507479000.0,13748565765.0,33.0,28.318,107303000.0,1.276,1.0,265463000.0,0.868,1804930000.0,0.0,122425000.0,,0.0,269000.0,269000.0,0.0,550771000.0,435001000.0,115770000.0,14634058765.0,-189599000.0,-283026000.0,13843000.0,0.0,0.0,8196000.0,-288017000.0,0.0,111121000.0,-20899000.0,92596000.0,92596000.0,92596000.0,0.0,0.0,0.303,156910000.0,108553000.0,7598000.0,0.0,5.836,48.283,48.518,56501000.0,0.0,174.18,12.543,12.556,446822000.0,2676924000.0,305913000.0,305913000.0,58357000.0,,,,,20635000.0,95058000.0,1.0,84016872.0,84105000,85986000.0,3.637,1253320000.0,14733000.0,17126000.0,44472000.0,14.902,707984000.0
13,ANSS,MRQ,2018-03-31,2018-03-31,2018-03-31,2021-08-05,-29601000.0,2959166000.0,,1327329000.0,1631837000.0,,28.683,-2933000.0,885493000.0,885493000.0,39038000.0,84280000.0,3.002,0.229,0.0,0.0,0.0,0.0,311718000.0,16613000.0,0.0,0.0,0.0,97038000.0,113651000.0,0.402,113651000.0,97038000.0,97038000.0,1.0,0.98,1.0,2407360000.0,,2407360000.0,12260302712.0,30.0,25.814,129488000.0,1.543,1.0,243835000.0,0.862,1525854000.0,0.0,105727000.0,,0.0,4275000.0,4275000.0,0.0,551806000.0,442092000.0,109714000.0,13141803712.0,3992000.0,0.0,-105072000.0,0.0,0.0,-129405000.0,-7236000.0,0.0,132421000.0,8212000.0,84280000.0,84280000.0,84280000.0,0.0,0.0,0.298,148774000.0,95061000.0,7259000.0,0.0,5.459,46.897,47.338,55806000.0,0.0,156.69,11.685,11.693,437561000.0,2584328000.0,282873000.0,282873000.0,57530000.0,,,,,15269000.0,87809000.0,1.0,83871362.0,83931000,86152000.0,3.37,1433312000.0,15446000.0,12758000.0,33719000.0,17.077,885237000.0
14,ANSS,MRQ,2017-12-31,2017-12-31,2017-12-31,2021-08-05,-37844000.0,2941623000.0,,1270266000.0,1671357000.0,,26.56,-4334000.0,881501000.0,881501000.0,40812000.0,52585000.0,2.087,0.31,0.0,0.0,0.0,0.0,440491000.0,17739000.0,0.0,0.0,0.0,102416000.0,120155000.0,0.397,120155000.0,102416000.0,102330000.0,0.62,0.6,0.62,2245831000.0,,2245831000.0,11604986210.0,29.0,25.04,96366000.0,1.14,1.0,261524000.0,0.865,1536178000.0,86000.0,-84609000.0,,0.0,286000.0,286000.0,0.0,695792000.0,608553000.0,87239000.0,12524557210.0,-38070000.0,-37887000.0,-108240000.0,0.0,0.0,-109277000.0,-33042000.0,0.0,100700000.0,3549000.0,52585000.0,52585000.0,52585000.0,0.0,0.0,0.174,160845000.0,100679000.0,6042000.0,0.0,5.577,48.311,48.39,57096000.0,0.0,147.59,11.435,11.453,388479000.0,2316916000.0,302336000.0,302336000.0,49222000.0,,,,,13746000.0,108157000.0,1.0,84860473.0,84556000,86710000.0,3.576,1405445000.0,42111000.0,49745000.0,7221000.0,16.621,661713000.0
15,ANSS,MRQ,2017-09-30,2017-09-30,2017-09-30,2021-08-05,-39427000.0,2846013000.0,,1201674000.0,1644339000.0,,26.981,-7313000.0,919571000.0,919571000.0,35983000.0,73630000.0,2.421,0.244,0.0,0.0,0.0,0.0,381727000.0,16930000.0,0.0,0.0,0.0,107925000.0,124855000.0,0.453,124855000.0,107925000.0,107925000.0,0.87,0.85,0.87,2287254000.0,,2287254000.0,9544681397.0,24.0,20.811,81572000.0,0.962,1.0,239602000.0,0.869,1508440000.0,0.0,-78350000.0,,0.0,7064000.0,7064000.0,0.0,558759000.0,496352000.0,62407000.0,10402677397.0,61575000.0,-20134000.0,6366000.0,0.0,0.0,5328000.0,-36373000.0,0.0,88885000.0,3735000.0,73630000.0,73630000.0,73630000.0,0.0,0.0,0.267,133419000.0,106183000.0,4257000.0,0.0,4.548,37.602,37.763,57160000.0,0.0,122.73,9.781,9.783,275039000.0,2264331000.0,275585000.0,275585000.0,50144000.0,,,,,14773000.0,80015000.0,1.0,84760673.0,84774000,86588000.0,3.251,1337573000.0,45106000.0,34295000.0,6229000.0,15.778,705322000.0
16,ANSS,MRQ,2017-06-30,2017-06-30,2017-06-30,2021-08-05,-43576000.0,2760965000.0,,1145680000.0,1615285000.0,,25.707,-3445000.0,857996000.0,857996000.0,36338000.0,69730000.0,2.226,0.261,0.0,0.0,0.0,0.0,411646000.0,16418000.0,0.0,0.0,0.0,99872000.0,116290000.0,0.441,116290000.0,99872000.0,99872000.0,0.82,0.8,0.82,2189415000.0,,2189415000.0,9537035368.0,25.0,21.089,108737000.0,1.277,1.0,227586000.0,0.862,1496607000.0,0.0,-108425000.0,,0.0,5486000.0,5486000.0,0.0,571550000.0,514787000.0,56763000.0,10403223368.0,-8192000.0,0.0,-111811000.0,0.0,0.0,-112368000.0,-14365000.0,0.0,112182000.0,6359000.0,69730000.0,69730000.0,69730000.0,0.0,0.0,0.264,129192000.0,98394000.0,5245000.0,0.0,4.752,38.166,38.264,53930000.0,0.0,121.68,10.063,10.024,282198000.0,2190701000.0,263924000.0,263924000.0,49002000.0,,,,,14122000.0,77051000.0,1.0,85496576.0,85167000,86895000.0,3.099,1264358000.0,39109000.0,30142000.0,6405000.0,14.846,630893000.0
17,ANSS,MRQ,2017-03-31,2017-03-31,2017-03-31,2021-08-05,-50083000.0,2794693000.0,,1182069000.0,1612624000.0,,25.878,-4057000.0,866188000.0,866188000.0,37031000.0,63306000.0,2.236,0.264,0.0,0.0,0.0,0.0,414708000.0,16591000.0,0.0,0.0,0.0,85567000.0,102158000.0,0.403,102158000.0,85567000.0,85567000.0,0.74,0.73,0.74,2211445000.0,,2211445000.0,8301372304.0,22.0,18.495,121836000.0,1.426,1.0,216374000.0,0.854,1504503000.0,0.0,-104724000.0,,0.0,368000.0,368000.0,0.0,583248000.0,528726000.0,54522000.0,9123851304.0,43709000.0,-5864000.0,-69854000.0,0.0,0.0,-78334000.0,-10885000.0,0.0,125893000.0,7035000.0,63306000.0,63306000.0,63306000.0,0.0,0.0,0.25,130902000.0,85472000.0,4839000.0,0.0,4.126,33.485,33.927,54513000.0,0.0,106.87,8.98,8.989,315513000.0,2120971000.0,253405000.0,253405000.0,54378000.0,,,,,10513000.0,73417000.0,1.0,85373363.0,85456000,87224000.0,2.965,1290190000.0,34486000.0,22261000.0,8915000.0,15.098,653343000.0
18,ANSS,MRQ,2016-12-31,2016-12-31,2016-12-31,2021-08-05,-57652000.0,2800526000.0,,1169401000.0,1631125000.0,,25.62,-4224000.0,822479000.0,822479000.0,38978000.0,69983000.0,2.169,0.268,0.0,0.0,0.0,0.0,403279000.0,17267000.0,0.0,0.0,0.0,98066000.0,115333000.0,0.426,115333000.0,98066000.0,98066000.0,0.82,0.8,0.82,2208405000.0,,2208405000.0,7164978901.0,19.0,15.926,94985000.0,1.102,1.0,231650000.0,0.856,1509834000.0,0.0,-70887000.0,,0.0,381000.0,381000.0,0.0,592121000.0,539100000.0,53021000.0,8002894901.0,-15437000.0,-7891000.0,-82583000.0,0.0,0.0,-82596000.0,-12599000.0,0.0,99209000.0,-19451000.0,69983000.0,69983000.0,69983000.0,0.0,0.0,0.259,134684000.0,96966000.0,7395000.0,0.0,3.624,30.127,30.325,54677000.0,0.0,92.49,8.096,8.162,346541000.0,2057665000.0,270628000.0,270628000.0,45560000.0,,,,,8783000.0,85950000.0,1.0,86527137.0,86198000,87811000.0,3.14,1290692000.0,42327000.0,28083000.0,7522000.0,14.974,630301000.0
19,ANSS,MRQ,2016-09-30,2016-09-30,2016-09-30,2021-08-05,-37897000.0,2730357000.0,,1100151000.0,1630206000.0,,25.642,-2151000.0,837916000.0,837916000.0,35586000.0,69557000.0,2.421,0.225,0.0,0.0,0.0,0.0,359979000.0,17444000.0,0.0,0.0,0.0,100993000.0,118437000.0,0.482,118437000.0,100993000.0,100993000.0,0.8,0.78,0.8,2229765000.0,,2229765000.0,7233934171.0,19.0,16.044,82248000.0,0.946,1.0,210276000.0,0.855,1518299000.0,0.0,-80295000.0,,0.0,356000.0,356000.0,0.0,500592000.0,454437000.0,46155000.0,8077289171.0,-5439000.0,0.0,-88600000.0,0.0,0.0,-88640000.0,-3250000.0,0.0,84399000.0,2052000.0,69557000.0,69557000.0,69557000.0,0.0,0.0,0.283,110177000.0,100099000.0,3996000.0,0.0,3.622,30.634,30.87,55628000.0,0.0,92.61,8.332,8.307,261879000.0,1987682000.0,245862000.0,245862000.0,45418000.0,,,,,8952000.0,61537000.0,1.0,87218326.0,86959000,88676000.0,2.827,1212058000.0,39008000.0,31436000.0,4960000.0,13.938,645714000.0
20,ANSS,MRQ,2016-06-30,2016-06-30,2016-06-30,2021-08-05,-39941000.0,2747661000.0,,1109742000.0,1637919000.0,,25.512,-3373000.0,843355000.0,843355000.0,37011000.0,69628000.0,2.373,0.229,0.0,0.0,0.0,0.0,375802000.0,17444000.0,0.0,0.0,0.0,95478000.0,112922000.0,0.459,112922000.0,95478000.0,95478000.0,0.79,0.78,0.79,2235860000.0,,2235860000.0,7126269596.0,19.0,16.102,68276000.0,0.779,1.0,209058000.0,0.85,1530330000.0,0.0,-93734000.0,,0.0,410000.0,410000.0,0.0,511801000.0,467710000.0,44091000.0,7989704596.0,-20080000.0,0.0,-78793000.0,0.0,0.0,-79045000.0,-13633000.0,0.0,71649000.0,949000.0,69628000.0,69628000.0,69628000.0,0.0,0.0,0.283,114903000.0,94155000.0,4218000.0,0.0,3.573,30.712,30.867,58095000.0,0.0,90.75,8.31,8.272,265977000.0,1918125000.0,246069000.0,246069000.0,47443000.0,,,,,8534000.0,64259000.0,1.0,88040822.0,87638000,89305000.0,2.808,1217331000.0,32568000.0,25850000.0,5284000.0,13.89,642032000.0
21,ANSS,MRQ,2016-03-31,2016-03-31,2016-03-31,2021-08-05,-41093000.0,2758828000.0,,1118679000.0,1640149000.0,,25.352,-2695000.0,863435000.0,863435000.0,35285000.0,56468000.0,2.356,0.235,0.0,0.0,0.0,0.0,375140000.0,17432000.0,0.0,0.0,0.0,85778000.0,103210000.0,0.457,103210000.0,85778000.0,85778000.0,0.64,0.63,0.64,2233903000.0,,2233903000.0,7106648974.0,20.0,16.272,108028000.0,1.226,1.0,190621000.0,0.844,1543806000.0,0.0,-123237000.0,,0.0,442000.0,442000.0,0.0,524925000.0,474824000.0,50101000.0,7890816974.0,79267000.0,0.0,-32548000.0,0.0,0.0,-38349000.0,-2691000.0,0.0,110723000.0,9584000.0,56468000.0,56468000.0,56468000.0,0.0,0.0,0.25,105599000.0,85022000.0,4302000.0,0.0,3.532,31.207,31.5,60151000.0,0.0,89.46,8.298,8.29,254802000.0,1848497000.0,225906000.0,225906000.0,44672000.0,,,,,7078000.0,57769000.0,1.0,88204974.0,88114000,90084000.0,2.564,1215022000.0,30226000.0,29310000.0,23361000.0,13.789,643855000.0
22,ANSS,MRQ,2015-12-31,2015-12-31,2015-12-31,2021-08-05,-52164000.0,2729904000.0,,1076426000.0,1653478000.0,,24.761,-5380000.0,784168000.0,784168000.0,36992000.0,68021000.0,2.223,0.244,0.0,0.0,0.0,0.0,364644000.0,18888000.0,0.0,0.0,0.0,97429000.0,116317000.0,0.462,116317000.0,97429000.0,97800000.0,0.77,0.75,0.77,2194427000.0,,2194427000.0,7455539130.0,21.0,17.161,111992000.0,1.264,1.0,214655000.0,0.853,1552901000.0,-371000.0,-91311000.0,,0.0,446000.0,446000.0,0.0,535477000.0,484146000.0,51331000.0,8231778130.0,7929000.0,-5225000.0,-88102000.0,0.0,0.0,-94489000.0,-10373000.0,0.0,117372000.0,-4581000.0,68021000.0,68021000.0,68021000.0,0.0,0.0,0.27,117712000.0,96943000.0,4865000.0,0.0,3.751,32.598,32.801,61924000.0,0.0,92.5,8.732,8.787,291812000.0,1792029000.0,251647000.0,251647000.0,41392000.0,,,,,14586000.0,71963000.0,1.0,88992196.0,88625000,90548000.0,2.839,1177003000.0,32896000.0,29779000.0,6786000.0,13.281,592280000.0
23,ANSS,MRQ,2015-09-30,2015-09-30,2015-09-30,2021-08-05,-46366000.0,2701566000.0,,1045264000.0,1656302000.0,,24.657,-3083000.0,776239000.0,776239000.0,36581000.0,66033000.0,2.537,0.222,0.0,0.0,0.0,0.0,319705000.0,19647000.0,0.0,0.0,0.0,90474000.0,110121000.0,0.463,110121000.0,90474000.0,90379000.0,0.74,0.72,0.74,2211596000.0,,2211596000.0,7104947238.0,20.0,16.412,74712000.0,0.833,1.0,201259000.0,0.846,1567771000.0,95000.0,-54401000.0,,0.0,684000.0,684000.0,0.0,489970000.0,411957000.0,78013000.0,7945301238.0,-64115000.0,-30516000.0,-107144000.0,0.0,0.0,-106535000.0,-33490000.0,0.0,77795000.0,-1885000.0,66033000.0,66033000.0,66033000.0,0.0,0.0,0.278,111076000.0,90183000.0,3220000.0,0.0,3.593,31.264,31.367,58590000.0,0.0,88.14,8.403,8.361,239630000.0,1724008000.0,237840000.0,237840000.0,44784000.0,,,,,8207000.0,61367000.0,1.0,90144103.0,89694000,91593000.0,2.652,1133795000.0,52987000.0,24346000.0,32419000.0,12.641,633307000.0
24,ANSS,MRQ,2015-06-30,2015-06-30,2015-06-30,2021-08-05,-44512000.0,2746030000.0,,1110355000.0,1635675000.0,,24.941,-4060000.0,840354000.0,840354000.0,37785000.0,62335000.0,2.58,0.225,0.0,0.0,0.0,0.0,337420000.0,19707000.0,0.0,0.0,0.0,87381000.0,107088000.0,0.455,107088000.0,87381000.0,87259000.0,0.69,0.68,0.69,2241305000.0,,2241305000.0,7430436765.0,21.0,17.074,62352000.0,0.694,1.0,197700000.0,0.84,1544970000.0,122000.0,-69604000.0,,0.0,816000.0,816000.0,0.0,504725000.0,430310000.0,74415000.0,8190830765.0,79960000.0,101000.0,10816000.0,5000.0,0.0,12620000.0,-4003000.0,0.0,66412000.0,4931000.0,62335000.0,62335000.0,62335000.0,0.0,0.0,0.265,111205000.0,86495000.0,4786000.0,0.0,3.654,32.301,32.82,60664000.0,0.0,91.24,8.698,8.708,246900000.0,1657975000.0,235485000.0,235485000.0,42646000.0,,,,,5909000.0,63524000.0,1.0,89772367.0,89866000,91726000.0,2.62,1201060000.0,46247000.0,24924000.0,33138000.0,13.365,680045000.0
25,ANSS,MRQ,2015-03-31,2015-03-31,2015-03-31,2021-08-05,-49384000.0,2681094000.0,,1029288000.0,1651806000.0,,23.887,-3622000.0,760394000.0,760394000.0,35888000.0,56132000.0,2.318,0.246,0.0,0.0,0.0,0.0,343814000.0,19428000.0,0.0,0.0,0.0,81481000.0,100909000.0,0.463,100909000.0,81481000.0,81327000.0,0.62,0.61,0.62,2151265000.0,,2151265000.0,7151112963.0,20.0,16.531,110498000.0,1.227,1.0,181893000.0,0.835,1559822000.0,154000.0,-83233000.0,,0.0,789000.0,789000.0,0.0,529829000.0,444111000.0,85718000.0,7939176963.0,-27670000.0,-10477000.0,-109857000.0,-5000.0,0.0,-111523000.0,-14166000.0,0.0,114120000.0,-16101000.0,56132000.0,56132000.0,56132000.0,0.0,0.0,0.258,101835000.0,80058000.0,3689000.0,0.0,3.69,31.222,31.838,62496000.0,0.0,88.19,8.459,8.462,248805000.0,1595640000.0,217781000.0,217781000.0,40009000.0,,,,,5249000.0,56749000.0,1.0,90023551.0,90059000,92140000.0,2.418,1121272000.0,42442000.0,25195000.0,49598000.0,12.45,585177000.0
26,ANSS,MRQ,2014-12-31,2014-12-31,2014-12-31,2021-08-05,-31754000.0,2752879000.0,,1082315000.0,1670564000.0,,24.21,-5395000.0,788064000.0,788064000.0,39769000.0,69633000.0,2.327,0.241,0.0,0.0,0.0,0.0,332664000.0,20701000.0,0.0,0.0,0.0,94082000.0,114783000.0,0.451,114783000.0,94082000.0,93881000.0,0.76,0.74,0.76,2217501000.0,,2217501000.0,6719686260.0,19.0,15.597,86878000.0,0.948,1.0,214606000.0,0.844,1571494000.0,201000.0,-71754000.0,,0.0,714000.0,714000.0,0.0,535378000.0,465075000.0,70303000.0,7536491260.0,-28741000.0,-499000.0,-108580000.0,86000.0,0.0,-103673000.0,-5956000.0,0.0,92273000.0,-11385000.0,69633000.0,69633000.0,69633000.0,0.0,0.0,0.274,120558000.0,94048000.0,3421000.0,0.0,3.399,29.591,29.603,64643000.0,0.0,82.0,8.052,8.066,293537000.0,1539508000.0,254375000.0,254375000.0,42170000.0,,,,,4366000.0,72374000.0,1.0,91908430.0,91596000,93585000.0,2.777,1181385000.0,28240000.0,24248000.0,23317000.0,12.898,617240000.0
27,ANSS,MRQ,2014-09-30,2014-09-30,2014-09-30,2021-08-05,-18534000.0,2789038000.0,,1075020000.0,1714018000.0,,24.553,-8705000.0,816805000.0,816805000.0,37194000.0,65479000.0,2.64,0.236,0.0,0.0,0.0,0.0,301026000.0,21351000.0,0.0,0.0,0.0,91068000.0,112419000.0,0.48,112419000.0,91068000.0,90919000.0,0.71,0.7,0.71,2255800000.0,,2255800000.0,6179945776.0,18.0,14.43,72857000.0,0.793,1.0,196806000.0,0.841,1591268000.0,149000.0,-26315000.0,,0.0,665000.0,665000.0,0.0,533321000.0,407280000.0,126041000.0,6962828776.0,33890000.0,0.0,-23954000.0,-5000.0,0.0,-23271000.0,-8746000.0,0.0,81562000.0,-15655000.0,65479000.0,65479000.0,65479000.0,0.0,0.0,0.28,105998000.0,90808000.0,3225000.0,0.0,3.087,26.679,26.833,97108000.0,0.0,75.67,7.588,7.576,231322000.0,1469875000.0,234000000.0,234000000.0,41033000.0,,,,,6179000.0,58172000.0,1.0,92015710.0,91875000,93905000.0,2.547,1197770000.0,47796000.0,25440000.0,47377000.0,13.037,667740000.0
28,ANSS,MRQ,2014-06-30,2014-06-30,2014-06-30,2021-08-05,814000.0,2799196000.0,,1064657000.0,1734539000.0,,24.046,-7831000.0,782915000.0,782915000.0,38678000.0,63036000.0,2.382,0.261,32000.0,20000.0,12000.0,32000.0,334370000.0,20414000.0,0.0,0.0,0.0,84063000.0,104477000.0,0.45,104477000.0,84063000.0,83882000.0,0.68,0.67,0.68,2219816000.0,,2219816000.0,6168121428.0,18.0,14.768,72002000.0,0.78,1.0,193697000.0,0.834,1615394000.0,181000.0,-46118000.0,,0.0,644000.0,644000.0,0.0,579424000.0,447037000.0,132387000.0,7025703428.0,-74769000.0,-84119000.0,-66508000.0,-71000.0,0.0,-64199000.0,-92035000.0,0.0,79833000.0,1632000.0,63036000.0,63036000.0,63036000.0,0.0,0.0,0.271,110165000.0,83532000.0,4551000.0,0.0,3.165,27.238,27.273,92050000.0,0.0,75.82,7.838,7.809,256765000.0,1404396000.0,232375000.0,232375000.0,42098000.0,,,,,7785000.0,62280000.0,1.0,92662931.0,92314000,94338000.0,2.517,1183802000.0,45725000.0,20846000.0,54619000.0,12.824,617620000.0
29,ANSS,MRQ,2014-03-31,2014-03-31,2014-03-31,2021-08-05,-1713000.0,2793229000.0,,1132262000.0,1660967000.0,,23.876,-4092000.0,857684000.0,857684000.0,37745000.0,56542000.0,2.563,0.265,102000.0,33000.0,69000.0,102000.0,332143000.0,19458000.0,0.0,0.0,0.0,79705000.0,99163000.0,0.461,99163000.0,79705000.0,79457000.0,0.61,0.6,0.61,2208120000.0,,2208120000.0,6384913530.0,19.0,15.464,127547000.0,1.379,1.0,177526000.0,0.825,1549768000.0,248000.0,-55868000.0,,0.0,559000.0,559000.0,0.0,584516000.0,441747000.0,142769000.0,7127399530.0,115198000.0,-18398000.0,8572000.0,-10000.0,0.0,5501000.0,-22533000.0,0.0,131639000.0,591000.0,56542000.0,56542000.0,56542000.0,0.0,0.0,0.263,98464000.0,79062000.0,5272000.0,0.0,3.228,28.413,28.526,83349000.0,0.0,77.02,8.11,8.105,252551000.0,1341360000.0,215271000.0,215271000.0,40120000.0,,,,,4000000.0,53550000.0,1.0,92539594.0,92483000,94949000.0,2.328,1243461000.0,41128000.0,22915000.0,75575000.0,13.445,690515000.0
30,ANSS,MRQ,2013-12-31,2013-12-31,2013-12-31,2021-08-05,-2644000.0,2722382000.0,,1067596000.0,1654786000.0,,23.106,-14701000.0,742486000.0,742486000.0,38609000.0,75929000.0,2.424,0.274,0.0,0.0,0.0,0.0,309775000.0,19438000.0,0.0,0.0,0.0,92767000.0,112205000.0,0.475,112205000.0,92767000.0,92565000.0,0.82,0.8,0.82,2136246000.0,,2136246000.0,7372600386.0,23.0,18.233,70260000.0,0.76,1.0,197411000.0,0.836,1547094000.0,202000.0,-7629000.0,,0.0,500000.0,500000.0,0.0,586136000.0,440431000.0,145705000.0,8079934386.0,35152000.0,0.0,-35301000.0,0.0,0.0,-34069000.0,-14756000.0,50000.0,84961000.0,-984000.0,75929000.0,75929000.0,75929000.0,0.0,0.0,0.322,105159000.0,92252000.0,7939000.0,0.0,3.782,32.935,32.906,78674000.0,0.0,87.2,9.382,9.385,298579000.0,1284818000.0,236020000.0,236020000.0,37880000.0,,,,,7324000.0,62287000.0,1.0,92659798.0,92454000,95085000.0,2.553,1175288000.0,44463000.0,16636000.0,76281000.0,12.712,627165000.0
31,ANSS,MRQ,2013-09-30,2013-09-30,2013-09-30,2021-08-05,-174000.0,2618279000.0,,959956000.0,1658323000.0,,22.566,-5467000.0,707334000.0,707334000.0,35169000.0,62430000.0,2.481,0.254,0.0,0.0,0.0,0.0,285040000.0,19878000.0,0.0,0.0,0.0,81936000.0,101814000.0,0.479,101814000.0,81936000.0,81710000.0,0.67,0.66,0.67,2088298000.0,,2088298000.0,7364801638.0,24.0,18.6,59973000.0,0.648,1.0,177489000.0,0.835,1561108000.0,226000.0,-37119000.0,,0.0,440000.0,440000.0,0.0,529981000.0,386956000.0,143025000.0,7997630638.0,47931000.0,0.0,11443000.0,-26574000.0,0.0,-16294000.0,-5469000.0,-2000.0,65440000.0,4254000.0,62430000.0,62430000.0,62430000.0,0.0,0.0,0.294,95852000.0,81637000.0,3349000.0,0.0,3.83,35.472,35.605,66174000.0,0.0,86.52,9.454,9.464,228564000.0,1208889000.0,212658000.0,212658000.0,38882000.0,,,,,7070000.0,51345000.0,1.0,92436785.0,92541000,95265000.0,2.298,1057171000.0,41453000.0,19280000.0,78658000.0,11.424,573000000.0
32,ANSS,MRQ,2013-06-30,2013-06-30,2013-06-30,2021-08-05,-5651000.0,2576036000.0,,915484000.0,1660552000.0,,21.514,-4593000.0,659403000.0,659403000.0,36680000.0,55945000.0,2.151,0.289,26574000.0,26574000.0,0.0,26574000.0,304535000.0,20702000.0,0.0,0.0,0.0,78995000.0,99697000.0,0.464,99697000.0,78995000.0,78625000.0,0.6,0.59,0.6,1997835000.0,,1997835000.0,6189014601.0,20.0,15.871,82555000.0,0.889,1.0,178170000.0,0.829,1572265000.0,370000.0,-54724000.0,,0.0,461000.0,461000.0,0.0,578201000.0,425666000.0,152535000.0,6813433601.0,8410000.0,-4224000.0,-69474000.0,0.0,0.0,-67513000.0,-8835000.0,-18000.0,87148000.0,-2390000.0,55945000.0,55945000.0,55945000.0,0.0,0.0,0.26,99745000.0,78425000.0,3384000.0,0.0,3.41,31.742,31.509,56537000.0,0.0,73.1,8.207,8.176,235147000.0,1146459000.0,214850000.0,214850000.0,38670000.0,,,,,6913000.0,55262000.0,1.0,93207026.0,92860000,95040000.0,2.314,1003771000.0,36372000.0,22680000.0,84949000.0,10.81,489818000.0
33,ANSS,MRQ,2013-03-31,2013-03-31,2013-03-31,2021-08-05,-274000.0,2599700000.0,,931608000.0,1668092000.0,,21.59,-4087000.0,650993000.0,650993000.0,36234000.0,51023000.0,2.222,0.296,26574000.0,26574000.0,0.0,26574000.0,306801000.0,20683000.0,0.0,0.0,0.0,69960000.0,90643000.0,0.458,90643000.0,69960000.0,69589000.0,0.55,0.54,0.55,2005888000.0,,2005888000.0,7043618276.0,24.0,18.369,91347000.0,0.983,1.0,161498000.0,0.817,1581976000.0,371000.0,-26001000.0,,0.0,488000.0,488000.0,0.0,593812000.0,419306000.0,174506000.0,7567172276.0,74290000.0,0.0,14194000.0,-26575000.0,0.0,-11883000.0,-4117000.0,-30000.0,95434000.0,-5144000.0,51023000.0,51023000.0,51023000.0,0.0,0.0,0.258,91949000.0,69549000.0,3387000.0,0.0,3.772,36.212,36.027,50822000.0,0.0,81.42,9.338,9.334,264097000.0,1090514000.0,197732000.0,197732000.0,36007000.0,,,,,4020000.0,50013000.0,1.0,92939969.0,92908000,95166000.0,2.128,1017724000.0,31730000.0,18566000.0,91053000.0,10.954,512302000.0
34,ANSS,MRQ,2012-12-31,2012-12-31,2012-12-31,2021-08-05,8651000.0,2607417000.0,,913359000.0,1694058000.0,,20.955,-6095000.0,576703000.0,576703000.0,36681000.0,56063000.0,1.913,0.344,53149000.0,53149000.0,0.0,53149000.0,305793000.0,21753000.0,0.0,0.0,0.0,82042000.0,103795000.0,0.47,103795000.0,82042000.0,81554000.0,0.61,0.59,0.61,1940291000.0,,1940291000.0,5763056092.0,19.0,15.101,63493000.0,0.686,1.0,184067000.0,0.834,1602420000.0,488000.0,4056000.0,,0.0,452000.0,452000.0,0.0,667126000.0,477387000.0,189739000.0,6238220092.0,21816000.0,1320000.0,-21175000.0,-26574000.0,0.0,-41762000.0,-4791000.0,-16000.0,69588000.0,-1219000.0,56063000.0,56063000.0,56063000.0,0.0,0.0,0.254,102428000.0,81639000.0,4924000.0,0.0,3.215,30.657,30.609,52253000.0,0.0,67.34,7.817,7.816,312866000.0,1039491000.0,220748000.0,220748000.0,34206000.0,,,,,2498000.0,61754000.0,1.0,92637661.0,92595000,94942000.0,2.384,1004997000.0,38330000.0,25491000.0,102413000.0,10.854,435972000.0
35,ANSS,MRQ,2012-09-30,2012-09-30,2012-09-30,2021-08-05,14373000.0,2558304000.0,,825831000.0,1732473000.0,,20.514,-3552000.0,554887000.0,554887000.0,33756000.0,51619000.0,1.823,0.349,79723000.0,79723000.0,0.0,79723000.0,273636000.0,21752000.0,0.0,0.0,0.0,74071000.0,95823000.0,0.487,95823000.0,74071000.0,73439000.0,0.56,0.54,0.56,1896490000.0,,1896490000.0,6332133050.0,22.0,17.068,66809000.0,0.723,1.0,163153000.0,0.829,1621686000.0,632000.0,8347000.0,,0.0,454000.0,454000.0,0.0,661814000.0,453107000.0,208707000.0,6777319050.0,3403000.0,-46395000.0,6885000.0,-26574000.0,0.0,-20972000.0,-49911000.0,36000.0,70361000.0,3925000.0,51619000.0,51619000.0,51619000.0,0.0,0.0,0.262,89501000.0,73652000.0,4054000.0,0.0,3.574,34.777,34.952,51178000.0,0.0,73.4,8.74,8.75,249098000.0,983428000.0,196909000.0,196909000.0,33506000.0,,,,,6146000.0,49195000.0,1.0,92334047.0,92448000,94755000.0,2.13,936618000.0,35188000.0,21820000.0,107277000.0,10.131,372724000.0
36,ANSS,MRQ,2012-06-30,2012-06-30,2012-06-30,2021-08-05,7324000.0,2513222000.0,,841153000.0,1672069000.0,,19.658,-9587000.0,551484000.0,551484000.0,34737000.0,50262000.0,1.813,0.38,106298000.0,79724000.0,26574000.0,106298000.0,293563000.0,21205000.0,0.0,0.0,0.0,71982000.0,93187000.0,0.478,93187000.0,71982000.0,71259000.0,0.54,0.53,0.54,1820849000.0,,1820849000.0,5437564106.0,19.0,15.169,65282000.0,0.705,1.0,160279000.0,0.822,1576791000.0,723000.0,27328000.0,,0.0,468000.0,468000.0,0.0,692373000.0,463917000.0,228456000.0,5878481106.0,-6362000.0,0.0,-55950000.0,-10635000.0,0.0,-64514000.0,-9510000.0,77000.0,74869000.0,-7207000.0,50262000.0,50262000.0,50262000.0,0.0,0.0,0.258,89145000.0,71134000.0,3892000.0,0.0,3.228,31.135,31.089,51659000.0,0.0,63.11,7.822,7.779,271175000.0,931809000.0,195016000.0,195016000.0,33415000.0,,,,,5953000.0,48980000.0,1.0,93146587.0,92626000,94928000.0,2.105,936431000.0,29703000.0,20997000.0,102878000.0,10.11,377236000.0
37,ANSS,MRQ,2012-03-31,2012-03-31,2012-03-31,2021-08-05,11804000.0,2517058000.0,,830802000.0,1686256000.0,,19.618,-4743000.0,557846000.0,557846000.0,34342000.0,45539000.0,1.818,0.382,116929000.0,90355000.0,26574000.0,116929000.0,281689000.0,20712000.0,0.0,0.0,0.0,68113000.0,88825000.0,0.479,88825000.0,68113000.0,67295000.0,0.49,0.48,0.49,1820893000.0,,1820893000.0,5688345634.0,21.0,16.455,78854000.0,0.85,1.0,151003000.0,0.815,1595251000.0,818000.0,23874000.0,,0.0,599000.0,599000.0,0.0,696165000.0,457016000.0,239149000.0,6032601634.0,86018000.0,0.0,9169000.0,-10639000.0,0.0,2402000.0,-4744000.0,-1000.0,83597000.0,4763000.0,45539000.0,45539000.0,45539000.0,0.0,0.0,0.246,83175000.0,67828000.0,5572000.0,0.0,3.313,32.791,32.838,46809000.0,0.0,65.02,8.393,8.397,255162000.0,881547000.0,185345000.0,185345000.0,31501000.0,,,,,3930000.0,45249000.0,1.0,92780708.0,92817000,95190000.0,1.997,921807000.0,26528000.0,21756000.0,112711000.0,9.931,373786000.0
38,ANSS,MRQ,2011-12-31,2011-12-31,2011-12-31,2021-08-05,11876000.0,2448470000.0,,740033000.0,1708437000.0,,18.968,-9539000.0,471828000.0,471828000.0,33342000.0,47457000.0,1.687,0.396,127572000.0,74423000.0,53149000.0,127572000.0,259155000.0,19039000.0,0.0,0.0,0.0,74122000.0,93161000.0,0.47,93161000.0,74122000.0,73120000.0,0.51,0.5,0.51,1754473000.0,,1754473000.0,5023468369.0,19.0,15.034,68075000.0,0.736,1.0,164867000.0,0.832,1608795000.0,1002000.0,56668000.0,,0.0,576000.0,576000.0,0.0,693997000.0,438751000.0,255246000.0,5291549369.0,65530000.0,267000.0,7962000.0,-10646000.0,0.0,332000.0,-9311000.0,-39000.0,77614000.0,-3105000.0,47457000.0,47457000.0,47457000.0,0.0,0.0,0.239,91724000.0,73143000.0,6987000.0,0.0,3.016,29.288,29.224,45638000.0,0.0,57.28,7.653,7.631,247898000.0,836008000.0,198209000.0,198209000.0,29751000.0,,,,,3498000.0,56571000.0,1.0,92380401.0,92495000,94720000.0,2.143,839675000.0,26793000.0,25663000.0,107831000.0,9.078,301282000.0
39,ANSS,MRQ,2011-09-30,2011-09-30,2011-09-30,2021-08-05,15477000.0,2347905000.0,,626427000.0,1721478000.0,,18.347,-4919000.0,406298000.0,406298000.0,31027000.0,45546000.0,1.686,0.387,138217000.0,58494000.0,79723000.0,138217000.0,225729000.0,17091000.0,0.0,0.0,0.0,66196000.0,83287000.0,0.482,83287000.0,66196000.0,65443000.0,0.49,0.48,0.49,1693017000.0,,1693017000.0,4042228337.0,16.0,12.513,61359000.0,0.665,1.0,141908000.0,0.821,1626517000.0,753000.0,81828000.0,,0.0,582000.0,582000.0,0.0,654888000.0,371479000.0,283409000.0,4523100337.0,-223414000.0,-269753000.0,3501000.0,-10645000.0,0.0,-5017000.0,-274634000.0,38000.0,66278000.0,-10041000.0,45546000.0,45546000.0,45546000.0,0.0,0.0,0.263,76579000.0,65329000.0,4423000.0,0.0,2.672,24.803,24.768,40251000.0,0.0,49.04,6.855,6.858,199275000.0,788551000.0,172935000.0,172935000.0,28899000.0,,,,,3981000.0,43180000.0,1.0,92232878.0,92277000,94445000.0,1.874,721388000.0,26124000.0,19897000.0,116280000.0,7.818,254948000.0
40,ANSS,MRQ,2011-06-30,2011-06-30,2011-06-30,2021-08-05,23330000.0,2237975000.0,,854251000.0,1383724000.0,,17.841,-4264000.0,629712000.0,629712000.0,28063000.0,45431000.0,2.459,0.364,148840000.0,42542000.0,106298000.0,148840000.0,231719000.0,14994000.0,0.0,0.0,0.0,65417000.0,80411000.0,0.496,80411000.0,65417000.0,64643000.0,0.49,0.48,0.49,1640294000.0,,1640294000.0,4623364437.0,19.0,15.074,74646000.0,0.812,1.0,134195000.0,0.827,1292971000.0,774000.0,116675000.0,,0.0,548000.0,548000.0,0.0,597681000.0,347457000.0,250224000.0,5019121437.0,79778000.0,0.0,6385000.0,-5338000.0,0.0,4238000.0,-4280000.0,-16000.0,78910000.0,910000.0,45431000.0,45431000.0,45431000.0,0.0,0.0,0.28,69382000.0,64813000.0,4537000.0,0.0,3.06,29.022,28.926,38529000.0,0.0,54.67,8.009,8.02,203368000.0,743005000.0,162258000.0,162258000.0,25182000.0,,,,,2128000.0,40130000.0,1.0,91807599.0,91940000,94188000.0,1.765,945004000.0,23582000.0,19212000.0,72285000.0,10.278,506794000.0
41,ANSS,MRQ,2011-03-31,2011-03-31,2011-03-31,2021-08-05,20101000.0,2178360000.0,,784745000.0,1393615000.0,,17.181,-3341000.0,549934000.0,549934000.0,26582000.0,42241000.0,2.374,0.382,154177000.0,37247000.0,116930000.0,154177000.0,226426000.0,14831000.0,0.0,0.0,0.0,62455000.0,77286000.0,0.489,77286000.0,62455000.0,61652000.0,0.46,0.45,0.46,1576633000.0,,1576633000.0,4660483519.0,20.0,15.836,81518000.0,0.888,1.0,131465000.0,0.832,1302734000.0,803000.0,149343000.0,,0.0,535000.0,535000.0,0.0,601727000.0,330526000.0,271201000.0,4973437519.0,77455000.0,0.0,-5594000.0,-5347000.0,0.0,-9229000.0,-3418000.0,-77000.0,84859000.0,5243000.0,42241000.0,42241000.0,42241000.0,0.0,0.0,0.267,69191000.0,62274000.0,4321000.0,0.0,3.154,30.511,30.274,37436000.0,0.0,54.19,8.258,8.257,217496000.0,697574000.0,158047000.0,158047000.0,24698000.0,,,,,3435000.0,40476000.0,1.0,91777773.0,91767000,94171000.0,1.722,875626000.0,18740000.0,19411000.0,73901000.0,9.542,454219000.0
42,ANSS,MRQ,2010-12-31,2010-12-31,2010-12-31,2021-08-05,16962000.0,2126876000.0,,714633000.0,1412243000.0,,16.761,-5105000.0,472479000.0,472479000.0,26807000.0,49140000.0,2.295,0.39,159525000.0,31962000.0,127563000.0,159525000.0,199805000.0,15409000.0,0.0,0.0,0.0,66660000.0,82069000.0,0.493,82069000.0,66660000.0,65868000.0,0.54,0.52,0.54,1529929000.0,,1529929000.0,4408459032.0,20.0,15.649,-30370000.0,-0.333,1.0,139766000.0,0.839,1313403000.0,792000.0,189150000.0,,0.0,455000.0,455000.0,0.0,596947000.0,311369000.0,285578000.0,4738284032.0,-22237000.0,0.0,9869000.0,-5369000.0,0.0,8452000.0,-4439000.0,666000.0,-25265000.0,-985000.0,49140000.0,49140000.0,49140000.0,0.0,0.0,0.295,74381000.0,65385000.0,2241000.0,0.0,3.097,30.942,30.811,36921000.0,0.0,52.07,8.166,8.138,224006000.0,655333000.0,166573000.0,166573000.0,23317000.0,,,,,1164000.0,46935000.0,1.0,90998349.0,91278000,93704000.0,1.825,813473000.0,23489000.0,16728000.0,81421000.0,8.912,403264000.0
43,ANSS,MRQ,2010-09-30,2010-09-30,2010-09-30,2021-08-05,16345000.0,2118482000.0,,686392000.0,1432090000.0,,16.067,-4736000.0,494716000.0,494716000.0,25279000.0,36130000.0,1.931,0.451,164891000.0,26691000.0,138200000.0,164891000.0,179272000.0,15152000.0,0.0,0.0,0.0,51794000.0,66946000.0,0.479,66946000.0,51794000.0,50892000.0,0.4,0.39,0.4,1460140000.0,,1460140000.0,3595096863.0,17.0,12.998,67527000.0,0.743,1.0,114564000.0,0.819,1325408000.0,902000.0,107706000.0,,0.0,1120000.0,1120000.0,0.0,658342000.0,355543000.0,302799000.0,3840309863.0,79228000.0,0.0,2803000.0,-5391000.0,0.0,-1340000.0,-4714000.0,22000.0,72263000.0,13019000.0,36130000.0,36130000.0,36130000.0,0.0,0.0,0.258,62687000.0,51877000.0,3554000.0,0.0,2.63,27.117,26.741,34715000.0,0.0,42.25,6.809,6.808,170728000.0,606193000.0,139843000.0,139843000.0,21696000.0,,,,,3495000.0,36954000.0,1.0,90894908.0,90880000,93212000.0,1.539,793074000.0,26253000.0,14762000.0,177725000.0,8.727,330849000.0
44,ANSS,MRQ,2010-06-30,2010-06-30,2010-06-30,2021-08-05,3568000.0,1953550000.0,,578742000.0,1374808000.0,,15.478,-2549000.0,415488000.0,415488000.0,24140000.0,35493000.0,2.118,0.393,170275000.0,21436000.0,148839000.0,170275000.0,190410000.0,15049000.0,0.0,0.0,0.0,52944000.0,67993000.0,0.494,67993000.0,52944000.0,51699000.0,0.39,0.38,0.39,1402550000.0,,1402550000.0,3488059254.0,17.0,12.734,57606000.0,0.636,1.0,113627000.0,0.825,1330624000.0,1245000.0,104446000.0,,0.0,1097000.0,1097000.0,0.0,551000000.0,273267000.0,277733000.0,3671953254.0,26248000.0,0.0,3744000.0,-35075000.0,0.0,-28384000.0,-2474000.0,75000.0,60155000.0,-3049000.0,35493000.0,35493000.0,35493000.0,0.0,0.0,0.258,61244000.0,52383000.0,3767000.0,0.0,2.618,26.995,26.516,33565000.0,0.0,40.57,6.648,6.655,145252000.0,570063000.0,137767000.0,137767000.0,21390000.0,,,,,1709000.0,35979000.0,1.0,90509077.0,90614000,93146000.0,1.52,622926000.0,22271000.0,16206000.0,106237000.0,6.875,305475000.0
45,ANSS,MRQ,2010-03-31,2010-03-31,2010-03-31,2021-08-05,6698000.0,1954531000.0,,566082000.0,1388449000.0,,15.106,-1870000.0,389240000.0,389240000.0,24653000.0,32369000.0,2.034,0.438,205346000.0,25086000.0,180260000.0,205346000.0,189791000.0,15216000.0,0.0,0.0,0.0,49484000.0,64700000.0,0.476,64700000.0,49484000.0,47935000.0,0.36,0.35,0.36,1359038000.0,,1359038000.0,3769569405.0,19.0,14.383,57861000.0,0.643,1.0,111400000.0,0.819,1344684000.0,1549000.0,147596000.0,,0.0,1072000.0,1072000.0,0.0,595493000.0,278357000.0,317136000.0,3880021405.0,53362000.0,0.0,8105000.0,-20078000.0,0.0,-8367000.0,4979000.0,6849000.0,59731000.0,-2981000.0,32369000.0,32369000.0,32369000.0,0.0,0.0,0.238,61777000.0,49623000.0,3828000.0,0.0,2.855,30.392,29.783,34081000.0,0.0,43.185,7.23,7.24,161199000.0,534570000.0,136053000.0,136053000.0,22587000.0,,,,,898000.0,35228000.0,1.0,89846507.0,89964000,92774000.0,1.512,609847000.0,18627000.0,15566000.0,115070000.0,6.779,287725000.0
46,ANSS,MRQ,2009-12-31,2009-12-31,2009-12-31,2021-08-05,8812000.0,1920182000.0,,515490000.0,1404692000.0,,14.737,-1904000.0,335878000.0,335878000.0,25661000.0,37630000.0,1.932,0.463,225426000.0,26758000.0,198668000.0,225426000.0,169275000.0,16235000.0,0.0,0.0,0.0,60706000.0,76941000.0,0.512,76941000.0,60706000.0,58836000.0,0.43,0.41,0.43,1312631000.0,,1312631000.0,3793714122.0,21.0,15.29,43016000.0,0.483,1.0,124701000.0,0.829,1361137000.0,1870000.0,181827000.0,,0.0,7966000.0,7966000.0,0.0,607551000.0,266766000.0,340785000.0,3854921122.0,42540000.0,0.0,8594000.0,-6700000.0,0.0,8585000.0,-9501000.0,-7609000.0,44920000.0,-1464000.0,37630000.0,37630000.0,37630000.0,0.0,0.0,0.25,64345000.0,60356000.0,2426000.0,0.0,2.937,33.12,32.924,35131000.0,0.0,43.46,7.458,7.44,153819000.0,502201000.0,150362000.0,150362000.0,20455000.0,,,,,-2774000.0,39150000.0,1.0,88700440.0,89068000,92277000.0,1.688,559045000.0,20403000.0,21206000.0,119718000.0,6.277,248724000.0
47,ANSS,MRQ,2009-09-30,2009-09-30,2009-09-30,2021-08-05,9770000.0,1852729000.0,,430481000.0,1422248000.0,,14.239,-1908000.0,293338000.0,293338000.0,23889000.0,30529000.0,1.763,0.474,232131000.0,26787000.0,205344000.0,232131000.0,162144000.0,16167000.0,0.0,0.0,0.0,48111000.0,64278000.0,0.501,64278000.0,48111000.0,45798000.0,0.35,0.33,0.35,1257041000.0,,1257041000.0,3282957889.0,19.0,14.003,32171000.0,0.364,1.0,104298000.0,0.814,1379035000.0,2313000.0,168287000.0,,0.0,368000.0,368000.0,0.0,595688000.0,244200000.0,351488000.0,3296104889.0,41635000.0,0.0,4259000.0,-6664000.0,0.0,2248000.0,290000.0,2198000.0,34079000.0,5018000.0,30529000.0,30529000.0,30529000.0,0.0,0.0,0.238,56666000.0,47632000.0,1885000.0,0.0,2.622,29.782,29.698,36034000.0,0.0,37.42,6.568,6.583,117860000.0,464571000.0,128187000.0,128187000.0,19462000.0,,,,,-1478000.0,31719000.0,1.0,88084043.0,88284000,91640000.0,1.452,473694000.0,19845000.0,15269000.0,122355000.0,5.366,186281000.0
48,ANSS,MRQ,2009-06-30,2009-06-30,2009-06-30,2021-08-05,4069000.0,1835124000.0,,399307000.0,1435817000.0,,13.779,-1223000.0,251703000.0,251703000.0,24058000.0,27137000.0,1.507,0.518,238556000.0,26645000.0,211911000.0,238556000.0,182744000.0,15969000.0,0.0,0.0,0.0,40203000.0,56172000.0,0.46,56172000.0,40203000.0,37262000.0,0.31,0.3,0.31,1208741000.0,,1208741000.0,2773606440.0,17.0,12.357,42217000.0,0.481,1.0,97968000.0,0.803,1392575000.0,2941000.0,164450000.0,,0.0,2484000.0,2484000.0,0.0,626383000.0,264952000.0,361431000.0,2730913440.0,22434000.0,0.0,2466000.0,-33408000.0,0.0,-29373000.0,-3218000.0,-1995000.0,43440000.0,11585000.0,27137000.0,27137000.0,27137000.0,0.0,0.0,0.222,57308000.0,40660000.0,2225000.0,0.0,2.259,25.783,25.752,36246000.0,0.0,31.16,5.507,5.512,128482000.0,434042000.0,122026000.0,122026000.0,19909000.0,,,,,1452000.0,32570000.0,1.0,87641638.0,87726000,91048000.0,1.391,442549000.0,17451000.0,10125000.0,127692000.0,5.045,134355000.0
49,ANSS,MRQ,2009-03-31,2009-03-31,2009-03-31,2021-08-05,-9568000.0,1824568000.0,,378208000.0,1446360000.0,,13.064,-3288000.0,229269000.0,229269000.0,23628000.0,21095000.0,1.429,0.572,271962000.0,29559000.0,242403000.0,271962000.0,177776000.0,15815000.0,0.0,0.0,0.0,34910000.0,50725000.0,0.436,50725000.0,34910000.0,31633000.0,0.24,0.23,0.24,1160924000.0,,1160924000.0,2296233336.0,14.0,10.304,47962000.0,0.54,1.0,92682000.0,0.797,1401184000.0,3277000.0,201326000.0,,0.0,334000.0,334000.0,0.0,663644000.0,264751000.0,398893000.0,2244984336.0,1093000.0,0.0,-38347000.0,-7458000.0,0.0,-45550000.0,1698000.0,4998000.0,51250000.0,-6305000.0,21095000.0,21095000.0,21095000.0,0.0,0.0,0.181,57853000.0,34829000.0,2493000.0,0.0,1.934,20.998,19.921,37065000.0,0.0,25.1,4.628,4.598,137646000.0,406905000.0,116310000.0,116310000.0,20030000.0,,,,,2844000.0,33825000.0,1.0,89441607.0,88866000,92175000.0,1.309,423384000.0,11417000.0,10538000.0,135665000.0,4.764,113457000.0
50,ANSS,MRQ,2008-12-31,2008-12-31,2008-12-31,2021-08-05,-1484000.0,1864514000.0,,397153000.0,1467361000.0,,13.23,-6036000.0,228176000.0,228176000.0,25390000.0,31913000.0,1.484,0.576,279425000.0,29630000.0,249795000.0,279425000.0,166189000.0,15946000.0,0.0,0.0,0.0,47321000.0,63267000.0,0.468,63267000.0,47321000.0,43328000.0,0.36,0.35,0.36,1182899000.0,,1182899000.0,2592448096.0,15.0,11.465,55633000.0,0.622,1.0,109911000.0,0.812,1421401000.0,3993000.0,226698000.0,,0.0,5699000.0,5699000.0,0.0,681615000.0,267664000.0,413951000.0,2501736096.0,18644000.0,-101000.0,-7285000.0,-21105000.0,0.0,-27762000.0,-8680000.0,-2543000.0,61669000.0,-6583000.0,31913000.0,31913000.0,31913000.0,0.0,0.0,0.236,64131000.0,45780000.0,3069000.0,0.0,2.115,22.403,20.659,36812000.0,0.0,27.89,5.23,4.838,157285000.0,385810000.0,135301000.0,135301000.0,18826000.0,,,,,2443000.0,41954000.0,1.0,89700111.0,89407000,93230000.0,1.513,443113000.0,6449000.0,11415000.0,140168000.0,4.956,129489000.0
51,ANSS,MRQ,2008-09-30,2008-09-30,2008-09-30,2021-08-05,6197000.0,1841091000.0,,358338000.0,1482753000.0,,13.566,-3621000.0,209532000.0,209532000.0,24587000.0,25775000.0,1.453,0.584,300244000.0,30978000.0,269266000.0,300244000.0,147119000.0,14594000.0,0.0,0.0,0.0,39695000.0,54289000.0,0.444,54289000.0,39695000.0,36573000.0,0.3,0.29,0.3,1162439000.0,,1162439000.0,3172072499.0,19.0,14.919,39125000.0,0.457,1.0,97660000.0,0.799,1440610000.0,3122000.0,244651000.0,,0.0,2842000.0,2842000.0,0.0,678652000.0,246542000.0,432110000.0,3367103499.0,14127000.0,-316864000.0,3377000.0,299876000.0,0.0,300621000.0,-317383000.0,3102000.0,42746000.0,-11857000.0,25775000.0,25775000.0,25775000.0,0.0,0.0,0.211,59364000.0,38296000.0,2852000.0,0.0,2.897,30.878,27.642,33621000.0,0.0,37.87,7.412,7.143,140087000.0,353896000.0,122247000.0,122247000.0,20282000.0,,,,,1202000.0,36071000.0,1.0,88912160.0,85687000,90117000.0,1.427,400481000.0,6216000.0,10798000.0,150002000.0,4.674,111796000.0
52,ANSS,MRQ,2008-06-30,2008-06-30,2008-06-30,2021-08-05,18959000.0,996112000.0,,337882000.0,658230000.0,,9.031,-4552000.0,195405000.0,195405000.0,20530000.0,28129000.0,1.614,0.405,374000.0,330000.0,44000.0,374000.0,153272000.0,9881000.0,0.0,0.0,0.0,44688000.0,54569000.0,0.491,54569000.0,44688000.0,43446000.0,0.36,0.34,0.36,708970000.0,,708970000.0,3542737795.0,22.0,17.675,50595000.0,0.644,1.0,90716000.0,0.815,619119000.0,1242000.0,-27402000.0,,0.0,6639000.0,6639000.0,0.0,287142000.0,209364000.0,77778000.0,3695436795.0,-5498000.0,-3165000.0,1334000.0,-47832000.0,0.0,-45350000.0,-13977000.0,-6260000.0,55147000.0,-1318000.0,28129000.0,28129000.0,28129000.0,0.0,0.0,0.253,46862000.0,43854000.0,2679000.0,0.0,5.212,36.241,35.969,31519000.0,0.0,47.12,8.673,8.682,121833000.0,328122000.0,111246000.0,111246000.0,16528000.0,,,,,1879000.0,28153000.0,1.0,78426078.0,78503000,82083000.0,1.417,376993000.0,14365000.0,15317000.0,67542000.0,4.802,128518000.0
53,ANSS,MRQ,2008-03-31,2008-03-31,2008-03-31,2021-08-05,21222000.0,1018988000.0,,355936000.0,663052000.0,,8.65,-2430000.0,200903000.0,200903000.0,20907000.0,25854000.0,1.639,0.505,48204000.0,6395000.0,41809000.0,48204000.0,148114000.0,9672000.0,0.0,0.0,0.0,44329000.0,54001000.0,0.493,54001000.0,44329000.0,43344000.0,0.33,0.32,0.33,677281000.0,,677281000.0,2597101225.0,18.0,13.904,34716000.0,0.443,1.0,88638000.0,0.809,626984000.0,985000.0,22105000.0,,0.0,324000.0,324000.0,0.0,341707000.0,217200000.0,124507000.0,2704179225.0,33679000.0,0.0,1868000.0,-11944000.0,0.0,-9759000.0,2041000.0,4471000.0,37146000.0,4251000.0,25854000.0,25854000.0,25854000.0,0.0,0.0,0.236,46837000.0,41801000.0,4078000.0,0.0,3.993,29.363,29.008,29678000.0,0.0,34.52,6.644,6.641,135481000.0,299993000.0,109545000.0,109545000.0,15958000.0,,,,,2185000.0,28709000.0,1.0,78336594.0,78302000,81643000.0,1.399,392004000.0,19228000.0,17490000.0,77659000.0,5.006,138736000.0
54,ANSS,MRQ,2007-12-31,2007-12-31,2007-12-31,2021-08-05,16229000.0,969292000.0,,305169000.0,664123000.0,,8.199,-2054000.0,167224000.0,167224000.0,20845000.0,29289000.0,1.558,0.512,60146000.0,7716000.0,52430000.0,60146000.0,122799000.0,10010000.0,0.0,0.0,0.0,39745000.0,49755000.0,0.447,49755000.0,39745000.0,38472000.0,0.38,0.36,0.38,641210000.0,,641210000.0,3170425244.0,24.0,18.646,39589000.0,0.506,1.0,90391000.0,0.813,631434000.0,1273000.0,34913000.0,,0.0,4627000.0,4627000.0,0.0,328082000.0,195867000.0,132215000.0,3245575244.0,16573000.0,119000.0,-4646000.0,-15357000.0,0.0,-18703000.0,-6569000.0,-4414000.0,41643000.0,202000.0,29289000.0,29289000.0,29289000.0,0.0,0.0,0.263,52449000.0,37942000.0,3603000.0,0.0,5.062,39.392,39.113,29082000.0,0.0,41.46,8.423,8.37,115780000.0,274139000.0,111236000.0,111236000.0,15635000.0,,,,,1226000.0,34526000.0,1.0,78282085.0,78209000,81726000.0,1.422,337858000.0,17538000.0,9183000.0,73189000.0,4.32,109302000.0
55,ANSS,MRQ,2007-09-30,2007-09-30,2007-09-30,2021-08-05,16487000.0,928760000.0,,281282000.0,647478000.0,,7.868,-2178000.0,150651000.0,150651000.0,19391000.0,18696000.0,1.46,0.514,75501000.0,9348000.0,66153000.0,75501000.0,113198000.0,9570000.0,0.0,0.0,0.0,32546000.0,42116000.0,0.448,42116000.0,32546000.0,30946000.0,0.24,0.23,0.24,613523000.0,,613523000.0,2617225955.0,23.0,17.399,24078000.0,0.309,1.0,74643000.0,0.794,615702000.0,1600000.0,45217000.0,,0.0,216000.0,216000.0,0.0,315237000.0,192691000.0,122546000.0,2656550955.0,12867000.0,-119000.0,3369000.0,-22960000.0,0.0,-15838000.0,-2322000.0,-25000.0,26256000.0,4771000.0,18696000.0,18696000.0,18696000.0,0.0,0.0,0.199,43033000.0,31610000.0,2780000.0,0.0,4.33,40.641,40.2,29010000.0,0.0,34.17,7.393,7.415,108068000.0,244850000.0,94034000.0,94034000.0,14198000.0,,,,,-1678000.0,26596000.0,1.0,77745126.0,77981000,81196000.0,1.206,313058000.0,22347000.0,12250000.0,59994000.0,4.015,88591000.0
56,ANSS,MRQ,2007-06-30,2007-06-30,2007-06-30,2021-08-05,11047000.0,906791000.0,,253066000.0,653725000.0,,7.465,-4147000.0,137784000.0,137784000.0,18931000.0,18256000.0,1.334,0.565,98459000.0,11752000.0,86707000.0,98459000.0,124660000.0,9891000.0,0.0,0.0,0.0,31027000.0,40918000.0,0.444,40918000.0,31027000.0,29061000.0,0.24,0.23,0.24,579395000.0,,579395000.0,2051888624.0,22.0,15.569,32880000.0,0.424,1.0,73280000.0,0.795,622460000.0,1966000.0,55333000.0,,0.0,187000.0,187000.0,0.0,327396000.0,189673000.0,137723000.0,2054460624.0,20410000.0,0.0,1364000.0,-16342000.0,0.0,-13833000.0,-4154000.0,-7000.0,37027000.0,1370000.0,18256000.0,18256000.0,18256000.0,0.0,0.0,0.198,42884000.0,30396000.0,3491000.0,0.0,3.546,37.325,36.806,28460000.0,0.0,26.5,6.125,6.131,96346000.0,226153000.0,92211000.0,92211000.0,13576000.0,,,,,1002000.0,27095000.0,1.0,77526816.0,77611000,80886000.0,1.188,284331000.0,18749000.0,10805000.0,55922000.0,3.664,63393000.0
57,ANSS,MRQ,2007-03-31,2007-03-31,2007-03-31,2021-08-05,8695000.0,903402000.0,,245500000.0,657902000.0,,7.161,-2379000.0,117374000.0,117374000.0,18880000.0,16151000.0,1.263,0.631,114802000.0,13290000.0,101512000.0,114802000.0,120506000.0,9478000.0,0.0,0.0,0.0,27767000.0,37245000.0,0.424,37245000.0,27767000.0,25784000.0,0.21,0.2,0.21,554016000.0,,554016000.0,1985691781.0,40.0,23.596,19823000.0,0.256,1.0,68979000.0,0.785,628812000.0,1983000.0,77642000.0,,0.0,169000.0,169000.0,0.0,349386000.0,194376000.0,155010000.0,1966686781.0,13059000.0,0.0,-143000.0,-8520000.0,0.0,-7455000.0,-2373000.0,6000.0,22202000.0,685000.0,16151000.0,16151000.0,16151000.0,0.0,0.0,0.184,42158000.0,26821000.0,3979000.0,0.0,3.55,113.067,120.881,26139000.0,0.0,25.385,6.438,6.429,104661000.0,207898000.0,87859000.0,87859000.0,13072000.0,,,,,962000.0,26891000.0,1.0,77474366.0,77366000,80734000.0,1.136,274590000.0,23296000.0,9633000.0,68405000.0,3.549,51124000.0
58,ANSS,MRQ,2006-12-31,2006-12-31,2006-12-31,2021-08-05,7718000.0,902696000.0,,215944000.0,686752000.0,,6.938,-3717000.0,104315000.0,104315000.0,19086000.0,12264000.0,1.203,0.688,123320000.0,13927000.0,109393000.0,123320000.0,101226000.0,9523000.0,0.0,0.0,0.0,20621000.0,30144000.0,0.354,30144000.0,20621000.0,18021000.0,0.16,0.16,0.16,534793000.0,,534793000.0,1722426574.0,42.0,25.217,25592000.0,0.332,1.0,66162000.0,0.776,658205000.0,2600000.0,83958000.0,,0.0,171000.0,171000.0,0.0,367903000.0,179538000.0,188365000.0,1675523574.0,2697000.0,-50000.0,783000.0,-25203000.0,0.0,-23596000.0,-3782000.0,-15000.0,29309000.0,766000.0,12264000.0,12264000.0,12264000.0,0.0,0.0,0.144,46173000.0,19989000.0,3599000.0,0.0,3.133,118.361,114.447,25530000.0,0.0,21.745,6.355,5.995,90482000.0,193327000.0,85248000.0,85248000.0,15132000.0,,,,,1108000.0,28709000.0,1.0,77053280.0,77084000,80430000.0,1.106,244491000.0,20976000.0,5757000.0,84350000.0,3.172,36406000.0
59,ANSS,MRQ,2006-09-30,2006-09-30,2006-09-30,2021-08-05,6416000.0,854554000.0,,184179000.0,670375000.0,,6.739,-1953000.0,101618000.0,101618000.0,17320000.0,8372000.0,1.167,0.651,148521000.0,19806000.0,128715000.0,148521000.0,89742000.0,9282000.0,0.0,0.0,0.0,14208000.0,23490000.0,0.335,23490000.0,14208000.0,11212000.0,0.11,0.1,0.11,517607000.0,,517607000.0,1761928931.0,43.0,29.045,20402000.0,0.266,1.0,52797000.0,0.753,643103000.0,2996000.0,100551000.0,,0.0,150000.0,150000.0,0.0,336947000.0,157803000.0,179144000.0,1694024931.0,-1030000.0,-3371000.0,2647000.0,-22121000.0,0.0,-17753000.0,-5328000.0,-4000.0,22355000.0,-304000.0,8372000.0,8372000.0,8372000.0,0.0,0.0,0.119,39942000.0,12855000.0,3026000.0,0.0,3.273,111.721,90.163,24430000.0,0.0,22.09,7.627,7.638,69482000.0,181063000.0,70117000.0,70117000.0,13295000.0,,,,,-481000.0,24333000.0,1.0,76687412.0,76804000,80580000.0,0.913,211451000.0,12929000.0,2840000.0,49054000.0,2.753,26376000.0
60,ANSS,MRQ,2006-06-30,2006-06-30,2006-06-30,2021-08-05,6801000.0,868894000.0,,191448000.0,677446000.0,,6.931,-1383000.0,102648000.0,102648000.0,13453000.0,-19393000.0,1.149,0.726,170552000.0,24361000.0,146191000.0,170552000.0,95394000.0,6786000.0,0.0,0.0,0.0,-13510000.0,-6724000.0,-0.108,-6724000.0,-13510000.0,-15689000.0,-0.27,-0.27,-0.27,503302000.0,,503302000.0,1633092920.0,40.0,30.505,24022000.0,0.331,1.0,48811000.0,0.784,650135000.0,2179000.0,120043000.0,,0.0,461000.0,461000.0,0.0,365592000.0,166620000.0,198972000.0,1830251920.0,-94511000.0,-294466000.0,638000.0,168591000.0,0.0,168221000.0,-289806000.0,6043000.0,25405000.0,1669000.0,-19393000.0,-19393000.0,-19393000.0,0.0,0.0,-0.311,63318000.0,-14507000.0,2514000.0,0.0,3.636,101.879,77.129,24252000.0,0.0,23.91,9.581,9.088,76086000.0,172691000.0,62264000.0,62264000.0,11622000.0,,,,,548000.0,22020000.0,1.0,76547550.0,72612000,72612000.0,0.857,218759000.0,12253000.0,3704000.0,51406000.0,3.013,24828000.0
61,ANSS,MRQ,2006-03-31,2006-03-31,2006-03-31,2021-08-05,4546000.0,325543000.0,,257914000.0,67629000.0,,3.796,-790000.0,197159000.0,197159000.0,6868000.0,12913000.0,3.211,0.335,0.0,0.0,0.0,0.0,57724000.0,1872000.0,0.0,0.0,0.0,18001000.0,19873000.0,0.432,19873000.0,18001000.0,19517000.0,0.2,0.19,0.2,243846000.0,,243846000.0,1565404567.0,23.0,20.663,11838000.0,0.184,1.0,39143000.0,0.851,54550000.0,-1516000.0,-6488000.0,,0.0,6071000.0,6071000.0,0.0,81697000.0,80322000.0,1375000.0,1741570567.0,20993000.0,-6925000.0,2188000.0,0.0,0.0,3902000.0,4285000.0,12000000.0,12628000.0,178000.0,12913000.0,12913000.0,12913000.0,0.0,0.0,0.281,21324000.0,17819000.0,1385000.0,0.0,7.142,36.95,36.837,6265000.0,0.0,27.075,10.465,10.452,50505000.0,192084000.0,46011000.0,46011000.0,9357000.0,,,,,-740000.0,11839000.0,1.0,64323936.0,64244000,68330000.0,0.716,270993000.0,7129000.0,6604000.0,0.0,4.218,177592000.0
62,ANSS,MRQ,2005-12-31,2005-12-31,2005-12-31,2021-08-05,4271000.0,305509000.0,,244362000.0,61147000.0,,3.517,-1019000.0,176166000.0,176166000.0,6151000.0,13271000.0,3.196,0.358,0.0,0.0,0.0,0.0,48234000.0,1948000.0,0.0,0.0,0.0,22076000.0,24024000.0,0.549,24024000.0,22076000.0,19233000.0,0.205,0.195,0.205,224977000.0,,224977000.0,1199453898.0,19.0,16.842,19729000.0,0.308,1.0,37570000.0,0.859,54041000.0,2843000.0,-1168000.0,,0.0,18066000.0,18066000.0,0.0,80532000.0,76470000.0,4062000.0,1363883898.0,11736000.0,-212000.0,788000.0,0.0,0.0,788000.0,-9255000.0,-8024000.0,20748000.0,-545000.0,13271000.0,13271000.0,13271000.0,0.0,0.0,0.304,19808000.0,17762000.0,1330000.0,0.0,6.062,31.066,30.935,6362000.0,0.0,21.345,8.63,8.576,44199000.0,179171000.0,43721000.0,43721000.0,8202000.0,,,,,0.0,11431000.0,1.0,63897114.0,63972000,67534000.0,0.683,251468000.0,6208000.0,5962000.0,4528000.0,3.931,167892000.0
63,ANSS,MRQ,2005-09-30,2005-09-30,2005-09-30,2021-08-05,4824000.0,273018000.0,,215320000.0,57698000.0,,3.281,-791000.0,164430000.0,164430000.0,6033000.0,11174000.0,3.365,0.306,0.0,0.0,0.0,0.0,46079000.0,2027000.0,0.0,0.0,0.0,14335000.0,16362000.0,0.419,16362000.0,14335000.0,15470000.0,0.175,0.165,0.175,209036000.0,,209036000.0,1070538950.0,19.0,16.666,13368000.0,0.21,1.0,33002000.0,0.845,49404000.0,-1135000.0,-4798000.0,,0.0,10042000.0,10042000.0,0.0,63982000.0,63982000.0,0.0,1223862950.0,11106000.0,0.0,-2146000.0,0.0,0.0,-2146000.0,-791000.0,0.0,14159000.0,-116000.0,11174000.0,11174000.0,11174000.0,0.0,0.0,0.286,18673000.0,14329000.0,947000.0,0.0,5.855,28.54,28.095,6234000.0,0.0,19.245,7.989,8.002,37533000.0,165900000.0,39035000.0,39035000.0,7667000.0,,,,,0.0,10708000.0,1.0,63593814.0,63702000,67844000.0,0.613,223614000.0,5375000.0,4296000.0,0.0,3.51,151338000.0
64,ANSS,MRQ,2005-06-30,2005-06-30,2005-06-30,2021-08-05,4492000.0,262011000.0,,203651000.0,58360000.0,,3.104,-1481000.0,153324000.0,153324000.0,5837000.0,9775000.0,3.112,0.333,0.0,0.0,0.0,0.0,49465000.0,2111000.0,0.0,0.0,0.0,13390000.0,15501000.0,0.412,15501000.0,13390000.0,14374000.0,0.155,0.145,0.155,196569000.0,,196569000.0,1057692706.0,20.0,17.447,16117000.0,0.254,1.0,31819000.0,0.845,50732000.0,-984000.0,-7487000.0,,0.0,10046000.0,10046000.0,0.0,65442000.0,65442000.0,0.0,1127598706.0,83418000.0,-16000.0,-1828000.0,0.0,0.0,-1828000.0,68492000.0,69989000.0,17598000.0,-844000.0,9775000.0,9775000.0,9775000.0,0.0,0.0,0.26,18491000.0,13328000.0,904000.0,0.0,5.736,28.686,28.286,6391000.0,0.0,17.82,7.698,7.705,36855000.0,154726000.0,37656000.0,37656000.0,7506000.0,,,,,0.0,10600000.0,1.0,63277144.0,63334000,67564000.0,0.595,211279000.0,4663000.0,4599000.0,0.0,3.336,138209000.0
65,ANSS,MRQ,2005-03-31,2005-03-31,2005-03-31,2021-08-05,5928000.0,254979000.0,,195358000.0,59621000.0,,2.984,-1461000.0,69906000.0,69906000.0,6018000.0,9683000.0,2.916,0.356,0.0,0.0,0.0,0.0,51340000.0,2021000.0,0.0,0.0,0.0,14034000.0,16055000.0,0.427,16055000.0,14034000.0,14034000.0,0.155,0.145,0.155,187975000.0,,187975000.0,994662330.0,20.0,17.2,13859000.0,0.22,1.0,31606000.0,0.84,52599000.0,0.0,65470000.0,,0.0,79838000.0,79838000.0,0.0,67004000.0,67004000.0,0.0,1078209330.0,-13641000.0,-4157000.0,1725000.0,0.0,0.0,1725000.0,-30284000.0,-24666000.0,15320000.0,-402000.0,9683000.0,9683000.0,9683000.0,0.0,0.0,0.257,18185000.0,13421000.0,1214000.0,0.0,5.736,29.054,28.508,6168000.0,0.0,17.105,7.656,7.65,42043000.0,144951000.0,37624000.0,37624000.0,7313000.0,,,,,0.0,10546000.0,1.0,63034746.0,62984000,67532000.0,0.597,202380000.0,4425000.0,4351000.0,0.0,3.213,128354000.0
66,ANSS,MRQ,2004-12-31,2004-12-31,2004-12-31,2021-08-05,6701000.0,239646000.0,,184254000.0,55392000.0,,2.802,-616000.0,83547000.0,83547000.0,5713000.0,12251000.0,2.871,0.366,0.0,0.0,0.0,0.0,43906000.0,1967000.0,0.0,0.0,0.0,14351000.0,16318000.0,0.42,16318000.0,14351000.0,16001000.0,0.2,0.185,0.2,175469000.0,,175469000.0,887459386.0,19.0,16.484,11035000.0,0.176,1.0,33174000.0,0.853,49283000.0,-1650000.0,42639000.0,,0.0,54899000.0,54899000.0,0.0,64177000.0,64177000.0,0.0,1001739386.0,-30733000.0,0.0,1286000.0,0.0,0.0,1286000.0,-44968000.0,-44352000.0,11651000.0,1298000.0,12251000.0,12251000.0,12251000.0,0.0,0.0,0.315,18305000.0,14869000.0,1100000.0,0.0,5.709,28.98,28.625,5551000.0,0.0,16.03,7.446,7.376,42404000.0,135268000.0,38887000.0,38887000.0,6840000.0,,,,,0.0,11173000.0,1.0,62491540.0,62630000,66454000.0,0.621,190363000.0,3962000.0,3750000.0,0.0,3.039,120077000.0
67,ANSS,MRQ,2004-09-30,2004-09-30,2004-09-30,2021-08-05,4713000.0,212879000.0,,157842000.0,55037000.0,,2.553,-709000.0,114280000.0,114280000.0,5441000.0,7599000.0,2.911,0.342,0.0,0.0,0.0,0.0,38726000.0,1873000.0,0.0,0.0,0.0,10876000.0,12749000.0,0.394,12749000.0,10876000.0,10876000.0,0.12,0.115,0.12,158648000.0,,158648000.0,680854615.0,16.0,13.708,12704000.0,0.204,1.0,26877000.0,0.832,48463000.0,0.0,-4095000.0,,0.0,9980000.0,9980000.0,0.0,54231000.0,54231000.0,0.0,770121615.0,25013000.0,0.0,2121000.0,0.0,0.0,2121000.0,9291000.0,10000000.0,13413000.0,188000.0,7599000.0,7599000.0,7599000.0,0.0,0.0,0.235,16416000.0,10461000.0,774000.0,0.0,4.854,26.091,25.901,5827000.0,0.0,12.432,5.974,5.994,14716000.0,123018000.0,32318000.0,32318000.0,6611000.0,,,,,0.0,9520000.0,1.0,61944228.0,62150000,66462000.0,0.52,164416000.0,3782000.0,3277000.0,0.0,2.645,103611000.0
68,ANSS,MRQ,2004-06-30,2004-06-30,2004-06-30,2021-08-05,4048000.0,202676000.0,,146763000.0,55913000.0,,2.384,-1214000.0,89267000.0,89267000.0,4978000.0,7577000.0,2.628,0.38,0.0,0.0,0.0,0.0,41760000.0,1882000.0,0.0,0.0,0.0,10824000.0,12706000.0,0.397,12706000.0,10824000.0,10824000.0,0.125,0.115,0.125,146837000.0,,146837000.0,630655550.0,16.0,13.73,11876000.0,0.193,1.0,27024000.0,0.844,48881000.0,0.0,8689000.0,,0.0,20104000.0,20104000.0,0.0,55839000.0,55839000.0,0.0,721950550.0,-2028000.0,0.0,1490000.0,0.0,0.0,1490000.0,-16317000.0,-15103000.0,13090000.0,-291000.0,7577000.0,7577000.0,7577000.0,0.0,0.0,0.237,16346000.0,10678000.0,719000.0,0.0,4.917,26.465,26.111,6159000.0,0.0,11.75,5.793,5.808,16652000.0,115419000.0,32002000.0,32002000.0,6483000.0,,,,,0.0,9578000.0,1.0,61442600.0,61600000,65932000.0,0.52,153795000.0,4154000.0,3247000.0,0.0,2.497,90924000.0
69,ANSS,MRQ,2004-03-31,2004-03-31,2004-03-31,2021-08-05,4527000.0,193456000.0,,137261000.0,56195000.0,,2.238,-1196000.0,91295000.0,91295000.0,5175000.0,7140000.0,2.461,0.411,0.0,0.0,0.0,0.0,43787000.0,1866000.0,0.0,0.0,0.0,10200000.0,12066000.0,0.385,12066000.0,10200000.0,10200000.0,0.115,0.11,0.115,137080000.0,,137080000.0,530725509.0,15.0,12.649,12016000.0,0.196,1.0,26157000.0,0.835,50272000.0,0.0,-3878000.0,,0.0,4988000.0,4988000.0,0.0,56376000.0,55767000.0,609000.0,608763509.0,13257000.0,0.0,995000.0,0.0,0.0,995000.0,-1196000.0,0.0,13212000.0,246000.0,7140000.0,7140000.0,7140000.0,0.0,0.0,0.228,16187000.0,9970000.0,1555000.0,0.0,4.441,25.183,24.837,5923000.0,0.0,9.935,5.062,5.061,18653000.0,107842000.0,31332000.0,31332000.0,6347000.0,,,,,0.0,9553000.0,1.0,61274636.0,61260000,65844000.0,0.511,143184000.0,3452000.0,3060000.0,609000.0,2.337,81494000.0
70,ANSS,MRQ,2003-12-31,2003-12-31,2003-12-31,2021-08-05,4440000.0,180559000.0,,122559000.0,58000000.0,,2.085,-1288000.0,78038000.0,78038000.0,5548000.0,7201000.0,2.291,0.421,0.0,0.0,0.0,0.0,37874000.0,1859000.0,0.0,0.0,0.0,10287000.0,12146000.0,0.365,12146000.0,10287000.0,10287000.0,0.12,0.11,0.12,127074000.0,,127074000.0,536970865.0,18.0,14.216,8788000.0,0.144,1.0,27706000.0,0.833,50986000.0,0.0,-1950000.0,,0.0,4976000.0,4976000.0,0.0,53485000.0,53485000.0,0.0,604251865.0,10757000.0,0.0,799000.0,0.0,0.0,799000.0,-1296000.0,-8000.0,10076000.0,1178000.0,7201000.0,7201000.0,7201000.0,0.0,0.0,0.217,17278000.0,10428000.0,988000.0,0.0,4.755,28.351,27.958,5801000.0,0.0,9.925,5.322,5.23,36234000.0,100701000.0,33254000.0,33254000.0,6183000.0,,,,,0.0,10814000.0,1.0,60881800.0,60960000,65360000.0,0.546,129573000.0,4524000.0,3086000.0,0.0,2.126,69074000.0
71,ANSS,MRQ,2003-09-30,2003-09-30,2003-09-30,2021-08-05,2808000.0,162445000.0,,106658000.0,55787000.0,,1.94,-508000.0,67281000.0,67281000.0,5296000.0,5361000.0,2.357,0.386,0.0,0.0,0.0,0.0,33993000.0,1902000.0,0.0,0.0,0.0,7111000.0,9013000.0,0.321,9013000.0,7111000.0,7111000.0,0.09,0.085,0.09,117201000.0,,117201000.0,487058372.0,17.0,13.595,6593000.0,0.109,1.0,22742000.0,0.811,50168000.0,0.0,-248000.0,,0.0,4989000.0,4989000.0,0.0,45244000.0,45244000.0,0.0,534910372.0,19429000.0,0.0,2368000.0,0.0,0.0,2368000.0,9503000.0,10011000.0,7101000.0,457000.0,5361000.0,5361000.0,5361000.0,0.0,0.0,0.191,14823000.0,7919000.0,1279000.0,0.0,4.564,26.246,25.754,5482000.0,0.0,8.885,5.068,5.086,16034000.0,93500000.0,28038000.0,28038000.0,5879000.0,,,,,0.0,8668000.0,1.0,60203756.0,60424000,64944000.0,0.464,112277000.0,3805000.0,1750000.0,0.0,1.858,61414000.0
72,ANSS,MRQ,2003-06-30,2003-06-30,2003-06-30,2021-08-05,2428000.0,155682000.0,,97411000.0,58271000.0,,1.826,-772000.0,47852000.0,47852000.0,6063000.0,4472000.0,2.065,0.435,0.0,0.0,0.0,0.0,36245000.0,1958000.0,0.0,0.0,0.0,6775000.0,8733000.0,0.316,8733000.0,6775000.0,6775000.0,0.075,0.072,0.075,108505000.0,,108505000.0,426197154.0,15.0,12.629,9389000.0,0.158,1.0,21580000.0,0.781,48045000.0,0.0,12608000.0,,0.0,15616000.0,14980000.0,636000.0,47177000.0,47177000.0,0.0,463046154.0,11003000.0,-846000.0,2970000.0,0.0,0.0,2970000.0,-1853000.0,-235000.0,10161000.0,-275000.0,4472000.0,4472000.0,4472000.0,0.0,0.0,0.162,15577000.0,6003000.0,930000.0,0.0,4.268,24.241,24.047,5877000.0,0.0,7.815,4.665,4.68,16035000.0,88139000.0,27643000.0,27643000.0,6074000.0,,,,,0.0,9228000.0,1.0,59249052.0,59436000,63616000.0,0.465,107637000.0,7031000.0,2303000.0,0.0,1.811,50234000.0
73,ANSS,MRQ,2003-03-31,2003-03-31,2003-03-31,2021-08-05,1152000.0,147333000.0,,88992000.0,58341000.0,,1.665,-743000.0,36849000.0,36849000.0,4598000.0,4279000.0,1.784,0.512,0.0,0.0,0.0,0.0,36672000.0,1379000.0,0.0,0.0,0.0,6501000.0,7880000.0,0.32,7880000.0,6501000.0,6501000.0,0.072,0.068,0.072,97440000.0,,97440000.0,305421722.0,11.0,9.264,10725000.0,0.183,1.0,20002000.0,0.813,47330000.0,0.0,13261000.0,,0.0,15430000.0,14944000.0,486000.0,49893000.0,49893000.0,0.0,351619722.0,-9349000.0,-21489000.0,1376000.0,0.0,0.0,1376000.0,-22242000.0,-10000.0,11468000.0,49000.0,4279000.0,4279000.0,4279000.0,0.0,0.0,0.174,14035000.0,5967000.0,1133000.0,0.0,3.609,18.172,18.144,5953000.0,0.0,5.987,3.727,3.713,18878000.0,83667000.0,24600000.0,24600000.0,5656000.0,,,,,0.0,8156000.0,1.0,58725632.0,58508000,62336000.0,0.42,100003000.0,7142000.0,2222000.0,0.0,1.709,39099000.0
74,ANSS,MRQ,2002-12-31,2002-12-31,2002-12-31,2021-08-05,760000.0,127001000.0,,92491000.0,34510000.0,,1.57,-565000.0,46198000.0,46198000.0,3450000.0,6269000.0,2.597,0.39,0.0,0.0,0.0,0.0,26395000.0,1114000.0,0.0,0.0,0.0,9086000.0,10200000.0,0.404,10200000.0,9086000.0,9086000.0,0.108,0.102,0.108,91393000.0,,91393000.0,268666012.0,10.0,8.419,5561000.0,0.096,1.0,21817000.0,0.863,24684000.0,0.0,20511000.0,,0.0,15420000.0,14934000.0,486000.0,35608000.0,35608000.0,0.0,294095012.0,20769000.0,0.0,199000.0,0.0,0.0,199000.0,14341000.0,14906000.0,6126000.0,103000.0,6269000.0,6269000.0,6269000.0,0.0,0.0,0.248,12516000.0,9301000.0,627000.0,0.0,3.218,15.512,15.538,4302000.0,0.0,5.05,3.231,3.24,29612000.0,79388000.0,25267000.0,25267000.0,4693000.0,,,,,0.0,7629000.0,1.0,58236636.0,58224000,61380000.0,0.434,102317000.0,6785000.0,2817000.0,0.0,1.757,56883000.0
75,ANSS,MRQ,2002-09-30,2002-09-30,2002-09-30,2021-08-05,39000.0,116274000.0,,81859000.0,34415000.0,,1.439,-306000.0,25429000.0,25429000.0,3384000.0,4082000.0,2.529,0.386,0.0,0.0,0.0,0.0,23218000.0,1102000.0,0.0,0.0,0.0,5832000.0,6934000.0,0.319,6934000.0,5832000.0,5832000.0,0.07,0.065,0.07,83911000.0,,83911000.0,228391344.0,9.0,7.332,6011000.0,0.103,1.0,18361000.0,0.844,23679000.0,0.0,34803000.0,,0.0,30858000.0,29840000.0,1018000.0,32363000.0,32363000.0,0.0,251194344.0,2626000.0,0.0,-1403000.0,0.0,0.0,-1403000.0,-2312000.0,-2006000.0,6317000.0,24000.0,4082000.0,4082000.0,4082000.0,0.0,0.0,0.188,12561000.0,5800000.0,578000.0,0.0,2.994,14.122,14.123,4667000.0,0.0,4.308,2.766,2.766,12785000.0,73119000.0,21745000.0,21745000.0,5155000.0,,,,,0.0,7212000.0,1.0,58315576.0,58312000,61900000.0,0.373,92595000.0,7081000.0,1750000.0,0.0,1.588,49496000.0
76,ANSS,MRQ,2002-06-30,2002-06-30,2002-06-30,2021-08-05,2000.0,113238000.0,,78260000.0,34978000.0,,1.349,-720000.0,22803000.0,22803000.0,2809000.0,4720000.0,2.296,0.431,0.0,0.0,0.0,0.0,25736000.0,1163000.0,0.0,0.0,0.0,6791000.0,7954000.0,0.35,7954000.0,6791000.0,6791000.0,0.08,0.075,0.08,79152000.0,,79152000.0,277818347.0,12.0,9.293,6064000.0,0.103,1.0,19925000.0,0.876,24232000.0,0.0,32117000.0,,0.0,28917000.0,27834000.0,1083000.0,34086000.0,34086000.0,0.0,296275347.0,4346000.0,-841000.0,-5131000.0,0.0,0.0,-5131000.0,2449000.0,4010000.0,6784000.0,244000.0,4720000.0,4720000.0,4720000.0,0.0,0.0,0.208,13457000.0,6468000.0,666000.0,0.0,3.743,18.11,17.946,4916000.0,0.0,5.025,3.304,3.288,13523000.0,69037000.0,22734000.0,22734000.0,4938000.0,,,,,0.0,7951000.0,1.0,58960268.0,58680000,63316000.0,0.387,89006000.0,6652000.0,2071000.0,0.0,1.517,44174000.0
77,ANSS,MRQ,2002-03-31,2002-03-31,2002-03-31,2021-08-05,-366000.0,113748000.0,,77937000.0,35811000.0,,1.357,-645000.0,18457000.0,18457000.0,2851000.0,3888000.0,2.256,0.436,0.0,0.0,0.0,0.0,26510000.0,1146000.0,0.0,0.0,0.0,5676000.0,6822000.0,0.321,6822000.0,5676000.0,5676000.0,0.068,0.062,0.068,79195000.0,,79195000.0,369861097.0,17.0,12.748,2244000.0,0.038,1.0,18414000.0,0.866,25139000.0,0.0,35599000.0,,0.0,32943000.0,31843000.0,1100000.0,34553000.0,34553000.0,0.0,398406097.0,-10088000.0,-3436000.0,-1120000.0,0.0,0.0,-1120000.0,-11622000.0,-7541000.0,2889000.0,-235000.0,3888000.0,3888000.0,3888000.0,0.0,0.0,0.183,12909000.0,5505000.0,406000.0,0.0,5.031,26.195,25.76,4995000.0,0.0,6.775,4.534,4.499,13057000.0,64317000.0,21265000.0,21265000.0,4819000.0,,,,,0.0,7491000.0,1.0,58805328.0,58352000,63372000.0,0.364,88609000.0,6419000.0,1788000.0,0.0,1.519,43384000.0
78,ANSS,MRQ,2001-12-31,2001-12-31,2001-12-31,2021-08-05,-71000.0,117762000.0,,83402000.0,34360000.0,,1.289,-594000.0,28545000.0,28545000.0,4227000.0,5098000.0,1.923,0.583,0.0,0.0,0.0,0.0,25120000.0,1936000.0,0.0,0.0,0.0,7502000.0,9438000.0,0.376,9438000.0,7502000.0,7502000.0,0.087,0.082,0.087,74393000.0,,74393000.0,337666687.0,17.0,12.229,8194000.0,0.142,1.0,20846000.0,0.831,23728000.0,0.0,22120000.0,,0.0,25403000.0,24903000.0,500000.0,43369000.0,43369000.0,0.0,355661687.0,10550000.0,-3981000.0,1262000.0,0.0,0.0,1262000.0,297000.0,4872000.0,8788000.0,203000.0,5098000.0,5098000.0,5098000.0,0.0,0.0,0.203,13184000.0,7662000.0,624000.0,0.0,4.781,25.976,26.223,4915000.0,0.0,6.162,4.192,4.229,28155000.0,60429000.0,25073000.0,25073000.0,4322000.0,,,,,0.0,8709000.0,1.0,57713864.0,57712000,62292000.0,0.434,94034000.0,7016000.0,2404000.0,0.0,1.629,40033000.0
79,ANSS,MRQ,2001-09-30,2001-09-30,2001-09-30,2021-08-05,-86000.0,92117000.0,,65898000.0,26219000.0,,1.149,-287000.0,17995000.0,17995000.0,2711000.0,2654000.0,2.6,0.38,0.0,0.0,0.0,0.0,14685000.0,1831000.0,0.0,0.0,0.0,3850000.0,5681000.0,0.276,5681000.0,3850000.0,3850000.0,0.045,0.043,0.045,66773000.0,,66773000.0,239919790.0,13.0,9.012,1423000.0,0.024,1.0,17899000.0,0.868,15525000.0,0.0,33253000.0,,0.0,30775000.0,29775000.0,1000000.0,25344000.0,25344000.0,0.0,259705790.0,-1791000.0,0.0,-2885000.0,0.0,0.0,-2885000.0,-684000.0,-397000.0,1710000.0,68000.0,2654000.0,2654000.0,2654000.0,0.0,0.0,0.129,14532000.0,3367000.0,572000.0,0.0,3.889,19.896,20.565,5160000.0,0.0,4.463,3.095,3.091,12948000.0,55332000.0,20610000.0,20610000.0,4358000.0,,,,,0.0,8893000.0,1.0,58197376.0,58128000,62308000.0,0.355,76592000.0,6259000.0,1196000.0,0.0,1.318,40554000.0
80,ANSS,MRQ,2001-06-30,2001-06-30,2001-06-30,2021-08-05,-154000.0,91377000.0,,64031000.0,27346000.0,,1.167,-924000.0,19786000.0,19786000.0,2946000.0,3569000.0,2.619,0.365,0.0,0.0,0.0,0.0,16328000.0,1900000.0,0.0,0.0,0.0,5172000.0,7072000.0,0.338,7072000.0,5172000.0,5172000.0,0.062,0.06,0.062,66933000.0,,66933000.0,250328561.0,13.0,9.412,5870000.0,0.102,1.0,17985000.0,0.859,16781000.0,0.0,30366000.0,,0.0,30378000.0,29878000.0,500000.0,24444000.0,24444000.0,0.0,267622561.0,2492000.0,0.0,1865000.0,0.0,0.0,1865000.0,-6122000.0,-5198000.0,6794000.0,-45000.0,3569000.0,3569000.0,3569000.0,0.0,0.0,0.171,13280000.0,4705000.0,231000.0,0.0,3.998,19.576,20.8,5446000.0,0.0,4.68,3.346,3.357,11701000.0,52677000.0,20931000.0,20931000.0,4298000.0,,,,,0.0,7664000.0,1.0,57184308.0,57368000,60684000.0,0.365,74596000.0,5463000.0,1603000.0,0.0,1.3,39587000.0
81,ANSS,MRQ,2001-03-31,2001-03-31,2001-03-31,2021-08-05,0.0,84001000.0,,55545000.0,28456000.0,,1.024,-722000.0,17294000.0,17294000.0,2663000.0,2371000.0,2.422,0.376,0.0,0.0,0.0,0.0,15084000.0,1964000.0,0.0,0.0,0.0,3458000.0,5422000.0,0.298,5422000.0,3458000.0,3458000.0,0.04,0.037,0.04,61068000.0,,61068000.0,173431704.0,9.0,6.688,5624000.0,0.094,1.0,15559000.0,0.854,17971000.0,0.0,25803000.0,,0.0,25180000.0,24680000.0,500000.0,22933000.0,22933000.0,0.0,179744704.0,10981000.0,-333000.0,-10662000.0,0.0,0.0,-10662000.0,15492000.0,16547000.0,6346000.0,-195000.0,2371000.0,2371000.0,2371000.0,0.0,0.0,0.13,12745000.0,2814000.0,234000.0,0.0,2.943,12.663,13.849,5233000.0,0.0,3.158,2.387,2.501,10896000.0,49108000.0,18222000.0,18222000.0,3915000.0,,,,,0.0,7505000.0,1.0,56926272.0,59656000,61972000.0,0.305,66030000.0,5505000.0,1087000.0,0.0,1.107,32612000.0
82,ANSS,MRQ,2000-12-31,2000-12-31,2000-12-31,2021-08-05,0.0,101120000.0,,71802000.0,29318000.0,,1.108,-603000.0,6313000.0,6313000.0,2807000.0,4459000.0,2.261,0.458,0.0,0.0,0.0,0.0,19797000.0,1886000.0,0.0,0.0,0.0,6561000.0,8447000.0,0.35,8447000.0,6561000.0,6561000.0,0.07,0.068,0.07,69364000.0,,69364000.0,166949784.0,7.0,6.073,4323000.0,0.069,1.0,21345000.0,0.884,18771000.0,0.0,44280000.0,,0.0,41727000.0,41227000.0,500000.0,31756000.0,31756000.0,0.0,178386784.0,-5124000.0,-200000.0,-7180000.0,0.0,0.0,-7180000.0,-2988000.0,-2185000.0,4926000.0,118000.0,4459000.0,4459000.0,4459000.0,0.0,0.0,0.185,15594000.0,5751000.0,459000.0,0.0,2.572,10.937,10.901,5152000.0,0.0,2.812,2.396,2.388,23567000.0,46737000.0,24152000.0,24152000.0,4431000.0,,,,,0.0,9851000.0,1.0,63426412.0,62616000,64188000.0,0.386,82349000.0,5590000.0,2102000.0,0.0,1.315,40046000.0
83,ANSS,MRQ,2000-09-30,2000-09-30,2000-09-30,2021-08-05,0.0,94748000.0,,64604000.0,30144000.0,,1.156,-844000.0,11437000.0,11437000.0,2081000.0,3272000.0,2.798,0.322,0.0,0.0,0.0,0.0,13944000.0,975000.0,0.0,0.0,0.0,4682000.0,5657000.0,0.339,5657000.0,4682000.0,4682000.0,0.052,0.052,0.052,71655000.0,,71655000.0,158200768.0,7.0,6.225,4712000.0,0.076,1.0,14601000.0,0.875,19724000.0,0.0,40494000.0,,0.0,39543000.0,39168000.0,375000.0,23093000.0,23093000.0,0.0,182073768.0,-12436000.0,-8847000.0,-3807000.0,0.0,0.0,-3807000.0,-14153000.0,-4462000.0,5556000.0,-32000.0,3272000.0,3272000.0,3272000.0,0.0,0.0,0.196,10796000.0,3805000.0,237000.0,0.0,2.541,11.397,12.0,5281000.0,0.0,3.0,2.681,2.738,10362000.0,42278000.0,16682000.0,16682000.0,3457000.0,,,,,0.0,6816000.0,1.0,60691256.0,61980000,63892000.0,0.269,75024000.0,5277000.0,1410000.0,0.0,1.21,41511000.0
84,ANSS,MRQ,2000-06-30,2000-06-30,2000-06-30,2021-08-05,0.0,85343000.0,,71694000.0,13649000.0,,1.038,-1257000.0,23873000.0,23873000.0,1794000.0,4092000.0,3.647,0.299,0.0,0.0,0.0,0.0,13950000.0,722000.0,0.0,0.0,0.0,5684000.0,6406000.0,0.394,6406000.0,5684000.0,5684000.0,0.065,0.062,0.065,65683000.0,,65683000.0,169393684.0,8.0,6.774,2066000.0,0.033,1.0,14459000.0,0.89,2428000.0,0.0,39382000.0,,0.0,35081000.0,34706000.0,375000.0,19660000.0,19660000.0,0.0,182452684.0,10814000.0,-100000.0,-6181000.0,0.0,0.0,-6181000.0,13705000.0,15062000.0,3323000.0,-33000.0,4092000.0,4092000.0,4092000.0,0.0,0.0,0.252,9670000.0,4789000.0,89000.0,0.0,2.778,11.354,11.518,4390000.0,0.0,2.845,2.785,2.747,9510000.0,39006000.0,16253000.0,16253000.0,3203000.0,,,,,0.0,6276000.0,1.0,64130996.0,63260000,65088000.0,0.257,82915000.0,6933000.0,1592000.0,0.0,1.311,52034000.0
85,ANSS,MRQ,2000-03-31,2000-03-31,2000-03-31,2021-08-05,0.0,88630000.0,,75828000.0,12802000.0,,1.043,-682000.0,13059000.0,13059000.0,2003000.0,4487000.0,3.641,0.307,0.0,0.0,0.0,0.0,13819000.0,750000.0,0.0,0.0,0.0,6231000.0,6981000.0,0.402,6981000.0,6231000.0,6231000.0,0.07,0.068,0.07,67806000.0,,67806000.0,162853697.0,8.0,6.847,8363000.0,0.129,1.0,15377000.0,0.885,2519000.0,0.0,52228000.0,,0.0,50293000.0,50293000.0,0.0,20824000.0,20824000.0,0.0,173254697.0,2658000.0,-100000.0,-2443000.0,0.0,0.0,-2443000.0,-3944000.0,-3162000.0,9045000.0,0.0,4487000.0,4487000.0,4487000.0,0.0,0.0,0.258,10143000.0,5234000.0,295000.0,0.0,2.555,11.163,11.34,3666000.0,0.0,2.688,2.68,2.703,9531000.0,34915000.0,17380000.0,17380000.0,3411000.0,,,,,0.0,6524000.0,1.0,64466864.0,65012000,67380000.0,0.267,86111000.0,7023000.0,1744000.0,0.0,1.325,55004000.0
86,ANSS,MRQ,1999-12-31,1999-12-31,1999-12-31,2021-08-05,120000.0,83891000.0,,70915000.0,12976000.0,,1.006,-330000.0,10401000.0,10401000.0,1764000.0,4125000.0,3.884,0.278,0.0,0.0,0.0,0.0,11406000.0,721000.0,0.0,0.0,0.0,5650000.0,6371000.0,0.362,6371000.0,5650000.0,5650000.0,0.062,0.062,0.062,65631000.0,,65631000.0,171813832.0,9.0,7.592,4523000.0,0.069,1.0,15834000.0,0.9,2622000.0,0.0,52608000.0,,0.0,46913000.0,46731000.0,182000.0,18260000.0,18260000.0,0.0,178504832.0,3710000.0,0.0,-2272000.0,0.0,0.0,-2272000.0,1097000.0,1427000.0,4853000.0,32000.0,4125000.0,4125000.0,4125000.0,0.0,0.0,0.234,10976000.0,4858000.0,222000.0,0.0,2.72,12.101,12.222,3529000.0,0.0,2.75,2.827,2.851,10518000.0,30427000.0,17598000.0,17598000.0,3732000.0,,,,,0.0,6977000.0,1.0,64910848.0,65260000,66072000.0,0.27,81269000.0,6979000.0,1525000.0,0.0,1.245,52655000.0
87,ANSS,MRQ,1999-09-30,1999-09-30,1999-09-30,2021-08-05,120000.0,79270000.0,,65812000.0,13458000.0,,0.966,-511000.0,6691000.0,6691000.0,1580000.0,3366000.0,4.239,0.244,0.0,0.0,0.0,0.0,11037000.0,639000.0,0.0,0.0,0.0,4610000.0,5249000.0,0.368,5249000.0,4610000.0,4610000.0,0.05,0.05,0.05,63746000.0,,63746000.0,145843376.0,8.0,6.711,3265000.0,0.049,1.0,12699000.0,0.889,2782000.0,0.0,54273000.0,,0.0,48340000.0,48158000.0,182000.0,15524000.0,15524000.0,0.0,163511376.0,-10977000.0,-100000.0,294000.0,0.0,0.0,294000.0,-15047000.0,-14436000.0,3776000.0,0.0,3366000.0,3366000.0,3366000.0,0.0,0.0,0.236,8771000.0,3928000.0,55000.0,0.0,2.565,11.868,11.645,3760000.0,0.0,2.469,2.689,2.681,7806000.0,26302000.0,14279000.0,14279000.0,3109000.0,,,,,0.0,5475000.0,1.0,66232456.0,66016000,67868000.0,0.216,76488000.0,6961000.0,1244000.0,0.0,1.159,50288000.0
88,ANSS,MRQ,1999-06-30,1999-06-30,1999-06-30,2021-08-05,120000.0,77092000.0,,63254000.0,13838000.0,,0.918,-490000.0,17668000.0,17668000.0,1649000.0,3543000.0,3.72,0.283,0.0,0.0,0.0,0.0,12000000.0,698000.0,0.0,0.0,0.0,4485000.0,5183000.0,0.337,5183000.0,4485000.0,4485000.0,0.055,0.052,0.055,60086000.0,,60086000.0,155138088.0,8.0,7.296,2777000.0,0.042,1.0,13745000.0,0.893,2709000.0,0.0,39709000.0,,0.0,33904000.0,33722000.0,182000.0,17006000.0,17006000.0,0.0,163171088.0,9635000.0,0.0,297000.0,0.0,0.0,297000.0,6071000.0,6561000.0,3267000.0,0.0,3543000.0,3543000.0,3543000.0,0.0,0.0,0.23,9862000.0,3883000.0,86000.0,0.0,2.716,12.435,12.12,3861000.0,0.0,2.485,2.718,2.71,8202000.0,22936000.0,15394000.0,15394000.0,3189000.0,,,,,0.0,6492000.0,1.0,65675624.0,65464000,67220000.0,0.235,74383000.0,7248000.0,942000.0,0.0,1.136,46248000.0
89,ANSS,MRQ,1999-03-31,1999-03-31,1999-03-31,2021-08-05,120000.0,73284000.0,,58876000.0,14408000.0,,0.864,-1018000.0,8033000.0,8033000.0,1625000.0,3717000.0,3.456,0.303,0.0,0.0,0.0,0.0,11612000.0,704000.0,0.0,0.0,0.0,5124000.0,5828000.0,0.367,5828000.0,5124000.0,5124000.0,0.058,0.055,0.058,56246000.0,,56246000.0,106200132.0,6.0,5.1,5427000.0,0.083,1.0,14243000.0,0.898,2762000.0,0.0,45451000.0,,0.0,40465000.0,40283000.0,182000.0,17038000.0,17038000.0,0.0,112789132.0,1444000.0,0.0,162000.0,0.0,0.0,162000.0,-5163000.0,-4145000.0,6445000.0,0.0,3717000.0,3717000.0,3717000.0,0.0,0.0,0.234,9669000.0,4574000.0,614000.0,0.0,2.005,9.171,8.905,4016000.0,0.0,1.719,1.938,1.922,8262000.0,19393000.0,15868000.0,15868000.0,3445000.0,,,,,0.0,6004000.0,1.0,65622768.0,65084000,67224000.0,0.244,70522000.0,7610000.0,1407000.0,0.0,1.084,41838000.0
90,ANSS,MRQ,1998-12-31,1998-12-31,1998-12-31,2021-08-05,120000.0,67998000.0,,53680000.0,14318000.0,,0.809,-210000.0,6589000.0,6589000.0,1526000.0,3152000.0,3.434,0.298,0.0,0.0,0.0,0.0,9540000.0,698000.0,0.0,0.0,0.0,4775000.0,5473000.0,0.359,5473000.0,4775000.0,4775000.0,0.05,0.048,0.05,52367000.0,,52367000.0,175445038.0,10.0,8.84,2616000.0,0.04,1.0,13731000.0,0.9,2716000.0,0.0,43062000.0,,0.0,36320000.0,36138000.0,182000.0,15631000.0,15631000.0,0.0,180196038.0,1838000.0,0.0,61000.0,0.0,0.0,61000.0,-1049000.0,-839000.0,2826000.0,0.0,3152000.0,3152000.0,3152000.0,0.0,0.0,0.207,9489000.0,4242000.0,205000.0,0.0,3.441,15.878,15.537,3748000.0,0.0,2.75,3.186,3.122,8943000.0,15676000.0,15257000.0,15257000.0,2933000.0,,,,,0.0,6333000.0,1.0,65525832.0,64760000,65688000.0,0.236,65282000.0,7834000.0,1623000.0,0.0,1.008,38049000.0
91,ANSS,MRQ,1998-09-30,1998-09-30,1998-09-30,2021-08-05,120000.0,63392000.0,,48264000.0,15128000.0,,0.762,-475000.0,4751000.0,4751000.0,1515000.0,2710000.0,3.354,0.294,0.0,0.0,0.0,0.0,8803000.0,670000.0,0.0,0.0,0.0,4110000.0,4780000.0,0.354,4780000.0,4110000.0,4110000.0,0.043,0.04,0.043,49004000.0,,49004000.0,113194744.0,7.0,5.895,2874000.0,0.045,1.0,11992000.0,0.888,2485000.0,0.0,41768000.0,,0.0,35457000.0,35275000.0,182000.0,14388000.0,14388000.0,0.0,118765744.0,-820000.0,0.0,122000.0,0.0,0.0,122000.0,-4291000.0,-3816000.0,3349000.0,0.0,2710000.0,2710000.0,2710000.0,0.0,0.0,0.201,8415000.0,3577000.0,229000.0,0.0,2.424,10.852,10.662,3937000.0,0.0,1.812,2.129,2.09,7326000.0,12525000.0,13507000.0,13507000.0,2663000.0,,,,,0.0,5534000.0,1.0,65525928.0,64320000,66688000.0,0.21,60907000.0,8604000.0,1400000.0,248000.0,0.947,33876000.0
92,ANSS,MRQ,1998-06-30,1998-06-30,1998-06-30,2021-08-05,120000.0,59963000.0,,44429000.0,15534000.0,,0.722,-383000.0,5571000.0,5571000.0,1483000.0,2720000.0,3.221,0.299,0.0,0.0,0.0,0.0,9085000.0,682000.0,0.0,0.0,0.0,4060000.0,4742000.0,0.35,4742000.0,4060000.0,4060000.0,0.043,0.04,0.043,46170000.0,,46170000.0,147099226.0,10.0,8.328,3593000.0,0.056,1.0,12079000.0,0.891,2319000.0,0.0,38280000.0,,0.0,31641000.0,31459000.0,182000.0,13793000.0,13793000.0,0.0,161123226.0,-8453000.0,0.0,171000.0,0.0,0.0,171000.0,-12600000.0,-12217000.0,3976000.0,0.0,2720000.0,2720000.0,2720000.0,0.0,0.0,0.201,8527000.0,3552000.0,180000.0,0.0,3.49,16.188,15.927,4297000.0,0.0,2.469,2.997,2.936,6072000.0,9814000.0,13562000.0,13562000.0,2938000.0,,,,,0.0,5367000.0,1.0,65265104.0,63944000,67172000.0,0.212,57644000.0,9286000.0,1340000.0,0.0,0.901,30636000.0
93,ANSS,MRQ,1998-03-31,1998-03-31,1998-03-31,2021-08-05,190000.0,57181000.0,,41135000.0,16046000.0,,0.681,-171000.0,14024000.0,14024000.0,1541000.0,2767000.0,2.974,0.319,0.0,0.0,0.0,0.0,9114000.0,660000.0,0.0,0.0,0.0,4192000.0,4852000.0,0.341,4852000.0,4192000.0,4192000.0,0.043,0.043,0.043,43350000.0,,43350000.0,149107760.0,10.0,8.75,5324000.0,0.084,1.0,12686000.0,0.892,2476000.0,0.0,26850000.0,,0.0,19529000.0,19242000.0,287000.0,13831000.0,13831000.0,0.0,163097760.0,34000.0,0.0,99000.0,0.0,0.0,99000.0,-5560000.0,-5389000.0,5495000.0,0.0,2767000.0,2767000.0,2767000.0,0.0,0.0,0.194,8851000.0,3835000.0,272000.0,0.0,3.762,17.156,16.667,4440000.0,0.0,2.5,3.091,3.018,6929000.0,7094000.0,14227000.0,14227000.0,3093000.0,,,,,0.0,5537000.0,1.0,65239104.0,63684000,66804000.0,0.223,54705000.0,8968000.0,1425000.0,836000.0,0.859,27304000.0
94,ANSS,MRQ,1997-12-31,1997-12-31,1997-12-31,2021-08-05,120000.0,54566000.0,,37913000.0,16653000.0,,0.633,-128000.0,13990000.0,13990000.0,1417000.0,2747000.0,2.679,0.35,0.0,0.0,0.0,0.0,9176000.0,570000.0,0.0,0.0,0.0,4259000.0,4829000.0,0.333,4829000.0,4259000.0,4259000.0,0.042,0.042,0.042,40414000.0,,40414000.0,,,,2885000.0,0.045,1.0,13070000.0,0.902,2634000.0,0.0,23790000.0,,0.0,14035000.0,13853000.0,182000.0,14152000.0,14152000.0,0.0,114168432.0,-521000.0,0.0,5000.0,-28000.0,0.0,-23000.0,-3511000.0,-3383000.0,3013000.0,0.0,2747000.0,2747000.0,2747000.0,0.0,0.0,0.19,9076000.0,3994000.0,235000.0,0.0,2.825,15.428,14.957,4771000.0,0.0,1.75,2.259,2.18,8034000.0,4327000.0,14487000.0,14487000.0,2663000.0,,,,,0.0,6223000.0,1.0,65239104.0,63820000,64116000.0,0.227,51932000.0,9191000.0,1512000.0,0.0,0.814,23761000.0
95,ANSS,MRQ,1997-09-30,1997-09-30,1997-09-30,2021-08-05,,,,,,,,-459000.0,,,1264000.0,1719000.0,,,,,,,,512000.0,,0.0,0.0,2729000.0,3241000.0,0.282,3241000.0,2729000.0,2729000.0,0.028,0.025,0.028,,,,,,,2761000.0,0.044,1.0,10225000.0,0.89,,0.0,,,,,,,,,,,-3449000.0,0.0,164000.0,0.0,0.0,164000.0,-6833000.0,-6374000.0,3220000.0,0.0,1719000.0,1719000.0,1719000.0,0.0,0.0,0.15,7721000.0,2504000.0,,0.0,,,,,0.0,2.658,,,,,11489000.0,11489000.0,2538000.0,,,,,0.0,5006000.0,1.0,,62972000,67352000.0,0.182,,,1010000.0,,,
96,ANSS,MRQ,1997-06-30,1997-06-30,1997-06-30,2021-08-05,,,,,,,,-470000.0,,,1326000.0,2274000.0,,,,,,,,511000.0,,0.0,0.0,3608000.0,4119000.0,0.328,4119000.0,3608000.0,3608000.0,0.037,0.035,0.037,,,,,,,2094000.0,0.033,1.0,11231000.0,0.894,,0.0,,,,,,,,,,,-1973000.0,0.0,1000.0,0.0,0.0,1000.0,-4538000.0,-4068000.0,2564000.0,0.0,2274000.0,2274000.0,2274000.0,0.0,0.0,0.181,7897000.0,3334000.0,,0.0,,,,,0.0,1.969,,,,,12557000.0,12557000.0,3033000.0,,,,,0.0,4687000.0,1.0,,62556000,66540000.0,0.201,,,1334000.0,,,
97,ANSS,MRQ,1997-03-31,1997-03-31,1997-03-31,2021-08-05,,,,,,,,-1235000.0,,,1191000.0,659000.0,,,,,,,,2577000.0,,0.0,0.0,1045000.0,3622000.0,0.302,3622000.0,1045000.0,1045000.0,0.01,0.01,0.01,,,,,,,2670000.0,0.043,1.0,10822000.0,0.901,,0.0,,,,,,,,,,,2864000.0,0.0,166000.0,28000.0,0.0,194000.0,-1235000.0,0.0,3905000.0,0.0,659000.0,659000.0,659000.0,0.0,0.0,0.055,9924000.0,898000.0,,0.0,,,,,0.0,2.031,,,,,12013000.0,12013000.0,2770000.0,,,,,0.0,4901000.0,1.0,,62520000,66284000.0,0.192,,,386000.0,,,
98,ANSS,MRQ,1996-12-31,1996-12-31,1996-12-31,2021-08-05,444000.0,43431000.0,,25148000.0,18283000.0,,0.589,,17069000.0,17069000.0,,,2.405,0.317,0.0,0.0,0.0,0.0,5312000.0,,0.0,0.0,0.0,,,,,,,,,,32974000.0,,32974000.0,,,,,,1.0,,,3949000.0,,11956000.0,,0.0,673000.0,0.0,673000.0,10457000.0,10457000.0,0.0,,,,,,,,,,,,,,,,,,,,486000.0,,,,168.75,4334000.0,,3.375,,4.016,7307000.0,-3073000.0,,,,,,,,,,1.0,,56000000,,,39482000.0,9749000.0,,677000.0,0.705,14691000.0
0,ANSS,MRT,2021-06-30,2021-06-30,2021-06-30,2021-08-05,-32822000.0,5890772000.0,5623921250.0,1622364000.0,4268408000.0,0.32,48.759,-29238000.0,957704000.0,957704000.0,247549000.0,457373000.0,2.725,0.386,861534000.0,0.0,861534000.0,861534000.0,338396000.0,119920000.0,0.0,0.0,0.0,535447000.0,655367000.0,0.364,655367000.0,535447000.0,524499000.0,5.29,5.22,5.29,4250218000.0,4012418000.0,4250218000.0,30167054925.0,56.0,46.031,529052000.0,6.069,1.0,1552982000.0,0.863,3800134000.0,10948000.0,1399083000.0,1320791500.0,0.0,504000.0,504000.0,0.0,1640554000.0,595385000.0,1045169000.0,30246824925.0,213158000.0,-577326000.0,27330000.0,330000000.0,0.0,260045000.0,-611011000.0,0.0,558290000.0,5834000.0,457373000.0,457373000.0,457373000.0,0.0,0.0,0.254,1036711000.0,516271000.0,9608000.0,0.0,7.117,66.132,65.607,217195000.0,0.0,347.06,16.799,16.802,664156000.0,3970707000.0,1800531000.0,1800531000.0,384484000.0,0.081,0.114,0.405,0.297,158548000.0,635112000.0,1.0,87151573.0,87168000,88053000.0,20.656,2090638000.0,22872000.0,67126000.0,112629000.0,23.984,1026979000.0
1,ANSS,MRT,2021-03-31,2021-03-31,2021-03-31,2021-08-05,-37039000.0,5818028000.0,5319194750.0,1660952000.0,4157076000.0,0.327,47.369,-33428000.0,987427000.0,987427000.0,237251000.0,460221000.0,2.662,0.415,907657000.0,4688000.0,902969000.0,907657000.0,366596000.0,113250000.0,0.0,0.0,0.0,518876000.0,632126000.0,0.363,632126000.0,518876000.0,508224000.0,5.34,5.27,5.34,4111969000.0,3809375500.0,4111969000.0,29463814984.0,57.0,46.611,537577000.0,6.193,1.0,1502287000.0,0.864,3714140000.0,10652000.0,1400071000.0,1209718000.0,0.0,516000.0,516000.0,0.0,1706059000.0,624047000.0,1082012000.0,29457428984.0,269679000.0,-580763000.0,31736000.0,375000000.0,0.0,311127000.0,-620517000.0,0.0,571005000.0,8064000.0,460221000.0,460221000.0,460221000.0,0.0,0.0,0.265,989982000.0,512305000.0,16970000.0,0.0,7.164,64.007,63.588,218842000.0,0.0,339.56,16.934,16.945,673009000.0,3876991000.0,1739538000.0,1739538000.0,369738000.0,0.087,0.121,0.429,0.298,149793000.0,603400000.0,1.0,86751764.0,86808000,87986000.0,20.039,2103888000.0,22419000.0,48003000.0,108481000.0,24.236,1036905000.0
2,ANSS,MRT,2020-12-31,2020-12-31,2020-12-31,2021-08-05,-17775000.0,5940590000.0,4996209000.0,1719237000.0,4221353000.0,0.337,47.738,-35370000.0,912672000.0,912672000.0,225264000.0,433887000.0,2.359,0.45,919058000.0,0.0,919058000.0,919058000.0,372061000.0,106246000.0,0.0,0.0,0.0,504913000.0,611159000.0,0.364,611159000.0,504913000.0,493925000.0,5.05,4.97,5.05,4097872000.0,3604470750.0,4097872000.0,30925604403.0,61.0,50.602,511940000.0,5.964,1.0,1456033000.0,0.866,3733171000.0,10988000.0,1484980000.0,1095954500.0,0.0,479000.0,479000.0,0.0,1842718000.0,728825000.0,1113893000.0,31244645403.0,40578000.0,-572328000.0,-131469000.0,300000000.0,0.0,96597000.0,-614253000.0,0.0,547310000.0,10924000.0,433887000.0,433887000.0,433887000.0,0.0,0.0,0.258,959677000.0,496356000.0,18691000.0,0.0,7.625,72.011,72.04,234233000.0,0.0,363.8,18.584,18.574,806086000.0,3804593000.0,1681297000.0,1681297000.0,355371000.0,0.087,0.12,0.461,0.3,145615000.0,587707000.0,1.0,85884127.0,85840000,87288000.0,19.586,2207419000.0,28830000.0,60038000.0,136437000.0,25.716,990412000.0
3,ANSS,MRT,2020-09-30,2020-09-30,2020-09-30,2021-08-05,-51337000.0,4846295000.0,4720783250.0,1458721000.0,3387574000.0,0.327,41.838,-43354000.0,844741000.0,844741000.0,206957000.0,384107000.0,2.596,0.35,525700000.0,0.0,525700000.0,525700000.0,326491000.0,100380000.0,0.0,0.0,0.0,432644000.0,533024000.0,0.345,533024000.0,432644000.0,421200000.0,4.51,4.42,4.51,3589613000.0,3443347500.0,3589613000.0,27855534024.0,64.0,52.259,469640000.0,5.474,1.0,1336882000.0,0.866,2966375000.0,11444000.0,999032000.0,967699750.0,0.0,468000.0,468000.0,0.0,1256682000.0,561847000.0,694835000.0,28072812024.0,112057000.0,-592403000.0,-128612000.0,425000000.0,0.0,223599000.0,-630690000.0,0.0,512994000.0,6154000.0,384107000.0,384107000.0,384107000.0,0.0,0.0,0.249,914201000.0,422681000.0,10578000.0,0.0,7.821,73.086,72.557,206004000.0,0.0,327.23,18.184,18.186,613512000.0,3588961000.0,1543839000.0,1543839000.0,338013000.0,0.081,0.112,0.447,0.28,134662000.0,559799000.0,1.0,85789237.0,85798000,87224000.0,17.994,1879920000.0,25968000.0,37093000.0,93299000.0,21.911,896874000.0
4,ANSS,MRT,2020-06-30,2020-06-30,2020-06-30,2021-08-05,-79385000.0,4671866000.0,4404712500.0,1294264000.0,3377602000.0,0.345,40.14,-44961000.0,744546000.0,744546000.0,194937000.0,397943000.0,2.38,0.359,527268000.0,0.0,527268000.0,527268000.0,325098000.0,94059000.0,0.0,0.0,0.0,449715000.0,543774000.0,0.358,543774000.0,449715000.0,439885000.0,4.69,4.59,4.69,3438048000.0,3276775250.0,3438048000.0,24783651128.0,55.0,45.577,493862000.0,5.766,1.0,1325836000.0,0.872,2955993000.0,9830000.0,954789000.0,824799500.0,0.0,433000.0,433000.0,0.0,1233818000.0,543806000.0,690012000.0,24970757128.0,113091000.0,-602067000.0,-131842000.0,425000000.0,0.0,219416000.0,-641837000.0,0.0,538823000.0,-3311000.0,397943000.0,397943000.0,397943000.0,0.0,0.0,0.262,888193000.0,437643000.0,10505000.0,0.0,7.263,62.75,62.203,206034000.0,0.0,291.73,16.42,16.43,549285000.0,3513334000.0,1520773000.0,1520773000.0,324415000.0,0.09,0.121,0.545,0.296,128339000.0,547839000.0,1.0,85595438.0,85651000,86934000.0,17.755,1715873000.0,24249000.0,41942000.0,94952000.0,20.033,750458000.0
5,ANSS,MRT,2020-03-31,2020-03-31,2020-03-31,2021-08-05,-89673000.0,4526085000.0,4114956500.0,1290700000.0,3235385000.0,0.365,38.373,-45027000.0,717748000.0,717748000.0,181574000.0,411129000.0,2.403,0.375,530642000.0,0.0,530642000.0,530642000.0,352964000.0,86854000.0,0.0,0.0,0.0,464262000.0,551116000.0,0.366,551116000.0,464262000.0,457241000.0,4.87,4.76,4.87,3292350000.0,3121584750.0,3292350000.0,19690719756.0,42.0,35.729,450743000.0,5.254,1.0,1322173000.0,0.879,2856820000.0,7021000.0,945017000.0,688186500.0,0.0,282000.0,282000.0,0.0,1233735000.0,537142000.0,696593000.0,19972514756.0,110357000.0,-545221000.0,-141856000.0,425000000.0,0.0,209762000.0,-591464000.0,0.0,495770000.0,-3711000.0,411129000.0,411129000.0,411129000.0,0.0,0.0,0.273,868709000.0,453464000.0,12571000.0,0.0,6.066,48.58,47.735,203302000.0,0.0,232.47,13.282,13.264,572670000.0,3416770000.0,1503747000.0,1503747000.0,313584000.0,0.1,0.132,0.675,0.309,123331000.0,539553000.0,1.0,85914375.0,85798000,87369000.0,17.527,1669265000.0,22742000.0,46112000.0,79467000.0,19.456,753558000.0
6,ANSS,MRT,2019-12-31,2019-12-31,2019-12-31,2021-08-05,-65381000.0,4838887000.0,3826501000.0,1555480000.0,3283407000.0,0.396,40.985,-44940000.0,872094000.0,872094000.0,166273000.0,451295000.0,2.238,0.401,590299000.0,75000000.0,515299000.0,590299000.0,351353000.0,78975000.0,0.0,0.0,0.0,526044000.0,605019000.0,0.399,605019000.0,526044000.0,522583000.0,5.36,5.25,5.36,3453379000.0,2969592500.0,3453379000.0,21029766884.0,40.0,34.759,454996000.0,5.4,1.0,1349619000.0,0.89,2889991000.0,3461000.0,971961000.0,532473750.0,0.0,288000.0,288000.0,0.0,1385508000.0,695140000.0,690368000.0,21671277884.0,94955000.0,-787196000.0,-25023000.0,500000000.0,0.0,429409000.0,-833548000.0,0.0,499936000.0,-842000.0,451295000.0,451295000.0,451295000.0,0.0,0.0,0.298,834579000.0,515040000.0,14298000.0,0.0,6.275,48.02,48.024,189307000.0,0.0,257.41,14.296,14.308,683098000.0,3370706000.0,1515892000.0,1515892000.0,298210000.0,0.118,0.152,0.988,0.347,116190000.0,521200000.0,1.0,84189728.0,84259000,85925000.0,17.991,1948896000.0,24077000.0,71288000.0,88639000.0,23.13,860340000.0
7,ANSS,MRT,2019-09-30,2019-09-30,2019-09-30,2021-08-05,-90141000.0,3582012000.0,3433270250.0,1206226000.0,2375786000.0,0.421,34.756,-34466000.0,732684000.0,732684000.0,156766000.0,438606000.0,2.546,0.225,91173000.0,0.0,91173000.0,91173000.0,291385000.0,68042000.0,0.0,0.0,0.0,523118000.0,591160000.0,0.409,591160000.0,523118000.0,522498000.0,5.22,5.12,5.22,2923324000.0,2768634500.0,2923324000.0,18075510783.0,35.0,30.576,457504000.0,5.439,1.0,1288330000.0,0.892,2039240000.0,620000.0,427431000.0,334566250.0,0.0,218000.0,218000.0,0.0,658688000.0,473830000.0,184858000.0,18616545783.0,3504000.0,-294987000.0,-103876000.0,0.0,0.0,-145428000.0,-344066000.0,0.0,491970000.0,1028000.0,438606000.0,438606000.0,438606000.0,0.0,0.0,0.304,779070000.0,509260000.0,8172000.0,0.0,6.368,42.445,42.406,174455000.0,0.0,221.36,12.883,12.884,473324000.0,3204854000.0,1445096000.0,1445096000.0,277954000.0,0.128,0.158,1.564,0.362,109243000.0,486400000.0,1.0,84100767.0,84109000,85733000.0,17.181,1542772000.0,27334000.0,83892000.0,38479000.0,18.343,732396000.0
8,ANSS,MRT,2019-06-30,2019-06-30,2019-06-30,2021-08-05,-69379000.0,3512842000.0,3301795000.0,1133345000.0,2379497000.0,0.421,33.548,-31957000.0,631455000.0,631455000.0,151709000.0,438479000.0,2.241,0.247,90420000.0,0.0,90420000.0,90420000.0,321060000.0,62005000.0,0.0,0.0,0.0,509313000.0,571318000.0,0.411,571318000.0,509313000.0,508932000.0,5.22,5.12,5.22,2817286000.0,2674940000.0,2817286000.0,16670089647.0,33.0,29.178,449606000.0,5.354,1.0,1238906000.0,0.891,2057804000.0,381000.0,408337000.0,256798750.0,0.0,241000.0,241000.0,0.0,695556000.0,505666000.0,189890000.0,17190221647.0,-64439000.0,-285323000.0,-175889000.0,0.0,0.0,-217024000.0,-328255000.0,0.0,481563000.0,-723000.0,438479000.0,438479000.0,438479000.0,0.0,0.0,0.315,741669000.0,497237000.0,9865000.0,0.0,6.102,39.204,39.238,172803000.0,0.0,204.82,12.362,12.369,501649000.0,3115391000.0,1390615000.0,1390615000.0,263955000.0,0.133,0.164,1.983,0.366,100364000.0,463294000.0,1.0,83928433.0,83978000,85483000.0,16.559,1455038000.0,24506000.0,70453000.0,45746000.0,17.326,627679000.0
9,ANSS,MRT,2019-03-31,2019-03-31,2019-03-31,2021-08-05,-69937000.0,3372263000.0,3188147000.0,1062811000.0,2309452000.0,0.417,32.047,-25729000.0,607391000.0,607391000.0,151662000.0,421325000.0,2.111,0.256,87259000.0,0.0,87259000.0,87259000.0,330890000.0,60540000.0,0.0,0.0,0.0,488863000.0,549403000.0,0.414,549403000.0,488863000.0,488713000.0,5.01,4.92,5.01,2684381000.0,2597488250.0,2684381000.0,14528811694.0,30.0,26.445,478416000.0,5.711,1.0,1176231000.0,0.886,2026555000.0,150000.0,322166000.0,185320750.0,0.0,237000.0,237000.0,0.0,687882000.0,503410000.0,184472000.0,15305950694.0,-278102000.0,-527349000.0,-158190000.0,0.0,0.0,-202361000.0,-556678000.0,0.0,504145000.0,-23208000.0,421325000.0,421325000.0,421325000.0,0.0,0.0,0.317,699069000.0,477162000.0,11502000.0,0.0,5.702,36.328,36.469,163292000.0,0.0,182.71,11.526,11.525,455183000.0,3005641000.0,1327893000.0,1327893000.0,247010000.0,0.132,0.162,2.638,0.368,91877000.0,437940000.0,1.0,83771828.0,83764000,85493000.0,15.853,1345708000.0,21906000.0,67388000.0,54064000.0,16.065,559401000.0
10,ANSS,MRT,2018-12-31,2018-12-31,2018-12-31,2021-08-05,-62379000.0,3265964000.0,3084872750.0,1311177000.0,1954787000.0,0.419,31.552,-21762000.0,777139000.0,777139000.0,155885000.0,419375000.0,2.499,0.233,0.0,0.0,0.0,0.0,328584000.0,59255000.0,0.0,0.0,0.0,487144000.0,546399000.0,0.422,546399000.0,487144000.0,487085000.0,4.99,4.88,4.99,2649547000.0,2528233000.0,2649547000.0,11214888973.0,23.0,20.525,463226000.0,5.516,1.0,1137751000.0,0.879,1783727000.0,59000.0,180331000.0,131211000.0,0.0,225000.0,225000.0,0.0,616417000.0,524767000.0,91650000.0,11944068973.0,-104362000.0,-283026000.0,-228782000.0,0.0,0.0,-262675000.0,-312231000.0,0.0,484988000.0,-14444000.0,419375000.0,419375000.0,419375000.0,0.0,0.0,0.324,661177000.0,476574000.0,7953000.0,0.0,4.508,28.481,28.645,61655000.0,0.0,142.94,9.233,9.279,533813000.0,2919411000.0,1293636000.0,1293636000.0,233802000.0,0.136,0.166,3.713,0.377,83346000.0,413580000.0,1.0,83560018.0,83973000,85913000.0,15.405,1482237000.0,26630000.0,67710000.0,38803000.0,17.651,786410000.0
11,ANSS,MRT,2018-09-30,2018-09-30,2018-09-30,2021-08-05,-60891000.0,3056111000.0,3003787500.0,1127567000.0,1928544000.0,0.393,30.283,-17411000.0,729180000.0,729180000.0,156608000.0,318797000.0,2.714,0.199,0.0,0.0,0.0,0.0,272872000.0,65080000.0,0.0,0.0,0.0,404439000.0,469519000.0,0.398,469519000.0,404439000.0,404353000.0,3.78,3.7,3.78,2548546000.0,2427304000.0,2548546000.0,15040821918.0,37.0,32.035,436792000.0,5.19,1.0,1023932000.0,0.867,1795131000.0,86000.0,116361000.0,64976000.0,0.0,211000.0,211000.0,0.0,507565000.0,415439000.0,92126000.0,15736715918.0,-190391000.0,-320913000.0,-263629000.0,0.0,0.0,-296560000.0,-334655000.0,0.0,454203000.0,-13379000.0,318797000.0,318797000.0,318797000.0,0.0,0.0,0.27,626615000.0,397317000.0,6767000.0,0.0,6.175,49.363,49.386,57902000.0,0.0,186.68,13.33,13.308,398176000.0,2766259000.0,1180540000.0,1180540000.0,224128000.0,0.106,0.131,6.224,0.343,72633000.0,388600000.0,1.0,84297814.0,84158000,86043000.0,14.028,1260980000.0,22285000.0,85556000.0,35866000.0,14.983,712128000.0
12,ANSS,MRT,2018-06-30,2018-06-30,2018-06-30,2021-08-05,-55789000.0,3058250000.0,2951263000.0,1142985000.0,1915265000.0,0.395,29.814,-18398000.0,695894000.0,695894000.0,156283000.0,303091000.0,2.628,0.22,0.0,0.0,0.0,0.0,306879000.0,68407000.0,0.0,0.0,0.0,417101000.0,485508000.0,0.416,485508000.0,417101000.0,417015000.0,3.59,3.51,3.59,2507479000.0,2361981000.0,2507479000.0,13748565765.0,33.0,28.318,414729000.0,4.931,1.0,1010424000.0,0.866,1804930000.0,86000.0,122425000.0,16298250.0,0.0,269000.0,269000.0,0.0,550771000.0,435001000.0,115770000.0,14634058765.0,-162102000.0,-341047000.0,-193103000.0,0.0,0.0,-225158000.0,-364668000.0,0.0,433127000.0,-5403000.0,303091000.0,303091000.0,303091000.0,0.0,0.0,0.26,599948000.0,410476000.0,7598000.0,0.0,5.836,48.283,48.518,56501000.0,0.0,174.18,12.543,12.556,446822000.0,2676924000.0,1166707000.0,1166707000.0,215253000.0,0.103,0.128,25.592,0.358,64423000.0,371039000.0,1.0,84016872.0,84105000,85986000.0,13.872,1253320000.0,14733000.0,113924000.0,44472000.0,14.902,707984000.0
13,ANSS,MRT,2018-03-31,2018-03-31,2018-03-31,2021-08-05,-29601000.0,2959166000.0,2876941750.0,1327329000.0,1631837000.0,0.391,28.683,-18025000.0,885493000.0,885493000.0,152171000.0,280225000.0,3.002,0.229,0.0,0.0,0.0,0.0,311718000.0,67700000.0,0.0,0.0,0.0,407251000.0,474951000.0,0.422,474951000.0,407251000.0,407165000.0,3.31,3.23,3.31,2407360000.0,2282465000.0,2407360000.0,12260302712.0,30.0,25.814,416163000.0,4.958,1.0,972547000.0,0.865,1525854000.0,86000.0,105727000.0,-41414250.0,0.0,4275000.0,4275000.0,0.0,551806000.0,442092000.0,109714000.0,13141803712.0,19305000.0,-58021000.0,-318757000.0,0.0,0.0,-345722000.0,-91016000.0,0.0,434188000.0,21855000.0,280225000.0,280225000.0,280225000.0,0.0,0.0,0.249,572230000.0,400317000.0,7259000.0,0.0,5.459,46.897,47.338,55806000.0,0.0,156.69,11.685,11.693,437561000.0,2584328000.0,1124718000.0,1124718000.0,205898000.0,0.097,0.123,-9.834,0.362,57910000.0,353032000.0,1.0,83871362.0,83931000,86152000.0,13.401,1433312000.0,15446000.0,126940000.0,33719000.0,17.077,885237000.0
14,ANSS,MRT,2017-12-31,2017-12-31,2017-12-31,2021-08-05,-37844000.0,2941623000.0,2835823500.0,1270266000.0,1671357000.0,0.386,26.425,-19149000.0,881501000.0,881501000.0,150164000.0,259251000.0,2.087,0.31,0.0,0.0,0.0,0.0,440491000.0,67678000.0,0.0,0.0,0.0,395780000.0,463458000.0,0.423,463458000.0,395780000.0,395694000.0,3.05,2.98,3.05,2245831000.0,2233486250.0,2245831000.0,11604986210.0,29.0,25.04,408511000.0,4.807,1.0,945086000.0,0.863,1536178000.0,86000.0,-84609000.0,-94027000.0,0.0,286000.0,286000.0,0.0,695792000.0,608553000.0,87239000.0,12524557210.0,59022000.0,-63885000.0,-283539000.0,0.0,0.0,-294651000.0,-94665000.0,0.0,427660000.0,20678000.0,259251000.0,259251000.0,259251000.0,0.0,0.0,0.237,554358000.0,390728000.0,6042000.0,0.0,5.577,48.311,48.39,57096000.0,0.0,147.59,11.435,11.453,388479000.0,2316916000.0,1095250000.0,1095250000.0,202746000.0,0.091,0.116,-4.209,0.361,53154000.0,338640000.0,1.0,84860473.0,84988000,86854000.0,12.887,1405445000.0,42111000.0,136443000.0,7221000.0,16.537,661713000.0
15,ANSS,MRT,2017-09-30,2017-09-30,2017-09-30,2021-08-05,-39427000.0,2846013000.0,2800549250.0,1201674000.0,1644339000.0,0.38,26.981,-19039000.0,919571000.0,919571000.0,148330000.0,276649000.0,2.421,0.244,0.0,0.0,0.0,0.0,381727000.0,67206000.0,0.0,0.0,0.0,391430000.0,458636000.0,0.431,458636000.0,391430000.0,391430000.0,3.25,3.18,3.25,2287254000.0,2224129750.0,2287254000.0,9544681397.0,24.0,20.811,407130000.0,4.803,1.0,915212000.0,0.861,1508440000.0,0.0,-78350000.0,-90596500.0,0.0,7064000.0,7064000.0,0.0,558759000.0,496352000.0,62407000.0,10402677397.0,81655000.0,-33889000.0,-257882000.0,0.0,0.0,-267970000.0,-74222000.0,0.0,426169000.0,-2322000.0,276649000.0,276649000.0,276649000.0,0.0,0.0,0.26,528197000.0,387015000.0,4257000.0,0.0,4.548,37.602,37.763,57160000.0,0.0,122.73,9.781,9.783,275039000.0,2264331000.0,1063542000.0,1063542000.0,199084000.0,0.099,0.124,-4.321,0.368,48191000.0,316433000.0,1.0,84760673.0,84774000,86588000.0,12.546,1337573000.0,45106000.0,114781000.0,6229000.0,15.778,705322000.0
16,ANSS,MRT,2017-06-30,2017-06-30,2017-06-30,2021-08-05,-43576000.0,2760965000.0,2771635250.0,1145680000.0,1615285000.0,0.373,25.707,-13877000.0,857996000.0,857996000.0,147933000.0,272576000.0,2.226,0.261,0.0,0.0,0.0,0.0,411646000.0,67720000.0,0.0,0.0,0.0,384498000.0,452218000.0,0.437,452218000.0,384498000.0,384498000.0,3.18,3.11,3.18,2189415000.0,2209757500.0,2189415000.0,9537035368.0,25.0,21.089,407806000.0,4.788,1.0,885886000.0,0.857,1496607000.0,0.0,-108425000.0,-91082750.0,0.0,5486000.0,5486000.0,0.0,571550000.0,514787000.0,56763000.0,10403223368.0,14641000.0,-13755000.0,-352848000.0,0.0,0.0,-361938000.0,-41099000.0,0.0,421683000.0,-4005000.0,272576000.0,272576000.0,272576000.0,0.0,0.0,0.264,504955000.0,380931000.0,5245000.0,0.0,4.752,38.166,38.264,53930000.0,0.0,121.68,10.063,10.024,282198000.0,2190701000.0,1033819000.0,1033819000.0,194358000.0,0.098,0.123,-4.221,0.372,42370000.0,297955000.0,1.0,85496576.0,85167000,86895000.0,12.139,1264358000.0,39109000.0,111922000.0,6405000.0,14.846,630893000.0
17,ANSS,MRT,2017-03-31,2017-03-31,2017-03-31,2021-08-05,-50083000.0,2794693000.0,2768309250.0,1182069000.0,1612624000.0,0.367,25.878,-13805000.0,866188000.0,866188000.0,148606000.0,272474000.0,2.236,0.264,0.0,0.0,0.0,0.0,414708000.0,68746000.0,0.0,0.0,0.0,380104000.0,448850000.0,0.442,448850000.0,380104000.0,380104000.0,3.15,3.09,3.15,2211445000.0,2221368750.0,2211445000.0,8301372304.0,22.0,18.495,367345000.0,4.299,1.0,867358000.0,0.854,1504503000.0,0.0,-104724000.0,-87410000.0,0.0,368000.0,368000.0,0.0,583248000.0,528726000.0,54522000.0,9123851304.0,2753000.0,-13755000.0,-319830000.0,0.0,0.0,-328615000.0,-40367000.0,0.0,381150000.0,-9415000.0,272474000.0,272474000.0,272474000.0,0.0,0.0,0.268,490666000.0,376692000.0,4839000.0,0.0,4.126,33.485,33.927,54513000.0,0.0,106.87,8.98,8.989,315513000.0,2120971000.0,1015964000.0,1015964000.0,192799000.0,0.098,0.123,-4.349,0.374,36782000.0,285163000.0,1.0,85373363.0,85456000,87224000.0,11.889,1290190000.0,34486000.0,107630000.0,8915000.0,15.098,653343000.0
18,ANSS,MRT,2016-12-31,2016-12-31,2016-12-31,2021-08-05,-57652000.0,2800526000.0,2759343000.0,1169401000.0,1631125000.0,0.358,25.318,-12443000.0,822479000.0,822479000.0,146860000.0,265636000.0,2.169,0.268,0.0,0.0,0.0,0.0,403279000.0,69587000.0,0.0,0.0,0.0,380315000.0,449902000.0,0.455,449902000.0,380315000.0,380315000.0,3.05,2.99,3.05,2208405000.0,2226983250.0,2208405000.0,7164978901.0,19.0,15.926,353537000.0,4.053,1.0,841605000.0,0.851,1509834000.0,0.0,-70887000.0,-92038250.0,0.0,381000.0,381000.0,0.0,592121000.0,539100000.0,53021000.0,8002894901.0,38311000.0,-7891000.0,-282524000.0,0.0,0.0,-288630000.0,-32173000.0,0.0,365980000.0,-6866000.0,265636000.0,265636000.0,265636000.0,0.0,0.0,0.269,465363000.0,376242000.0,7395000.0,0.0,3.624,30.127,30.325,54677000.0,0.0,92.49,8.096,8.162,346541000.0,2057665000.0,988465000.0,988465000.0,183093000.0,0.096,0.119,-4.132,0.385,33347000.0,269515000.0,1.0,86527137.0,87227000,88969000.0,11.332,1290692000.0,42327000.0,114679000.0,7522000.0,14.797,630301000.0
19,ANSS,MRT,2016-09-30,2016-09-30,2016-09-30,2021-08-05,-37897000.0,2730357000.0,2741687500.0,1100151000.0,1630206000.0,0.354,25.642,-13599000.0,837916000.0,837916000.0,144874000.0,263674000.0,2.421,0.225,0.0,0.0,0.0,0.0,359979000.0,71208000.0,0.0,0.0,0.0,379678000.0,450886000.0,0.465,450886000.0,379678000.0,380049000.0,3.0,2.94,3.0,2229765000.0,2223488750.0,2229765000.0,7233934171.0,19.0,16.044,370544000.0,4.261,1.0,824610000.0,0.851,1518299000.0,-371000.0,-80295000.0,-97144250.0,0.0,356000.0,356000.0,0.0,500592000.0,454437000.0,46155000.0,8077289171.0,61677000.0,-5225000.0,-288043000.0,0.0,0.0,-300523000.0,-29947000.0,0.0,384143000.0,8004000.0,263674000.0,263674000.0,263674000.0,0.0,0.0,0.272,448391000.0,376219000.0,3996000.0,0.0,3.622,30.634,30.87,55628000.0,0.0,92.61,8.332,8.307,261879000.0,1987682000.0,969484000.0,969484000.0,178925000.0,0.096,0.119,-3.908,0.392,39150000.0,255528000.0,1.0,87218326.0,86959000,88676000.0,11.149,1212058000.0,39008000.0,116375000.0,4960000.0,13.938,645714000.0
20,ANSS,MRT,2016-06-30,2016-06-30,2016-06-30,2021-08-05,-39941000.0,2747661000.0,2734489750.0,1109742000.0,1637919000.0,0.352,25.512,-14531000.0,843355000.0,843355000.0,145869000.0,260150000.0,2.373,0.229,0.0,0.0,0.0,0.0,375802000.0,73411000.0,0.0,0.0,0.0,369159000.0,442570000.0,0.46,442570000.0,369159000.0,369435000.0,2.94,2.88,2.94,2235860000.0,2218946500.0,2235860000.0,7126269596.0,19.0,16.102,363008000.0,4.142,1.0,815593000.0,0.848,1530330000.0,-276000.0,-93734000.0,-90670750.0,0.0,410000.0,410000.0,0.0,511801000.0,467710000.0,44091000.0,7989704596.0,3001000.0,-35741000.0,-306587000.0,0.0,0.0,-318418000.0,-60187000.0,0.0,377539000.0,4067000.0,260150000.0,260150000.0,260150000.0,0.0,0.0,0.271,449290000.0,366303000.0,4218000.0,0.0,3.573,30.712,30.867,58095000.0,0.0,90.75,8.31,8.272,265977000.0,1918125000.0,961462000.0,961462000.0,178291000.0,0.095,0.117,-4.071,0.384,38405000.0,255358000.0,1.0,88040822.0,87638000,89305000.0,10.971,1217331000.0,32568000.0,109285000.0,5284000.0,13.89,642032000.0
21,ANSS,MRT,2016-03-31,2016-03-31,2016-03-31,2021-08-05,-41093000.0,2758828000.0,2734082000.0,1118679000.0,1640149000.0,0.348,25.352,-15218000.0,863435000.0,863435000.0,146643000.0,252857000.0,2.356,0.235,0.0,0.0,0.0,0.0,375140000.0,75674000.0,0.0,0.0,0.0,361062000.0,436736000.0,0.459,436736000.0,361062000.0,361216000.0,2.84,2.78,2.84,2233903000.0,2220307750.0,2233903000.0,7106648974.0,20.0,16.272,357084000.0,4.053,1.0,804235000.0,0.846,1543806000.0,-154000.0,-123237000.0,-84638250.0,0.0,442000.0,442000.0,0.0,524925000.0,474824000.0,50101000.0,7890816974.0,103041000.0,-35640000.0,-216978000.0,5000.0,0.0,-226753000.0,-50557000.0,0.0,372302000.0,8049000.0,252857000.0,252857000.0,252857000.0,0.0,0.0,0.266,445592000.0,358643000.0,4302000.0,0.0,3.532,31.207,31.5,60151000.0,0.0,89.46,8.298,8.29,254802000.0,1848497000.0,950878000.0,950878000.0,173494000.0,0.092,0.114,-4.266,0.38,35780000.0,254623000.0,1.0,88204974.0,88114000,90084000.0,10.791,1215022000.0,30226000.0,108359000.0,23361000.0,13.789,643855000.0
22,ANSS,MRT,2015-12-31,2015-12-31,2015-12-31,2021-08-05,-52164000.0,2729904000.0,2714648500.0,1076426000.0,1653478000.0,0.347,24.502,-16145000.0,784168000.0,784168000.0,147246000.0,252521000.0,2.223,0.244,0.0,0.0,0.0,0.0,364644000.0,77670000.0,0.0,0.0,0.0,356765000.0,434435000.0,0.461,434435000.0,356765000.0,356765000.0,2.82,2.76,2.82,2194427000.0,2199648250.0,2194427000.0,7455539130.0,21.0,17.161,359554000.0,4.015,1.0,795507000.0,0.844,1552901000.0,0.0,-91311000.0,-74637250.0,0.0,446000.0,446000.0,0.0,535477000.0,484146000.0,51331000.0,8231778130.0,-3896000.0,-46117000.0,-294287000.0,0.0,0.0,-299927000.0,-62032000.0,0.0,375699000.0,-17636000.0,252521000.0,252521000.0,252521000.0,0.0,0.0,0.268,441828000.0,353679000.0,4865000.0,0.0,3.751,32.598,32.801,61924000.0,0.0,92.5,8.732,8.787,291812000.0,1792029000.0,942753000.0,942753000.0,168831000.0,0.093,0.115,-4.78,0.378,33951000.0,253603000.0,1.0,88992196.0,89561000,91502000.0,10.526,1177003000.0,32896000.0,104244000.0,6786000.0,13.142,592280000.0
23,ANSS,MRT,2015-09-30,2015-09-30,2015-09-30,2021-08-05,-46366000.0,2701566000.0,2720392250.0,1045264000.0,1656302000.0,0.348,24.657,-16160000.0,776239000.0,776239000.0,150023000.0,254133000.0,2.537,0.222,0.0,0.0,0.0,0.0,319705000.0,79483000.0,0.0,0.0,0.0,353418000.0,432901000.0,0.458,432901000.0,353418000.0,352846000.0,2.81,2.75,2.81,2211596000.0,2205416750.0,2211596000.0,7104947238.0,20.0,16.412,334440000.0,3.729,1.0,795458000.0,0.841,1567771000.0,572000.0,-54401000.0,-69748000.0,0.0,684000.0,684000.0,0.0,489970000.0,411957000.0,78013000.0,7945301238.0,-40566000.0,-41391000.0,-314765000.0,86000.0,0.0,-309111000.0,-57615000.0,0.0,350600000.0,-24440000.0,254133000.0,254133000.0,254133000.0,0.0,0.0,0.269,444674000.0,350784000.0,3220000.0,0.0,3.593,31.264,31.367,58590000.0,0.0,88.14,8.403,8.361,239630000.0,1724008000.0,945481000.0,945481000.0,169609000.0,0.093,0.115,-5.067,0.374,23731000.0,254014000.0,1.0,90144103.0,89694000,91593000.0,10.541,1133795000.0,52987000.0,98713000.0,32419000.0,12.641,633307000.0
24,ANSS,MRT,2015-06-30,2015-06-30,2015-06-30,2021-08-05,-44512000.0,2746030000.0,2742260250.0,1110355000.0,1635675000.0,0.343,24.941,-21782000.0,840354000.0,840354000.0,150636000.0,253579000.0,2.58,0.225,0.0,0.0,0.0,0.0,337420000.0,81187000.0,0.0,0.0,0.0,354012000.0,435199000.0,0.462,435199000.0,354012000.0,353386000.0,2.78,2.73,2.78,2241305000.0,2216467750.0,2241305000.0,7430436765.0,21.0,17.074,332585000.0,3.701,1.0,791005000.0,0.84,1544970000.0,626000.0,-69604000.0,-62726500.0,0.0,816000.0,816000.0,0.0,504725000.0,430310000.0,74415000.0,8190830765.0,57439000.0,-10875000.0,-231575000.0,81000.0,0.0,-225847000.0,-32871000.0,0.0,354367000.0,-38210000.0,253579000.0,253579000.0,253579000.0,0.0,0.0,0.269,439596000.0,351409000.0,4786000.0,0.0,3.654,32.301,32.82,60664000.0,0.0,91.24,8.698,8.708,246900000.0,1657975000.0,941641000.0,941641000.0,165858000.0,0.092,0.114,-5.644,0.376,21703000.0,250819000.0,1.0,89772367.0,89866000,91726000.0,10.478,1201060000.0,46247000.0,99807000.0,33138000.0,13.365,680045000.0
25,ANSS,MRT,2015-03-31,2015-03-31,2015-03-31,2021-08-05,-49384000.0,2681094000.0,2755551750.0,1029288000.0,1651806000.0,0.341,23.887,-25553000.0,760394000.0,760394000.0,151529000.0,254280000.0,2.318,0.246,0.0,0.0,0.0,0.0,343814000.0,81894000.0,0.0,0.0,0.0,350694000.0,432588000.0,0.461,432588000.0,350694000.0,350009000.0,2.77,2.72,2.77,2151265000.0,2211095500.0,2151265000.0,7151112963.0,20.0,16.531,342235000.0,3.8,1.0,787002000.0,0.839,1559822000.0,685000.0,-83233000.0,-56855000.0,0.0,789000.0,789000.0,0.0,529829000.0,444111000.0,85718000.0,7939176963.0,-97290000.0,-95095000.0,-308899000.0,5000.0,0.0,-302666000.0,-120903000.0,0.0,367788000.0,-41509000.0,254280000.0,254280000.0,254280000.0,0.0,0.0,0.271,438556000.0,348446000.0,3689000.0,0.0,3.69,31.222,31.838,62496000.0,0.0,88.19,8.459,8.462,248805000.0,1595640000.0,938531000.0,938531000.0,165310000.0,0.092,0.115,-6.168,0.374,23579000.0,249575000.0,1.0,90023551.0,90059000,92140000.0,10.421,1121272000.0,42442000.0,95729000.0,49598000.0,12.45,585177000.0
26,ANSS,MRT,2014-12-31,2014-12-31,2014-12-31,2021-08-05,-31754000.0,2752879000.0,2783585500.0,1082315000.0,1670564000.0,0.336,24.086,-26023000.0,788064000.0,788064000.0,153386000.0,254690000.0,2.327,0.241,0.0,0.0,0.0,0.0,332664000.0,81924000.0,0.0,0.0,0.0,348918000.0,430842000.0,0.46,430842000.0,348918000.0,348139000.0,2.77,2.7,2.77,2217501000.0,2225309250.0,2217501000.0,6719686260.0,19.0,15.597,359284000.0,3.902,1.0,782635000.0,0.836,1571494000.0,779000.0,-71754000.0,-50013750.0,0.0,714000.0,714000.0,0.0,535378000.0,465075000.0,70303000.0,7536491260.0,45578000.0,-103016000.0,-190470000.0,0.0,0.0,-185642000.0,-129270000.0,0.0,385307000.0,-24817000.0,254690000.0,254690000.0,254690000.0,0.0,0.0,0.272,435185000.0,347450000.0,3421000.0,0.0,3.399,29.591,29.603,64643000.0,0.0,82.0,8.052,8.066,293537000.0,1539508000.0,936021000.0,936021000.0,165421000.0,0.091,0.114,-6.976,0.373,22330000.0,246376000.0,1.0,91908430.0,92067000,94194000.0,10.167,1181385000.0,28240000.0,93449000.0,23317000.0,12.832,617240000.0
27,ANSS,MRT,2014-09-30,2014-09-30,2014-09-30,2021-08-05,-18534000.0,2789038000.0,2775961250.0,1075020000.0,1714018000.0,0.331,24.553,-35329000.0,816805000.0,816805000.0,152226000.0,260986000.0,2.64,0.236,0.0,0.0,0.0,0.0,301026000.0,80661000.0,0.0,0.0,0.0,347603000.0,428264000.0,0.467,428264000.0,347603000.0,346823000.0,2.82,2.77,2.82,2255800000.0,2204995500.0,2255800000.0,6179945776.0,18.0,14.43,342666000.0,3.73,1.0,765440000.0,0.834,1591268000.0,780000.0,-26315000.0,-33982500.0,0.0,665000.0,665000.0,0.0,533321000.0,407280000.0,126041000.0,6962828776.0,109471000.0,-102517000.0,-117191000.0,-86000.0,0.0,-116038000.0,-138070000.0,50000.0,377995000.0,-14416000.0,260986000.0,260986000.0,260986000.0,0.0,0.0,0.284,419786000.0,345654000.0,3225000.0,0.0,3.087,26.679,26.833,97108000.0,0.0,75.67,7.588,7.576,231322000.0,1469875000.0,917666000.0,917666000.0,161131000.0,0.094,0.118,-10.229,0.379,25288000.0,236289000.0,1.0,92015710.0,91875000,93905000.0,9.988,1197770000.0,47796000.0,85837000.0,47377000.0,13.037,667740000.0
28,ANSS,MRT,2014-06-30,2014-06-30,2014-06-30,2021-08-05,814000.0,2799196000.0,2733271500.0,1064657000.0,1734539000.0,0.328,24.046,-32091000.0,782915000.0,782915000.0,150201000.0,257937000.0,2.382,0.261,32000.0,20000.0,12000.0,32000.0,334370000.0,79188000.0,0.0,0.0,0.0,338471000.0,417659000.0,0.466,417659000.0,338471000.0,337614000.0,2.78,2.73,2.78,2219816000.0,2163120000.0,2219816000.0,6168121428.0,18.0,14.768,329782000.0,3.572,1.0,746123000.0,0.832,1615394000.0,857000.0,-46118000.0,-36683500.0,0.0,644000.0,644000.0,0.0,579424000.0,447037000.0,132387000.0,7025703428.0,123512000.0,-102517000.0,-81794000.0,-26655000.0,0.0,-109061000.0,-134793000.0,48000.0,361873000.0,5493000.0,257937000.0,257937000.0,257937000.0,0.0,0.0,0.288,409640000.0,336483000.0,4551000.0,0.0,3.165,27.238,27.273,92050000.0,0.0,75.82,7.838,7.809,256765000.0,1404396000.0,896324000.0,896324000.0,158980000.0,0.094,0.119,-9.227,0.378,26179000.0,229462000.0,1.0,92662931.0,92314000,94338000.0,9.71,1183802000.0,45725000.0,79677000.0,54619000.0,12.824,617620000.0
29,ANSS,MRT,2014-03-31,2014-03-31,2014-03-31,2021-08-05,-1713000.0,2793229000.0,2677481500.0,1132262000.0,1660967000.0,0.328,23.876,-28853000.0,857684000.0,857684000.0,148203000.0,250846000.0,2.563,0.265,102000.0,33000.0,69000.0,102000.0,332143000.0,79476000.0,0.0,0.0,0.0,333403000.0,412879000.0,0.47,412879000.0,333403000.0,332357000.0,2.7,2.65,2.7,2208120000.0,2107624750.0,2208120000.0,6384913530.0,19.0,15.464,340335000.0,3.68,1.0,730596000.0,0.831,1549768000.0,1046000.0,-55868000.0,-38835000.0,0.0,559000.0,559000.0,0.0,584516000.0,441747000.0,142769000.0,7127399530.0,206691000.0,-22622000.0,-84760000.0,-26584000.0,0.0,-112375000.0,-51593000.0,30000.0,369188000.0,1471000.0,250846000.0,250846000.0,250846000.0,0.0,0.0,0.285,399220000.0,331376000.0,5272000.0,0.0,3.228,28.413,28.526,83349000.0,0.0,77.02,8.11,8.105,252551000.0,1341360000.0,878799000.0,878799000.0,155552000.0,0.094,0.119,-8.585,0.379,25307000.0,222444000.0,1.0,92539594.0,92483000,94949000.0,9.502,1243461000.0,41128000.0,81511000.0,75575000.0,13.445,690515000.0
30,ANSS,MRT,2013-12-31,2013-12-31,2013-12-31,2021-08-05,-2644000.0,2722382000.0,2629099250.0,1067596000.0,1654786000.0,0.328,23.047,-28848000.0,742486000.0,742486000.0,146692000.0,245327000.0,2.424,0.274,0.0,0.0,0.0,0.0,309775000.0,80701000.0,0.0,0.0,0.0,323658000.0,404359000.0,0.469,404359000.0,323658000.0,322489000.0,2.65,2.58,2.65,2136246000.0,2057066750.0,2136246000.0,7372600386.0,23.0,18.233,304135000.0,3.281,1.0,714568000.0,0.83,1547094000.0,1169000.0,-7629000.0,-31368250.0,0.0,500000.0,500000.0,0.0,586136000.0,440431000.0,145705000.0,8079934386.0,165783000.0,-4224000.0,-79138000.0,-53149000.0,0.0,-129759000.0,-33177000.0,0.0,332983000.0,-4264000.0,245327000.0,245327000.0,245327000.0,0.0,0.0,0.285,392705000.0,321863000.0,7939000.0,0.0,3.782,32.935,32.906,78674000.0,0.0,87.2,9.382,9.385,298579000.0,1284818000.0,861260000.0,861260000.0,151439000.0,0.093,0.119,-10.318,0.376,25327000.0,218907000.0,1.0,92659798.0,92691000,95139000.0,9.292,1175288000.0,44463000.0,77162000.0,76281000.0,12.68,627165000.0
31,ANSS,MRT,2013-09-30,2013-09-30,2013-09-30,2021-08-05,-174000.0,2618279000.0,2600358000.0,959956000.0,1658323000.0,0.325,22.566,-20242000.0,707334000.0,707334000.0,144764000.0,225461000.0,2.481,0.254,0.0,0.0,0.0,0.0,285040000.0,83016000.0,0.0,0.0,0.0,312933000.0,395949000.0,0.468,395949000.0,312933000.0,311478000.0,2.43,2.38,2.43,2088298000.0,2008078000.0,2088298000.0,7364801638.0,24.0,18.6,297368000.0,3.213,1.0,701224000.0,0.829,1561108000.0,1455000.0,-37119000.0,-28447000.0,0.0,440000.0,440000.0,0.0,529981000.0,386956000.0,143025000.0,7997630638.0,152447000.0,-2904000.0,-65012000.0,-79723000.0,0.0,-137452000.0,-23212000.0,-66000.0,317610000.0,-4499000.0,225461000.0,225461000.0,225461000.0,0.0,0.0,0.267,389974000.0,311250000.0,3349000.0,0.0,3.83,35.472,35.605,66174000.0,0.0,86.52,9.454,9.464,228564000.0,1208889000.0,845988000.0,845988000.0,147765000.0,0.087,0.112,-11.001,0.37,20501000.0,218374000.0,1.0,92436785.0,92541000,95265000.0,9.142,1057171000.0,41453000.0,86017000.0,78658000.0,11.424,573000000.0
32,ANSS,MRT,2013-06-30,2013-06-30,2013-06-30,2021-08-05,-5651000.0,2576036000.0,2585364250.0,915484000.0,1660552000.0,0.321,21.514,-18327000.0,659403000.0,659403000.0,143351000.0,214650000.0,2.151,0.289,26574000.0,26574000.0,0.0,26574000.0,304535000.0,84890000.0,0.0,0.0,0.0,305068000.0,389958000.0,0.47,389958000.0,305068000.0,303207000.0,2.32,2.26,2.32,1997835000.0,1960126000.0,1997835000.0,6189014601.0,20.0,15.871,304204000.0,3.276,1.0,686888000.0,0.827,1572265000.0,1861000.0,-54724000.0,-17080500.0,0.0,461000.0,461000.0,0.0,578201000.0,425666000.0,152535000.0,6813433601.0,107919000.0,-49299000.0,-69570000.0,-79723000.0,0.0,-142130000.0,-67654000.0,-28000.0,322531000.0,-4828000.0,214650000.0,214650000.0,214650000.0,0.0,0.0,0.259,383623000.0,303265000.0,3384000.0,0.0,3.41,31.742,31.509,56537000.0,0.0,73.1,8.207,8.176,235147000.0,1146459000.0,830239000.0,830239000.0,142389000.0,0.083,0.11,-17.861,0.367,19577000.0,216224000.0,1.0,93207026.0,92860000,95040000.0,8.941,1003771000.0,36372000.0,88557000.0,84949000.0,10.81,489818000.0
33,ANSS,MRT,2013-03-31,2013-03-31,2013-03-31,2021-08-05,-274000.0,2599700000.0,2569660750.0,931608000.0,1668092000.0,0.315,21.59,-23321000.0,650993000.0,650993000.0,141408000.0,208967000.0,2.222,0.296,26574000.0,26574000.0,0.0,26574000.0,306801000.0,85393000.0,0.0,0.0,0.0,298055000.0,383448000.0,0.473,383448000.0,298055000.0,295841000.0,2.26,2.2,2.26,2005888000.0,1915879500.0,2005888000.0,7043618276.0,24.0,18.369,286931000.0,3.088,1.0,668997000.0,0.826,1581976000.0,2214000.0,-26001000.0,3432500.0,0.0,488000.0,488000.0,0.0,593812000.0,419306000.0,174506000.0,7567172276.0,93147000.0,-45075000.0,-56046000.0,-90358000.0,0.0,-139131000.0,-68329000.0,67000.0,310252000.0,-9645000.0,208967000.0,208967000.0,208967000.0,0.0,0.0,0.258,373023000.0,295974000.0,3387000.0,0.0,3.772,36.212,36.027,50822000.0,0.0,81.42,9.338,9.334,264097000.0,1090514000.0,810405000.0,810405000.0,137134000.0,0.081,0.109,86.833,0.368,18617000.0,209942000.0,1.0,92939969.0,92908000,95166000.0,8.723,1017724000.0,31730000.0,86874000.0,91053000.0,10.954,512302000.0
34,ANSS,MRT,2012-12-31,2012-12-31,2012-12-31,2021-08-05,8651000.0,2607417000.0,2549000250.0,913359000.0,1694058000.0,0.313,20.948,-23977000.0,576703000.0,576703000.0,139516000.0,203483000.0,1.913,0.344,53149000.0,53149000.0,0.0,53149000.0,305793000.0,85422000.0,0.0,0.0,0.0,296208000.0,381630000.0,0.478,381630000.0,296208000.0,293547000.0,2.2,2.14,2.2,1940291000.0,1869630750.0,1940291000.0,5763056092.0,19.0,15.101,274438000.0,2.963,1.0,658502000.0,0.825,1602420000.0,2661000.0,4056000.0,15901250.0,0.0,452000.0,452000.0,0.0,667126000.0,477387000.0,189739000.0,6238220092.0,104875000.0,-45075000.0,-61071000.0,-74422000.0,0.0,-124846000.0,-68956000.0,96000.0,298415000.0,262000.0,203483000.0,203483000.0,203483000.0,0.0,0.0,0.255,364249000.0,294253000.0,4924000.0,0.0,3.215,30.657,30.609,52253000.0,0.0,67.34,7.817,7.816,312866000.0,1039491000.0,798018000.0,798018000.0,132628000.0,0.08,0.109,18.628,0.371,18527000.0,205178000.0,1.0,92637661.0,92622000,94954000.0,8.616,1004997000.0,38330000.0,90064000.0,102413000.0,10.851,435972000.0
35,ANSS,MRT,2012-09-30,2012-09-30,2012-09-30,2021-08-05,14373000.0,2558304000.0,2509263500.0,825831000.0,1732473000.0,0.309,20.514,-27421000.0,554887000.0,554887000.0,136177000.0,194877000.0,1.823,0.349,79723000.0,79723000.0,0.0,79723000.0,273636000.0,82708000.0,0.0,0.0,0.0,288288000.0,370996000.0,0.478,370996000.0,288288000.0,285113000.0,2.1,2.05,2.1,1896490000.0,1823176250.0,1896490000.0,6332133050.0,22.0,17.068,279020000.0,3.018,1.0,639302000.0,0.824,1621686000.0,3175000.0,8347000.0,29054250.0,0.0,454000.0,454000.0,0.0,661814000.0,453107000.0,208707000.0,6777319050.0,148589000.0,-46128000.0,-31934000.0,-58494000.0,0.0,-82752000.0,-73476000.0,73000.0,306441000.0,-1624000.0,194877000.0,194877000.0,194877000.0,0.0,0.0,0.251,353545000.0,285757000.0,4054000.0,0.0,3.574,34.777,34.952,51178000.0,0.0,73.4,8.74,8.75,249098000.0,983428000.0,775479000.0,775479000.0,128173000.0,0.078,0.107,9.922,0.372,19527000.0,199995000.0,1.0,92334047.0,92448000,94755000.0,8.388,936618000.0,35188000.0,90236000.0,107277000.0,10.131,372724000.0
36,ANSS,MRT,2012-06-30,2012-06-30,2012-06-30,2021-08-05,7324000.0,2513222000.0,2456663750.0,841153000.0,1672069000.0,0.306,19.658,-28788000.0,551484000.0,551484000.0,133448000.0,188804000.0,1.813,0.38,106298000.0,79724000.0,26574000.0,106298000.0,293563000.0,78047000.0,0.0,0.0,0.0,280413000.0,358460000.0,0.477,358460000.0,280413000.0,277117000.0,2.03,1.99,2.03,1820849000.0,1772308000.0,1820849000.0,5437564106.0,19.0,15.169,273570000.0,2.953,1.0,618057000.0,0.822,1576791000.0,3296000.0,27328000.0,47424500.0,0.0,468000.0,468000.0,0.0,692373000.0,463917000.0,228456000.0,5878481106.0,-78228000.0,-269486000.0,-35318000.0,-42565000.0,0.0,-66797000.0,-298199000.0,75000.0,302358000.0,-15590000.0,188804000.0,188804000.0,188804000.0,0.0,0.0,0.251,340623000.0,277434000.0,3892000.0,0.0,3.228,31.135,31.089,51659000.0,0.0,63.11,7.822,7.779,271175000.0,931809000.0,751505000.0,751505000.0,123566000.0,0.077,0.107,5.913,0.373,17362000.0,193980000.0,1.0,93146587.0,92626000,94928000.0,8.113,936431000.0,29703000.0,88313000.0,102878000.0,10.11,377236000.0
37,ANSS,MRT,2012-03-31,2012-03-31,2012-03-31,2021-08-05,11804000.0,2517058000.0,2387852000.0,830802000.0,1686256000.0,0.301,19.618,-23465000.0,557846000.0,557846000.0,126774000.0,183973000.0,1.818,0.382,116929000.0,90355000.0,26574000.0,116929000.0,281689000.0,71836000.0,0.0,0.0,0.0,273848000.0,345684000.0,0.481,345684000.0,273848000.0,270501000.0,1.98,1.94,1.98,1820893000.0,1727169250.0,1820893000.0,5688345634.0,21.0,16.455,282934000.0,3.048,1.0,591973000.0,0.824,1595251000.0,3347000.0,23874000.0,69761250.0,0.0,599000.0,599000.0,0.0,696165000.0,457016000.0,239149000.0,6032601634.0,7912000.0,-269486000.0,27017000.0,-37268000.0,0.0,1955000.0,-292969000.0,-18000.0,306399000.0,-7473000.0,183973000.0,183973000.0,183973000.0,0.0,0.0,0.256,320860000.0,271113000.0,5572000.0,0.0,3.313,32.791,32.838,46809000.0,0.0,65.02,8.393,8.397,255162000.0,881547000.0,718747000.0,718747000.0,115333000.0,0.077,0.107,3.926,0.381,13537000.0,185130000.0,1.0,92780708.0,92817000,95190000.0,7.744,921807000.0,26528000.0,86528000.0,112711000.0,9.931,373786000.0
38,ANSS,MRT,2011-12-31,2011-12-31,2011-12-31,2021-08-05,11876000.0,2448470000.0,2303177500.0,740033000.0,1708437000.0,0.3,19.046,-22063000.0,471828000.0,471828000.0,119014000.0,180675000.0,1.687,0.396,127572000.0,74423000.0,53149000.0,127572000.0,259155000.0,65955000.0,0.0,0.0,0.0,268190000.0,334145000.0,0.483,334145000.0,268190000.0,264858000.0,1.96,1.91,1.96,1754473000.0,1666104250.0,1754473000.0,5023468369.0,19.0,15.034,285598000.0,3.1,1.0,572435000.0,0.828,1608795000.0,3332000.0,56668000.0,101128500.0,0.0,576000.0,576000.0,0.0,693997000.0,438751000.0,255246000.0,5291549369.0,-651000.0,-269486000.0,12254000.0,-31976000.0,0.0,-9676000.0,-291643000.0,-94000.0,307661000.0,-6993000.0,180675000.0,180675000.0,180675000.0,0.0,0.0,0.261,306876000.0,265559000.0,6987000.0,0.0,3.016,29.288,29.224,45638000.0,0.0,57.28,7.653,7.631,247898000.0,836008000.0,691449000.0,691449000.0,108530000.0,0.078,0.108,2.652,0.388,13042000.0,180357000.0,1.0,92380401.0,92120000,94381000.0,7.506,839675000.0,26793000.0,84183000.0,107831000.0,9.115,301282000.0
39,ANSS,MRT,2011-09-30,2011-09-30,2011-09-30,2021-08-05,15477000.0,2347905000.0,2222779000.0,626427000.0,1721478000.0,0.297,18.347,-17629000.0,406298000.0,406298000.0,112479000.0,182358000.0,1.686,0.387,138217000.0,58494000.0,79723000.0,138217000.0,225729000.0,62325000.0,0.0,0.0,0.0,260728000.0,323053000.0,0.49,323053000.0,260728000.0,257606000.0,1.98,1.93,1.98,1693017000.0,1609968250.0,1693017000.0,4042228337.0,16.0,12.513,187153000.0,2.028,1.0,547334000.0,0.83,1626517000.0,3122000.0,81828000.0,134249000.0,0.0,582000.0,582000.0,0.0,654888000.0,371479000.0,283409000.0,4523100337.0,-88418000.0,-269753000.0,14161000.0,-26699000.0,0.0,-1556000.0,-286771000.0,611000.0,204782000.0,-4873000.0,182358000.0,182358000.0,182358000.0,0.0,0.0,0.276,289533000.0,257801000.0,4423000.0,0.0,2.672,24.803,24.768,40251000.0,0.0,49.04,6.855,6.858,199275000.0,788551000.0,659813000.0,659813000.0,102096000.0,0.082,0.113,1.942,0.395,10708000.0,170721000.0,1.0,92232878.0,92277000,94445000.0,7.15,721388000.0,26124000.0,75248000.0,116280000.0,7.818,254948000.0
40,ANSS,MRT,2011-06-30,2011-06-30,2011-06-30,2021-08-05,23330000.0,2237975000.0,2165423250.0,854251000.0,1383724000.0,0.289,17.841,-17446000.0,629712000.0,629712000.0,106731000.0,172942000.0,2.459,0.364,148840000.0,42542000.0,106298000.0,148840000.0,231719000.0,60386000.0,0.0,0.0,0.0,246326000.0,306712000.0,0.489,306712000.0,246326000.0,243055000.0,1.89,1.84,1.89,1640294000.0,1551749000.0,1640294000.0,4623364437.0,19.0,15.074,193321000.0,2.103,1.0,519990000.0,0.83,1292971000.0,3271000.0,116675000.0,140718500.0,0.0,548000.0,548000.0,0.0,597681000.0,347457000.0,250224000.0,5019121437.0,214224000.0,0.0,13463000.0,-21445000.0,0.0,2121000.0,-16851000.0,595000.0,210767000.0,18187000.0,172942000.0,172942000.0,172942000.0,0.0,0.0,0.276,275641000.0,244349000.0,4537000.0,0.0,3.06,29.022,28.926,38529000.0,0.0,54.67,8.009,8.02,203368000.0,743005000.0,626721000.0,626721000.0,94893000.0,0.08,0.111,1.75,0.393,10222000.0,164495000.0,1.0,91807599.0,91940000,94188000.0,6.817,945004000.0,23582000.0,70113000.0,72285000.0,10.278,506794000.0
41,ANSS,MRT,2011-03-31,2011-03-31,2011-03-31,2021-08-05,20101000.0,2178360000.0,2094317000.0,784745000.0,1393615000.0,0.288,17.181,-15731000.0,549934000.0,549934000.0,102808000.0,163004000.0,2.374,0.382,154177000.0,37247000.0,116930000.0,154177000.0,226426000.0,60441000.0,0.0,0.0,0.0,233853000.0,294294000.0,0.489,294294000.0,233853000.0,230111000.0,1.79,1.74,1.79,1576633000.0,1492313000.0,1576633000.0,4660483519.0,20.0,15.836,176281000.0,1.921,1.0,499422000.0,0.829,1302734000.0,3742000.0,149343000.0,137661250.0,0.0,535000.0,535000.0,0.0,601727000.0,330526000.0,271201000.0,4973437519.0,160694000.0,0.0,10822000.0,-51182000.0,0.0,-30501000.0,-15045000.0,686000.0,192012000.0,14228000.0,163004000.0,163004000.0,163004000.0,0.0,0.0,0.271,267503000.0,231919000.0,4321000.0,0.0,3.154,30.511,30.274,37436000.0,0.0,54.19,8.258,8.257,217496000.0,697574000.0,602230000.0,602230000.0,91101000.0,0.078,0.109,1.699,0.388,9803000.0,160344000.0,1.0,91777773.0,91767000,94171000.0,6.563,875626000.0,18740000.0,67107000.0,73901000.0,9.542,454219000.0
42,ANSS,MRT,2010-12-31,2010-12-31,2010-12-31,2021-08-05,16962000.0,2126876000.0,2038359750.0,714633000.0,1412243000.0,0.285,16.871,-14260000.0,472479000.0,472479000.0,100879000.0,153132000.0,2.295,0.39,159525000.0,31962000.0,127563000.0,159525000.0,199805000.0,60826000.0,0.0,0.0,0.0,220882000.0,281708000.0,0.486,281708000.0,220882000.0,216394000.0,1.69,1.64,1.69,1529929000.0,1437914250.0,1529929000.0,4408459032.0,20.0,15.649,152624000.0,1.683,1.0,479357000.0,0.826,1313403000.0,4488000.0,189150000.0,137224500.0,0.0,455000.0,455000.0,0.0,596947000.0,311369000.0,285578000.0,4738284032.0,136601000.0,0.0,24521000.0,-65913000.0,0.0,-29639000.0,-6648000.0,7612000.0,166884000.0,6004000.0,153132000.0,153132000.0,153132000.0,0.0,0.0,0.264,260089000.0,219268000.0,2241000.0,0.0,3.097,30.942,30.811,36921000.0,0.0,52.07,8.166,8.138,224006000.0,655333000.0,580236000.0,580236000.0,88990000.0,0.075,0.106,1.61,0.381,7266000.0,155096000.0,1.0,90998349.0,90684000,93209000.0,6.398,813473000.0,23489000.0,63262000.0,81421000.0,8.97,403264000.0
43,ANSS,MRT,2010-09-30,2010-09-30,2010-09-30,2021-08-05,16345000.0,2118482000.0,1986686250.0,686392000.0,1432090000.0,0.284,16.067,-11059000.0,494716000.0,494716000.0,99733000.0,141622000.0,1.931,0.451,164891000.0,26691000.0,138200000.0,164891000.0,179272000.0,61652000.0,0.0,0.0,0.0,214928000.0,276580000.0,0.49,276580000.0,214928000.0,209362000.0,1.58,1.53,1.58,1460140000.0,1383589750.0,1460140000.0,3595096863.0,17.0,12.998,226010000.0,2.487,1.0,464292000.0,0.823,1325408000.0,5566000.0,107706000.0,135393750.0,0.0,1120000.0,1120000.0,0.0,658342000.0,355543000.0,302799000.0,3840309863.0,201378000.0,0.0,23246000.0,-67244000.0,0.0,-29506000.0,-11710000.0,-663000.0,237069000.0,5525000.0,141622000.0,141622000.0,141622000.0,0.0,0.0,0.251,250053000.0,214239000.0,3554000.0,0.0,2.63,27.117,26.741,34715000.0,0.0,42.25,6.809,6.808,170728000.0,606193000.0,564025000.0,564025000.0,86128000.0,0.071,0.102,1.587,0.381,3328000.0,147311000.0,1.0,90894908.0,90880000,93212000.0,6.206,793074000.0,26253000.0,67740000.0,177725000.0,8.727,330849000.0
44,ANSS,MRT,2010-06-30,2010-06-30,2010-06-30,2021-08-05,3568000.0,1953550000.0,1920248000.0,578742000.0,1374808000.0,0.288,15.478,-8231000.0,415488000.0,415488000.0,98343000.0,136021000.0,2.118,0.393,170275000.0,21436000.0,148839000.0,170275000.0,190410000.0,62667000.0,0.0,0.0,0.0,211245000.0,273912000.0,0.496,273912000.0,211245000.0,204268000.0,1.53,1.47,1.53,1402550000.0,1332815000.0,1402550000.0,3488059254.0,17.0,12.734,190654000.0,2.104,1.0,454026000.0,0.822,1330624000.0,6977000.0,104446000.0,150539000.0,0.0,1097000.0,1097000.0,0.0,551000000.0,273267000.0,277733000.0,3671953254.0,163785000.0,0.0,24702000.0,-68517000.0,0.0,-25918000.0,-6706000.0,1513000.0,198885000.0,-2476000.0,136021000.0,136021000.0,136021000.0,0.0,0.0,0.246,244032000.0,209994000.0,3767000.0,0.0,2.618,26.995,26.516,33565000.0,0.0,40.57,6.648,6.655,145252000.0,570063000.0,552369000.0,552369000.0,83894000.0,0.071,0.102,1.403,0.382,-1645000.0,142076000.0,1.0,90509077.0,90614000,93146000.0,6.096,622926000.0,22271000.0,68247000.0,106237000.0,6.875,305475000.0
45,ANSS,MRT,2010-03-31,2010-03-31,2010-03-31,2021-08-05,6698000.0,1954531000.0,1890641500.0,566082000.0,1388449000.0,0.284,15.106,-6905000.0,389240000.0,389240000.0,98261000.0,127665000.0,2.034,0.438,205346000.0,25086000.0,180260000.0,205346000.0,189791000.0,63587000.0,0.0,0.0,0.0,198504000.0,262091000.0,0.488,262091000.0,198504000.0,189831000.0,1.45,1.39,1.45,1359038000.0,1284362750.0,1359038000.0,3769569405.0,19.0,14.383,175265000.0,1.948,1.0,438367000.0,0.817,1344684000.0,8673000.0,147596000.0,165540000.0,0.0,1072000.0,1072000.0,0.0,595493000.0,278357000.0,317136000.0,3880021405.0,159971000.0,0.0,23424000.0,-66850000.0,0.0,-26907000.0,-7450000.0,-557000.0,182170000.0,12158000.0,127665000.0,127665000.0,127665000.0,0.0,0.0,0.238,240096000.0,198271000.0,3828000.0,0.0,2.855,30.392,29.783,34081000.0,0.0,43.185,7.23,7.24,161199000.0,534570000.0,536628000.0,536628000.0,82413000.0,0.068,0.099,1.199,0.37,-1902000.0,138667000.0,1.0,89846507.0,89964000,92774000.0,5.965,609847000.0,18627000.0,62166000.0,115070000.0,6.779,287725000.0
46,ANSS,MRT,2009-12-31,2009-12-31,2009-12-31,2021-08-05,8812000.0,1920182000.0,1858150750.0,515490000.0,1404692000.0,0.278,14.834,-8323000.0,335878000.0,335878000.0,97236000.0,116391000.0,1.932,0.463,225426000.0,26758000.0,198668000.0,225426000.0,169275000.0,64186000.0,0.0,0.0,0.0,183930000.0,248116000.0,0.48,248116000.0,183930000.0,173529000.0,1.32,1.27,1.32,1312631000.0,1234834250.0,1312631000.0,3793714122.0,21.0,15.29,165366000.0,1.869,1.0,419649000.0,0.812,1361137000.0,10401000.0,181827000.0,178972500.0,0.0,7966000.0,7966000.0,0.0,607551000.0,266766000.0,340785000.0,3854921122.0,107702000.0,0.0,-23028000.0,-54230000.0,0.0,-64090000.0,-10731000.0,-2408000.0,173689000.0,8834000.0,116391000.0,116391000.0,116391000.0,0.0,0.0,0.225,236172000.0,183477000.0,2426000.0,0.0,2.937,33.12,32.924,35131000.0,0.0,43.46,7.458,7.44,153819000.0,502201000.0,516885000.0,516885000.0,79856000.0,0.063,0.094,1.028,0.356,44000.0,137264000.0,1.0,88700440.0,88486000,91785000.0,5.841,559045000.0,20403000.0,57138000.0,119718000.0,6.318,248724000.0
47,ANSS,MRT,2009-09-30,2009-09-30,2009-09-30,2021-08-05,9770000.0,1852729000.0,1844233750.0,430481000.0,1422248000.0,0.272,14.239,-12455000.0,293338000.0,293338000.0,96965000.0,110674000.0,1.763,0.474,232131000.0,26787000.0,205344000.0,232131000.0,162144000.0,63897000.0,0.0,0.0,0.0,170545000.0,234442000.0,0.467,234442000.0,170545000.0,158021000.0,1.26,1.21,1.26,1257041000.0,1202401250.0,1257041000.0,3282957889.0,19.0,14.003,177983000.0,2.016,1.0,404859000.0,0.807,1379035000.0,12524000.0,168287000.0,190190250.0,0.0,368000.0,368000.0,0.0,595688000.0,244200000.0,351488000.0,3296104889.0,83806000.0,-101000.0,-38907000.0,-68635000.0,0.0,-100437000.0,-9910000.0,2658000.0,190438000.0,3715000.0,110674000.0,110674000.0,110674000.0,0.0,0.0,0.221,235958000.0,168901000.0,1885000.0,0.0,2.622,29.782,29.698,36034000.0,0.0,37.42,6.568,6.583,117860000.0,464571000.0,501824000.0,501824000.0,78227000.0,0.06,0.092,0.897,0.34,5261000.0,140068000.0,1.0,88084043.0,88284000,91640000.0,5.684,473694000.0,19845000.0,47347000.0,122355000.0,5.366,186281000.0
48,ANSS,MRT,2009-06-30,2009-06-30,2009-06-30,2021-08-05,4069000.0,1835124000.0,1841324250.0,399307000.0,1435817000.0,0.269,13.779,-14168000.0,251703000.0,251703000.0,97663000.0,105920000.0,1.507,0.518,238556000.0,26645000.0,211911000.0,238556000.0,182744000.0,62324000.0,0.0,0.0,0.0,162129000.0,224453000.0,0.453,224453000.0,162129000.0,148796000.0,1.21,1.17,1.21,1208741000.0,1178750750.0,1208741000.0,2773606440.0,17.0,12.357,184937000.0,2.108,1.0,398221000.0,0.803,1392575000.0,13333000.0,164450000.0,209281250.0,0.0,2484000.0,2484000.0,0.0,626383000.0,264952000.0,361431000.0,2730913440.0,56298000.0,-316965000.0,-39789000.0,237905000.0,0.0,197936000.0,-327583000.0,3562000.0,199105000.0,-13160000.0,105920000.0,105920000.0,105920000.0,0.0,0.0,0.214,238656000.0,159565000.0,2225000.0,0.0,2.259,25.783,25.752,36246000.0,0.0,31.16,5.507,5.512,128482000.0,434042000.0,495884000.0,495884000.0,79047000.0,0.058,0.09,0.775,0.327,7941000.0,144420000.0,1.0,87641638.0,87726000,91048000.0,5.653,442549000.0,17451000.0,42876000.0,127692000.0,5.045,134355000.0
49,ANSS,MRT,2009-03-31,2009-03-31,2009-03-31,2021-08-05,-9568000.0,1824568000.0,1631571250.0,378208000.0,1446360000.0,0.297,13.064,-17497000.0,229269000.0,229269000.0,94135000.0,106912000.0,1.429,0.572,271962000.0,29559000.0,242403000.0,271962000.0,177776000.0,56236000.0,0.0,0.0,0.0,166614000.0,222850000.0,0.459,222850000.0,166614000.0,154980000.0,1.26,1.21,1.26,1160924000.0,1053808000.0,1160924000.0,2296233336.0,14.0,10.304,193315000.0,2.175,1.0,390969000.0,0.806,1401184000.0,11634000.0,201326000.0,161318250.0,0.0,334000.0,334000.0,0.0,663644000.0,264751000.0,398893000.0,2244984336.0,28366000.0,-320130000.0,-40921000.0,223481000.0,0.0,181959000.0,-338342000.0,-703000.0,210812000.0,-26063000.0,106912000.0,106912000.0,106912000.0,0.0,0.0,0.22,228210000.0,162759000.0,2493000.0,0.0,1.934,20.998,19.921,37065000.0,0.0,25.1,4.628,4.598,137646000.0,406905000.0,485104000.0,485104000.0,75666000.0,0.066,0.101,1.033,0.343,8368000.0,140003000.0,1.0,89441607.0,88866000,92175000.0,5.459,423384000.0,11417000.0,48068000.0,135665000.0,4.764,113457000.0
50,ANSS,MRT,2008-12-31,2008-12-31,2008-12-31,2021-08-05,-1484000.0,1864514000.0,1430176250.0,397153000.0,1467361000.0,0.334,14.256,-16639000.0,228176000.0,228176000.0,91414000.0,111671000.0,1.484,0.576,279425000.0,29630000.0,249795000.0,279425000.0,166189000.0,50093000.0,0.0,0.0,0.0,176033000.0,226126000.0,0.473,226126000.0,176033000.0,166691000.0,1.35,1.29,1.35,1182899000.0,932897250.0,1182899000.0,2592448096.0,15.0,11.465,180069000.0,2.17,1.0,386925000.0,0.809,1421401000.0,9342000.0,226698000.0,116513000.0,0.0,5699000.0,5699000.0,0.0,681615000.0,267664000.0,413951000.0,2501736096.0,60952000.0,-320130000.0,-706000.0,218995000.0,0.0,217750000.0,-337999000.0,-1230000.0,196708000.0,-15507000.0,111671000.0,111671000.0,111671000.0,0.0,0.0,0.233,217194000.0,169731000.0,3069000.0,0.0,2.115,22.403,20.659,36812000.0,0.0,27.89,5.23,4.838,157285000.0,385810000.0,478339000.0,478339000.0,71594000.0,0.078,0.12,1.511,0.368,7709000.0,134887000.0,1.0,89700111.0,82975000,86768000.0,5.765,443113000.0,6449000.0,55020000.0,140168000.0,5.34,129489000.0
51,ANSS,MRT,2008-09-30,2008-09-30,2008-09-30,2021-08-05,6197000.0,1841091000.0,1206370750.0,358338000.0,1482753000.0,0.377,13.566,-12657000.0,209532000.0,209532000.0,86869000.0,109047000.0,1.453,0.584,300244000.0,30978000.0,269266000.0,300244000.0,147119000.0,44157000.0,0.0,0.0,0.0,168457000.0,212614000.0,0.468,212614000.0,168457000.0,161835000.0,1.37,1.31,1.37,1162439000.0,797475000.0,1162439000.0,3172072499.0,19.0,14.919,164025000.0,1.914,1.0,367405000.0,0.809,1440610000.0,6622000.0,244651000.0,68566750.0,0.0,2842000.0,2842000.0,0.0,678652000.0,246542000.0,432110000.0,3367103499.0,58881000.0,-319910000.0,1933000.0,224743000.0,0.0,226809000.0,-335888000.0,-3101000.0,176682000.0,-8722000.0,109047000.0,109047000.0,109047000.0,0.0,0.0,0.24,205512000.0,161893000.0,2852000.0,0.0,2.897,30.878,27.642,33621000.0,0.0,37.87,7.412,7.143,140087000.0,353896000.0,454274000.0,454274000.0,68403000.0,0.09,0.137,2.457,0.371,6492000.0,127459000.0,1.0,88912160.0,85687000,90117000.0,5.302,400481000.0,6216000.0,52788000.0,150002000.0,4.674,111796000.0
52,ANSS,MRT,2008-06-30,2008-06-30,2008-06-30,2021-08-05,18959000.0,996112000.0,978288000.0,337882000.0,658230000.0,0.436,9.031,-11214000.0,195405000.0,195405000.0,81673000.0,101968000.0,1.614,0.405,374000.0,330000.0,44000.0,374000.0,153272000.0,39133000.0,0.0,0.0,0.0,161308000.0,200441000.0,0.47,200441000.0,161308000.0,156208000.0,1.31,1.25,1.31,708970000.0,660246000.0,708970000.0,3542737795.0,22.0,17.675,148978000.0,1.898,1.0,344388000.0,0.808,619119000.0,5100000.0,-27402000.0,18708250.0,0.0,6639000.0,6639000.0,0.0,287142000.0,209364000.0,77778000.0,3695436795.0,57621000.0,-3165000.0,1925000.0,-98093000.0,0.0,-89650000.0,-20827000.0,-6228000.0,160192000.0,7906000.0,101968000.0,101968000.0,101968000.0,0.0,0.0,0.239,189181000.0,155207000.0,2679000.0,0.0,5.212,36.241,35.969,31519000.0,0.0,47.12,8.673,8.682,121833000.0,328122000.0,426061000.0,426061000.0,62319000.0,0.104,0.154,8.622,0.379,3612000.0,117984000.0,1.0,78426078.0,78503000,82083000.0,5.427,376993000.0,14365000.0,54240000.0,67542000.0,4.802,128518000.0
53,ANSS,MRT,2008-03-31,2008-03-31,2008-03-31,2021-08-05,21222000.0,1018988000.0,955957750.0,355936000.0,663052000.0,0.426,8.65,-10809000.0,200903000.0,200903000.0,80074000.0,92095000.0,1.639,0.505,48204000.0,6395000.0,41809000.0,48204000.0,148114000.0,39143000.0,0.0,0.0,0.0,147647000.0,186790000.0,0.459,186790000.0,147647000.0,141823000.0,1.19,1.14,1.19,677281000.0,627852250.0,677281000.0,2597101225.0,18.0,13.904,131263000.0,1.676,1.0,326952000.0,0.803,626984000.0,5824000.0,22105000.0,39392000.0,0.0,324000.0,324000.0,0.0,341707000.0,217200000.0,124507000.0,2704179225.0,83529000.0,0.0,1955000.0,-66603000.0,0.0,-58133000.0,-11004000.0,25000.0,142072000.0,10594000.0,92095000.0,92095000.0,92095000.0,0.0,0.0,0.226,185203000.0,141749000.0,4078000.0,0.0,3.993,29.363,29.008,29678000.0,0.0,34.52,6.644,6.641,135481000.0,299993000.0,407026000.0,407026000.0,59367000.0,0.096,0.147,3.748,0.363,2735000.0,116926000.0,1.0,78336594.0,78302000,81643000.0,5.198,392004000.0,19228000.0,49728000.0,77659000.0,5.006,138736000.0
54,ANSS,MRT,2007-12-31,2007-12-31,2007-12-31,2021-08-05,16229000.0,969292000.0,927061250.0,305169000.0,664123000.0,0.416,8.243,-10758000.0,167224000.0,167224000.0,78047000.0,82392000.0,1.558,0.512,60146000.0,7716000.0,52430000.0,60146000.0,122799000.0,38949000.0,0.0,0.0,0.0,131085000.0,170034000.0,0.441,170034000.0,131085000.0,124263000.0,1.06,1.02,1.06,641210000.0,597036000.0,641210000.0,3170425244.0,24.0,18.646,116370000.0,1.496,1.0,307293000.0,0.797,631434000.0,6822000.0,34913000.0,53276250.0,0.0,4627000.0,4627000.0,0.0,328082000.0,195867000.0,132215000.0,3245575244.0,62909000.0,0.0,-56000.0,-63179000.0,0.0,-55829000.0,-15418000.0,-4440000.0,127128000.0,7028000.0,82392000.0,82392000.0,82392000.0,0.0,0.0,0.214,180524000.0,126769000.0,3603000.0,0.0,5.062,39.392,39.113,29082000.0,0.0,41.46,8.423,8.37,115780000.0,274139000.0,385340000.0,385340000.0,56481000.0,0.089,0.138,2.46,0.34,1512000.0,115108000.0,1.0,78282085.0,77792000,81135000.0,4.953,337858000.0,17538000.0,41871000.0,73189000.0,4.343,109302000.0
55,ANSS,MRT,2007-09-30,2007-09-30,2007-09-30,2021-08-05,16487000.0,928760000.0,910412250.0,281282000.0,647478000.0,0.395,7.868,-12421000.0,150651000.0,150651000.0,76288000.0,65367000.0,1.46,0.514,75501000.0,9348000.0,66153000.0,75501000.0,113198000.0,38462000.0,0.0,0.0,0.0,111961000.0,150423000.0,0.419,150423000.0,111961000.0,103812000.0,0.85,0.82,0.85,613523000.0,570431750.0,613523000.0,2617225955.0,23.0,17.399,102373000.0,1.313,1.0,283064000.0,0.788,615702000.0,8149000.0,45217000.0,65537500.0,0.0,216000.0,216000.0,0.0,315237000.0,192691000.0,122546000.0,2656550955.0,49033000.0,-169000.0,5373000.0,-73025000.0,0.0,-60722000.0,-12631000.0,-41000.0,114794000.0,7592000.0,65367000.0,65367000.0,65367000.0,0.0,0.0,0.182,174248000.0,108816000.0,2780000.0,0.0,4.33,40.641,40.2,29010000.0,0.0,34.17,7.393,7.415,108068000.0,244850000.0,359352000.0,359352000.0,55978000.0,0.072,0.115,1.708,0.312,1394000.0,109291000.0,1.0,77745126.0,77981000,81196000.0,4.608,313058000.0,22347000.0,38445000.0,59994000.0,4.015,88591000.0
56,ANSS,MRT,2007-06-30,2007-06-30,2007-06-30,2021-08-05,11047000.0,906791000.0,891860750.0,253066000.0,653725000.0,0.376,7.465,-12196000.0,137784000.0,137784000.0,74217000.0,55043000.0,1.334,0.565,98459000.0,11752000.0,86707000.0,98459000.0,124660000.0,38174000.0,0.0,0.0,0.0,93623000.0,131797000.0,0.393,131797000.0,93623000.0,84078000.0,0.72,0.69,0.72,579395000.0,546452750.0,579395000.0,2051888624.0,22.0,15.569,98697000.0,1.272,1.0,261218000.0,0.779,622460000.0,9545000.0,55333000.0,79371000.0,0.0,187000.0,187000.0,0.0,327396000.0,189673000.0,137723000.0,2054460624.0,35136000.0,-3421000.0,4651000.0,-72186000.0,0.0,-62637000.0,-15637000.0,-20000.0,110893000.0,2517000.0,55043000.0,55043000.0,55043000.0,0.0,0.0,0.164,171157000.0,90061000.0,3491000.0,0.0,3.546,37.325,36.806,28460000.0,0.0,26.5,6.125,6.131,96346000.0,226153000.0,335435000.0,335435000.0,55075000.0,0.062,0.101,1.18,0.279,2591000.0,107028000.0,1.0,77526816.0,77611000,80886000.0,4.322,284331000.0,18749000.0,29035000.0,55922000.0,3.664,63393000.0
57,ANSS,MRT,2007-03-31,2007-03-31,2007-03-31,2021-08-05,8695000.0,903402000.0,882386500.0,245500000.0,657902000.0,0.346,7.161,-9432000.0,117374000.0,117374000.0,68739000.0,17394000.0,1.263,0.631,114802000.0,13290000.0,101512000.0,114802000.0,120506000.0,35069000.0,0.0,0.0,0.0,49086000.0,84155000.0,0.275,84155000.0,49086000.0,39328000.0,0.21,0.19,0.21,554016000.0,527429500.0,554016000.0,1985691781.0,40.0,23.596,89839000.0,1.161,1.0,236749000.0,0.775,628812000.0,9758000.0,77642000.0,95548500.0,0.0,169000.0,169000.0,0.0,349386000.0,194376000.0,155010000.0,1966686781.0,-79785000.0,-297887000.0,3925000.0,112747000.0,0.0,119417000.0,-301289000.0,6030000.0,99271000.0,2816000.0,17394000.0,17394000.0,17394000.0,0.0,0.0,0.057,191591000.0,45158000.0,3979000.0,0.0,3.55,113.067,120.881,26139000.0,0.0,25.385,6.438,6.429,104661000.0,207898000.0,305488000.0,305488000.0,53121000.0,0.02,0.033,0.514,0.161,2137000.0,101953000.0,1.0,77474366.0,77366000,80734000.0,3.949,274590000.0,23296000.0,21934000.0,68405000.0,3.549,51124000.0
58,ANSS,MRT,2006-12-31,2006-12-31,2006-12-31,2021-08-05,7718000.0,902696000.0,737921750.0,215944000.0,686752000.0,0.357,7.358,-7843000.0,104315000.0,104315000.0,56727000.0,14156000.0,1.203,0.688,123320000.0,13927000.0,109393000.0,123320000.0,101226000.0,27463000.0,0.0,0.0,0.0,40840000.0,68303000.0,0.259,68303000.0,40840000.0,33061000.0,0.19,0.19,0.19,534793000.0,449887000.0,534793000.0,1722426574.0,42.0,25.217,81854000.0,1.126,1.0,206913000.0,0.785,658205000.0,7779000.0,83958000.0,74516000.0,0.0,171000.0,171000.0,0.0,367903000.0,179538000.0,188365000.0,1675523574.0,-71851000.0,-304812000.0,6256000.0,121267000.0,0.0,130774000.0,-294631000.0,18024000.0,89697000.0,2309000.0,14156000.0,14156000.0,14156000.0,0.0,0.0,0.054,170757000.0,36156000.0,3599000.0,0.0,3.133,118.361,114.447,25530000.0,0.0,21.745,6.355,5.995,90482000.0,193327000.0,263640000.0,263640000.0,49406000.0,0.019,0.031,0.548,0.155,435000.0,86901000.0,1.0,77053280.0,72686000,76398000.0,3.627,244491000.0,20976000.0,18905000.0,84350000.0,3.364,36406000.0
59,ANSS,MRT,2006-09-30,2006-09-30,2006-09-30,2021-08-05,6416000.0,854554000.0,588625000.0,184179000.0,670375000.0,0.377,6.739,-5145000.0,101618000.0,101618000.0,43792000.0,15163000.0,1.167,0.651,148521000.0,19806000.0,128715000.0,148521000.0,89742000.0,19888000.0,0.0,0.0,0.0,40775000.0,60663000.0,0.273,60663000.0,40775000.0,34273000.0,0.245,0.215,0.245,517607000.0,372433000.0,517607000.0,1761928931.0,43.0,29.045,75991000.0,0.989,1.0,178321000.0,0.803,643103000.0,6502000.0,100551000.0,53234500.0,0.0,150000.0,150000.0,0.0,336947000.0,157803000.0,179144000.0,1694024931.0,-62812000.0,-304974000.0,6261000.0,146470000.0,0.0,155158000.0,-300104000.0,10015000.0,81136000.0,998000.0,15163000.0,15163000.0,15163000.0,0.0,0.0,0.068,144392000.0,33929000.0,3026000.0,0.0,3.273,111.721,90.163,24430000.0,0.0,22.09,7.627,7.638,69482000.0,181063000.0,222113000.0,222113000.0,42476000.0,0.026,0.041,0.766,0.184,-673000.0,69623000.0,1.0,76687412.0,76804000,80580000.0,2.892,211451000.0,12929000.0,19110000.0,49054000.0,2.753,26376000.0
60,ANSS,MRT,2006-06-30,2006-06-30,2006-06-30,2021-08-05,6801000.0,868894000.0,443241000.0,191448000.0,677446000.0,0.431,6.931,-3983000.0,102648000.0,102648000.0,32505000.0,17965000.0,1.149,0.726,170552000.0,24361000.0,146191000.0,170552000.0,95394000.0,12633000.0,0.0,0.0,0.0,40902000.0,53535000.0,0.28,53535000.0,40902000.0,38531000.0,0.31,0.28,0.31,503302000.0,295290250.0,503302000.0,1633092920.0,40.0,30.505,68957000.0,0.95,1.0,158526000.0,0.83,650135000.0,2371000.0,120043000.0,26897250.0,0.0,461000.0,461000.0,0.0,365592000.0,166620000.0,198972000.0,1830251920.0,-50676000.0,-301603000.0,1468000.0,168591000.0,0.0,170765000.0,-295567000.0,10019000.0,72940000.0,1186000.0,17965000.0,17965000.0,17965000.0,0.0,0.0,0.094,123123000.0,35403000.0,2514000.0,0.0,3.636,101.879,77.129,24252000.0,0.0,23.91,9.581,9.088,76086000.0,172691000.0,191031000.0,191031000.0,36848000.0,0.041,0.061,1.521,0.214,-192000.0,55998000.0,1.0,76547550.0,72612000,72612000.0,2.631,218759000.0,12253000.0,20566000.0,51406000.0,3.013,24828000.0
61,ANSS,MRT,2006-03-31,2006-03-31,2006-03-31,2021-08-05,4546000.0,325543000.0,291520250.0,257914000.0,67629000.0,0.571,3.796,-4081000.0,197159000.0,197159000.0,24889000.0,47133000.0,3.211,0.335,0.0,0.0,0.0,0.0,57724000.0,7958000.0,0.0,0.0,0.0,67802000.0,75760000.0,0.455,75760000.0,67802000.0,68594000.0,0.735,0.695,0.735,243846000.0,218607000.0,243846000.0,1565404567.0,23.0,20.663,61052000.0,0.95,1.0,141534000.0,0.85,54550000.0,-792000.0,-6488000.0,-4985250.0,0.0,6071000.0,6071000.0,0.0,81697000.0,80322000.0,1375000.0,1741570567.0,127253000.0,-7153000.0,-998000.0,0.0,0.0,716000.0,62731000.0,73965000.0,65133000.0,-1327000.0,47133000.0,47133000.0,47133000.0,0.0,0.0,0.283,78296000.0,63238000.0,1385000.0,0.0,7.142,36.95,36.837,6265000.0,0.0,27.075,10.465,10.452,50505000.0,192084000.0,166423000.0,166423000.0,32732000.0,0.162,0.216,-13.601,0.407,-740000.0,44578000.0,1.0,64323936.0,64244000,68330000.0,2.59,270993000.0,7129000.0,21461000.0,0.0,4.218,177592000.0
62,ANSS,MRT,2005-12-31,2005-12-31,2005-12-31,2021-08-05,4271000.0,305509000.0,273879250.0,244362000.0,61147000.0,0.577,3.543,-4752000.0,176166000.0,176166000.0,24039000.0,43903000.0,3.196,0.358,0.0,0.0,0.0,0.0,48234000.0,8107000.0,0.0,0.0,0.0,63111000.0,71218000.0,0.451,71218000.0,63111000.0,63111000.0,0.69,0.65,0.69,224977000.0,204639250.0,224977000.0,1199453898.0,19.0,16.842,63073000.0,0.993,1.0,133997000.0,0.848,54041000.0,0.0,-1168000.0,13004250.0,0.0,18066000.0,18066000.0,0.0,80532000.0,76470000.0,4062000.0,1363883898.0,92619000.0,-4385000.0,-1461000.0,0.0,0.0,-1461000.0,28162000.0,37299000.0,67825000.0,-1907000.0,43903000.0,43903000.0,43903000.0,0.0,0.0,0.278,75157000.0,58840000.0,1330000.0,0.0,6.062,31.066,30.935,6362000.0,0.0,21.345,8.63,8.576,44199000.0,179171000.0,158036000.0,158036000.0,30688000.0,0.16,0.215,4.853,0.399,0.0,43285000.0,1.0,63897114.0,63498000,67384000.0,2.489,251468000.0,6208000.0,19208000.0,4528000.0,3.96,167892000.0
63,ANSS,MRT,2005-09-30,2005-09-30,2005-09-30,2021-08-05,4824000.0,273018000.0,257413500.0,215320000.0,57698000.0,0.595,3.281,-4349000.0,164430000.0,164430000.0,23601000.0,42883000.0,3.365,0.306,0.0,0.0,0.0,0.0,46079000.0,8126000.0,0.0,0.0,0.0,56110000.0,64236000.0,0.419,64236000.0,56110000.0,59879000.0,0.685,0.64,0.685,209036000.0,192262250.0,209036000.0,1070538950.0,19.0,16.666,54379000.0,0.854,1.0,129601000.0,0.846,49404000.0,-3769000.0,-4798000.0,23956000.0,0.0,10042000.0,10042000.0,0.0,63982000.0,63982000.0,0.0,1223862950.0,50150000.0,-4173000.0,-963000.0,0.0,0.0,-963000.0,-7551000.0,971000.0,58728000.0,-64000.0,42883000.0,42883000.0,42883000.0,0.0,0.0,0.28,73654000.0,55947000.0,947000.0,0.0,5.855,28.54,28.095,6234000.0,0.0,19.245,7.989,8.002,37533000.0,165900000.0,153202000.0,153202000.0,29326000.0,0.167,0.223,2.342,0.366,0.0,43027000.0,1.0,63593814.0,63702000,67844000.0,2.405,223614000.0,5375000.0,16996000.0,0.0,3.51,151338000.0
64,ANSS,MRT,2005-06-30,2005-06-30,2005-06-30,2021-08-05,4492000.0,262011000.0,242378750.0,203651000.0,58360000.0,0.604,3.104,-4267000.0,153324000.0,153324000.0,23009000.0,39308000.0,3.112,0.333,0.0,0.0,0.0,0.0,49465000.0,7972000.0,0.0,0.0,0.0,52651000.0,60623000.0,0.414,60623000.0,52651000.0,55285000.0,0.63,0.59,0.63,196569000.0,179665250.0,196569000.0,1057692706.0,20.0,17.447,53715000.0,0.848,1.0,123476000.0,0.843,50732000.0,-2634000.0,-7487000.0,24131750.0,0.0,10046000.0,10046000.0,0.0,65442000.0,65442000.0,0.0,1127598706.0,64057000.0,-4173000.0,3304000.0,0.0,0.0,3304000.0,2531000.0,10971000.0,57982000.0,240000.0,39308000.0,39308000.0,39308000.0,0.0,0.0,0.268,71397000.0,52079000.0,904000.0,0.0,5.736,28.686,28.286,6391000.0,0.0,17.82,7.698,7.705,36855000.0,154726000.0,146485000.0,146485000.0,28270000.0,0.162,0.219,2.182,0.359,0.0,41839000.0,1.0,63277144.0,63334000,67564000.0,2.313,211279000.0,4663000.0,15977000.0,0.0,3.336,138209000.0
65,ANSS,MRT,2005-03-31,2005-03-31,2005-03-31,2021-08-05,5928000.0,254979000.0,227545000.0,195358000.0,59621000.0,0.619,2.984,-4000000.0,69906000.0,69906000.0,22150000.0,37110000.0,2.916,0.356,0.0,0.0,0.0,0.0,51340000.0,7743000.0,0.0,0.0,0.0,50085000.0,57828000.0,0.411,57828000.0,50085000.0,51735000.0,0.6,0.56,0.6,187975000.0,167232250.0,187975000.0,994662330.0,20.0,17.2,49474000.0,0.786,1.0,118681000.0,0.843,52599000.0,-1650000.0,65470000.0,28175750.0,0.0,79838000.0,79838000.0,0.0,67004000.0,67004000.0,0.0,1078209330.0,-21389000.0,-4157000.0,6622000.0,0.0,0.0,6622000.0,-82278000.0,-74121000.0,53474000.0,793000.0,37110000.0,37110000.0,37110000.0,0.0,0.0,0.264,69252000.0,49429000.0,1214000.0,0.0,5.736,29.054,28.508,6168000.0,0.0,17.105,7.656,7.65,42043000.0,144951000.0,140831000.0,140831000.0,27247000.0,0.163,0.222,1.778,0.356,0.0,40817000.0,1.0,63034746.0,62984000,67532000.0,2.236,202380000.0,4425000.0,14625000.0,0.0,3.213,128354000.0
66,ANSS,MRT,2004-12-31,2004-12-31,2004-12-31,2021-08-05,6701000.0,239646000.0,212164250.0,184254000.0,55392000.0,0.634,2.834,-3735000.0,83547000.0,83547000.0,21307000.0,34567000.0,2.871,0.366,0.0,0.0,0.0,0.0,43906000.0,7588000.0,0.0,0.0,0.0,46251000.0,53839000.0,0.4,53839000.0,46251000.0,47901000.0,0.56,0.525,0.56,175469000.0,154508500.0,175469000.0,887459386.0,19.0,16.484,47631000.0,0.769,1.0,113232000.0,0.842,49283000.0,-1650000.0,42639000.0,10838750.0,0.0,54899000.0,54899000.0,0.0,64177000.0,64177000.0,0.0,1001739386.0,5509000.0,0.0,5892000.0,0.0,0.0,5892000.0,-53190000.0,-49455000.0,51366000.0,1441000.0,34567000.0,34567000.0,34567000.0,0.0,0.0,0.257,67254000.0,45978000.0,1100000.0,0.0,5.709,28.98,28.625,5551000.0,0.0,16.03,7.446,7.376,42404000.0,135268000.0,134539000.0,134539000.0,26281000.0,0.163,0.224,4.267,0.344,0.0,39824000.0,1.0,62491540.0,61910000,65956000.0,2.173,190363000.0,3962000.0,13334000.0,0.0,3.075,120077000.0
67,ANSS,MRT,2004-09-30,2004-09-30,2004-09-30,2021-08-05,4713000.0,212879000.0,197392500.0,157842000.0,55037000.0,0.653,2.553,-4407000.0,114280000.0,114280000.0,21142000.0,29517000.0,2.911,0.342,0.0,0.0,0.0,0.0,38726000.0,7480000.0,0.0,0.0,0.0,42187000.0,49667000.0,0.385,49667000.0,42187000.0,42187000.0,0.48,0.45,0.48,158648000.0,142409750.0,158648000.0,680854615.0,16.0,13.708,45384000.0,0.73,1.0,107764000.0,0.836,48463000.0,0.0,-4095000.0,-308500.0,0.0,9980000.0,9980000.0,0.0,54231000.0,54231000.0,0.0,770121615.0,46999000.0,0.0,5405000.0,0.0,0.0,5405000.0,-9518000.0,-5111000.0,49791000.0,1321000.0,29517000.0,29517000.0,29517000.0,0.0,0.0,0.229,66227000.0,41537000.0,774000.0,0.0,4.854,26.091,25.901,5827000.0,0.0,12.432,5.974,5.994,14716000.0,123018000.0,128906000.0,128906000.0,25624000.0,0.15,0.207,-136.749,0.327,0.0,39465000.0,1.0,61944228.0,62150000,66462000.0,2.074,164416000.0,3782000.0,12670000.0,0.0,2.645,103611000.0
68,ANSS,MRT,2004-06-30,2004-06-30,2004-06-30,2021-08-05,4048000.0,202676000.0,184784000.0,146763000.0,55913000.0,0.674,2.384,-4206000.0,89267000.0,89267000.0,20997000.0,27279000.0,2.628,0.38,0.0,0.0,0.0,0.0,41760000.0,7509000.0,0.0,0.0,0.0,38422000.0,45931000.0,0.369,45931000.0,38422000.0,38422000.0,0.45,0.42,0.45,146837000.0,132048000.0,146837000.0,630655550.0,16.0,13.73,39273000.0,0.638,1.0,103629000.0,0.832,48881000.0,0.0,8689000.0,653250.0,0.0,20104000.0,20104000.0,0.0,55839000.0,55839000.0,0.0,721950550.0,41415000.0,0.0,5652000.0,0.0,0.0,5652000.0,-9306000.0,-5100000.0,43479000.0,1590000.0,27279000.0,27279000.0,27279000.0,0.0,0.0,0.219,64634000.0,38995000.0,719000.0,0.0,4.917,26.465,26.111,6159000.0,0.0,11.75,5.793,5.808,16652000.0,115419000.0,124626000.0,124626000.0,24892000.0,0.148,0.207,58.817,0.308,0.0,38613000.0,1.0,61442600.0,61600000,65932000.0,2.023,153795000.0,4154000.0,11143000.0,0.0,2.497,90924000.0
69,ANSS,MRT,2004-03-31,2004-03-31,2004-03-31,2021-08-05,4527000.0,193456000.0,173035500.0,137261000.0,56195000.0,0.695,2.238,-3764000.0,91295000.0,91295000.0,22082000.0,24174000.0,2.461,0.411,0.0,0.0,0.0,0.0,43787000.0,7585000.0,0.0,0.0,0.0,34373000.0,41958000.0,0.349,41958000.0,34373000.0,34373000.0,0.4,0.378,0.4,137080000.0,122465000.0,137080000.0,530725509.0,15.0,12.649,36786000.0,0.6,1.0,98185000.0,0.816,50272000.0,0.0,-3878000.0,1633000.0,0.0,4988000.0,4988000.0,0.0,56376000.0,55767000.0,609000.0,608763509.0,54446000.0,-846000.0,7132000.0,0.0,0.0,7132000.0,5158000.0,9768000.0,40550000.0,1606000.0,24174000.0,24174000.0,24174000.0,0.0,0.0,0.201,63865000.0,34320000.0,1555000.0,0.0,4.441,25.183,24.837,5923000.0,0.0,9.935,5.062,5.061,18653000.0,107842000.0,120267000.0,120267000.0,24483000.0,0.14,0.197,21.049,0.286,0.0,38263000.0,1.0,61274636.0,61260000,65844000.0,1.963,143184000.0,3452000.0,10199000.0,609000.0,2.337,81494000.0
70,ANSS,MRT,2003-12-31,2003-12-31,2003-12-31,2021-08-05,4440000.0,180559000.0,161504750.0,122559000.0,58000000.0,0.703,2.124,-3311000.0,78038000.0,78038000.0,21505000.0,21313000.0,2.291,0.421,0.0,0.0,0.0,0.0,37874000.0,7098000.0,0.0,0.0,0.0,30674000.0,37772000.0,0.333,37772000.0,30674000.0,30674000.0,0.355,0.335,0.355,127074000.0,112555000.0,127074000.0,536970865.0,18.0,14.216,35495000.0,0.593,1.0,92030000.0,0.811,50986000.0,0.0,-1950000.0,5917750.0,0.0,4976000.0,4976000.0,0.0,53485000.0,53485000.0,0.0,604251865.0,31840000.0,-22335000.0,7513000.0,0.0,0.0,7513000.0,-15888000.0,9758000.0,38806000.0,1409000.0,21313000.0,21313000.0,21313000.0,0.0,0.0,0.188,61713000.0,30317000.0,988000.0,0.0,4.755,28.351,27.958,5801000.0,0.0,9.925,5.322,5.23,36234000.0,100701000.0,113535000.0,113535000.0,23792000.0,0.132,0.189,5.183,0.27,0.0,36866000.0,1.0,60881800.0,59832000,63752000.0,1.898,129573000.0,4524000.0,9361000.0,0.0,2.166,69074000.0
71,ANSS,MRT,2003-09-30,2003-09-30,2003-09-30,2021-08-05,2808000.0,162445000.0,148115250.0,106658000.0,55787000.0,0.713,1.94,-2588000.0,67281000.0,67281000.0,19407000.0,20381000.0,2.357,0.386,0.0,0.0,0.0,0.0,33993000.0,6353000.0,0.0,0.0,0.0,29473000.0,35826000.0,0.339,35826000.0,29473000.0,29473000.0,0.345,0.328,0.345,117201000.0,103634750.0,117201000.0,487058372.0,17.0,13.595,32268000.0,0.534,1.0,86141000.0,0.816,50168000.0,0.0,-248000.0,11533000.0,0.0,4989000.0,4989000.0,0.0,45244000.0,45244000.0,0.0,534910372.0,41852000.0,-22335000.0,6913000.0,0.0,0.0,6913000.0,-251000.0,24672000.0,34856000.0,334000.0,20381000.0,20381000.0,20381000.0,0.0,0.0,0.193,56951000.0,29190000.0,1279000.0,0.0,4.564,26.246,25.754,5482000.0,0.0,8.885,5.068,5.086,16034000.0,93500000.0,105548000.0,105548000.0,22302000.0,0.138,0.197,2.556,0.279,0.0,33681000.0,1.0,60203756.0,60424000,64944000.0,1.747,112277000.0,3805000.0,9092000.0,0.0,1.858,61414000.0
72,ANSS,MRT,2003-06-30,2003-06-30,2003-06-30,2021-08-05,2428000.0,155682000.0,136572500.0,97411000.0,58271000.0,0.727,1.826,-2386000.0,47852000.0,47852000.0,17495000.0,19102000.0,2.065,0.435,0.0,0.0,0.0,0.0,36245000.0,5553000.0,0.0,0.0,0.0,28194000.0,33747000.0,0.34,33747000.0,28194000.0,28194000.0,0.325,0.307,0.325,108505000.0,95312250.0,108505000.0,426197154.0,15.0,12.629,31686000.0,0.533,1.0,81760000.0,0.824,48045000.0,0.0,12608000.0,20295750.0,0.0,15616000.0,14980000.0,636000.0,47177000.0,47177000.0,0.0,463046154.0,25049000.0,-22335000.0,3142000.0,0.0,0.0,3142000.0,-12066000.0,12655000.0,34072000.0,-99000.0,19102000.0,19102000.0,19102000.0,0.0,0.0,0.192,54689000.0,27071000.0,930000.0,0.0,4.268,24.241,24.047,5877000.0,0.0,7.815,4.665,4.68,16035000.0,88139000.0,99255000.0,99255000.0,21578000.0,0.14,0.2,1.389,0.284,0.0,32225000.0,1.0,59249052.0,59436000,63616000.0,1.67,107637000.0,7031000.0,9092000.0,0.0,1.811,50234000.0
73,ANSS,MRT,2003-03-31,2003-03-31,2003-03-31,2021-08-05,1152000.0,147333000.0,125961500.0,88992000.0,58341000.0,0.749,1.665,-2334000.0,36849000.0,36849000.0,14241000.0,19350000.0,1.784,0.512,0.0,0.0,0.0,0.0,36672000.0,4758000.0,0.0,0.0,0.0,28210000.0,32968000.0,0.349,32968000.0,28210000.0,28210000.0,0.33,0.31,0.33,97440000.0,87974000.0,97440000.0,305421722.0,11.0,9.264,28361000.0,0.485,1.0,80105000.0,0.849,47330000.0,0.0,13261000.0,25173000.0,0.0,15430000.0,14944000.0,486000.0,49893000.0,49893000.0,0.0,351619722.0,18392000.0,-22330000.0,-4959000.0,0.0,0.0,-4959000.0,-7764000.0,16900000.0,30695000.0,420000.0,19350000.0,19350000.0,19350000.0,0.0,0.0,0.205,52569000.0,27536000.0,1133000.0,0.0,3.609,18.172,18.144,5953000.0,0.0,5.987,3.727,3.713,18878000.0,83667000.0,94346000.0,94346000.0,20442000.0,0.154,0.22,1.121,0.299,0.0,30948000.0,1.0,58725632.0,58508000,62336000.0,1.613,100003000.0,7142000.0,8860000.0,0.0,1.709,39099000.0
74,ANSS,MRT,2002-12-31,2002-12-31,2002-12-31,2021-08-05,760000.0,127001000.0,117565250.0,92491000.0,34510000.0,0.774,1.565,-2236000.0,46198000.0,46198000.0,13231000.0,18959000.0,2.597,0.39,0.0,0.0,0.0,0.0,26395000.0,4525000.0,0.0,0.0,0.0,27385000.0,31910000.0,0.351,31910000.0,27385000.0,27385000.0,0.325,0.305,0.325,91393000.0,83412750.0,91393000.0,268666012.0,10.0,8.419,19880000.0,0.34,1.0,77780000.0,0.855,24684000.0,0.0,20511000.0,30757500.0,0.0,15420000.0,14934000.0,486000.0,35608000.0,35608000.0,0.0,294095012.0,17653000.0,-4277000.0,-7455000.0,0.0,0.0,-7455000.0,2856000.0,9369000.0,22116000.0,136000.0,18959000.0,18959000.0,18959000.0,0.0,0.0,0.208,50706000.0,27074000.0,627000.0,0.0,3.218,15.512,15.538,4302000.0,0.0,5.05,3.231,3.24,29612000.0,79388000.0,91011000.0,91011000.0,19605000.0,0.161,0.227,0.89,0.301,0.0,30283000.0,1.0,58236636.0,58392000,62376000.0,1.559,102317000.0,6785000.0,8426000.0,0.0,1.752,56883000.0
75,ANSS,MRT,2002-09-30,2002-09-30,2002-09-30,2021-08-05,39000.0,116274000.0,115255500.0,81859000.0,34415000.0,0.788,1.439,-2265000.0,25429000.0,25429000.0,13271000.0,17788000.0,2.529,0.386,0.0,0.0,0.0,0.0,23218000.0,5347000.0,0.0,0.0,0.0,25801000.0,31148000.0,0.343,31148000.0,25801000.0,25801000.0,0.305,0.285,0.305,83911000.0,79162750.0,83911000.0,228391344.0,9.0,7.332,22513000.0,0.386,1.0,77546000.0,0.854,23679000.0,0.0,34803000.0,31159750.0,0.0,30858000.0,29840000.0,1018000.0,32363000.0,32363000.0,0.0,251194344.0,7434000.0,-8258000.0,-6392000.0,0.0,0.0,-6392000.0,-11188000.0,-665000.0,24778000.0,236000.0,17788000.0,17788000.0,17788000.0,0.0,0.0,0.196,52111000.0,25435000.0,578000.0,0.0,2.994,14.122,14.123,4667000.0,0.0,4.308,2.766,2.766,12785000.0,73119000.0,90817000.0,90817000.0,19234000.0,0.154,0.225,0.828,0.284,0.0,31363000.0,1.0,58315576.0,58312000,61900000.0,1.557,92595000.0,7081000.0,8013000.0,0.0,1.588,49496000.0
76,ANSS,MRT,2002-06-30,2002-06-30,2002-06-30,2021-08-05,2000.0,113238000.0,109216250.0,78260000.0,34978000.0,0.821,1.349,-2246000.0,22803000.0,22803000.0,12598000.0,16360000.0,2.296,0.431,0.0,0.0,0.0,0.0,25736000.0,6076000.0,0.0,0.0,0.0,23819000.0,29895000.0,0.333,29895000.0,23819000.0,23819000.0,0.28,0.263,0.28,79152000.0,74878250.0,79152000.0,277818347.0,12.0,9.293,17925000.0,0.305,1.0,77084000.0,0.86,24232000.0,0.0,32117000.0,30772250.0,0.0,28917000.0,27834000.0,1083000.0,34086000.0,34086000.0,0.0,296275347.0,3017000.0,-8258000.0,-7874000.0,0.0,0.0,-7874000.0,-9560000.0,944000.0,20171000.0,280000.0,16360000.0,16360000.0,16360000.0,0.0,0.0,0.182,54082000.0,23002000.0,666000.0,0.0,3.743,18.11,17.946,4916000.0,0.0,5.025,3.304,3.288,13523000.0,69037000.0,89682000.0,89682000.0,18437000.0,0.15,0.218,0.774,0.266,0.0,33044000.0,1.0,58960268.0,58680000,63316000.0,1.528,89006000.0,6652000.0,7459000.0,0.0,1.517,44174000.0
77,ANSS,MRT,2002-03-31,2002-03-31,2002-03-31,2021-08-05,-366000.0,113748000.0,103751000.0,77937000.0,35811000.0,0.847,1.357,-2450000.0,18457000.0,18457000.0,12735000.0,15209000.0,2.256,0.436,0.0,0.0,0.0,0.0,26510000.0,6813000.0,0.0,0.0,0.0,22200000.0,29013000.0,0.33,29013000.0,22200000.0,22200000.0,0.263,0.247,0.263,79195000.0,71823500.0,79195000.0,369861097.0,17.0,12.748,17731000.0,0.304,1.0,75144000.0,0.855,25139000.0,0.0,35599000.0,30334500.0,0.0,32943000.0,31843000.0,1100000.0,34553000.0,34553000.0,0.0,398406097.0,1163000.0,-7417000.0,-878000.0,0.0,0.0,-878000.0,-18131000.0,-8264000.0,20181000.0,-9000.0,15209000.0,15209000.0,15209000.0,0.0,0.0,0.173,53905000.0,21239000.0,406000.0,0.0,5.031,26.195,25.76,4995000.0,0.0,6.775,4.534,4.499,13057000.0,64317000.0,87879000.0,87879000.0,17797000.0,0.147,0.212,0.732,0.253,0.0,32757000.0,1.0,58805328.0,58352000,63372000.0,1.506,88609000.0,6419000.0,6991000.0,0.0,1.519,43384000.0
78,ANSS,MRT,2001-12-31,2001-12-31,2001-12-31,2021-08-05,-71000.0,117762000.0,96314250.0,83402000.0,34360000.0,0.881,1.278,-2527000.0,28545000.0,28545000.0,12547000.0,13692000.0,1.923,0.583,0.0,0.0,0.0,0.0,25120000.0,7631000.0,0.0,0.0,0.0,19982000.0,27613000.0,0.325,27613000.0,19982000.0,19982000.0,0.235,0.223,0.235,74393000.0,67291750.0,74393000.0,337666687.0,17.0,12.229,21111000.0,0.363,1.0,72289000.0,0.852,23728000.0,0.0,22120000.0,27885500.0,0.0,25403000.0,24903000.0,500000.0,43369000.0,43369000.0,0.0,355661687.0,22232000.0,-4314000.0,-10420000.0,0.0,0.0,-10420000.0,8983000.0,15824000.0,23638000.0,31000.0,13692000.0,13692000.0,13692000.0,0.0,0.0,0.161,53741000.0,18548000.0,624000.0,0.0,4.781,25.976,26.223,4915000.0,0.0,6.162,4.192,4.229,28155000.0,60429000.0,84836000.0,84836000.0,16893000.0,0.142,0.203,0.717,0.236,0.0,32771000.0,1.0,57713864.0,58216000,61752000.0,1.457,94034000.0,7016000.0,6290000.0,0.0,1.615,40033000.0
79,ANSS,MRT,2001-09-30,2001-09-30,2001-09-30,2021-08-05,-86000.0,92117000.0,92153750.0,65898000.0,26219000.0,0.911,1.149,-2536000.0,17995000.0,17995000.0,11127000.0,13053000.0,2.6,0.38,0.0,0.0,0.0,0.0,14685000.0,7581000.0,0.0,0.0,0.0,19041000.0,26622000.0,0.317,26622000.0,19041000.0,19041000.0,0.217,0.208,0.217,66773000.0,66034500.0,66773000.0,239919790.0,13.0,9.012,17240000.0,0.297,1.0,72788000.0,0.867,15525000.0,0.0,33253000.0,33425500.0,0.0,30775000.0,29775000.0,1000000.0,25344000.0,25344000.0,0.0,259705790.0,6558000.0,-533000.0,-18862000.0,0.0,0.0,-18862000.0,5698000.0,8767000.0,19776000.0,-54000.0,13053000.0,13053000.0,13053000.0,0.0,0.0,0.156,56151000.0,16637000.0,572000.0,0.0,3.889,19.896,20.565,5160000.0,0.0,4.463,3.095,3.091,12948000.0,55332000.0,83915000.0,83915000.0,17002000.0,0.142,0.198,0.57,0.227,0.0,33913000.0,1.0,58197376.0,58128000,62308000.0,1.444,76592000.0,6259000.0,5988000.0,0.0,1.318,40554000.0
80,ANSS,MRT,2001-06-30,2001-06-30,2001-06-30,2021-08-05,-154000.0,91377000.0,92811500.0,64031000.0,27346000.0,0.862,1.167,-3093000.0,19786000.0,19786000.0,10497000.0,13671000.0,2.619,0.365,0.0,0.0,0.0,0.0,16328000.0,6725000.0,0.0,0.0,0.0,19873000.0,26598000.0,0.333,26598000.0,19873000.0,19873000.0,0.225,0.217,0.225,66933000.0,67255000.0,66933000.0,250328561.0,13.0,9.412,20529000.0,0.358,1.0,69490000.0,0.869,16781000.0,0.0,30366000.0,35235750.0,0.0,30378000.0,29878000.0,500000.0,24444000.0,24444000.0,0.0,267622561.0,-4087000.0,-9380000.0,-19784000.0,0.0,0.0,-19784000.0,-7771000.0,4702000.0,23622000.0,-154000.0,13671000.0,13671000.0,13671000.0,0.0,0.0,0.171,52415000.0,17075000.0,231000.0,0.0,3.998,19.576,20.8,5446000.0,0.0,4.68,3.346,3.357,11701000.0,52677000.0,79987000.0,79987000.0,16101000.0,0.147,0.203,0.564,0.248,0.0,31836000.0,1.0,57184308.0,57368000,60684000.0,1.394,74596000.0,5463000.0,6202000.0,0.0,1.3,39587000.0
81,ANSS,MRT,2001-03-31,2001-03-31,2001-03-31,2021-08-05,0.0,84001000.0,91303000.0,55545000.0,28456000.0,0.825,1.024,-3426000.0,17294000.0,17294000.0,9345000.0,14194000.0,2.422,0.376,0.0,0.0,0.0,0.0,15084000.0,5547000.0,0.0,0.0,0.0,20385000.0,25932000.0,0.344,25932000.0,20385000.0,20385000.0,0.228,0.22,0.228,61068000.0,66942500.0,61068000.0,173431704.0,9.0,6.688,16725000.0,0.28,1.0,65964000.0,0.876,17971000.0,0.0,25803000.0,37489750.0,0.0,25180000.0,24680000.0,500000.0,22933000.0,22933000.0,0.0,179744704.0,4235000.0,-9480000.0,-27830000.0,0.0,0.0,-27830000.0,12056000.0,24962000.0,20151000.0,-142000.0,14194000.0,14194000.0,14194000.0,0.0,0.0,0.188,48805000.0,17159000.0,234000.0,0.0,2.943,12.663,13.849,5233000.0,0.0,3.158,2.387,2.501,10896000.0,49108000.0,75309000.0,75309000.0,15006000.0,0.155,0.212,0.544,0.271,0.0,30448000.0,1.0,56926272.0,59656000,61972000.0,1.262,66030000.0,5505000.0,6191000.0,0.0,1.107,32612000.0
82,ANSS,MRT,2000-12-31,2000-12-31,2000-12-31,2021-08-05,0.0,101120000.0,92460250.0,71802000.0,29318000.0,0.805,1.097,-3386000.0,6313000.0,6313000.0,8685000.0,16310000.0,2.261,0.458,0.0,0.0,0.0,0.0,19797000.0,4333000.0,0.0,0.0,0.0,23158000.0,27491000.0,0.369,27491000.0,23158000.0,23158000.0,0.258,0.25,0.258,69364000.0,68627000.0,69364000.0,166949784.0,7.0,6.073,19464000.0,0.308,1.0,65782000.0,0.883,18771000.0,0.0,44280000.0,44096000.0,0.0,41727000.0,41227000.0,500000.0,31756000.0,31756000.0,0.0,178386784.0,-4088000.0,-9247000.0,-19611000.0,0.0,0.0,-19611000.0,-7380000.0,5253000.0,22850000.0,53000.0,16310000.0,16310000.0,16310000.0,0.0,0.0,0.219,46203000.0,19579000.0,459000.0,0.0,2.572,10.937,10.901,5152000.0,0.0,2.812,2.396,2.388,23567000.0,46737000.0,74467000.0,74467000.0,14502000.0,0.176,0.238,0.525,0.311,0.0,29467000.0,1.0,63426412.0,63216000,65076000.0,1.178,82349000.0,5590000.0,6848000.0,0.0,1.303,40046000.0
83,ANSS,MRT,2000-09-30,2000-09-30,2000-09-30,2021-08-05,0.0,94748000.0,88153000.0,64604000.0,30144000.0,0.77,1.156,-3113000.0,11437000.0,11437000.0,7642000.0,15976000.0,2.798,0.322,0.0,0.0,0.0,0.0,13944000.0,3168000.0,0.0,0.0,0.0,22247000.0,25415000.0,0.374,25415000.0,22247000.0,22247000.0,0.25,0.245,0.25,71655000.0,67693750.0,71655000.0,158200768.0,7.0,6.225,19664000.0,0.317,1.0,60271000.0,0.887,19724000.0,0.0,40494000.0,46178000.0,0.0,39543000.0,39168000.0,375000.0,23093000.0,23093000.0,0.0,182073768.0,4746000.0,-9047000.0,-14703000.0,0.0,0.0,-14703000.0,-3295000.0,8865000.0,22777000.0,-33000.0,15976000.0,15976000.0,15976000.0,0.0,0.0,0.235,41585000.0,18686000.0,237000.0,0.0,2.541,11.397,12.0,5281000.0,0.0,3.0,2.681,2.738,10362000.0,42278000.0,67913000.0,67913000.0,13803000.0,0.181,0.236,0.482,0.328,0.0,26593000.0,1.0,60691256.0,61980000,63892000.0,1.096,75024000.0,5277000.0,6271000.0,0.0,1.21,41511000.0
84,ANSS,MRT,2000-06-30,2000-06-30,2000-06-30,2021-08-05,0.0,85343000.0,84283500.0,71694000.0,13649000.0,0.777,1.038,-2780000.0,23873000.0,23873000.0,7141000.0,16070000.0,3.647,0.299,0.0,0.0,0.0,0.0,13950000.0,2832000.0,0.0,0.0,0.0,22175000.0,25007000.0,0.382,25007000.0,22175000.0,22175000.0,0.247,0.242,0.247,65683000.0,65716500.0,65683000.0,169393684.0,8.0,6.774,18217000.0,0.288,1.0,58369000.0,0.891,2428000.0,0.0,39382000.0,49622750.0,0.0,35081000.0,34706000.0,375000.0,19660000.0,19660000.0,0.0,182452684.0,6205000.0,-300000.0,-10602000.0,0.0,0.0,-10602000.0,-4189000.0,-1109000.0,20997000.0,-1000.0,16070000.0,16070000.0,16070000.0,0.0,0.0,0.245,39560000.0,18809000.0,89000.0,0.0,2.778,11.354,11.518,4390000.0,0.0,2.845,2.785,2.747,9510000.0,39006000.0,65510000.0,65510000.0,13455000.0,0.191,0.245,0.447,0.338,0.0,25252000.0,1.0,64130996.0,63260000,65088000.0,1.036,82915000.0,6933000.0,6105000.0,0.0,1.311,52034000.0
85,ANSS,MRT,2000-03-31,2000-03-31,2000-03-31,2021-08-05,0.0,88630000.0,82220750.0,75828000.0,12802000.0,0.786,1.043,-2013000.0,13059000.0,13059000.0,6996000.0,15521000.0,3.641,0.307,0.0,0.0,0.0,0.0,13819000.0,2808000.0,0.0,0.0,0.0,20976000.0,23784000.0,0.368,23784000.0,20976000.0,20976000.0,0.237,0.232,0.237,67806000.0,64317250.0,67806000.0,162853697.0,8.0,6.847,18928000.0,0.291,1.0,57655000.0,0.892,2519000.0,0.0,52228000.0,49704500.0,0.0,50293000.0,50293000.0,0.0,20824000.0,20824000.0,0.0,173254697.0,5026000.0,-200000.0,-4124000.0,0.0,0.0,-4124000.0,-11823000.0,-9610000.0,20941000.0,32000.0,15521000.0,15521000.0,15521000.0,0.0,0.0,0.24,39752000.0,17903000.0,295000.0,0.0,2.555,11.163,11.34,3666000.0,0.0,2.688,2.68,2.703,9531000.0,34915000.0,64651000.0,64651000.0,13441000.0,0.189,0.241,0.422,0.324,0.0,25468000.0,1.0,64466864.0,65012000,67380000.0,0.994,86111000.0,7023000.0,5455000.0,0.0,1.325,55004000.0
86,ANSS,MRT,1999-12-31,1999-12-31,1999-12-31,2021-08-05,120000.0,83891000.0,78384250.0,70915000.0,12976000.0,0.806,1.003,-2349000.0,10401000.0,10401000.0,6618000.0,14751000.0,3.884,0.278,0.0,0.0,0.0,0.0,11406000.0,2762000.0,0.0,0.0,0.0,19869000.0,22631000.0,0.358,22631000.0,19869000.0,19869000.0,0.225,0.22,0.225,65631000.0,61427250.0,65631000.0,171813832.0,9.0,7.592,15992000.0,0.244,1.0,56521000.0,0.895,2622000.0,0.0,52608000.0,48010250.0,0.0,46913000.0,46731000.0,182000.0,18260000.0,18260000.0,0.0,178504832.0,3812000.0,-100000.0,-1519000.0,0.0,0.0,-1519000.0,-13042000.0,-10593000.0,18341000.0,32000.0,14751000.0,14751000.0,14751000.0,0.0,0.0,0.234,39278000.0,17243000.0,222000.0,0.0,2.72,12.101,12.222,3529000.0,0.0,2.75,2.827,2.851,10518000.0,30427000.0,63139000.0,63139000.0,13475000.0,0.188,0.24,0.414,0.315,0.0,24948000.0,1.0,64910848.0,65464000,66756000.0,0.964,81269000.0,6979000.0,5118000.0,0.0,1.241,52655000.0
87,ANSS,MRT,1999-09-30,1999-09-30,1999-09-30,2021-08-05,120000.0,79270000.0,74411000.0,65812000.0,13458000.0,0.817,0.966,-2229000.0,6691000.0,6691000.0,6380000.0,13778000.0,4.239,0.244,0.0,0.0,0.0,0.0,11037000.0,2739000.0,0.0,0.0,0.0,18994000.0,21733000.0,0.357,21733000.0,18994000.0,18994000.0,0.212,0.205,0.212,63746000.0,58111250.0,63746000.0,145843376.0,8.0,6.711,14085000.0,0.213,1.0,54418000.0,0.895,2782000.0,0.0,54273000.0,45623750.0,0.0,48340000.0,48158000.0,182000.0,15524000.0,15524000.0,0.0,163511376.0,1940000.0,-100000.0,814000.0,0.0,0.0,814000.0,-15188000.0,-12859000.0,16314000.0,0.0,13778000.0,13778000.0,13778000.0,0.0,0.0,0.227,37791000.0,16627000.0,55000.0,0.0,2.565,11.868,11.645,3760000.0,0.0,2.469,2.689,2.681,7806000.0,26302000.0,60798000.0,60798000.0,12676000.0,0.185,0.237,0.416,0.312,0.0,24304000.0,1.0,66232456.0,66016000,67868000.0,0.921,76488000.0,6961000.0,5216000.0,0.0,1.159,50288000.0
88,ANSS,MRT,1999-06-30,1999-06-30,1999-06-30,2021-08-05,120000.0,77092000.0,70441500.0,63254000.0,13838000.0,0.852,0.918,-2193000.0,17668000.0,17668000.0,6315000.0,13122000.0,3.72,0.283,0.0,0.0,0.0,0.0,12000000.0,2770000.0,0.0,0.0,0.0,18494000.0,21264000.0,0.354,21264000.0,18494000.0,18494000.0,0.205,0.195,0.205,60086000.0,54425750.0,60086000.0,155138088.0,8.0,7.296,13694000.0,0.209,1.0,53711000.0,0.895,2709000.0,0.0,39709000.0,42497500.0,0.0,33904000.0,33722000.0,182000.0,17006000.0,17006000.0,0.0,163171088.0,12097000.0,0.0,642000.0,0.0,0.0,642000.0,-4432000.0,-2239000.0,15887000.0,0.0,13122000.0,13122000.0,13122000.0,0.0,0.0,0.219,37435000.0,16276000.0,86000.0,0.0,2.716,12.435,12.12,3861000.0,0.0,2.485,2.718,2.71,8202000.0,22936000.0,60026000.0,60026000.0,12230000.0,0.186,0.241,0.435,0.308,0.0,24363000.0,1.0,65675624.0,65464000,67220000.0,0.917,74383000.0,7248000.0,5372000.0,0.0,1.136,46248000.0
89,ANSS,MRT,1999-03-31,1999-03-31,1999-03-31,2021-08-05,120000.0,73284000.0,66159250.0,58876000.0,14408000.0,0.88,0.864,-2086000.0,8033000.0,8033000.0,6149000.0,12299000.0,3.456,0.303,0.0,0.0,0.0,0.0,11612000.0,2754000.0,0.0,0.0,0.0,18069000.0,20823000.0,0.358,20823000.0,18069000.0,18069000.0,0.193,0.183,0.193,56246000.0,50946750.0,56246000.0,106200132.0,6.0,5.1,14510000.0,0.223,1.0,52045000.0,0.894,2762000.0,0.0,45451000.0,42140250.0,0.0,40465000.0,40283000.0,182000.0,17038000.0,17038000.0,0.0,112789132.0,-5991000.0,0.0,516000.0,0.0,0.0,516000.0,-23103000.0,-21017000.0,16596000.0,0.0,12299000.0,12299000.0,12299000.0,0.0,0.0,0.211,36100000.0,15945000.0,614000.0,0.0,2.005,9.171,8.905,4016000.0,0.0,1.719,1.938,1.922,8262000.0,19393000.0,58194000.0,58194000.0,11979000.0,0.186,0.241,0.429,0.31,0.0,23238000.0,1.0,65622768.0,65084000,67224000.0,0.894,70522000.0,7610000.0,5770000.0,0.0,1.084,41838000.0
90,ANSS,MRT,1998-12-31,1998-12-31,1998-12-31,2021-08-05,120000.0,67998000.0,62133500.0,53680000.0,14318000.0,0.91,0.816,-1239000.0,6589000.0,6589000.0,6065000.0,11349000.0,3.434,0.298,0.0,0.0,0.0,0.0,9540000.0,2710000.0,0.0,0.0,0.0,17137000.0,19847000.0,0.351,19847000.0,17137000.0,17137000.0,0.177,0.17,0.177,52367000.0,47722750.0,52367000.0,175445038.0,10.0,8.84,14407000.0,0.224,1.0,50488000.0,0.893,2716000.0,0.0,43062000.0,37490000.0,0.0,36320000.0,36138000.0,182000.0,15631000.0,15631000.0,0.0,180196038.0,-7401000.0,0.0,453000.0,0.0,0.0,453000.0,-23500000.0,-22261000.0,15646000.0,0.0,11349000.0,11349000.0,11349000.0,0.0,0.0,0.201,35282000.0,15206000.0,205000.0,0.0,3.441,15.878,15.537,3748000.0,0.0,2.75,3.186,3.122,8943000.0,15676000.0,56553000.0,56553000.0,11627000.0,0.183,0.238,0.457,0.303,0.0,22771000.0,1.0,65525832.0,64208000,66324000.0,0.881,65282000.0,7834000.0,5788000.0,0.0,1.017,38049000.0
91,ANSS,MRT,1998-09-30,1998-09-30,1998-09-30,2021-08-05,120000.0,63392000.0,58775500.0,48264000.0,15128000.0,0.949,0.762,-1157000.0,4751000.0,4751000.0,5956000.0,10944000.0,3.354,0.294,0.0,0.0,0.0,0.0,8803000.0,2582000.0,0.0,0.0,0.0,16621000.0,19203000.0,0.344,19203000.0,16621000.0,16621000.0,0.17,0.165,0.17,49004000.0,44734500.0,49004000.0,113194744.0,7.0,5.895,14676000.0,0.228,1.0,49827000.0,0.893,2485000.0,0.0,41768000.0,32672000.0,0.0,35457000.0,35275000.0,182000.0,14388000.0,14388000.0,0.0,118765744.0,-9760000.0,0.0,397000.0,-28000.0,0.0,369000.0,-25962000.0,-24805000.0,15833000.0,0.0,10944000.0,10944000.0,10944000.0,0.0,0.0,0.196,34869000.0,14958000.0,229000.0,0.0,2.424,10.852,10.662,3937000.0,0.0,1.812,2.129,2.09,7326000.0,12525000.0,55783000.0,55783000.0,11357000.0,0.186,0.245,0.509,0.298,0.0,22661000.0,1.0,65525928.0,64320000,66688000.0,0.867,60907000.0,8604000.0,5677000.0,248000.0,0.947,33876000.0
92,ANSS,MRT,1998-06-30,1998-06-30,1998-06-30,2021-08-05,120000.0,59963000.0,,44429000.0,15534000.0,,0.722,-1141000.0,5571000.0,5571000.0,5705000.0,9953000.0,3.221,0.299,0.0,0.0,0.0,0.0,9085000.0,2424000.0,0.0,0.0,0.0,15240000.0,17664000.0,0.329,17664000.0,15240000.0,15240000.0,0.155,0.15,0.155,46170000.0,,46170000.0,147099226.0,10.0,8.328,14563000.0,0.228,1.0,48060000.0,0.894,2319000.0,0.0,38280000.0,,0.0,31641000.0,31459000.0,182000.0,13793000.0,13793000.0,0.0,161123226.0,-12389000.0,0.0,439000.0,-28000.0,0.0,411000.0,-28504000.0,-27363000.0,15704000.0,0.0,9953000.0,9953000.0,9953000.0,0.0,0.0,0.185,34175000.0,13885000.0,180000.0,0.0,3.49,16.188,15.927,4297000.0,0.0,2.469,2.997,2.936,6072000.0,9814000.0,53765000.0,53765000.0,11232000.0,,,,0.283,0.0,22133000.0,1.0,65265104.0,63944000,67172000.0,0.841,57644000.0,9286000.0,5287000.0,0.0,0.901,30636000.0
93,ANSS,MRT,1998-03-31,1998-03-31,1998-03-31,2021-08-05,190000.0,57181000.0,,41135000.0,16046000.0,,0.681,-1228000.0,14024000.0,14024000.0,5548000.0,9507000.0,2.974,0.319,0.0,0.0,0.0,0.0,9114000.0,2253000.0,0.0,0.0,0.0,14788000.0,17041000.0,0.323,17041000.0,14788000.0,14788000.0,0.15,0.145,0.15,43350000.0,,43350000.0,149107760.0,10.0,8.75,13064000.0,0.205,1.0,47212000.0,0.895,2476000.0,0.0,26850000.0,,0.0,19529000.0,19242000.0,287000.0,13831000.0,13831000.0,0.0,163097760.0,-5909000.0,0.0,269000.0,-28000.0,0.0,241000.0,-20442000.0,-19214000.0,14292000.0,0.0,9507000.0,9507000.0,9507000.0,0.0,0.0,0.18,33545000.0,13667000.0,272000.0,0.0,3.762,17.156,16.667,4440000.0,0.0,2.5,3.091,3.018,6929000.0,7094000.0,52760000.0,52760000.0,11327000.0,,,,0.28,0.0,21453000.0,1.0,65239104.0,63684000,66804000.0,0.828,54705000.0,8968000.0,5281000.0,836000.0,0.859,27304000.0
94,ANSS,MRT,1997-12-31,1997-12-31,1997-12-31,2021-08-05,120000.0,54566000.0,48998500.0,37913000.0,16653000.0,1.032,0.642,-2292000.0,13990000.0,13990000.0,5198000.0,7400000.0,2.679,0.35,0.0,0.0,0.0,0.0,9176000.0,4170000.0,0.0,0.0,0.0,11642000.0,15812000.0,0.313,15812000.0,11642000.0,11642000.0,0.117,0.113,0.117,40414000.0,36694000.0,40414000.0,,,,10410000.0,0.165,1.0,45349000.0,0.897,2634000.0,0.0,23790000.0,17873000.0,0.0,14035000.0,13853000.0,182000.0,14152000.0,14152000.0,0.0,114168432.0,-3079000.0,0.0,336000.0,0.0,0.0,336000.0,-16117000.0,-13825000.0,12702000.0,0.0,7400000.0,7400000.0,7400000.0,0.0,0.0,0.146,34618000.0,10731000.0,235000.0,0.0,2.825,15.428,14.957,4771000.0,0.0,1.75,2.259,2.18,8034000.0,4327000.0,50547000.0,50547000.0,11004000.0,0.151,0.202,0.651,0.23,0.0,20817000.0,1.0,65239104.0,62968000,66072000.0,0.803,51932000.0,9191000.0,4242000.0,0.0,0.825,23761000.0
95,ANSS,MRT,1997-09-30,1997-09-30,1997-09-30,2021-08-05,,,,,,,,,,,,,,,,,,,,,,0.0,0.0,,,,,,,,,,,,,,,,,,1.0,,,,,,,,,,,,,,,,,,,,,,,,,,,,,,,,,,,,,,,,2.658,,,,,,,,,,,,,,1.0,,62972000,,,,,,,,
96,ANSS,MRT,1997-06-30,1997-06-30,1997-06-30,2021-08-05,,,,,,,,,,,,,,,,,,,,,,0.0,0.0,,,,,,,,,,,,,,,,,,1.0,,,,,,,,,,,,,,,,,,,,,,,,,,,,,,,,,,,,,,,,1.969,,,,,,,,,,,,,,1.0,,62556000,,,,,,,,
97,ANSS,MRT,1997-03-31,1997-03-31,1997-03-31,2021-08-05,,,,,,,,,,,,,,,,,,,,,,0.0,0.0,,,,,,,,,,,,,,,,,,1.0,,,,,,,,,,,,,,,,,,,,,,,,,,,,,,,,,,,,,,,,2.031,,,,,,,,,,,,,,1.0,,62520000,,,,,,,,
98,ANSS,MRT,1996-12-31,1996-12-31,1996-12-31,2021-08-05,444000.0,43431000.0,,25148000.0,18283000.0,,0.589,-2661000.0,17069000.0,17069000.0,5388000.0,1304000.0,2.405,0.317,0.0,0.0,0.0,0.0,5312000.0,11911000.0,0.0,0.0,0.0,3942000.0,15853000.0,0.337,15853000.0,3942000.0,2273000.0,0.02,0.018,0.02,32974000.0,,32974000.0,,,,10820000.0,0.193,1.0,41678000.0,0.886,3949000.0,1669000.0,11956000.0,,0.0,673000.0,0.0,673000.0,10457000.0,10457000.0,0.0,,8978000.0,0.0,41458000.0,-38204000.0,0.0,-1874000.0,-2629000.0,32000.0,13481000.0,0.0,1304000.0,1304000.0,1304000.0,0.0,0.0,0.028,38004000.0,3674000.0,486000.0,0.0,,,168.75,4334000.0,236000.0,3.375,,4.016,7307000.0,-3073000.0,47066000.0,47066000.0,9796000.0,,,,0.084,0.0,17434000.0,1.0,,56000000,59624000.0,0.84,39482000.0,9749000.0,969000.0,677000.0,0.705,14691000.0
99,ANSS,MRT,1995-12-31,1995-12-31,1995-12-31,2021-08-05,,,,,,,,-1956000.0,,,4903000.0,-1580000.0,,,,,,,,11458000.0,,,0.0,1610000.0,13068000.0,0.33,13068000.0,1610000.0,-2373000.0,-0.045,-0.043,-0.045,,,,,,,8810000.0,0.194,1.0,34713000.0,0.876,,3983000.0,,,,,,,,,,,3791000.0,0.0,2000.0,-5000000.0,0.0,-4998000.0,-1977000.0,-21000.0,10766000.0,0.0,-1580000.0,-1580000.0,-1580000.0,0.0,0.0,-0.04,33353000.0,1360000.0,,0.0,,,,,445000.0,,,,,,39616000.0,39616000.0,8329000.0,,,,0.041,0.0,14383000.0,1.0,,45416000,48816000.0,0.872,,,-793000.0,,,
