None,ticker,dimension,calendardate,datekey,reportperiod,lastupdated,accoci,assets,assetsavg,assetsc,assetsnc,assetturnover,bvps,capex,cashneq,cashnequsd,cor,consolinc,currentratio,de,debt,debtc,debtnc,debtusd,deferredrev,depamor,deposits,divyield,dps,ebit,ebitda,ebitdamargin,ebitdausd,ebitusd,ebt,eps,epsdil,epsusd,equity,equityavg,equityusd,ev,evebit,evebitda,fcf,fcfps,fxusd,gp,grossmargin,intangibles,intexp,invcap,invcapavg,inventory,investments,investmentsc,investmentsnc,liabilities,liabilitiesc,liabilitiesnc,marketcap,ncf,ncfbus,ncfcommon,ncfdebt,ncfdiv,ncff,ncfi,ncfinv,ncfo,ncfx,netinc,netinccmn,netinccmnusd,netincdis,netincnci,netmargin,opex,opinc,payables,payoutratio,pb,pe,pe1,ppnenet,prefdivis,price,ps,ps1,receivables,retearn,revenue,revenueusd,rnd,roa,roe,roic,ros,sbcomp,sgna,sharefactor,sharesbas,shareswa,shareswadil,sps,tangibles,taxassets,taxexp,taxliabilities,tbvps,workingcapital
0,WYNN,MRY,2020-12-31,2020-12-31,2020-12-31,2021-08-09,3604000.0,13869547000.0,14248921250,3813147000.0,10056400000.0,0.147,-3.298,-290115000.0,3486384000.0,3486384000.0,1743219000.0,-2326946000.0,2.027,-41.497,13188894000.0,596408000.0,12592486000.0,13188894000.0,0.0,725502000.0,646856000.0,0.009,1.0,-946100000.0,-220598000.0,-0.105,-220598000.0,-946100000.0,-1502574000.0,-19.37,-19.37,-19.37,-351997000.0,345227250,-351997000.0,21526732024.0,-23.0,-97.584,-1362540000.0,-12.764,1.0,352642000.0,0.168,278195000.0,556474000.0,21412974000.0,21448455000,66285000.0,0.0,0.0,0.0,14606864000.0,1880888000.0,12725976000.0,12171040024.0,1128092000.0,4604000.0,-11463000.0,2623344000.0,-108777000.0,2463245000.0,-265759000.0,0.0,-1072425000.0,3031000.0,-2067245000.0,-2067245000.0,-2067245000.0,0.0,-259701000.0,-0.986,1584687000.0,-1232045000.0,148478000.0,-0.052,-34.577,-5.888,-5.825,9595238000.0,0.0,112.83,5.807,5.747,200158000.0,-1532420000.0,2095861000.0,2095861000.0,0.0,-0.145,-5.988,-0.044,-0.451,62254000.0,720849000.0,1.0,107870602.0,106745000.0,106745000.0,19.634,13591352000.0,0.0,564671000.0,66346000.0,127.325,1932259000.0
1,WYNN,MRY,2019-12-31,2019-12-31,2019-12-31,2021-08-09,-1679000.0,13871281000.0,13368710000,2856337000.0,11014944000.0,0.495,16.329,-1069293000.0,2358292000.0,2358292000.0,4067053000.0,311378000.0,1.44,7.074,10563041000.0,323876000.0,10239165000.0,10563041000.0,0.0,624878000.0,824269000.0,0.027,3.75,713855000.0,1338733000.0,0.202,1338733000.0,713855000.0,299825000.0,1.15,1.15,1.15,1743045000.0,1947709250,1743045000.0,22913975135.0,32.0,17.116,-168223000.0,-1.576,1.0,2544046000.0,0.385,146414000.0,414030000.0,19946732000.0,19159268000,88519000.0,0.0,0.0,0.0,12329809000.0,1982884000.0,10346925000.0,14908334135.0,138969000.0,0.0,-52290000.0,930952000.0,-566521000.0,299012000.0,-1068598000.0,0.0,901070000.0,7485000.0,122985000.0,122985000.0,122985000.0,0.0,188393000.0,0.019,1665741000.0,878305000.0,262437000.0,3.261,8.553,121.221,120.757,10076751000.0,0.0,138.87,2.255,2.242,346429000.0,641818000.0,6611099000.0,6611099000.0,0.0,0.009,0.063,0.037,0.108,40372000.0,896670000.0,1.0,107354606.0,106745000.0,106985000.0,61.934,13724867000.0,562262000.0,176840000.0,168043000.0,128.576,873453000.0
2,WYNN,MRY,2018-12-31,2018-12-31,2018-12-31,2021-08-09,-1950000.0,13216269000.0,12406372500,2641376000.0,10574893000.0,0.541,19.095,-1602386000.0,2219323000.0,2219323000.0,4086275000.0,803084000.0,1.403,5.605,9423100000.0,11960000.0,9411140000.0,9423100000.0,0.0,550596000.0,955450000.0,0.028,2.75,456935000.0,1007531000.0,0.15,1007531000.0,456935000.0,75086000.0,5.37,5.35,5.37,2034123000.0,1565915750,2034123000.0,17734496815.0,39.0,17.602,-640897000.0,-6.016,1.0,2631385000.0,0.392,222506000.0,381849000.0,18315477000.0,17334344750,66627000.0,0.0,0.0,0.0,11401480000.0,1882063000.0,9519417000.0,10755326815.0,-587311000.0,0.0,777667000.0,-291639000.0,-569781000.0,-324257000.0,-1222810000.0,325363000.0,961489000.0,-1733000.0,572430000.0,572430000.0,572430000.0,0.0,230654000.0,0.085,1895841000.0,735544000.0,321796000.0,0.512,5.287,18.789,18.419,9385920000.0,0.0,98.91,1.601,1.569,276644000.0,921785000.0,6717660000.0,6717660000.0,0.0,0.046,0.366,0.026,0.068,35040000.0,761415000.0,1.0,108738518.0,106529000.0,107032000.0,63.059,12993763000.0,736452000.0,-497344000.0,247341000.0,121.974,759313000.0
3,WYNN,MRY,2017-12-31,2017-12-31,2017-12-31,2021-08-09,-1845000.0,12681739000.0,12199030000,3423784000.0,9257955000.0,0.498,9.286,-928671000.0,2806634000.0,2806634000.0,3727185000.0,889254000.0,1.774,12.242,9628626000.0,62690000.0,9565936000.0,9628626000.0,0.0,552368000.0,1049629000.0,0.012,2.0,806860000.0,1359228000.0,0.224,1359228000.0,806860000.0,418196000.0,7.32,7.28,7.32,947846000.0,442577250,947846000.0,24566562924.0,30.0,18.074,947906000.0,9.287,1.0,2342975000.0,0.386,123705000.0,388664000.0,17449736000.0,17479004750,71636000.0,327455000.0,166773000.0,160682000.0,11603389000.0,1930290000.0,9673099000.0,17328108924.0,160689000.0,0.0,44438000.0,-621029000.0,-320760000.0,-754355000.0,-957633000.0,-28962000.0,1876577000.0,-3900000.0,747181000.0,747181000.0,747181000.0,0.0,142073000.0,0.123,1287410000.0,1055565000.0,285437000.0,0.273,18.282,23.191,23.031,8498756000.0,0.0,168.59,2.855,2.835,224128000.0,635067000.0,6070160000.0,6070160000.0,0.0,0.061,1.688,0.046,0.133,43971000.0,685485000.0,1.0,102782543.0,102071000.0,102598000.0,59.47,12558034000.0,240533000.0,-328985000.0,211600000.0,123.032,1493494000.0
4,WYNN,MRY,2016-12-31,2016-12-31,2016-12-31,2021-08-09,1484000.0,11953557000.0,11034103000,2990367000.0,8963190000.0,0.394,1.557,-1237056000.0,2645945000.0,2645945000.0,2653520000.0,302469000.0,2.111,74.047,10125352000.0,0.0,10125352000.0,10125352000.0,0.0,404730000.0,599566000.0,0.023,2.0,539468000.0,944198000.0,0.217,944198000.0,539468000.0,250103000.0,2.39,2.38,2.39,157949000.0,-32490000,157949000.0,16528803211.0,31.0,17.506,-266510000.0,-2.627,1.0,1692277000.0,0.389,113588000.0,289365000.0,17903075000.0,17231429750,91541000.0,301460000.0,173437000.0,128023000.0,11695676000.0,1416301000.0,10279375000.0,8801606211.0,563796000.0,727000.0,-10530000.0,1024225000.0,-325217000.0,882629000.0,-1288250000.0,-51921000.0,970546000.0,-1129000.0,241975000.0,241975000.0,241975000.0,0.0,60494000.0,0.056,1170615000.0,521662000.0,298505000.0,0.837,55.724,36.374,36.197,8259631000.0,0.0,86.51,2.025,2.019,218968000.0,95097000.0,4345797000.0,4345797000.0,0.0,0.022,-7.448,0.031,0.124,42980000.0,548143000.0,1.0,101740911.0,101445000.0,101855000.0,42.839,11839969000.0,0.0,8128000.0,229267000.0,116.713,1574066000.0
5,WYNN,MRY,2015-12-31,2015-12-31,2015-12-31,2021-08-09,1092000.0,10459159000.0,9718766500,2505778000.0,7953381000.0,0.419,-1.107,-1883986000.0,2082149000.0,2082149000.0,2530374000.0,281524000.0,2.257,-93.208,9149665000.0,0.0,9149665000.0,9149665000.0,0.0,322629000.0,436409000.0,0.043,3.0,503919000.0,826548000.0,0.203,826548000.0,503919000.0,203013000.0,1.93,1.92,1.93,-111979000.0,-180326500,-111979000.0,13873924345.0,28.0,16.785,-1311173000.0,-12.961,1.0,1545509000.0,0.379,110972000.0,300906000.0,16305532000.0,15077757000,74493000.0,252280000.0,115297000.0,136983000.0,10437314000.0,1110171000.0,9327143000.0,7027525345.0,-102075000.0,1901000.0,-4173000.0,1755053000.0,-499107000.0,1216258000.0,-1891558000.0,-5561000.0,572813000.0,412000.0,195290000.0,195290000.0,195290000.0,0.0,86234000.0,0.048,886695000.0,658814000.0,267791000.0,1.554,-62.758,35.985,35.85,7477478000.0,0.0,69.19,1.724,1.717,187887000.0,55332000.0,4075883000.0,4075883000.0,0.0,0.02,-1.083,0.033,0.124,37683000.0,464793000.0,1.0,101568512.0,101163000.0,101671000.0,40.29,10348187000.0,0.0,7723000.0,134916000.0,102.292,1395607000.0
6,WYNN,MRY,2014-12-31,2014-12-31,2014-12-31,2021-08-09,2505000.0,9062861000.0,9107280750,2782331000.0,6280530000.0,0.597,-0.285,-1188544000.0,2183141000.0,2183141000.0,3316311000.0,962644000.0,2.127,-307.577,7345262000.0,0.0,7345262000.0,7345262000.0,0.0,314119000.0,548818000.0,0.035,5.25,1042834000.0,1356953000.0,0.25,1356953000.0,1042834000.0,727772000.0,7.25,7.18,7.25,-28779000.0,3720250,-28779000.0,19528194802.0,19.0,14.391,-90227000.0,-0.894,1.0,2117350000.0,0.39,112367000.0,315062000.0,12804297000.0,12245426750,72223000.0,254556000.0,240140000.0,14416000.0,8851770000.0,1308318000.0,7543452000.0,15076795802.0,-252877000.0,0.0,9797000.0,719586000.0,-942928000.0,-235625000.0,-1114352000.0,-168000.0,1098317000.0,-1217000.0,731554000.0,731554000.0,731554000.0,0.0,231090000.0,0.135,851072000.0,1266278000.0,303284000.0,0.724,-523.882,20.609,20.519,5855842000.0,0.0,148.76,2.775,2.763,237957000.0,164487000.0,5433661000.0,5433661000.0,0.0,0.08,196.641,0.085,0.192,29857000.0,492464000.0,1.0,101349797.0,100927000.0,101931000.0,53.838,8950494000.0,0.0,-3782000.0,167341000.0,88.683,1474013000.0
7,WYNN,MRY,2013-12-31,2013-12-31,2013-12-31,2021-08-09,2913000.0,8377030000.0,7938980750,2968814000.0,5408216000.0,0.708,-1.835,-494182000.0,2634977000.0,2634977000.0,3478822000.0,1004157000.0,2.04,-44.685,6587568000.0,1050000.0,6586518000.0,6587568000.0,0.0,371051000.0,704401000.0,0.036,7.0,1010040000.0,1381091000.0,0.246,1381091000.0,1010040000.0,711018000.0,7.25,7.17,7.25,-184507000.0,-107066250,-184507000.0,23814225590.0,24.0,17.243,1182460000.0,11.761,1.0,2142114000.0,0.381,30767000.0,299022000.0,10843320000.0,10444983250,74739000.0,258536000.0,174399000.0,84137000.0,8244679000.0,1455534000.0,6789145000.0,19645371590.0,709822000.0,0.0,4964000.0,754464000.0,-1034986000.0,-291143000.0,-677580000.0,-76744000.0,1676642000.0,1903000.0,728652000.0,728652000.0,728652000.0,0.0,275505000.0,0.13,852023000.0,1290091000.0,272861000.0,0.966,-106.475,26.961,26.788,4934449000.0,0.0,194.21,3.495,3.474,241932000.0,66130000.0,5620936000.0,5620936000.0,0.0,0.092,-6.806,0.097,0.18,27205000.0,448788000.0,1.0,101155304.0,100540000.0,101641000.0,55.907,8346263000.0,0.0,-17634000.0,223638000.0,83.014,1513280000.0
8,WYNN,MRY,2012-12-31,2012-12-31,2012-12-31,2021-08-09,4177000.0,7276594000.0,7529119750,2202378000.0,5074216000.0,0.685,-2.513,-240255000.0,1725219000.0,1725219000.0,3251575000.0,728699000.0,1.947,-27.69,5782820000.0,1050000.0,5781770000.0,5782820000.0,0.0,373199000.0,544649000.0,0.084,9.5,795094000.0,1168293000.0,0.227,1168293000.0,795094000.0,506335000.0,4.87,4.82,4.87,-259037000.0,185653750,-259037000.0,14766362234.0,19.0,12.639,945463000.0,9.171,1.0,1902709000.0,0.369,31297000.0,288759000.0,10171521000.0,9905360000,63799000.0,283491000.0,138887000.0,144604000.0,7172662000.0,1131377000.0,6041285000.0,11314428234.0,462632000.0,0.0,14672000.0,568906000.0,-955493000.0,-382479000.0,-344854000.0,32606000.0,1185718000.0,4247000.0,502036000.0,502036000.0,502036000.0,0.0,226663000.0,0.097,873433000.0,1029276000.0,164858000.0,1.951,-43.679,22.537,23.099,4727899000.0,0.0,112.49,2.195,2.25,238573000.0,44775000.0,5154284000.0,5154284000.0,0.0,0.067,2.704,0.08,0.154,14395000.0,441699000.0,1.0,100581636.0,103092000.0,104249000.0,49.997,7245297000.0,0.0,4299000.0,213788000.0,70.28,1071001000.0
9,WYNN,MRY,2011-12-31,2011-12-31,2011-12-31,2021-08-09,840000.0,6899496000.0,7054837250,1726452000.0,5173044000.0,0.747,16.842,-183449000.0,1262587000.0,1262587000.0,3310033000.0,825113000.0,1.093,2.238,3217719000.0,407934000.0,2809785000.0,3217719000.0,0.0,398039000.0,576011000.0,0.059,6.5,823743000.0,1221782000.0,0.232,1221782000.0,823743000.0,593825000.0,4.94,4.88,4.94,2089022000.0,2398233750,2089022000.0,15134423387.0,18.0,12.387,1332386000.0,10.742,1.0,1959759000.0,0.372,35751000.0,229918000.0,7238984000.0,7401305250,72061000.0,217943000.0,122066000.0,95877000.0,4676042000.0,1579893000.0,3096149000.0,13806516387.0,4088000.0,0.0,16230000.0,-51476000.0,-1033447000.0,-1057641000.0,-459100000.0,-215516000.0,1515835000.0,4994000.0,613371000.0,613371000.0,613371000.0,0.0,211742000.0,0.116,951519000.0,1008240000.0,171608000.0,1.316,6.609,22.509,22.366,4865332000.0,0.0,110.49,2.62,2.601,238490000.0,36368000.0,5269792000.0,5269792000.0,0.0,0.087,0.256,0.111,0.156,12829000.0,389053000.0,1.0,124957158.0,124039000.0,125667000.0,42.485,6863745000.0,0.0,-19546000.0,237390000.0,55.335,146559000.0
10,WYNN,MRY,2010-12-31,2010-12-31,2010-12-31,2021-08-09,889000.0,6674497000.0,7173929250,1561136000.0,5113361000.0,0.583,18.226,-283089000.0,1258499000.0,1258499000.0,2699615000.0,316596000.0,1.758,1.919,3267529000.0,2675000.0,3264854000.0,3267529000.0,0.0,405558000.0,368621000.0,0.082,8.5,403437000.0,808995000.0,0.193,808995000.0,403437000.0,180574000.0,1.3,1.29,1.3,2237948000.0,2872119250,2237948000.0,14127315604.0,35.0,17.463,774223000.0,6.305,1.0,1485083000.0,0.355,40205000.0,222863000.0,7755393000.0,7933698750,86847000.0,4232000.0,0.0,4232000.0,4293912000.0,887929000.0,3405983000.0,12870570604.0,-733331000.0,0.0,66186000.0,-376517000.0,-1192138000.0,-1492636000.0,-296123000.0,0.0,1057312000.0,-1884000.0,160127000.0,160127000.0,160127000.0,0.0,156469000.0,0.038,859831000.0,625252000.0,168135000.0,6.538,5.751,80.377,79.877,4921259000.0,0.0,103.84,3.076,3.047,187464000.0,9042000.0,4184698000.0,4184698000.0,0.0,0.022,0.056,0.051,0.096,17335000.0,391254000.0,1.0,123946173.0,122787000.0,123939000.0,34.081,6634292000.0,0.0,20447000.0,255804000.0,54.031,673207000.0
11,WYNN,MRY,2009-12-31,2009-12-31,2009-12-31,2021-08-09,2446000.0,7581769000.0,7101247750,2282956000.0,5298813000.0,0.429,25.32,-539822000.0,1991830000.0,1991830000.0,1991049000.0,39107000.0,3.146,1.457,3569103000.0,2675000.0,3566428000.0,3569103000.0,0.0,410547000.0,318755000.0,0.069,4.0,235038000.0,645585000.0,0.212,645585000.0,235038000.0,23653000.0,0.17,0.17,0.17,3034338000.0,2150830750,3034338000.0,10064924804.0,43.0,15.59,54134000.0,0.452,1.0,1054562000.0,0.346,44659000.0,211385000.0,8388798000.0,9057214000,107005000.0,4102000.0,0.0,4102000.0,4421406000.0,725585000.0,3695821000.0,7169580804.0,857926000.0,0.0,208492000.0,-802037000.0,-489876000.0,815515000.0,-551080000.0,0.0,593956000.0,-465000.0,20654000.0,20654000.0,20654000.0,0.0,18453000.0,0.007,819599000.0,234963000.0,135501000.0,23.529,2.363,347.128,342.529,5062059000.0,0.0,58.23,2.354,2.291,152879000.0,-89559000.0,3045611000.0,3045611000.0,0.0,0.003,0.01,0.026,0.077,-20573000.0,365070000.0,1.0,123125207.0,119840000.0,120185000.0,25.414,7537110000.0,26386000.0,2999000.0,145012000.0,62.893,1557371000.0
12,WYNN,MRY,2008-12-31,2008-12-31,2008-12-31,2021-08-09,2614000.0,6755788000.0,6694469500,1411091000.0,5344697000.0,0.446,14.774,-1326462000.0,1133904000.0,1133904000.0,1938308000.0,210479000.0,1.95,3.218,4293109000.0,2685000.0,4290424000.0,4293109000.0,0.0,263213000.0,200902000.0,0.0,0.0,321611000.0,584824000.0,0.196,584824000.0,321611000.0,148918000.0,1.94,1.92,1.94,1601595000.0,1608596000,1601595000.0,7568015940.0,24.0,12.941,-803279000.0,-7.41,1.0,1049016000.0,0.351,49049000.0,172693000.0,9142187000.0,8605775250,120944000.0,4696000.0,0.0,4696000.0,5154193000.0,723757000.0,4430436000.0,4395569940.0,-141216000.0,0.0,-93030000.0,772653000.0,0.0,667572000.0,-1338999000.0,0.0,523183000.0,7028000.0,210479000.0,210479000.0,210479000.0,0.0,0.0,0.07,736880000.0,312136000.0,232136000.0,0.0,2.744,20.884,21.784,5118646000.0,0.0,42.26,1.471,1.534,125196000.0,-17136000.0,2987324000.0,2987324000.0,0.0,0.031,0.131,0.037,0.108,20328000.0,319303000.0,1.0,104012540.0,108408000.0,109441000.0,27.556,6706739000.0,0.0,-61561000.0,79806000.0,61.866,687334000.0
13,WYNN,MRY,2007-12-31,2007-12-31,2007-12-31,2021-08-09,-2905000.0,6299282000.0,5234481500,1581991000.0,4717291000.0,0.513,18.374,-987191000.0,1806240000.0,1806240000.0,1625065000.0,196336000.0,2.703,2.233,3536612000.0,3273000.0,3533339000.0,3536612000.0,0.0,220250000.0,0.0,0.054,6.0,377314000.0,597564000.0,0.222,597564000.0,377314000.0,232137000.0,1.85,1.8,1.85,1948159000.0,1809441500,1948159000.0,14347562643.0,38.0,24.01,-326617000.0,-3.08,1.0,1062454000.0,0.395,60074000.0,145177000.0,7384397000.0,6175630750,73291000.0,5500000.0,0.0,5500000.0,4351123000.0,585183000.0,3765940000.0,12818669643.0,485713000.0,0.0,-6040000.0,1375666000.0,-683299000.0,651871000.0,-824073000.0,0.0,660574000.0,-2659000.0,196336000.0,196336000.0,196336000.0,0.0,0.0,0.073,635099000.0,427355000.0,182718000.0,3.243,6.58,65.289,60.611,3939979000.0,0.0,112.13,4.77,4.424,179059000.0,-143899000.0,2687519000.0,2687519000.0,0.0,0.038,0.109,0.061,0.14,18527000.0,310820000.0,1.0,114319715.0,106030000.0,112685000.0,25.347,6239208000.0,24746000.0,35801000.0,228105000.0,58.844,996808000.0
14,WYNN,MRY,2006-12-31,2006-12-31,2006-12-31,2021-08-09,-94000.0,4660180000.0,4501950000,1096991000.0,3563189000.0,0.318,16.456,-643360000.0,1026793000.0,1026793000.0,842713000.0,628728000.0,2.146,1.832,2386652000.0,6115000.0,2380537000.0,2386652000.0,0.0,175464000.0,0.0,0.064,6.0,947246000.0,1122710000.0,0.784,1122710000.0,947246000.0,799229000.0,6.29,6.29,6.29,1645585000.0,1769969000,1645585000.0,10182920922.0,11.0,9.07,-402594000.0,-4.026,1.0,589544000.0,0.412,65135000.0,148017000.0,5443817000.0,5260204750,64368000.0,5981000.0,0.0,5981000.0,3014595000.0,511087000.0,2503508000.0,9529807922.0,355118000.0,0.0,21790000.0,306019000.0,-608299000.0,-287457000.0,401809000.0,0.0,240766000.0,0.0,628728000.0,628728000.0,628728000.0,0.0,0.0,0.439,520928000.0,68616000.0,123061000.0,0.954,5.791,15.157,14.921,3157622000.0,0.0,93.85,6.654,6.552,140232000.0,-377747000.0,1432257000.0,1432257000.0,0.0,0.14,0.355,0.18,0.661,16712000.0,231515000.0,1.0,101542972.0,99998000.0,111627000.0,14.323,4595045000.0,13727000.0,170501000.0,230631000.0,45.951,585904000.0
15,WYNN,MRY,2005-12-31,2005-12-31,2005-12-31,2021-08-09,0.0,3945283000.0,3916988000,684542000.0,3260741000.0,0.184,15.898,-876965000.0,876891000.0,876891000.0,398101000.0,-90836000.0,2.537,1.524,2106335000.0,15489000.0,2090846000.0,2106335000.0,0.0,103344000.0,0.0,0.0,0.0,11863000.0,115207000.0,0.16,115207000.0,11863000.0,-90836000.0,-0.92,-0.92,-0.92,1562895000.0,1580737500,1562895000.0,6567692770.0,554.0,57.008,-828490000.0,-8.427,1.0,323880000.0,0.449,60480000.0,102699000.0,4844468000.0,4585219250,39884000.0,5070000.0,0.0,5070000.0,2382388000.0,269779000.0,2112609000.0,5458823770.0,104028000.0,-3739000.0,1404000.0,505198000.0,0.0,476673000.0,-421120000.0,499765000.0,48475000.0,0.0,-90836000.0,-90836000.0,-90836000.0,0.0,0.0,-0.126,349767000.0,-25887000.0,79768000.0,0.0,3.493,-60.095,-59.62,2663870000.0,0.0,54.85,7.561,7.469,88468000.0,-395161000.0,721981000.0,721981000.0,0.0,-0.023,-0.057,0.003,0.016,4676000.0,118980000.0,1.0,99522767.0,98308000.0,98308000.0,7.344,3884803000.0,0.0,0.0,7826000.0,39.517,414763000.0
16,WYNN,MRY,2004-12-31,2004-12-31,2004-12-31,2021-08-09,0.0,3464413000.0,2449639750,451229000.0,3013184000.0,0.0,18.951,-974725000.0,1272628000.0,1272628000.0,68000.0,-204171000.0,2.655,1.107,1601046000.0,718000.0,1600328000.0,1601046000.0,0.0,6979000.0,0.0,0.0,0.0,-201484000.0,-194505000.0,-997.462,-194505000.0,-201484000.0,-204171000.0,-2.35,-2.35,-2.35,1644492000.0,1272872000,1644492000.0,6457358914.0,-32.0,-33.199,-1089490000.0,-12.555,1.0,127000.0,0.651,54100000.0,2687000.0,3568778000.0,2525018000,757000.0,0.0,0.0,0.0,1819921000.0,169953000.0,1649968000.0,6057786914.0,-11291000.0,0.0,794997000.0,928324000.0,0.0,1650564000.0,-1547090000.0,-541935000.0,-114765000.0,0.0,-204171000.0,-204171000.0,-204171000.0,0.0,0.0,-1047.031,89925000.0,-89798000.0,86520000.0,0.0,3.684,-29.67,-28.477,1987233000.0,0.0,66.92,31065.574,29780.474,227000.0,-304325000.0,195000.0,195000.0,0.0,-0.083,-0.16,-0.08,-1033.251,3429000.0,335000.0,1.0,90522817.0,86778000.0,86778000.0,0.002,3410313000.0,0.0,0.0,0.0,39.299,281276000.0
17,WYNN,MRY,2003-12-31,2003-12-31,2003-12-31,2021-08-09,8793000.0,1733323000.0,1583343750,402347000.0,1330976000.0,0.0,12.613,-414983000.0,741984000.0,741984000.0,213000.0,-40099000.0,5.653,0.729,635473000.0,41000.0,635432000.0,635473000.0,0.0,5743000.0,0.0,0.0,0.0,-31068000.0,-25325000.0,-39.386,-25325000.0,-31068000.0,-40099000.0,-0.5,-0.5,-0.5,1001815000.0,1003569750,1001815000.0,2013300316.0,-65.0,-79.499,-436757000.0,-5.499,1.0,430000.0,0.669,7400000.0,9031000.0,1548236000.0,1198748000,204000.0,0.0,0.0,0.0,730454000.0,71176000.0,659278000.0,2306678316.0,231908000.0,0.0,45083000.0,249962000.0,0.0,286184000.0,-32502000.0,392445000.0,-21774000.0,0.0,-40099000.0,-40099000.0,-40099000.0,0.0,0.0,-62.362,53765000.0,-53335000.0,49754000.0,0.0,2.302,-57.525,-56.02,897815000.0,0.0,28.01,3587.369,3460.041,78000.0,-108947000.0,643000.0,643000.0,0.0,-0.025,-0.04,-0.026,-48.317,3327000.0,631000.0,1.0,82351957.0,79429000.0,79429000.0,0.008,1725923000.0,0.0,0.0,0.0,21.729,331171000.0
18,WYNN,MRY,2002-12-31,2002-12-31,2002-12-31,2021-08-09,0.0,1398601000.0,893572000,112050000.0,1286551000.0,0.001,21.231,-58069000.0,902521000.0,902521000.0,177000.0,-31713000.0,5.562,0.406,382191000.0,38000.0,382153000.0,382191000.0,0.0,8934000.0,0.0,0.0,0.0,-29816000.0,-20882000.0,-38.386,-20882000.0,-29816000.0,-31713000.0,-0.68,-0.68,-0.68,991613000.0,687921500,991613000.0,879163008.0,-29.0,-42.101,-68595000.0,-1.469,1.0,367000.0,0.675,7400000.0,1897000.0,850725000.0,594190000,212000.0,0.0,0.0,0.0,402805000.0,20146000.0,382659000.0,1020406008.0,70376000.0,0.0,665338000.0,352799000.0,0.0,934897000.0,-853995000.0,-792353000.0,-10526000.0,0.0,-31713000.0,-31713000.0,-31713000.0,0.0,0.0,-58.296,34067000.0,-33700000.0,9451000.0,0.0,1.029,-32.176,-19.279,420496000.0,0.0,13.11,1875.746,1125.58,184000.0,-60055000.0,544000.0,544000.0,0.0,-0.035,-0.046,-0.05,-54.809,134000.0,622000.0,1.0,77834173.0,46706000.0,46706000.0,0.012,1391201000.0,0.0,0.0,0.0,29.786,91904000.0
19,WYNN,MRY,2001-12-31,2001-12-31,2001-12-31,2021-08-09,0.0,388543000.0,387813500,41106000.0,347437000.0,0.003,9.856,-28307000.0,39792000.0,39792000.0,49000.0,-17726000.0,10.22,0.011,326000.0,35000.0,291000.0,326000.0,0.0,8163000.0,0.0,,0.0,-17698000.0,-9535000.0,-8.241,-9535000.0,-17698000.0,-17726000.0,-0.45,-0.45,-0.45,384230000.0,383093000,384230000.0,,,,-32898000.0,-0.844,1.0,1108000.0,0.958,7400000.0,28000.0,337655000.0,332933000,284000.0,0.0,0.0,0.0,4313000.0,4022000.0,291000.0,,-15161000.0,0.0,20800000.0,-32000.0,0.0,19968000.0,-30538000.0,-524000.0,-4591000.0,0.0,-17726000.0,-17726000.0,-17726000.0,0.0,0.0,-15.321,21168000.0,-20060000.0,2077000.0,0.0,,,,337467000.0,0.0,,,,534000.0,-28342000.0,1157000.0,1157000.0,0.0,-0.046,-0.046,-0.053,-15.296,0.0,376000.0,1.0,,38984000.0,38984000.0,0.03,381143000.0,0.0,0.0,0.0,9.777,37084000.0
0,WYNN,MRQ,2021-06-30,2021-06-30,2021-06-30,2021-08-09,6293000.0,13022665000.0,,3215089000.0,9807576000.0,,0.897,-77016000.0,2809085000.0,2809085000.0,630195000.0,-173397000.0,1.267,130.182,12040384000.0,1308353000.0,10732031000.0,12040384000.0,0.0,183307000.0,501652000.0,0.0,0.0,19752000.0,203059000.0,0.205,203059000.0,19752000.0,-130672000.0,-1.15,-1.15,-1.15,102752000.0,,102752000.0,23322301443.0,-54.0,77.034,-49917000.0,-0.436,1.0,359918000.0,0.364,291510000.0,150424000.0,19424152000.0,,66100000.0,0.0,0.0,0.0,13376504000.0,2538302000.0,10838202000.0,14144988443.0,-88186000.0,0.0,-210000.0,-42289000.0,-93000.0,-44409000.0,-73648000.0,0.0,27099000.0,2772000.0,-131369000.0,-131369000.0,-131369000.0,0.0,-42028000.0,-0.133,389439000.0,-29521000.0,168143000.0,0.0,137.661,-9.823,-9.195,9311887000.0,0.0,122.3,5.102,5.053,245959000.0,-1944668000.0,990113000.0,990113000.0,0.0,,,,,25107000.0,197545000.0,1.0,115658123.0,114545000.0,114545000.0,8.644,12731155000.0,0.0,697000.0,60617000.0,111.145,676787000.0
1,WYNN,MRQ,2021-03-31,2021-03-31,2021-03-31,2021-08-09,6501000.0,13166911000.0,,3249766000.0,9917145000.0,,2.105,-48770000.0,2897271000.0,2897271000.0,522009000.0,-336179000.0,2.372,57.214,12074584000.0,198465000.0,11876119000.0,12074584000.0,0.0,185121000.0,514199000.0,0.0,0.0,-127633000.0,57488000.0,0.079,57488000.0,-127633000.0,-280485000.0,-2.53,-2.53,-2.53,233683000.0,,233683000.0,24197221850.0,-28.0,-167.517,-302676000.0,-2.726,1.0,203774000.0,0.281,287836000.0,152852000.0,20686506000.0,,65252000.0,0.0,0.0,0.0,13369850000.0,1369882000.0,11999968000.0,14494711850.0,-589113000.0,0.0,837543000.0,-1122688000.0,-295000.0,-285440000.0,-48636000.0,0.0,-253906000.0,-1131000.0,-280978000.0,-280978000.0,-280978000.0,0.0,-55201000.0,-0.387,379506000.0,-175732000.0,133212000.0,0.0,62.027,-7.448,-6.919,9440779000.0,0.0,125.37,7.76,7.451,215337000.0,-1813317000.0,725783000.0,725783000.0,0.0,,,,,24346000.0,179774000.0,1.0,115615473.0,111020000.0,111020000.0,6.537,12879075000.0,0.0,493000.0,64711000.0,116.007,1879884000.0
2,WYNN,MRQ,2020-12-31,2020-12-31,2020-12-31,2021-08-09,3604000.0,13869547000.0,,3813147000.0,10056400000.0,,-3.295,-29022000.0,3486384000.0,3486384000.0,478585000.0,-310291000.0,2.027,-41.497,13188894000.0,596408000.0,12592486000.0,13188894000.0,0.0,184004000.0,646856000.0,0.009,0.0,-119647000.0,64357000.0,0.094,64357000.0,-119647000.0,-268934000.0,-2.52,-2.52,-2.52,-351997000.0,,-351997000.0,21526732024.0,-23.0,-97.584,-320368000.0,-2.999,1.0,207410000.0,0.302,278195000.0,149287000.0,21412974000.0,,66285000.0,0.0,0.0,0.0,14606864000.0,1880888000.0,12725976000.0,12171040024.0,-73360000.0,4604000.0,-1996000.0,267120000.0,-495000.0,226766000.0,-8399000.0,0.0,-291346000.0,-381000.0,-269502000.0,-269502000.0,-269502000.0,0.0,-40789000.0,-0.393,386021000.0,-178611000.0,148478000.0,0.0,-34.577,-5.888,-5.825,9595238000.0,0.0,112.83,5.807,5.747,200158000.0,-1532420000.0,685995000.0,685995000.0,0.0,,,,,21753000.0,173544000.0,1.0,107870602.0,106820000.0,106820000.0,6.422,13591352000.0,0.0,568000.0,66346000.0,127.236,1932259000.0
3,WYNN,MRQ,2020-09-30,2020-09-30,2020-09-30,2021-08-09,-898000.0,13967116000.0,,3869477000.0,10097639000.0,,-1.205,-69411000.0,3559744000.0,3559744000.0,286707000.0,-831533000.0,2.291,-112.769,12915436000.0,226618000.0,12688818000.0,12915436000.0,0.0,183486000.0,886073000.0,0.028,0.0,-205635000.0,-22149000.0,-0.06,-22149000.0,-205635000.0,-350777000.0,-7.1,-7.1,-7.1,-128703000.0,,-128703000.0,16871600654.0,-27.0,192.543,-242503000.0,-2.271,1.0,83745000.0,0.226,138742000.0,145142000.0,21495366000.0,,73627000.0,0.0,0.0,0.0,14513747000.0,1688700000.0,12825047000.0,7744562654.0,-242843000.0,0.0,-1100000.0,2895000.0,-208000.0,589000.0,-69411000.0,0.0,-173092000.0,-929000.0,-758142000.0,-758142000.0,-758142000.0,0.0,-73391000.0,-2.047,366752000.0,-283007000.0,146427000.0,0.0,-60.174,-4.14,-4.099,9719468000.0,0.0,71.81,2.528,2.503,178826000.0,-1262947000.0,370452000.0,370452000.0,0.0,,,,,10053000.0,160896000.0,1.0,107847969.0,106783000.0,106783000.0,3.469,13828374000.0,0.0,407365000.0,21842000.0,129.5,2180777000.0
4,WYNN,MRQ,2020-06-30,2020-06-30,2020-06-30,2021-08-09,-908000.0,14885675000.0,,4236381000.0,10649294000.0,,5.805,-52366000.0,3802587000.0,3802587000.0,240267000.0,-734869000.0,2.266,23.585,12929625000.0,298050000.0,12631575000.0,12929625000.0,0.0,179266000.0,954074000.0,0.04,0.0,-423408000.0,-244142000.0,-2.849,-244142000.0,-423408000.0,-556626000.0,-5.97,-5.97,-5.97,619519000.0,,619519000.0,16674370985.0,-57.0,40.31,-483853000.0,-4.534,1.0,-154569000.0,-1.804,141299000.0,133218000.0,22001563000.0,,84779000.0,0.0,0.0,0.0,14611477000.0,1869851000.0,12741626000.0,8035106985.0,916686000.0,0.0,-2910000.0,1401451000.0,-648000.0,1397893000.0,-50795000.0,0.0,-431487000.0,1075000.0,-637564000.0,-637564000.0,-637564000.0,0.0,-97305000.0,-7.44,368447000.0,-523016000.0,215832000.0,0.0,12.97,-7.2,-7.128,9855388000.0,0.0,74.49,1.851,1.831,296318000.0,-505090000.0,85698000.0,85698000.0,0.0,,,,,21084000.0,152081000.0,1.0,107868264.0,106713000.0,106713000.0,0.803,14744376000.0,406947000.0,80938000.0,7484000.0,138.169,2366530000.0
5,WYNN,MRQ,2020-03-31,2020-03-31,2020-03-31,2021-08-09,-947000.0,14273347000.0,,3415364000.0,10857983000.0,,11.645,-139316000.0,2885901000.0,2885901000.0,737660000.0,-450253000.0,1.812,10.692,11525165000.0,235997000.0,11289168000.0,11525165000.0,0.0,178746000.0,913395000.0,0.066,1.0,-197410000.0,-18664000.0,-0.02,-18664000.0,-197410000.0,-326237000.0,-3.77,-3.77,-3.77,1242090000.0,,1242090000.0,14676144865.0,46.0,14.918,-315816000.0,-2.961,1.0,216056000.0,0.227,143857000.0,128827000.0,20883917000.0,,86182000.0,0.0,0.0,0.0,13280867000.0,1884837000.0,11396030000.0,6471395865.0,527609000.0,0.0,-5457000.0,951878000.0,-107426000.0,837997000.0,-137154000.0,0.0,-176500000.0,3266000.0,-402037000.0,-402037000.0,-402037000.0,0.0,-48216000.0,-0.422,463467000.0,-247411000.0,194226000.0,-0.265,5.21,-16.856,-16.719,9985971000.0,0.0,60.19,1.094,1.086,380771000.0,132266000.0,953716000.0,953716000.0,0.0,,,,,9364000.0,234328000.0,1.0,107516130.0,106663000.0,106663000.0,8.941,14129490000.0,487402000.0,75800000.0,48348000.0,132.469,1530527000.0
6,WYNN,MRQ,2019-12-31,2019-12-31,2019-12-31,2021-08-09,-1679000.0,13871281000.0,,2856337000.0,11014944000.0,,16.35,-184958000.0,2358292000.0,2358292000.0,1007123000.0,-17470000.0,1.44,7.074,10563041000.0,323876000.0,10239165000.0,10563041000.0,0.0,175054000.0,824269000.0,0.027,1.0,197526000.0,372580000.0,0.225,372580000.0,197526000.0,84477000.0,-0.68,-0.68,-0.68,1743045000.0,,1743045000.0,22913975135.0,32.0,17.116,-63773000.0,-0.598,1.0,646336000.0,0.391,146414000.0,113049000.0,19946732000.0,,88519000.0,0.0,0.0,0.0,12329809000.0,1982884000.0,10346925000.0,14908334135.0,676000000.0,0.0,-1281000.0,847642000.0,-106382000.0,730575000.0,-184855000.0,0.0,121185000.0,9095000.0,-72942000.0,-72942000.0,-72942000.0,0.0,55472000.0,-0.044,419758000.0,226578000.0,262437000.0,-1.471,8.553,121.221,120.757,10076751000.0,0.0,138.87,2.255,2.242,346429000.0,641818000.0,1653459000.0,1653459000.0,0.0,,,,,9928000.0,230682000.0,1.0,107354606.0,106607000.0,106868000.0,15.51,13724867000.0,562262000.0,157419000.0,168043000.0,128.743,873453000.0
7,WYNN,MRQ,2019-09-30,2019-09-30,2019-09-30,2021-08-09,-2700000.0,13277058000.0,,2111252000.0,11165806000.0,,17.981,-247333000.0,1682292000.0,1682292000.0,1036619000.0,26883000.0,1.094,6.051,9687933000.0,116118000.0,9571815000.0,9687933000.0,0.0,172998000.0,956744000.0,0.032,1.0,130883000.0,303881000.0,0.184,303881000.0,130883000.0,16231000.0,-0.03,-0.03,-0.03,1918751000.0,,1918751000.0,19496981344.0,27.0,15.022,23108000.0,0.217,1.0,611143000.0,0.371,148972000.0,114652000.0,19203343000.0,,80486000.0,0.0,0.0,0.0,11611179000.0,1930384000.0,9680795000.0,11700004344.0,175925000.0,0.0,-27922000.0,372901000.0,-189649000.0,154332000.0,-247182000.0,0.0,270441000.0,-1666000.0,-3496000.0,-3496000.0,-3496000.0,0.0,30379000.0,-0.002,433308000.0,177835000.0,292140000.0,-33.333,6.098,17.706,17.564,10065425000.0,0.0,108.72,1.761,1.746,286611000.0,822070000.0,1647762000.0,1647762000.0,0.0,,,,,10276000.0,246442000.0,1.0,107615934.0,106707000.0,106707000.0,15.442,13128086000.0,719614000.0,19727000.0,188496000.0,123.029,180868000.0
8,WYNN,MRQ,2019-06-30,2019-06-30,2019-06-30,2021-08-09,-1986000.0,13165274000.0,,1967323000.0,11197951000.0,,19.189,-325723000.0,1506367000.0,1506367000.0,1016729000.0,142234000.0,0.996,5.517,9303344000.0,56605000.0,9246739000.0,9303344000.0,0.0,140269000.0,906455000.0,0.026,1.0,185709000.0,325978000.0,0.197,325978000.0,185709000.0,92560000.0,0.88,0.88,0.88,2050821000.0,,2050821000.0,20832678771.0,25.0,15.132,-80137000.0,-0.75,1.0,641603000.0,0.387,133066000.0,93149000.0,18853837000.0,,81766000.0,0.0,0.0,0.0,11314335000.0,1975348000.0,9338987000.0,13348978771.0,-320426000.0,0.0,-21750000.0,-28592000.0,-189717000.0,-242786000.0,-325686000.0,0.0,245586000.0,2460000.0,94551000.0,94551000.0,94551000.0,0.0,47683000.0,0.057,422887000.0,218716000.0,432130000.0,1.136,6.509,16.271,16.187,10092978000.0,0.0,123.99,1.99,1.976,296696000.0,932907000.0,1658332000.0,1658332000.0,0.0,,,,,9830000.0,202224000.0,1.0,107661737.0,106876000.0,107141000.0,15.516,13032208000.0,738940000.0,-1991000.0,214606000.0,121.938,-8025000.0
9,WYNN,MRQ,2019-03-31,2019-03-31,2019-03-31,2021-08-09,-2591000.0,13161227000.0,,2241827000.0,10919400000.0,,19.46,-311279000.0,1826793000.0,1826793000.0,1006582000.0,159731000.0,1.194,5.411,9310493000.0,36470000.0,9274023000.0,9310493000.0,0.0,136557000.0,916090000.0,0.025,0.75,199737000.0,336294000.0,0.204,336294000.0,199737000.0,106557000.0,0.98,0.98,0.98,2078220000.0,,2078220000.0,20046837224.0,23.0,14.072,-47421000.0,-0.444,1.0,644964000.0,0.391,133837000.0,93180000.0,18633160000.0,,67373000.0,0.0,0.0,0.0,11245984000.0,1877930000.0,9368054000.0,12843060224.0,-392530000.0,0.0,-1337000.0,-260999000.0,-80773000.0,-343109000.0,-310875000.0,0.0,263858000.0,-2404000.0,104872000.0,104872000.0,104872000.0,0.0,54859000.0,0.063,389788000.0,255176000.0,345527000.0,0.765,6.18,14.568,14.516,9806004000.0,0.0,119.32,1.93,1.915,259804000.0,945972000.0,1651546000.0,1651546000.0,0.0,,,,,10338000.0,217322000.0,1.0,107635436.0,106792000.0,107073000.0,15.465,13027390000.0,736528000.0,1685000.0,226454000.0,121.988,363897000.0
10,WYNN,MRQ,2018-12-31,2018-12-31,2018-12-31,2021-08-09,-1950000.0,13216269000.0,,2641376000.0,10574893000.0,,18.899,-348130000.0,2219323000.0,2219323000.0,1034760000.0,515510000.0,1.403,5.605,9423100000.0,11960000.0,9411140000.0,9423100000.0,0.0,138911000.0,955450000.0,0.028,0.75,192870000.0,331781000.0,0.197,331781000.0,192870000.0,92153000.0,4.36,4.34,4.36,2034123000.0,,2034123000.0,17734496815.0,39.0,17.602,115470000.0,1.073,1.0,652826000.0,0.387,222506000.0,100717000.0,18315477000.0,,66627000.0,0.0,0.0,0.0,11401480000.0,1882063000.0,9519417000.0,10755326815.0,266323000.0,0.0,-155028000.0,484069000.0,-219087000.0,99463000.0,-293917000.0,0.0,463600000.0,-2823000.0,464866000.0,464866000.0,464866000.0,0.0,50644000.0,0.275,406543000.0,246283000.0,321796000.0,0.172,5.287,18.789,18.419,9385920000.0,0.0,98.91,1.601,1.569,276644000.0,921785000.0,1687586000.0,1687586000.0,0.0,,,,,6278000.0,215872000.0,1.0,108738518.0,107630000.0,107965000.0,15.68,12993763000.0,736452000.0,-372713000.0,247341000.0,120.726,759313000.0
11,WYNN,MRQ,2018-09-30,2018-09-30,2018-09-30,2021-08-09,-2083000.0,12377491000.0,,2336320000.0,10041171000.0,,16.703,-312268000.0,1953000000.0,1953000000.0,1052475000.0,219772000.0,1.141,6.004,8932170000.0,236835000.0,8695335000.0,8932170000.0,0.0,137458000.0,836700000.0,0.02,0.75,245238000.0,382696000.0,0.224,382696000.0,245238000.0,152231000.0,1.44,1.44,1.44,1804993000.0,,1804993000.0,20667998061.0,40.0,19.369,132319000.0,1.224,1.0,656597000.0,0.384,223382000.0,93007000.0,17085874000.0,,63076000.0,0.0,0.0,0.0,10837208000.0,2047405000.0,8789803000.0,13804294061.0,504027000.0,0.0,7409000.0,608953000.0,-80673000.0,234528000.0,-180475000.0,131793000.0,444587000.0,5387000.0,156115000.0,156115000.0,156115000.0,0.0,63657000.0,0.091,365614000.0,290983000.0,315959000.0,0.521,7.648,23.036,22.291,9221028000.0,0.0,127.06,2.075,2.064,232672000.0,537771000.0,1709072000.0,1709072000.0,0.0,,,,,11832000.0,192327000.0,1.0,108643901.0,108064000.0,108533000.0,15.815,12154109000.0,361314000.0,-3884000.0,210451000.0,112.471,288915000.0
12,WYNN,MRQ,2018-06-30,2018-06-30,2018-06-30,2021-08-09,-1938000.0,11816556000.0,,1888458000.0,9928098000.0,,15.892,-395505000.0,1448973000.0,1448973000.0,985754000.0,205280000.0,1.081,5.836,8312677000.0,179075000.0,8133602000.0,8312677000.0,0.0,137870000.0,839721000.0,0.013,0.75,235952000.0,373822000.0,0.233,373822000.0,235952000.0,146054000.0,1.44,1.44,1.44,1712985000.0,,1712985000.0,25493670110.0,57.0,25.556,-288557000.0,-2.677,1.0,619670000.0,0.386,224008000.0,89898000.0,16709433000.0,,66765000.0,131753000.0,59670000.0,72083000.0,9996961000.0,1746819000.0,8250142000.0,18170956110.0,-584706000.0,0.0,920957000.0,-1049541000.0,-218565000.0,-351001000.0,-340305000.0,55200000.0,106948000.0,-348000.0,155756000.0,155756000.0,155756000.0,0.0,49524000.0,0.097,340098000.0,279572000.0,247390000.0,0.521,10.608,34.75,33.202,9053922000.0,0.0,167.34,2.798,2.777,230114000.0,462950000.0,1605424000.0,1605424000.0,0.0,,,,,9626000.0,183631000.0,1.0,108587045.0,107792000.0,108405000.0,14.894,11592548000.0,357566000.0,-9702000.0,196405000.0,107.546,141639000.0
13,WYNN,MRQ,2018-03-31,2018-03-31,2018-03-31,2021-08-09,-1874000.0,12215174000.0,,2448299000.0,9766875000.0,,6.937,-546483000.0,2033679000.0,2033679000.0,1013286000.0,-137478000.0,1.166,16.083,9356393000.0,121714000.0,9234679000.0,9356393000.0,0.0,136357000.0,1036946000.0,0.011,0.5,-217125000.0,-80768000.0,-0.047,-80768000.0,-217125000.0,-315352000.0,-1.99,-1.99,-1.99,711562000.0,,711562000.0,25608329132.0,66.0,27.34,-600129000.0,-5.851,1.0,702292000.0,0.409,212384000.0,98227000.0,17226595000.0,,67579000.0,129702000.0,29208000.0,100494000.0,11443786000.0,2098909000.0,9344877000.0,18786337132.0,-772955000.0,0.0,4329000.0,-335120000.0,-51456000.0,-307247000.0,-408113000.0,138370000.0,-53646000.0,-3949000.0,-204307000.0,-204307000.0,-204307000.0,0.0,66829000.0,-0.119,783586000.0,-81294000.0,301577000.0,-0.251,26.402,42.497,42.115,8887843000.0,0.0,182.36,2.953,2.94,228226000.0,388523000.0,1715578000.0,1715578000.0,0.0,,,,,7304000.0,169585000.0,1.0,103017861.0,102570000.0,102570000.0,16.726,12002790000.0,347970000.0,-111045000.0,225304000.0,117.02,349390000.0
14,WYNN,MRQ,2017-12-31,2017-12-31,2017-12-31,2021-08-09,-1845000.0,12681739000.0,,3423784000.0,9257955000.0,,9.256,-298692000.0,2806634000.0,2806634000.0,1004804000.0,543964000.0,1.774,12.242,9628626000.0,62690000.0,9565936000.0,9628626000.0,0.0,136880000.0,1049629000.0,0.012,0.5,254446000.0,391326000.0,0.241,391326000.0,254446000.0,157657000.0,4.81,4.79,4.81,947846000.0,,947846000.0,24566562924.0,30.0,18.074,300380000.0,2.933,1.0,617360000.0,0.381,123705000.0,96789000.0,17449736000.0,,71636000.0,327455000.0,166773000.0,160682000.0,11603389000.0,1930290000.0,9673099000.0,17328108924.0,-132066000.0,0.0,4274000.0,-564202000.0,-50669000.0,-436224000.0,-294474000.0,-9190000.0,599072000.0,-440000.0,491682000.0,491682000.0,491682000.0,0.0,52282000.0,0.303,315941000.0,301419000.0,285437000.0,0.104,18.282,23.191,23.031,8498756000.0,0.0,168.59,2.855,2.835,224128000.0,635067000.0,1622164000.0,1622164000.0,0.0,,,,,14681000.0,182850000.0,1.0,102782543.0,102404000.0,103012000.0,15.841,12558034000.0,240533000.0,-334025000.0,211600000.0,122.632,1493494000.0
15,WYNN,MRQ,2017-09-30,2017-09-30,2017-09-30,2021-08-09,-673000.0,12427954000.0,,3556552000.0,8871402000.0,,3.221,-257618000.0,2938700000.0,2938700000.0,940677000.0,105969000.0,1.725,36.556,10177154000.0,405339000.0,9771815000.0,10177154000.0,0.0,137982000.0,883204000.0,0.013,0.5,175184000.0,313166000.0,0.202,313166000.0,175184000.0,79310000.0,0.78,0.78,0.78,329076000.0,,329076000.0,22593336124.0,29.0,17.053,216335000.0,2.117,1.0,610670000.0,0.394,124301000.0,95874000.0,17480049000.0,,82897000.0,320234000.0,156866000.0,163368000.0,12029744000.0,2062058000.0,9967686000.0,15274135124.0,449865000.0,0.0,22106000.0,313386000.0,-90523000.0,241302000.0,-265873000.0,-8008000.0,473953000.0,483000.0,79767000.0,79767000.0,79767000.0,0.0,26202000.0,0.051,353343000.0,257327000.0,279416000.0,0.641,46.415,41.36,41.025,8386843000.0,0.0,148.92,2.714,2.704,224132000.0,194814000.0,1551347000.0,1551347000.0,0.0,,,,,10503000.0,178504000.0,1.0,102566043.0,102173000.0,102794000.0,15.184,12303653000.0,0.0,-457000.0,276234000.0,120.42,1494494000.0
16,WYNN,MRQ,2017-06-30,2017-06-30,2017-06-30,2021-08-09,-1068000.0,11856899000.0,,3040189000.0,8816710000.0,,2.682,-246927000.0,2488835000.0,2488835000.0,912308000.0,106796000.0,1.974,42.056,9808036000.0,1740000.0,9806296000.0,9808036000.0,0.0,137686000.0,775379000.0,0.015,0.5,175262000.0,312948000.0,0.212,312948000.0,175262000.0,77523000.0,0.73,0.73,0.73,273423000.0,,273423000.0,20995623280.0,32.0,17.785,142041000.0,1.393,1.0,560584000.0,0.381,124897000.0,97739000.0,17511294000.0,,84508000.0,312632000.0,136202000.0,176430000.0,11499193000.0,1539909000.0,9959284000.0,13729048280.0,-57466000.0,0.0,26547000.0,-39054000.0,-128234000.0,-168451000.0,-274831000.0,-15207000.0,388968000.0,-3152000.0,74916000.0,74916000.0,74916000.0,0.0,31880000.0,0.051,313695000.0,246889000.0,299348000.0,0.685,50.212,50.457,50.045,8321777000.0,0.0,134.12,2.647,2.636,196179000.0,166256000.0,1472892000.0,1472892000.0,0.0,,,,,10580000.0,164169000.0,1.0,102363915.0,101944000.0,102494000.0,14.448,11732002000.0,0.0,2607000.0,246850000.0,115.083,1500280000.0
17,WYNN,MRQ,2017-03-31,2017-03-31,2017-03-31,2021-08-09,709000.0,11829528000.0,,3081410000.0,8748118000.0,,2.162,-125434000.0,2546301000.0,2546301000.0,869396000.0,132525000.0,2.043,52.176,9812876000.0,0.0,9812876000.0,9812876000.0,0.0,139820000.0,732786000.0,0.017,0.5,201968000.0,341788000.0,0.24,341788000.0,201968000.0,103706000.0,0.99,0.99,0.99,219964000.0,,219964000.0,19161056693.0,31.0,17.675,289150000.0,2.842,1.0,554361000.0,0.389,112993000.0,98262000.0,17474940000.0,,86466000.0,297780000.0,133409000.0,164371000.0,11476869000.0,1508170000.0,9968699000.0,11681649693.0,-99644000.0,0.0,-8489000.0,-331159000.0,-51334000.0,-390982000.0,-122455000.0,3443000.0,414584000.0,-791000.0,100816000.0,100816000.0,100816000.0,0.0,31709000.0,0.071,304431000.0,249930000.0,341423000.0,0.505,53.107,43.658,43.413,8273757000.0,0.0,114.61,2.448,2.444,186002000.0,142441000.0,1423757000.0,1423757000.0,0.0,,,,,8207000.0,159962000.0,1.0,101925222.0,101753000.0,102069000.0,13.992,11716535000.0,0.0,2890000.0,244724000.0,115.147,1573240000.0
18,WYNN,MRQ,2016-12-31,2016-12-31,2016-12-31,2021-08-09,1484000.0,11953557000.0,,2990367000.0,8963190000.0,,1.556,-286276000.0,2645945000.0,2645945000.0,698445000.0,126566000.0,2.111,74.047,10125352000.0,0.0,10125352000.0,10125352000.0,0.0,140543000.0,599566000.0,0.023,0.5,216450000.0,356993000.0,0.303,356993000.0,216450000.0,120783000.0,1.13,1.12,1.13,157949000.0,,157949000.0,16528803211.0,31.0,17.506,3427000.0,0.034,1.0,481488000.0,0.408,113588000.0,95667000.0,17903075000.0,,91541000.0,301460000.0,173437000.0,128023000.0,11695676000.0,1416301000.0,10279375000.0,8801606211.0,1133077000.0,0.0,-4239000.0,764467000.0,-61537000.0,1117069000.0,-273022000.0,1138000.0,289703000.0,-673000.0,113800000.0,113800000.0,113800000.0,0.0,12766000.0,0.096,342594000.0,138894000.0,298505000.0,0.442,55.724,36.374,36.197,8259631000.0,0.0,86.51,2.025,2.019,218968000.0,95097000.0,1179933000.0,1179933000.0,0.0,,,,,13731000.0,166987000.0,1.0,101740911.0,101511000.0,101915000.0,11.624,11839969000.0,0.0,6983000.0,229267000.0,116.637,1574066000.0
19,WYNN,MRQ,2016-09-30,2016-09-30,2016-09-30,2021-08-09,2022000.0,10925944000.0,,2057197000.0,8868747000.0,,-1.321,-404414000.0,1713659000.0,1713659000.0,695294000.0,-19331000.0,1.438,-82.019,9440856000.0,0.0,9440856000.0,9440856000.0,0.0,106467000.0,529192000.0,0.021,0.5,62352000.0,168819000.0,0.152,168819000.0,62352000.0,-17317000.0,-0.17,-0.17,-0.17,-133998000.0,,-133998000.0,17468313550.0,37.0,21.591,-93517000.0,-0.922,1.0,414528000.0,0.374,114184000.0,79669000.0,17108687000.0,,88728000.0,303545000.0,225996000.0,77549000.0,10990376000.0,1430270000.0,9560106000.0,9916470550.0,-391515000.0,0.0,0.0,-42777000.0,-50891000.0,-293603000.0,-409457000.0,-1020000.0,310897000.0,648000.0,-17437000.0,-17437000.0,-17437000.0,0.0,-1894000.0,-0.016,337597000.0,76931000.0,356533000.0,-2.941,-74.005,46.038,45.953,8270047000.0,0.0,97.42,2.411,2.403,177591000.0,32148000.0,1109822000.0,1109822000.0,0.0,,,,,8212000.0,144206000.0,1.0,101790911.0,101439000.0,101439000.0,10.941,10811760000.0,0.0,120000.0,181772000.0,106.584,626927000.0
20,WYNN,MRQ,2016-06-30,2016-06-30,2016-06-30,2021-08-09,2097000.0,10610351000.0,,2414543000.0,8195808000.0,,-0.686,-274353000.0,1905173000.0,1905173000.0,651813000.0,89442000.0,2.434,-152.456,9457016000.0,0.0,9457016000.0,9457016000.0,0.0,79749000.0,420582000.0,0.022,0.5,136755000.0,216504000.0,0.205,216504000.0,136755000.0,67498000.0,0.69,0.69,0.69,-69585000.0,,-69585000.0,16519240173.0,28.0,18.384,-19780000.0,-0.195,1.0,406551000.0,0.384,114780000.0,69257000.0,17055477000.0,,74790000.0,303291000.0,210470000.0,92821000.0,10608656000.0,991937000.0,9616719000.0,9226328173.0,-204930000.0,0.0,0.0,53507000.0,-162218000.0,-125659000.0,-333050000.0,-51798000.0,254573000.0,-794000.0,70391000.0,70391000.0,70391000.0,0.0,19051000.0,0.067,259012000.0,147539000.0,173459000.0,0.725,-132.591,28.04,27.975,7775244000.0,0.0,90.64,2.307,2.299,173550000.0,99379000.0,1058364000.0,1058364000.0,0.0,,,,,10419000.0,119505000.0,1.0,101790911.0,101438000.0,101881000.0,10.434,10495571000.0,0.0,-2893000.0,133860000.0,103.468,1422606000.0
21,WYNN,MRQ,2016-03-31,2016-03-31,2016-03-31,2021-08-09,1927000.0,10646560000.0,,2605493000.0,8041067000.0,,-0.832,-272013000.0,2115643000.0,2115643000.0,607968000.0,105792000.0,2.684,-125.295,9408555000.0,0.0,9408555000.0,9408555000.0,0.0,77971000.0,429346000.0,0.021,0.5,123911000.0,201882000.0,0.202,201882000.0,123911000.0,79139000.0,0.74,0.74,0.74,-84326000.0,,-84326000.0,16637109718.0,28.0,18.303,-156640000.0,-1.545,1.0,389710000.0,0.391,110376000.0,44772000.0,16858480000.0,,72604000.0,251914000.0,178540000.0,73374000.0,10565625000.0,970616000.0,9595009000.0,9506493718.0,27164000.0,727000.0,-6291000.0,249028000.0,-50571000.0,184822000.0,-272721000.0,-241000.0,115373000.0,-310000.0,75221000.0,75221000.0,75221000.0,0.0,30571000.0,0.075,231412000.0,158298000.0,111114000.0,0.676,-112.735,30.169,30.042,7633434000.0,0.0,93.43,2.388,2.379,188476000.0,79697000.0,997678000.0,997678000.0,0.0,,,,,10618000.0,117445000.0,1.0,101749906.0,101392000.0,101686000.0,9.84,10536184000.0,0.0,3918000.0,130713000.0,103.915,1634877000.0
22,WYNN,MRQ,2015-12-31,2015-12-31,2015-12-31,2021-08-09,1092000.0,10459159000.0,,2505778000.0,7953381000.0,,-1.107,-462229000.0,2082149000.0,2082149000.0,575983000.0,104794000.0,2.257,-93.208,9149665000.0,0.0,9149665000.0,9149665000.0,0.0,77201000.0,436409000.0,0.043,0.5,144639000.0,221840000.0,0.234,221840000.0,144639000.0,71031000.0,0.86,0.86,0.86,-111979000.0,,-111979000.0,13873924345.0,28.0,16.785,-234924000.0,-2.321,1.0,370919000.0,0.392,110972000.0,73608000.0,16305532000.0,,74493000.0,252280000.0,115297000.0,136983000.0,10437314000.0,1110171000.0,9327143000.0,7027525345.0,179880000.0,1901000.0,1765000.0,486510000.0,-51603000.0,418188000.0,-465633000.0,-5064000.0,227305000.0,20000.0,87221000.0,87221000.0,87221000.0,0.0,17573000.0,0.092,219059000.0,151860000.0,267791000.0,0.581,-62.758,35.985,35.85,7477478000.0,0.0,69.19,1.724,1.717,187887000.0,55332000.0,946902000.0,946902000.0,0.0,,,,,7908000.0,112247000.0,1.0,101568512.0,101199000.0,101560000.0,9.357,10348187000.0,0.0,-16190000.0,134916000.0,102.256,1395607000.0
23,WYNN,MRQ,2015-09-30,2015-09-30,2015-09-30,2021-08-09,1743000.0,9981185000.0,,2348198000.0,7632987000.0,,-1.748,-458019000.0,1902050000.0,1902050000.0,622884000.0,113429000.0,2.109,-56.788,8748449000.0,0.0,8748449000.0,8748449000.0,0.0,80649000.0,423168000.0,0.075,0.5,177707000.0,258356000.0,0.259,258356000.0,177707000.0,103628000.0,0.95,0.95,0.95,-176834000.0,,-176834000.0,11882845700.0,22.0,13.8,-298841000.0,-2.954,1.0,373401000.0,0.375,111580000.0,74079000.0,15602551000.0,,66583000.0,251391000.0,125031000.0,126360000.0,10041967000.0,1113453000.0,8928514000.0,5393633700.0,411989000.0,0.0,363000.0,677896000.0,-50579000.0,713934000.0,-461426000.0,-3377000.0,159178000.0,303000.0,96210000.0,96210000.0,96210000.0,0.0,17219000.0,0.097,220627000.0,152774000.0,232999000.0,0.526,-30.501,24.808,24.707,7090449000.0,0.0,53.12,1.264,1.259,204650000.0,-3560000.0,996285000.0,996285000.0,0.0,,,,,9178000.0,116639000.0,1.0,101536779.0,101161000.0,101581000.0,9.849,9869605000.0,0.0,7418000.0,141128000.0,97.563,1234745000.0
24,WYNN,MRQ,2015-06-30,2015-06-30,2015-06-30,2021-08-09,1963000.0,9283042000.0,,2087703000.0,7195339000.0,,-2.061,-445107000.0,1576350000.0,1576350000.0,654068000.0,77203000.0,1.701,-45.065,8065562000.0,80099000.0,7985463000.0,8065562000.0,0.0,81913000.0,507332000.0,0.048,0.5,144994000.0,226907000.0,0.218,226907000.0,144994000.0,69758000.0,0.56,0.56,0.56,-208447000.0,,-208447000.0,16197234984.0,26.0,16.923,-243764000.0,-2.41,1.0,386390000.0,0.371,112176000.0,75236000.0,14432988000.0,,66576000.0,249083000.0,128441000.0,120642000.0,9393702000.0,1227090000.0,8166612000.0,10018633984.0,-153688000.0,0.0,27000.0,76716000.0,-50113000.0,87570000.0,-442902000.0,4624000.0,201343000.0,301000.0,56460000.0,56460000.0,56460000.0,0.0,20743000.0,0.054,217269000.0,169121000.0,214981000.0,0.893,-48.063,32.048,31.829,6618499000.0,0.0,98.67,2.159,2.151,267960000.0,-26583000.0,1040458000.0,1040458000.0,0.0,,,,,10236000.0,113707000.0,1.0,101536779.0,101157000.0,101710000.0,10.286,9170866000.0,0.0,13298000.0,133725000.0,90.66,860613000.0
25,WYNN,MRQ,2015-03-31,2015-03-31,2015-03-31,2021-08-09,1953000.0,9151680000.0,,2382852000.0,6768828000.0,,-2.215,-518631000.0,1806756000.0,1806756000.0,677439000.0,-13902000.0,1.91,-41.504,7985357000.0,150937000.0,7834420000.0,7985357000.0,0.0,82866000.0,504703000.0,0.044,1.5,36579000.0,119445000.0,0.109,119445000.0,36579000.0,-41404000.0,-0.44,-0.44,-0.44,-224046000.0,,-224046000.0,17942168437.0,23.0,16.386,-533644000.0,-5.277,1.0,414799000.0,0.38,112772000.0,77983000.0,13969957000.0,,69911000.0,255764000.0,163968000.0,91796000.0,9298832000.0,1247552000.0,8051280000.0,12780047437.0,-540256000.0,0.0,-6328000.0,513931000.0,-346812000.0,-3434000.0,-521597000.0,-1744000.0,-15013000.0,-212000.0,-44601000.0,-44601000.0,-44601000.0,0.0,30699000.0,-0.041,229740000.0,185059000.0,186964000.0,-3.409,-57.042,27.779,27.605,6245530000.0,0.0,125.88,2.55,2.54,290757000.0,-32388000.0,1092238000.0,1092238000.0,0.0,,,,,10361000.0,122200000.0,1.0,101525639.0,101135000.0,101135000.0,10.8,9038908000.0,0.0,3197000.0,170925000.0,89.375,1135300000.0
26,WYNN,MRQ,2014-12-31,2014-12-31,2014-12-31,2021-08-09,2505000.0,9062861000.0,,2782331000.0,6280530000.0,,-0.285,-485804000.0,2183141000.0,2183141000.0,699764000.0,148193000.0,2.127,-307.577,7345262000.0,0.0,7345262000.0,7345262000.0,0.0,80082000.0,548818000.0,0.035,1.5,176296000.0,256378000.0,0.225,256378000.0,176296000.0,97303000.0,1.08,1.08,1.08,-28779000.0,,-28779000.0,19528194802.0,19.0,14.391,-361615000.0,-3.58,1.0,438211000.0,0.385,112367000.0,78993000.0,12804297000.0,,72223000.0,254556000.0,240140000.0,14416000.0,8851770000.0,1308318000.0,7543452000.0,15076795802.0,-708714000.0,0.0,5374000.0,-23248000.0,-252555000.0,-284545000.0,-548862000.0,-733000.0,124189000.0,504000.0,109346000.0,109346000.0,109346000.0,0.0,38847000.0,0.096,222681000.0,215530000.0,303284000.0,1.389,-523.882,20.609,20.519,5855842000.0,0.0,148.76,2.775,2.763,237957000.0,164487000.0,1137975000.0,1137975000.0,0.0,,,,,13668000.0,125833000.0,1.0,101349797.0,101011000.0,101766000.0,11.266,8950494000.0,0.0,-12043000.0,167341000.0,88.609,1474013000.0
27,WYNN,MRQ,2014-09-30,2014-09-30,2014-09-30,2021-08-09,2350000.0,9181699000.0,,3470319000.0,5711380000.0,,0.938,-290195000.0,2890878000.0,2890878000.0,818521000.0,253006000.0,2.581,93.842,7342277000.0,1050000.0,7341227000.0,7342277000.0,0.0,79027000.0,636217000.0,0.041,1.25,275342000.0,354369000.0,0.259,354369000.0,275342000.0,196294000.0,1.9,1.88,1.9,94715000.0,,94715000.0,23236321196.0,20.0,15.738,105840000.0,1.048,1.0,551489000.0,0.403,28980000.0,79048000.0,12259806000.0,,69975000.0,254799000.0,250732000.0,4067000.0,8888284000.0,1344312000.0,7543972000.0,18960248196.0,-144233000.0,0.0,-3000.0,29352000.0,-256042000.0,-226623000.0,-311302000.0,-847000.0,396035000.0,-2343000.0,191406000.0,191406000.0,191406000.0,0.0,61600000.0,0.14,218914000.0,332575000.0,243276000.0,0.658,200.182,22.677,22.54,5460971000.0,0.0,187.08,3.26,3.248,206466000.0,308641000.0,1370010000.0,1370010000.0,0.0,,,,,10295000.0,126834000.0,1.0,101348344.0,100959000.0,101999000.0,13.57,9152719000.0,0.0,4888000.0,192114000.0,90.658,2126007000.0
28,WYNN,MRQ,2014-06-30,2014-06-30,2014-06-30,2021-08-09,3114000.0,9071342000.0,,3618180000.0,5453162000.0,,0.212,-237490000.0,3035111000.0,3035111000.0,859459000.0,258402000.0,2.815,410.237,7311184000.0,1050000.0,7310134000.0,7311184000.0,0.0,78351000.0,616223000.0,0.036,1.25,286435000.0,364786000.0,0.258,364786000.0,286435000.0,204670000.0,2.02,2.0,2.02,21410000.0,,21410000.0,25074153961.0,22.0,17.131,131381000.0,1.302,1.0,552604000.0,0.391,29576000.0,81765000.0,12032674000.0,,70132000.0,254767000.0,242148000.0,12619000.0,8783177000.0,1285165000.0,7498012000.0,21016947961.0,-238510000.0,0.0,4135000.0,-23006000.0,-307925000.0,-337254000.0,-272126000.0,3052000.0,368871000.0,1999000.0,203906000.0,203906000.0,203906000.0,0.0,54496000.0,0.144,211262000.0,341342000.0,223961000.0,0.619,981.642,25.423,25.281,5215723000.0,0.0,207.56,3.601,3.589,218905000.0,243921000.0,1412063000.0,1412063000.0,0.0,,,,,4397000.0,128520000.0,1.0,101257217.0,100915000.0,102018000.0,13.993,9041766000.0,0.0,764000.0,187066000.0,89.598,2333015000.0
29,WYNN,MRQ,2014-03-31,2014-03-31,2014-03-31,2021-08-09,2528000.0,9113221000.0,,3839184000.0,5274037000.0,,-0.719,-175055000.0,3273621000.0,3273621000.0,938567000.0,303043000.0,3.058,-121.334,7330827000.0,1050000.0,7329777000.0,7330827000.0,0.0,76659000.0,511153000.0,0.033,1.25,304761000.0,381420000.0,0.252,381420000.0,304761000.0,229505000.0,2.25,2.22,2.25,-72465000.0,,-72465000.0,26636821007.0,26.0,19.07,34167000.0,0.339,1.0,575046000.0,0.38,30172000.0,75256000.0,11884930000.0,,71865000.0,258883000.0,218876000.0,40007000.0,8792479000.0,1255325000.0,7537154000.0,22484294007.0,838580000.0,0.0,291000.0,736488000.0,-126406000.0,612797000.0,17938000.0,-1640000.0,209222000.0,-1377000.0,226896000.0,226896000.0,226896000.0,0.0,76147000.0,0.15,198215000.0,376831000.0,270299000.0,0.556,-310.278,29.876,29.699,5036430000.0,0.0,222.15,3.906,3.891,230690000.0,166664000.0,1513613000.0,1513613000.0,0.0,,,,,1497000.0,111277000.0,1.0,101212217.0,100822000.0,102009000.0,15.013,9083049000.0,0.0,2609000.0,275326000.0,90.09,2583859000.0
30,WYNN,MRQ,2013-12-31,2013-12-31,2013-12-31,2021-08-09,2913000.0,8377030000.0,,2968814000.0,5408216000.0,,-1.831,-189701000.0,2634977000.0,2634977000.0,933077000.0,290486000.0,2.04,-44.685,6587568000.0,1050000.0,6586518000.0,6587568000.0,0.0,91990000.0,704401000.0,0.036,4.0,283881000.0,375871000.0,0.247,375871000.0,283881000.0,207549000.0,2.13,2.1,2.13,-184507000.0,,-184507000.0,23814225590.0,24.0,17.243,205607000.0,2.041,1.0,586820000.0,0.386,30767000.0,76332000.0,10843320000.0,,74739000.0,258536000.0,174399000.0,84137000.0,8244679000.0,1455534000.0,6789145000.0,19645371590.0,393886000.0,0.0,1371000.0,600006000.0,-403288000.0,185643000.0,-187002000.0,387000.0,395308000.0,-63000.0,213884000.0,213884000.0,213884000.0,0.0,76602000.0,0.141,218379000.0,368441000.0,272861000.0,1.878,-106.475,26.961,26.788,4934449000.0,0.0,194.21,3.495,3.474,241932000.0,66130000.0,1519897000.0,1519897000.0,0.0,,,,,2779000.0,116472000.0,1.0,101155304.0,100750000.0,101986000.0,15.086,8346263000.0,0.0,-6335000.0,223638000.0,82.841,1513280000.0
31,WYNN,MRQ,2013-09-30,2013-09-30,2013-09-30,2021-08-09,3078000.0,8069628000.0,,2765556000.0,5304072000.0,,0.013,-135043000.0,2041155000.0,2041155000.0,863139000.0,248811000.0,1.7,6035.689,6210009000.0,223452000.0,5986557000.0,6210009000.0,0.0,93325000.0,750324000.0,0.07,1.0,248288000.0,341613000.0,0.246,341613000.0,248288000.0,174739000.0,1.81,1.79,1.81,1297000.0,,1297000.0,19958772328.0,21.0,15.304,235485000.0,2.339,1.0,526973000.0,0.379,31146000.0,73549000.0,10580174000.0,,73038000.0,702637000.0,394656000.0,307981000.0,7828289000.0,1627162000.0,6201127000.0,15975188328.0,12926000.0,0.0,2318000.0,-45765000.0,-193450000.0,6895000.0,-365472000.0,-28803000.0,370528000.0,975000.0,182020000.0,182020000.0,182020000.0,0.0,66791000.0,0.131,212995000.0,313978000.0,213519000.0,0.552,12317.03,25.514,25.322,4810378000.0,0.0,158.01,2.964,2.952,216247000.0,256992000.0,1390112000.0,1390112000.0,0.0,,,,,4449000.0,105026000.0,1.0,101102388.0,100685000.0,101547000.0,13.807,8038482000.0,0.0,-7281000.0,207360000.0,79.838,1138394000.0
32,WYNN,MRQ,2013-06-30,2013-06-30,2013-06-30,2021-08-09,2678000.0,7773339000.0,,2490335000.0,5283004000.0,,-0.876,-110919000.0,2028229000.0,2028229000.0,837829000.0,192716000.0,1.82,-86.288,6011813000.0,1050000.0,6010763000.0,6011813000.0,0.0,93218000.0,744225000.0,0.082,1.0,204673000.0,297891000.0,0.224,297891000.0,204673000.0,130909000.0,1.29,1.28,1.29,-88028000.0,,-88028000.0,16651227093.0,19.0,13.468,379017000.0,3.772,1.0,494444000.0,0.371,29243000.0,73764000.0,10359636000.0,,70153000.0,474760000.0,146386000.0,328374000.0,7595775000.0,1368044000.0,6227731000.0,12925701093.0,-28476000.0,0.0,2776000.0,200573000.0,-336539000.0,-381353000.0,-139935000.0,-88522000.0,489936000.0,2876000.0,129785000.0,129785000.0,129785000.0,0.0,62931000.0,0.097,220420000.0,274024000.0,208005000.0,0.775,-146.836,23.241,23.058,4760886000.0,0.0,127.97,2.439,2.427,207031000.0,176088000.0,1332273000.0,1332273000.0,0.0,,,,,20087000.0,132381000.0,1.0,101005713.0,100484000.0,101549000.0,13.259,7744096000.0,0.0,1124000.0,196214000.0,77.068,1122291000.0
33,WYNN,MRQ,2013-03-31,2013-03-31,2013-03-31,2021-08-09,2382000.0,7535926000.0,,2504504000.0,5031422000.0,,-1.567,-58519000.0,2056705000.0,2056705000.0,844777000.0,272144000.0,2.029,-46.242,5782231000.0,1050000.0,5781181000.0,5782231000.0,0.0,92518000.0,633230000.0,0.08,1.0,273198000.0,365716000.0,0.265,365716000.0,273198000.0,197821000.0,2.02,2.0,2.02,-157027000.0,,-157027000.0,16696597234.0,19.0,13.475,362351000.0,3.615,1.0,533877000.0,0.387,30183000.0,75377000.0,9996803000.0,,67909000.0,202983000.0,96648000.0,106335000.0,7261250000.0,1234466000.0,6026784000.0,12638996234.0,331486000.0,0.0,-1501000.0,-350000.0,-101709000.0,-102328000.0,14829000.0,40194000.0,420870000.0,-1885000.0,202963000.0,202963000.0,202963000.0,0.0,69181000.0,0.147,200229000.0,333648000.0,200670000.0,0.495,-80.489,22.392,22.191,4723083000.0,0.0,125.16,2.422,2.404,243578000.0,147612000.0,1378654000.0,1378654000.0,0.0,,,,,-110000.0,94909000.0,1.0,100982712.0,100237000.0,101373000.0,13.754,7505743000.0,0.0,-5142000.0,230026000.0,74.88,1270038000.0
34,WYNN,MRQ,2012-12-31,2012-12-31,2012-12-31,2021-08-09,4177000.0,7276594000.0,,2202378000.0,5074216000.0,,-2.589,-72491000.0,1725219000.0,1725219000.0,801958000.0,165826000.0,1.947,-27.69,5782820000.0,1050000.0,5781770000.0,5782820000.0,0.0,93057000.0,544649000.0,0.084,8.0,205897000.0,298954000.0,0.232,298954000.0,205897000.0,128155000.0,1.12,1.11,1.12,-259037000.0,,-259037000.0,14766362234.0,19.0,12.639,123991000.0,1.239,1.0,487126000.0,0.378,31297000.0,77742000.0,10171521000.0,,63799000.0,283491000.0,138887000.0,144604000.0,7172662000.0,1131377000.0,6041285000.0,11314428234.0,-605718000.0,0.0,14356000.0,-13093000.0,-801434000.0,-810005000.0,6276000.0,212219000.0,196482000.0,1529000.0,111373000.0,111373000.0,111373000.0,0.0,54453000.0,0.086,229164000.0,257962000.0,164858000.0,7.143,-43.679,22.537,23.099,4727899000.0,0.0,112.49,2.195,2.25,238573000.0,44775000.0,1289084000.0,1289084000.0,0.0,,,,,2329000.0,120187000.0,1.0,100581636.0,100056000.0,101123000.0,12.884,7245297000.0,0.0,16782000.0,213788000.0,72.412,1071001000.0
35,WYNN,MRQ,2012-09-30,2012-09-30,2012-09-30,2021-08-09,3625000.0,7956227000.0,,2841284000.0,5114943000.0,,4.119,-52757000.0,2330937000.0,2330937000.0,813340000.0,165171000.0,2.357,17.594,5782871000.0,1400000.0,5781471000.0,5782871000.0,0.0,94274000.0,595243000.0,0.061,0.5,179491000.0,273765000.0,0.211,273765000.0,179491000.0,104409000.0,1.12,1.11,1.12,411335000.0,,411335000.0,15129100380.0,19.0,12.835,275657000.0,2.76,1.0,485155000.0,0.374,32410000.0,75082000.0,10170194000.0,,65531000.0,396197000.0,198897000.0,197300000.0,7236927000.0,1205557000.0,6031370000.0,11604275380.0,397748000.0,0.0,251000.0,290702000.0,-53200000.0,238332000.0,-171155000.0,-118213000.0,328414000.0,2157000.0,112035000.0,112035000.0,112035000.0,0.0,53136000.0,0.086,238063000.0,247092000.0,186645000.0,0.446,28.211,19.968,21.864,4697692000.0,0.0,115.44,2.228,2.213,213322000.0,276565000.0,1298495000.0,1298495000.0,0.0,,,,,5271000.0,115785000.0,1.0,100522136.0,99871000.0,100892000.0,13.002,7923817000.0,0.0,-7626000.0,211016000.0,79.341,1635727000.0
36,WYNN,MRQ,2012-06-30,2012-06-30,2012-06-30,2021-08-09,2096000.0,7480591000.0,,2470718000.0,5009873000.0,,3.424,-79812000.0,1933189000.0,1933189000.0,809583000.0,199293000.0,1.848,20.153,5458014000.0,165796000.0,5292218000.0,5458014000.0,0.0,93463000.0,608929000.0,0.067,0.5,207198000.0,300661000.0,0.24,300661000.0,207198000.0,133324000.0,1.38,1.37,1.38,341642000.0,,341642000.0,14050138733.0,17.0,11.764,242520000.0,2.43,1.0,443624000.0,0.354,33523000.0,73874000.0,9634845000.0,,66287000.0,277777000.0,219130000.0,58647000.0,6885119000.0,1337048000.0,5548071000.0,10425179733.0,62119000.0,0.0,-166000.0,-39160000.0,-50492000.0,-91616000.0,-167948000.0,-86133000.0,322332000.0,-649000.0,138064000.0,138064000.0,138064000.0,0.0,61229000.0,0.11,179501000.0,264123000.0,158665000.0,0.362,30.515,17.487,20.023,4744574000.0,0.0,103.72,2.001,1.987,218068000.0,214791000.0,1253207000.0,1253207000.0,0.0,,,,,4636000.0,99777000.0,1.0,100512724.0,99782000.0,101010000.0,12.559,7447068000.0,0.0,-4740000.0,205539000.0,74.633,1133670000.0
37,WYNN,MRQ,2012-03-31,2012-03-31,2012-03-31,2021-08-09,2307000.0,7403067000.0,,2319938000.0,5083129000.0,,2.206,-35195000.0,1871070000.0,1871070000.0,826694000.0,198409000.0,1.72,27.997,5496029000.0,168023000.0,5328006000.0,5496029000.0,0.0,92405000.0,603750000.0,0.056,0.5,202508000.0,294913000.0,0.225,294913000.0,202508000.0,140447000.0,1.25,1.23,1.25,248675000.0,,248675000.0,14509040667.0,18.0,12.284,303295000.0,2.691,1.0,486804000.0,0.371,34637000.0,62061000.0,9644880000.0,,68163000.0,193589000.0,121633000.0,71956000.0,6962075000.0,1348509000.0,5613566000.0,12553908667.0,608483000.0,0.0,231000.0,330457000.0,-50367000.0,280810000.0,-12027000.0,24733000.0,338490000.0,1210000.0,140564000.0,140564000.0,140564000.0,0.0,57845000.0,0.107,226705000.0,260099000.0,162488000.0,0.4,50.483,21.64,26.126,4802373000.0,0.0,124.88,2.358,2.644,222547000.0,126981000.0,1313498000.0,1313498000.0,0.0,,,,,2159000.0,105950000.0,1.0,100527776.0,112704000.0,114008000.0,11.654,7368430000.0,0.0,-117000.0,228094000.0,65.379,971429000.0
38,WYNN,MRQ,2011-12-31,2011-12-31,2011-12-31,2021-08-09,840000.0,6899496000.0,,1726452000.0,5173044000.0,,16.813,-97955000.0,1262587000.0,1262587000.0,851306000.0,258262000.0,1.093,2.238,3217719000.0,407934000.0,2809785000.0,3217719000.0,0.0,94118000.0,576011000.0,0.059,5.5,215282000.0,309400000.0,0.23,309400000.0,215282000.0,159320000.0,1.53,1.51,1.53,2089022000.0,,2089022000.0,15134423387.0,18.0,12.387,268828000.0,2.164,1.0,492557000.0,0.367,35751000.0,55962000.0,7238984000.0,,72061000.0,217943000.0,122066000.0,95877000.0,4676042000.0,1579893000.0,3096149000.0,13806516387.0,-513437000.0,0.0,2060000.0,112492000.0,-905779000.0,-790506000.0,-94842000.0,-253228000.0,366783000.0,5128000.0,190473000.0,190473000.0,190473000.0,0.0,67789000.0,0.142,217751000.0,274806000.0,171608000.0,3.595,6.609,22.509,22.366,4865332000.0,0.0,110.49,2.62,2.601,238490000.0,36368000.0,1343863000.0,1343863000.0,0.0,,,,,4842000.0,101545000.0,1.0,124957158.0,124249000.0,125643000.0,10.816,6863745000.0,0.0,-31153000.0,237390000.0,55.242,146559000.0
39,WYNN,MRQ,2011-09-30,2011-09-30,2011-09-30,2021-08-09,-2867000.0,7428974000.0,,2205130000.0,5223844000.0,,20.735,-34310000.0,1776024000.0,1776024000.0,836016000.0,185185000.0,1.663,1.774,3103931000.0,170565000.0,2933366000.0,3103931000.0,0.0,100522000.0,546324000.0,0.078,0.5,188795000.0,289317000.0,0.223,289317000.0,188795000.0,131333000.0,1.02,1.01,1.02,2574778000.0,,2574778000.0,15840246436.0,20.0,13.3,283744000.0,2.285,1.0,462288000.0,0.356,36864000.0,57462000.0,7394260000.0,,77411000.0,244647000.0,134419000.0,110228000.0,4567656000.0,1325757000.0,3241899000.0,14379081436.0,91035000.0,0.0,-2946000.0,-41906000.0,-64883000.0,-106958000.0,-119726000.0,209701000.0,318054000.0,-335000.0,127063000.0,127063000.0,127063000.0,0.0,58122000.0,0.098,222443000.0,239845000.0,140254000.0,0.49,5.585,26.77,26.577,4687027000.0,0.0,115.08,2.785,2.768,190346000.0,307061000.0,1298304000.0,1298304000.0,0.0,,,,,2865000.0,107935000.0,1.0,124948570.0,124176000.0,125860000.0,10.455,7392110000.0,0.0,4270000.0,221509000.0,59.529,879373000.0
40,WYNN,MRQ,2011-06-30,2011-06-30,2011-06-30,2021-08-09,921000.0,7107712000.0,,2070862000.0,5036850000.0,,20.234,-18890000.0,1684989000.0,1684989000.0,845512000.0,155331000.0,1.788,1.742,3146154000.0,150898000.0,2995256000.0,3146154000.0,0.0,102052000.0,468413000.0,0.061,0.5,185493000.0,287545000.0,0.21,287545000.0,185493000.0,127262000.0,0.98,0.97,0.98,2508440000.0,,2508440000.0,19627516727.0,31.0,18.929,488929000.0,3.944,1.0,521841000.0,0.382,37978000.0,58231000.0,7372648000.0,,75368000.0,176187000.0,99289000.0,76898000.0,4369977000.0,1158251000.0,3211726000.0,17907728727.0,238157000.0,0.0,14862000.0,-21024000.0,-62785000.0,-62384000.0,-207794000.0,-171989000.0,507819000.0,516000.0,122031000.0,122031000.0,122031000.0,0.0,33300000.0,0.089,308808000.0,213033000.0,166711000.0,0.51,7.139,47.555,47.217,4770450000.0,0.0,143.54,3.677,3.653,180792000.0,242490000.0,1367353000.0,1367353000.0,0.0,,,,,-632000.0,91912000.0,1.0,124757759.0,123970000.0,125729000.0,11.03,7069734000.0,0.0,5231000.0,249417000.0,57.028,912611000.0
41,WYNN,MRQ,2011-03-31,2011-03-31,2011-03-31,2021-08-09,-9000.0,6783167000.0,,1745317000.0,5037850000.0,,19.56,-32294000.0,1446832000.0,1446832000.0,777199000.0,226335000.0,2.019,1.722,3166620000.0,2675000.0,3163945000.0,3166620000.0,0.0,101347000.0,383556000.0,0.067,0.0,234173000.0,335520000.0,0.266,335520000.0,234173000.0,175910000.0,1.4,1.39,1.4,2420695000.0,,2420695000.0,17855761081.0,32.0,18.626,290885000.0,2.35,1.0,483073000.0,0.383,39091000.0,58263000.0,7599329000.0,,80896000.0,3934000.0,0.0,3934000.0,4167263000.0,864535000.0,3302728000.0,15846731081.0,188333000.0,0.0,2254000.0,-101038000.0,0.0,-97793000.0,-36738000.0,0.0,323179000.0,-315000.0,173804000.0,173804000.0,173804000.0,0.0,52531000.0,0.138,202517000.0,280556000.0,154834000.0,0.0,6.546,51.628,51.068,4854124000.0,0.0,127.16,3.494,3.469,186841000.0,182846000.0,1260272000.0,1260272000.0,0.0,,,,,5754000.0,87661000.0,1.0,124620408.0,123757000.0,125371000.0,10.183,6744076000.0,0.0,2106000.0,238366000.0,54.495,880782000.0
42,WYNN,MRQ,2010-12-31,2010-12-31,2010-12-31,2021-08-09,889000.0,6674497000.0,,1561136000.0,5113361000.0,,18.13,-54149000.0,1258499000.0,1258499000.0,784180000.0,171874000.0,1.758,1.919,3267529000.0,2675000.0,3264854000.0,3267529000.0,0.0,100299000.0,368621000.0,0.082,8.0,178343000.0,278642000.0,0.225,278642000.0,178343000.0,118680000.0,0.93,0.92,0.93,2237948000.0,,2237948000.0,14127315604.0,35.0,17.463,342030000.0,2.771,1.0,453008000.0,0.366,40205000.0,59663000.0,7755393000.0,,86847000.0,4232000.0,0.0,4232000.0,4293912000.0,887929000.0,3405983000.0,12870570604.0,-663839000.0,0.0,34705000.0,88458000.0,-1130804000.0,-1002794000.0,-55761000.0,0.0,396179000.0,-1463000.0,114242000.0,114242000.0,114242000.0,0.0,57632000.0,0.092,222699000.0,230309000.0,168135000.0,8.602,5.751,80.377,79.877,4921259000.0,0.0,103.84,3.076,3.047,187464000.0,9042000.0,1237188000.0,1237188000.0,0.0,,,,,1600000.0,105555000.0,1.0,123946173.0,123441000.0,125064000.0,10.023,6634292000.0,0.0,4438000.0,255804000.0,53.745,673207000.0
43,WYNN,MRQ,2010-09-30,2010-09-30,2010-09-30,2021-08-09,2900000.0,7361883000.0,,2186143000.0,5175740000.0,,25.054,-40950000.0,1922338000.0,1922338000.0,653158000.0,-2054000.0,2.942,1.32,3179083000.0,2675000.0,3176408000.0,3179083000.0,0.0,99341000.0,323783000.0,0.052,0.25,35852000.0,135193000.0,0.134,135193000.0,35852000.0,-24489000.0,-0.27,-0.27,-0.27,3075858000.0,,3075858000.0,12092085443.0,49.0,18.391,197593000.0,1.609,1.0,352791000.0,0.351,41319000.0,60341000.0,7834317000.0,,95344000.0,4048000.0,0.0,4048000.0,4059988000.0,742992000.0,3316996000.0,10716819443.0,63916000.0,0.0,21270000.0,-127292000.0,-30691000.0,-133422000.0,-42995000.0,0.0,238543000.0,1790000.0,-33508000.0,-33508000.0,-33508000.0,0.0,31454000.0,-0.033,220842000.0,131949000.0,130752000.0,-0.926,3.484,263.546,262.939,4976270000.0,0.0,86.77,2.853,2.836,141379000.0,-105441000.0,1005949000.0,1005949000.0,0.0,,,,,3464000.0,103030000.0,1.0,123508349.0,122771000.0,122771000.0,8.194,7320564000.0,0.0,9019000.0,132885000.0,59.628,1443151000.0
44,WYNN,MRQ,2010-06-30,2010-06-30,2010-06-30,2021-08-09,-100000.0,7369175000.0,,2140798000.0,5228377000.0,,25.351,-98927000.0,1858422000.0,1858422000.0,670983000.0,88917000.0,3.083,1.31,3233688000.0,2675000.0,3231013000.0,3233688000.0,0.0,101353000.0,286880000.0,0.056,0.25,107924000.0,209277000.0,0.203,209277000.0,107924000.0,54326000.0,0.43,0.42,0.43,3106056000.0,,3106056000.0,10929597149.0,38.0,15.642,182567000.0,1.49,1.0,361660000.0,0.35,42431000.0,53598000.0,8007651000.0,,97887000.0,4011000.0,0.0,4011000.0,4070004000.0,694359000.0,3375645000.0,9404882149.0,101407000.0,0.0,9389000.0,-50817000.0,-30643000.0,-70694000.0,-107910000.0,0.0,281494000.0,-1483000.0,52405000.0,52405000.0,52405000.0,0.0,36512000.0,0.051,213514000.0,148146000.0,143338000.0,0.581,3.028,86.775,86.67,5031785000.0,0.0,76.27,2.669,2.652,157560000.0,-41020000.0,1032643000.0,1032643000.0,0.0,,,,,5662000.0,95668000.0,1.0,123310373.0,122521000.0,123816000.0,8.428,7326744000.0,0.0,1921000.0,150530000.0,59.8,1446439000.0
45,WYNN,MRQ,2010-03-31,2010-03-31,2010-03-31,2021-08-09,1852000.0,7290162000.0,,2050722000.0,5239440000.0,,25.068,-89063000.0,1757015000.0,1757015000.0,591294000.0,57859000.0,3.235,1.325,3281730000.0,2675000.0,3279055000.0,3281730000.0,0.0,104565000.0,252724000.0,0.053,0.0,81318000.0,185883000.0,0.205,185883000.0,81318000.0,32057000.0,0.22,0.22,0.22,3068615000.0,,3068615000.0,10926836965.0,39.0,15.816,52033000.0,0.425,1.0,317624000.0,0.349,43545000.0,49261000.0,8137434000.0,,107158000.0,3896000.0,0.0,3896000.0,4064534000.0,633898000.0,3430636000.0,9349563965.0,-234815000.0,0.0,822000.0,-286866000.0,0.0,-285726000.0,-89457000.0,0.0,141096000.0,-728000.0,26988000.0,26988000.0,26988000.0,0.0,30871000.0,0.03,202776000.0,114848000.0,120385000.0,0.0,3.047,114.781,114.894,5042195000.0,0.0,75.83,2.908,2.888,157860000.0,-62571000.0,908918000.0,908918000.0,0.0,,,,,6609000.0,87001000.0,1.0,123296373.0,122411000.0,122982000.0,7.425,7246617000.0,0.0,5069000.0,127785000.0,59.199,1416824000.0
46,WYNN,MRQ,2009-12-31,2009-12-31,2009-12-31,2021-08-09,2446000.0,7581769000.0,,2282956000.0,5298813000.0,,24.805,-109662000.0,1991830000.0,1991830000.0,538769000.0,13232000.0,3.146,1.457,3569103000.0,2675000.0,3566428000.0,3569103000.0,0.0,104441000.0,318755000.0,0.069,4.0,22690000.0,127131000.0,0.157,127131000.0,22690000.0,-27834000.0,-0.05,-0.05,-0.05,3034338000.0,,3034338000.0,10064924804.0,43.0,15.59,37122000.0,0.303,1.0,270560000.0,0.334,44659000.0,50524000.0,8388798000.0,,107005000.0,4102000.0,0.0,4102000.0,4421406000.0,725585000.0,3695821000.0,7169580804.0,695752000.0,0.0,4585000.0,-713350000.0,-489876000.0,667748000.0,-118123000.0,0.0,146784000.0,-657000.0,-5221000.0,-5221000.0,-5221000.0,0.0,18453000.0,-0.006,225043000.0,45517000.0,135501000.0,-80.0,2.363,347.128,342.529,5062059000.0,0.0,58.23,2.354,2.291,152879000.0,-89559000.0,809329000.0,809329000.0,0.0,,,,,-654000.0,101241000.0,1.0,123125207.0,122327000.0,122951000.0,6.616,7537110000.0,26386000.0,-22613000.0,145012000.0,61.614,1557371000.0
47,WYNN,MRQ,2009-09-30,2009-09-30,2009-09-30,2021-08-09,2354000.0,6862058000.0,,1558397000.0,5303661000.0,,15.51,-123842000.0,1296078000.0,1296078000.0,496473000.0,34210000.0,2.385,2.621,4191422000.0,2675000.0,4188747000.0,4191422000.0,0.0,101907000.0,0.0,0.0,0.0,74521000.0,176428000.0,0.228,176428000.0,74521000.0,24381000.0,0.28,0.28,0.28,1895290000.0,,1895290000.0,11764437296.0,60.0,20.475,151667000.0,1.241,1.0,276598000.0,0.358,45773000.0,50140000.0,9058219000.0,,111793000.0,3904000.0,0.0,3904000.0,4966768000.0,653410000.0,4313358000.0,8727554296.0,205896000.0,0.0,870000.0,63714000.0,0.0,61512000.0,-131109000.0,0.0,275509000.0,-16000.0,34210000.0,34210000.0,34210000.0,0.0,0.0,0.044,197099000.0,79499000.0,115335000.0,0.0,4.605,-65.281,-55.819,5087166000.0,0.0,70.89,3.062,3.039,122258000.0,8775000.0,773071000.0,773071000.0,0.0,,,,,6903000.0,88987000.0,1.0,123114040.0,122200000.0,122610000.0,6.326,6816285000.0,12295000.0,-9829000.0,86340000.0,55.78,904987000.0
48,WYNN,MRQ,2009-06-30,2009-06-30,2009-06-30,2021-08-09,2354000.0,6648726000.0,,1351620000.0,5297106000.0,,15.17,-122781000.0,1090182000.0,1090182000.0,457760000.0,25479000.0,2.439,2.588,4127065000.0,2675000.0,4124390000.0,4127065000.0,0.0,102731000.0,0.0,0.0,0.0,98715000.0,201446000.0,0.279,201446000.0,98715000.0,45026000.0,0.21,0.21,0.21,1853156000.0,,1853156000.0,7381939787.0,37.0,13.716,-11839000.0,-0.097,1.0,265496000.0,0.367,46886000.0,53689000.0,9084606000.0,,113153000.0,4032000.0,0.0,4032000.0,4795570000.0,554117000.0,4241453000.0,4344151787.0,-628540000.0,0.0,867000.0,-626324000.0,0.0,-625461000.0,-114084000.0,0.0,110942000.0,63000.0,25479000.0,25479000.0,25479000.0,0.0,0.0,0.035,182698000.0,82798000.0,122815000.0,0.0,2.344,-37.224,-33.619,5098567000.0,0.0,35.3,1.526,1.515,118553000.0,-25435000.0,723256000.0,723256000.0,0.0,,,,,6365000.0,81930000.0,1.0,123063790.0,122161000.0,122386000.0,5.921,6601840000.0,1999000.0,19547000.0,70633000.0,54.042,797503000.0
49,WYNN,MRQ,2009-03-31,2009-03-31,2009-03-31,2021-08-09,2626000.0,7312438000.0,,1992922000.0,5319516000.0,,16.173,-183537000.0,1718722000.0,1718722000.0,498047000.0,-33814000.0,3.294,3.017,4756510000.0,2675000.0,4753835000.0,4756510000.0,0.0,101468000.0,0.0,0.0,0.0,39112000.0,140580000.0,0.19,140580000.0,39112000.0,-17920000.0,-0.3,-0.3,-0.3,1820539000.0,,1820539000.0,5396130371.0,20.0,9.378,-122816000.0,-1.091,1.0,241908000.0,0.327,47999000.0,57032000.0,9697233000.0,,119311000.0,4065000.0,0.0,4065000.0,5491899000.0,604994000.0,4886905000.0,2236925371.0,584818000.0,0.0,202170000.0,473923000.0,0.0,711716000.0,-187764000.0,0.0,60721000.0,145000.0,-33814000.0,-33814000.0,-33814000.0,0.0,0.0,-0.046,214759000.0,27149000.0,160275000.0,0.0,1.229,17.235,16.782,5103984000.0,0.0,19.97,0.759,0.762,123485000.0,-50950000.0,739955000.0,739955000.0,0.0,,,,,-33187000.0,92912000.0,1.0,112014290.0,112568000.0,112568000.0,6.573,7264439000.0,18353000.0,15894000.0,88069000.0,64.534,1387928000.0
50,WYNN,MRQ,2008-12-31,2008-12-31,2008-12-31,2021-08-09,2614000.0,6755788000.0,,1411091000.0,5344697000.0,,14.984,-383055000.0,1133904000.0,1133904000.0,425888000.0,-159567000.0,1.95,3.218,4293109000.0,2685000.0,4290424000.0,4293109000.0,0.0,70885000.0,200902000.0,0.0,0.0,-14770000.0,56115000.0,0.091,56115000.0,-14770000.0,-60950000.0,-1.46,-1.48,-1.46,1601595000.0,,1601595000.0,7568015940.0,24.0,12.941,-348647000.0,-3.262,1.0,188387000.0,0.307,49049000.0,46180000.0,9142187000.0,,120944000.0,4696000.0,0.0,4696000.0,5154193000.0,723757000.0,4430436000.0,4395569940.0,-579765000.0,0.0,344259000.0,-600267000.0,0.0,-260122000.0,-355220000.0,0.0,34408000.0,1169000.0,-159567000.0,-159567000.0,-159567000.0,0.0,0.0,-0.26,188691000.0,-304000.0,232136000.0,0.0,2.744,20.884,21.784,5118646000.0,0.0,42.26,1.471,1.534,125196000.0,-17136000.0,614275000.0,614275000.0,0.0,,,,,6338000.0,69697000.0,1.0,104012540.0,106887000.0,107446000.0,5.747,6706739000.0,0.0,98617000.0,79806000.0,62.746,687334000.0
51,WYNN,MRQ,2008-09-30,2008-09-30,2008-09-30,2021-08-09,2101000.0,7287502000.0,,1979930000.0,5307572000.0,,13.568,-336995000.0,1745295000.0,1745295000.0,488682000.0,51199000.0,2.132,4.201,4917741000.0,3050000.0,4914691000.0,4917741000.0,0.0,65635000.0,0.0,0.073,0.0,74436000.0,140071000.0,0.182,140071000.0,74436000.0,34173000.0,0.5,0.5,0.5,1401162000.0,,1401162000.0,10956320886.0,30.0,17.688,-187020000.0,-1.811,1.0,280504000.0,0.365,50127000.0,40263000.0,9481044000.0,,95977000.0,4744000.0,0.0,4744000.0,5886340000.0,928777000.0,4957563000.0,8469785886.0,379841000.0,0.0,-434356000.0,1014424000.0,0.0,574967000.0,-351238000.0,0.0,149975000.0,6137000.0,51199000.0,51199000.0,51199000.0,0.0,0.0,0.067,202836000.0,77668000.0,179162000.0,0.0,6.045,22.675,24.298,4702986000.0,0.0,81.64,2.746,2.733,138858000.0,226969000.0,769186000.0,769186000.0,0.0,,,,,5436000.0,85371000.0,1.0,103745540.0,103266000.0,104270000.0,7.449,7237375000.0,309917000.0,-17026000.0,363194000.0,70.085,1051153000.0
52,WYNN,MRQ,2008-06-30,2008-06-30,2008-06-30,2021-08-09,-3311000.0,6529053000.0,,1644147000.0,4884906000.0,,15.065,-323022000.0,1409248000.0,1409248000.0,518741000.0,271970000.0,1.855,2.9,3895783000.0,2714000.0,3893069000.0,3895783000.0,0.0,63961000.0,0.0,0.074,0.0,174672000.0,238633000.0,0.289,238633000.0,174672000.0,133690000.0,2.45,2.45,2.45,1674146000.0,,1674146000.0,11229806805.0,29.0,17.99,-122564000.0,-1.103,1.0,306416000.0,0.371,51240000.0,40982000.0,8078067000.0,,80042000.0,4956000.0,0.0,4956000.0,4854907000.0,886281000.0,3968626000.0,9097699805.0,94559000.0,0.0,88000.0,234738000.0,0.0,234828000.0,-338660000.0,0.0,200458000.0,-2067000.0,271970000.0,271970000.0,271970000.0,0.0,0.0,0.33,162247000.0,144169000.0,320534000.0,0.0,5.434,24.785,24.802,4414496000.0,0.0,81.35,3.065,3.045,153596000.0,175749000.0,825157000.0,825157000.0,0.0,,,,,5136000.0,84973000.0,1.0,111834048.0,111128000.0,112365000.0,7.425,6477813000.0,187617000.0,-138280000.0,266486000.0,58.291,757866000.0
53,WYNN,MRQ,2008-03-31,2008-03-31,2008-03-31,2021-08-09,-873000.0,6205535000.0,,1528174000.0,4677361000.0,,15.634,-283390000.0,1529760000.0,1529760000.0,504997000.0,46717000.0,2.712,2.531,3661867000.0,3078000.0,3658789000.0,3661867000.0,0.0,62732000.0,0.0,0.06,0.0,87273000.0,150005000.0,0.193,150005000.0,87273000.0,42005000.0,0.42,0.42,0.42,1757481000.0,,1757481000.0,13098483537.0,38.0,22.725,-145048000.0,-1.29,1.0,273709000.0,0.351,52354000.0,45268000.0,7721803000.0,,75702000.0,5520000.0,0.0,5520000.0,4448054000.0,563485000.0,3884569000.0,11368111537.0,-35851000.0,0.0,-3021000.0,123758000.0,0.0,117899000.0,-293881000.0,0.0,138342000.0,1789000.0,46717000.0,46717000.0,46717000.0,0.0,0.0,0.06,183106000.0,90603000.0,173953000.0,0.0,6.468,61.566,58.854,4156650000.0,0.0,100.64,4.016,3.996,156224000.0,-96275000.0,778706000.0,778706000.0,0.0,,,,,3418000.0,79262000.0,1.0,112958183.0,112413000.0,113648000.0,6.927,6153181000.0,22817000.0,-4712000.0,234776000.0,54.737,964689000.0
54,WYNN,MRQ,2007-12-31,2007-12-31,2007-12-31,2021-08-09,-2905000.0,6299282000.0,,1581991000.0,4717291000.0,,17.119,-283090000.0,1806240000.0,1806240000.0,441255000.0,3641000.0,2.703,2.233,3536612000.0,3273000.0,3533339000.0,3536612000.0,0.0,60823000.0,0.0,0.054,6.0,29906000.0,90729000.0,0.128,90729000.0,29906000.0,-7395000.0,-0.01,-0.06,-0.01,1948159000.0,,1948159000.0,14347562643.0,38.0,24.01,-164813000.0,-1.448,1.0,270020000.0,0.38,60074000.0,37301000.0,7384397000.0,,73291000.0,5500000.0,0.0,5500000.0,4351123000.0,585183000.0,3765940000.0,12818669643.0,446060000.0,0.0,165668000.0,1135271000.0,-683299000.0,605465000.0,-273352000.0,-190575000.0,118277000.0,-4330000.0,3641000.0,3641000.0,3641000.0,0.0,0.0,0.005,161898000.0,108122000.0,182718000.0,-600.0,6.58,65.289,60.611,3939979000.0,0.0,112.13,4.77,4.424,179059000.0,-143899000.0,711275000.0,711275000.0,0.0,,,,,3994000.0,80456000.0,1.0,114319715.0,113803000.0,115391000.0,6.25,6239208000.0,24746000.0,-11036000.0,228105000.0,54.825,996808000.0
55,WYNN,MRQ,2007-09-30,2007-09-30,2007-09-30,2021-08-09,1983000.0,5086109000.0,,1093647000.0,3992462000.0,,17.714,-324539000.0,875871000.0,875871000.0,401321000.0,44740000.0,1.834,1.668,2404764000.0,4059000.0,2400705000.0,2404764000.0,0.0,56001000.0,0.0,0.038,0.0,88866000.0,144867000.0,0.222,144867000.0,88866000.0,54123000.0,0.42,0.42,0.42,1906557000.0,,1906557000.0,18916011778.0,50.0,31.97,-119423000.0,-1.11,1.0,252065000.0,0.386,61456000.0,34743000.0,5957141000.0,,66973000.0,5175000.0,0.0,5175000.0,3179552000.0,596405000.0,2583147000.0,17317756778.0,-9479000.0,0.0,-52577000.0,148510000.0,0.0,92654000.0,-310824000.0,-6211000.0,205116000.0,3575000.0,44740000.0,44740000.0,44740000.0,0.0,0.0,0.068,166197000.0,85868000.0,172876000.0,0.0,9.083,126.157,120.275,3721278000.0,0.0,157.56,6.819,6.677,134202000.0,-187097000.0,653386000.0,653386000.0,0.0,,,,,5192000.0,77904000.0,1.0,109912140.0,107632000.0,110881000.0,6.071,5024653000.0,16261000.0,9383000.0,238280000.0,46.684,497242000.0
56,WYNN,MRQ,2007-06-30,2007-06-30,2007-06-30,2021-08-09,-3998000.0,4857503000.0,,1091719000.0,3765784000.0,,16.581,-233155000.0,879139000.0,879139000.0,407432000.0,89550000.0,2.092,1.894,2477394000.0,3505000.0,2473889000.0,2477394000.0,0.0,51902000.0,0.0,0.067,0.0,138895000.0,190797000.0,0.278,190797000.0,138895000.0,103435000.0,0.88,0.88,0.88,1678210000.0,,1678210000.0,10515060082.0,9.0,7.719,-71388000.0,-0.705,1.0,280109000.0,0.407,62551000.0,35460000.0,5871391000.0,,65418000.0,5262000.0,0.0,5262000.0,3179293000.0,521816000.0,2657477000.0,9141603082.0,36906000.0,0.0,-120996000.0,157484000.0,0.0,22145000.0,-146745000.0,104296000.0,161767000.0,-261000.0,89550000.0,89550000.0,89550000.0,0.0,0.0,0.13,154468000.0,125641000.0,155150000.0,0.0,5.447,11.311,11.192,3456380000.0,0.0,89.65,4.147,4.116,124969000.0,-231837000.0,687541000.0,687541000.0,0.0,,,,,4881000.0,74294000.0,1.0,101970031.0,101214000.0,112111000.0,6.793,4794952000.0,17955000.0,13885000.0,264825000.0,47.374,569903000.0
57,WYNN,MRQ,2007-03-31,2007-03-31,2007-03-31,2021-08-09,-3737000.0,4695032000.0,,1085613000.0,3609419000.0,,16.813,-146407000.0,946529000.0,946529000.0,375057000.0,58405000.0,2.108,1.754,2319986000.0,1868000.0,2318118000.0,2319986000.0,0.0,51524000.0,0.0,0.063,0.0,119647000.0,171171000.0,0.269,171171000.0,119647000.0,81974000.0,0.58,0.58,0.58,1704840000.0,,1704840000.0,11025503066.0,11.0,8.981,29007000.0,0.286,1.0,260260000.0,0.41,63932000.0,37673000.0,5489594000.0,,66442000.0,4845000.0,0.0,4845000.0,2990192000.0,514963000.0,2475229000.0,9665644066.0,12226000.0,0.0,1865000.0,-65599000.0,0.0,-68393000.0,-93152000.0,92490000.0,175414000.0,-1643000.0,58405000.0,58405000.0,58405000.0,0.0,0.0,0.092,152536000.0,107724000.0,145916000.0,0.0,5.67,13.836,13.688,3257364000.0,0.0,94.86,5.399,5.373,129427000.0,-321387000.0,635317000.0,635317000.0,0.0,,,,,4460000.0,78166000.0,1.0,101893781.0,101402000.0,112348000.0,6.265,4631100000.0,13727000.0,23569000.0,260769000.0,45.671,570650000.0
58,WYNN,MRQ,2006-12-31,2006-12-31,2006-12-31,2021-08-09,-94000.0,4660180000.0,,1096991000.0,3563189000.0,,16.305,-186619000.0,1026793000.0,1026793000.0,334435000.0,-55423000.0,2.146,1.832,2386652000.0,6115000.0,2380537000.0,2386652000.0,0.0,50667000.0,0.0,0.064,6.0,34171000.0,84838000.0,0.151,84838000.0,34171000.0,-5628000.0,-0.57,-0.57,-0.57,1645585000.0,,1645585000.0,10182920922.0,11.0,9.07,-116015000.0,-1.149,1.0,229135000.0,0.407,65135000.0,39799000.0,5443817000.0,,64368000.0,5981000.0,0.0,5981000.0,3014595000.0,511087000.0,2503508000.0,9529807922.0,-612872000.0,0.0,15836000.0,11286000.0,-608299000.0,-585749000.0,-97727000.0,-118815000.0,70604000.0,0.0,-55423000.0,-55423000.0,-55423000.0,0.0,0.0,-0.098,151649000.0,77486000.0,123061000.0,-10.526,5.791,15.157,14.921,3157622000.0,0.0,93.85,6.654,6.552,140232000.0,-377747000.0,563570000.0,563570000.0,0.0,,,,,2655000.0,79343000.0,1.0,101542972.0,100928000.0,113259000.0,5.584,4595045000.0,13727000.0,49795000.0,230631000.0,45.528,585904000.0
59,WYNN,MRQ,2006-09-30,2006-09-30,2006-09-30,2021-08-09,-1212000.0,5236768000.0,,1705148000.0,3531620000.0,,22.815,-231157000.0,1726066000.0,1726066000.0,191189000.0,715656000.0,3.36,1.284,2379179000.0,15801000.0,2363378000.0,2379179000.0,0.0,42470000.0,0.0,0.0,0.0,873022000.0,915492000.0,2.878,915492000.0,873022000.0,836053000.0,7.12,7.12,7.12,2292494000.0,,2292494000.0,8322729077.0,9.0,7.559,-102453000.0,-1.02,1.0,126903000.0,0.399,68749000.0,36969000.0,5313613000.0,,60580000.0,5271000.0,0.0,5271000.0,2944274000.0,507519000.0,2436755000.0,6860964077.0,1023327000.0,0.0,1166000.0,80814000.0,0.0,83982000.0,810641000.0,130809000.0,128704000.0,0.0,715656000.0,715656000.0,715656000.0,0.0,0.0,2.25,146100000.0,-19197000.0,131826000.0,0.0,2.993,10.175,10.151,3057030000.0,0.0,68.01,6.028,6.004,101902000.0,288990000.0,318092000.0,318092000.0,0.0,,,,,6255000.0,56195000.0,1.0,100881695.0,100480000.0,111702000.0,3.166,5168019000.0,11542000.0,120397000.0,131879000.0,51.433,1197629000.0
60,WYNN,MRQ,2006-06-30,2006-06-30,2006-06-30,2021-08-09,-229000.0,4101465000.0,,602057000.0,3499408000.0,,15.724,-110171000.0,833548000.0,833548000.0,159595000.0,-20070000.0,2.61,1.613,2295313000.0,15696000.0,2279617000.0,2295313000.0,0.0,40542000.0,0.0,0.0,0.0,15546000.0,56088000.0,0.205,56088000.0,15546000.0,-19761000.0,-0.2,-0.2,-0.2,1569767000.0,,1569767000.0,8683238517.0,92.0,34.68,-102045000.0,-1.022,1.0,113775000.0,0.416,69862000.0,35307000.0,5262686000.0,,49951000.0,5193000.0,0.0,5193000.0,2531698000.0,230682000.0,2301016000.0,7372682517.0,-98075000.0,0.0,2423000.0,110410000.0,0.0,112882000.0,-219083000.0,-46441000.0,8126000.0,0.0,-20070000.0,-20070000.0,-20070000.0,0.0,0.0,-0.073,112603000.0,1172000.0,75078000.0,0.0,4.697,-145.602,-143.725,2814005000.0,0.0,73.3,6.881,6.83,65772000.0,-426665000.0,273370000.0,273370000.0,0.0,,,,,3883000.0,49011000.0,1.0,100582299.0,99830000.0,99830000.0,2.738,4031603000.0,0.0,309000.0,0.0,40.385,371375000.0
61,WYNN,MRQ,2006-03-31,2006-03-31,2006-03-31,2021-08-09,0.0,4009387000.0,,693533000.0,3315854000.0,,15.922,-115413000.0,885182000.0,885182000.0,157494000.0,-11434000.0,2.871,1.55,2195738000.0,15592000.0,2180146000.0,2195738000.0,0.0,41785000.0,0.0,0.0,0.0,24509000.0,66294000.0,0.239,66294000.0,24509000.0,-11434000.0,-0.12,-0.12,-0.12,1572030000.0,,1572030000.0,8895539976.0,139.0,43.228,-82081000.0,-0.831,1.0,119731000.0,0.432,57634000.0,35943000.0,5020703000.0,,47317000.0,5395000.0,0.0,5395000.0,2437357000.0,241606000.0,2195751000.0,7666095976.0,42738000.0,0.0,2365000.0,103509000.0,0.0,101428000.0,-92022000.0,34447000.0,33332000.0,0.0,-11434000.0,-11434000.0,-11434000.0,0.0,0.0,-0.041,110574000.0,9157000.0,66082000.0,0.0,4.877,-105.967,-103.851,2727008000.0,0.0,76.85,7.672,7.594,66533000.0,-406595000.0,277225000.0,277225000.0,0.0,,,,,3919000.0,46965000.0,1.0,99754014.0,98736000.0,98736000.0,2.808,3951753000.0,0.0,0.0,0.0,40.023,451927000.0
62,WYNN,MRQ,2005-12-31,2005-12-31,2005-12-31,2021-08-09,0.0,3945283000.0,,684542000.0,3260741000.0,,15.867,-139229000.0,876891000.0,876891000.0,149383000.0,-9885000.0,2.537,1.524,2106335000.0,15489000.0,2090846000.0,2106335000.0,0.0,35839000.0,0.0,0.0,0.0,27384000.0,63223000.0,0.235,63223000.0,27384000.0,-9885000.0,-0.1,-0.1,-0.1,1562895000.0,,1562895000.0,6567692770.0,554.0,57.008,-103435000.0,-1.05,1.0,120029000.0,0.446,60480000.0,37269000.0,4844468000.0,,39884000.0,5070000.0,0.0,5070000.0,2382388000.0,269779000.0,2112609000.0,5458823770.0,-118591000.0,-239000.0,-368000.0,28692000.0,0.0,7316000.0,-161701000.0,-5585000.0,35794000.0,0.0,-9885000.0,-9885000.0,-9885000.0,0.0,0.0,-0.037,101016000.0,19013000.0,79768000.0,0.0,3.493,-60.095,-59.62,2663870000.0,0.0,54.85,7.561,7.469,88468000.0,-395161000.0,269412000.0,269412000.0,0.0,,,,,1011000.0,43153000.0,1.0,99522767.0,98497000.0,98497000.0,2.735,3884803000.0,0.0,0.0,7826000.0,39.441,414763000.0
63,WYNN,MRQ,2005-09-30,2005-09-30,2005-09-30,2021-08-09,14431000.0,3942764000.0,,760262000.0,3182502000.0,,15.931,-178367000.0,989897000.0,989897000.0,140684000.0,-9247000.0,3.065,1.513,2098766000.0,750000.0,2098016000.0,2098766000.0,0.0,37886000.0,0.0,0.0,0.0,26891000.0,64777000.0,0.258,64777000.0,26891000.0,-9247000.0,-0.09,-0.09,-0.09,1568787000.0,,1568787000.0,5433699793.0,-39.0,-78.852,-147363000.0,-1.496,1.0,110757000.0,0.44,47313000.0,36138000.0,4756274000.0,,33355000.0,4214000.0,0.0,4214000.0,2373977000.0,248046000.0,2125931000.0,4492583793.0,67084000.0,0.0,707000.0,66442000.0,0.0,62450000.0,-26370000.0,154995000.0,31004000.0,0.0,-9247000.0,-9247000.0,-9247000.0,0.0,0.0,-0.037,97942000.0,12815000.0,66977000.0,0.0,2.864,-21.677,-20.067,2597904000.0,0.0,45.15,9.927,9.824,55455000.0,-401512000.0,251441000.0,251441000.0,0.0,,,,,1012000.0,44814000.0,1.0,99503517.0,98472000.0,98472000.0,2.553,3895451000.0,0.0,0.0,0.0,39.559,512216000.0
64,WYNN,MRQ,2005-06-30,2005-06-30,2005-06-30,2021-08-09,9488000.0,3911529000.0,,714482000.0,3197047000.0,,16.046,-267423000.0,1077808000.0,1077808000.0,108028000.0,-41778000.0,2.483,1.482,2018924000.0,739000.0,2018185000.0,2018924000.0,0.0,26125000.0,0.0,0.0,0.0,-14635000.0,11490000.0,0.057,11490000.0,-14635000.0,-41778000.0,-0.43,-0.43,-0.43,1575778000.0,,1575778000.0,5354330126.0,-28.0,-34.734,-279854000.0,-2.85,1.0,93092000.0,0.463,47909000.0,27143000.0,4516981000.0,,29324000.0,3751000.0,0.0,3751000.0,2335751000.0,287755000.0,2047996000.0,4702503126.0,119508000.0,-3500000.0,531000.0,36804000.0,0.0,37872000.0,94067000.0,364202000.0,-12431000.0,0.0,-41778000.0,-41778000.0,-41778000.0,0.0,0.0,-0.208,109147000.0,-16055000.0,115698000.0,0.0,2.984,-21.306,-19.533,2518008000.0,0.0,47.27,23.381,23.081,55544000.0,-387322000.0,201120000.0,201120000.0,0.0,,,,,1397000.0,31010000.0,1.0,99481767.0,98203000.0,98203000.0,2.048,3863620000.0,0.0,0.0,0.0,39.343,426727000.0
65,WYNN,MRQ,2005-03-31,2005-03-31,2005-03-31,2021-08-09,16505000.0,3868376000.0,,575092000.0,3293284000.0,,16.446,-291946000.0,1322502000.0,1322502000.0,4000.0,-29927000.0,2.314,1.395,1974329000.0,728000.0,1973601000.0,1974329000.0,0.0,3494000.0,0.0,0.0,0.0,-27778000.0,-24284000.0,,-24284000.0,-27778000.0,-29927000.0,-0.3,-0.3,-0.3,1615490000.0,,1615490000.0,7048095059.0,-33.0,-34.143,-297838000.0,-3.032,1.0,-4000.0,,48504000.0,2149000.0,4223154000.0,,5050000.0,0.0,0.0,0.0,2252886000.0,248545000.0,2004341000.0,6719677059.0,36027000.0,0.0,534000.0,373260000.0,0.0,369035000.0,-327116000.0,-13847000.0,-5892000.0,0.0,-29927000.0,-29927000.0,-29927000.0,0.0,0.0,,41656000.0,-41660000.0,110642000.0,0.0,4.16,-30.426,-27.315,2309432000.0,0.0,67.74,111994.618,110900.102,802000.0,-352160000.0,0.0,0.0,0.0,,,,,1256000.0,5000.0,1.0,99198067.0,98229000.0,98229000.0,0.0,3819872000.0,0.0,0.0,0.0,38.887,326547000.0
66,WYNN,MRQ,2004-12-31,2004-12-31,2004-12-31,2021-08-09,0.0,3464413000.0,,451229000.0,3013184000.0,,17.591,-276857000.0,1272628000.0,1272628000.0,0.0,-126299000.0,2.655,1.107,1601046000.0,718000.0,1600328000.0,1601046000.0,0.0,3252000.0,0.0,0.0,0.0,-124145000.0,-120893000.0,,-120893000.0,-124145000.0,-126299000.0,-1.43,-1.43,-1.43,1644492000.0,,1644492000.0,6457358914.0,-32.0,-33.199,-356706000.0,-3.816,1.0,0.0,,54100000.0,2154000.0,3568778000.0,,757000.0,0.0,0.0,0.0,1819921000.0,169953000.0,1649968000.0,6057786914.0,121015000.0,0.0,523534000.0,580113000.0,0.0,1034173000.0,-833309000.0,-548200000.0,-79849000.0,0.0,-126299000.0,-126299000.0,-126299000.0,0.0,0.0,,32058000.0,-32058000.0,86520000.0,0.0,3.684,-29.67,-28.477,1987233000.0,0.0,66.92,31065.574,29780.474,227000.0,-304325000.0,0.0,0.0,0.0,,,,,691000.0,38000.0,1.0,90522817.0,93483000.0,93483000.0,0.0,3410313000.0,0.0,0.0,0.0,36.481,281276000.0
67,WYNN,MRQ,2004-09-30,2004-09-30,2004-09-30,2021-08-09,5854000.0,2469984000.0,,219080000.0,2250904000.0,,14.137,-256868000.0,603413000.0,603413000.0,-7000.0,-22706000.0,1.633,0.984,1002985000.0,708000.0,1002277000.0,1002985000.0,0.0,1903000.0,0.0,0.0,0.0,-22370000.0,-20467000.0,-20467.0,-20467000.0,-22370000.0,-22706000.0,-0.26,-0.26,-0.26,1244938000.0,,1244938000.0,4736704938.0,-59.0,-61.971,-263588000.0,-2.993,1.0,8000.0,8.0,58800000.0,336000.0,2676604000.0,,657000.0,0.0,0.0,0.0,1225046000.0,134152000.0,1090894000.0,4609118938.0,-151763000.0,0.0,213000.0,293865000.0,0.0,293940000.0,-438983000.0,-174022000.0,-6720000.0,0.0,-22706000.0,-22706000.0,-22706000.0,0.0,0.0,-22706.0,24222000.0,-24214000.0,80404000.0,0.0,3.702,-56.59,-54.411,1696511000.0,0.0,51.69,12803.108,12644.387,145000.0,-186819000.0,1000.0,1000.0,0.0,,,,,912000.0,5000.0,1.0,89168484.0,88063000.0,88063000.0,0.0,2411184000.0,0.0,0.0,0.0,27.38,84928000.0
68,WYNN,MRQ,2004-06-30,2004-06-30,2004-06-30,2021-08-09,15079000.0,2127836000.0,,436153000.0,1691683000.0,,14.453,-257640000.0,581154000.0,581154000.0,143000.0,-41919000.0,3.648,0.739,708740000.0,555000.0,708185000.0,708740000.0,0.0,1043000.0,0.0,0.0,0.0,-41825000.0,-40782000.0,-691.22,-40782000.0,-41825000.0,-41919000.0,-0.49,-0.49,-0.49,1223943000.0,,1223943000.0,3256182537.0,-48.0,-49.869,-284918000.0,-3.364,1.0,-84000.0,-1.424,7400000.0,94000.0,2128470000.0,,559000.0,0.0,0.0,0.0,903893000.0,119552000.0,784341000.0,3174168537.0,45532000.0,0.0,271250000.0,54356000.0,0.0,322461000.0,-249651000.0,18658000.0,-27278000.0,0.0,-41919000.0,-41919000.0,-41919000.0,0.0,0.0,-710.492,18028000.0,-18112000.0,67328000.0,0.0,2.593,-43.137,-44.402,1425981000.0,0.0,38.63,5977.719,6160.937,8000.0,-164114000.0,59000.0,59000.0,0.0,,,,,913000.0,0.0,1.0,82168484.0,84687000.0,84687000.0,0.001,2120436000.0,0.0,0.0,0.0,25.039,316601000.0
69,WYNN,MRQ,2004-03-31,2004-03-31,2004-03-31,2021-08-09,-3111000.0,1736326000.0,,393077000.0,1343249000.0,,12.099,-183360000.0,554280000.0,554280000.0,42000.0,-13248000.0,4.64,0.775,636294000.0,42000.0,636252000.0,636294000.0,0.0,781000.0,0.0,0.0,0.0,-13145000.0,-12364000.0,-91.585,-12364000.0,-13145000.0,-13248000.0,-0.16,-0.16,-0.16,978115000.0,,978115000.0,2769385940.0,-75.0,-84.909,-184278000.0,-2.28,1.0,93000.0,0.689,7400000.0,103000.0,1726220000.0,,584000.0,0.0,0.0,0.0,757807000.0,84720000.0,673087000.0,2875896940.0,-26075000.0,0.0,0.0,-10000.0,0.0,-10000.0,-25147000.0,161629000.0,-918000.0,0.0,-13248000.0,-13248000.0,-13248000.0,0.0,0.0,-98.133,15507000.0,-15414000.0,54790000.0,0.0,2.94,-64.857,-64.815,1096455000.0,0.0,35.0,3799.071,3737.647,44000.0,-122195000.0,135000.0,135000.0,0.0,,,,,913000.0,183000.0,1.0,82168484.0,80840000.0,80840000.0,0.002,1728926000.0,0.0,0.0,0.0,21.387,308357000.0
70,WYNN,MRQ,2003-12-31,2003-12-31,2003-12-31,2021-08-09,8793000.0,1733323000.0,,402347000.0,1330976000.0,,12.391,-164323000.0,741984000.0,741984000.0,50000.0,-3574000.0,5.653,0.729,635473000.0,41000.0,635432000.0,635473000.0,0.0,753000.0,0.0,0.0,0.0,-3574000.0,-2821000.0,-17.097,-2821000.0,-3574000.0,-3574000.0,-0.04,-0.04,-0.04,1001815000.0,,1001815000.0,2013300316.0,-65.0,-79.499,-178573000.0,-2.209,1.0,115000.0,0.697,7400000.0,0.0,1548236000.0,,204000.0,0.0,0.0,0.0,730454000.0,71176000.0,659278000.0,2306678316.0,-5022000.0,0.0,83000.0,8656000.0,0.0,82000.0,9146000.0,181016000.0,-14250000.0,0.0,-3574000.0,-3574000.0,-3574000.0,0.0,0.0,-21.661,15870000.0,-15755000.0,49754000.0,0.0,2.302,-57.525,-56.02,897815000.0,0.0,28.01,3587.369,3460.041,78000.0,-108947000.0,165000.0,165000.0,0.0,,,,,914000.0,186000.0,1.0,82351957.0,80851000.0,80851000.0,0.002,1725923000.0,0.0,0.0,0.0,21.347,331171000.0
71,WYNN,MRQ,2003-09-30,2003-09-30,2003-09-30,2021-08-09,5729000.0,1733313000.0,,417703000.0,1315610000.0,,12.5,-118665000.0,928022000.0,928022000.0,55000.0,-14843000.0,5.753,0.714,634644000.0,40000.0,634604000.0,634644000.0,0.0,637000.0,0.0,0.0,0.0,-9965000.0,-9328000.0,-54.233,-9328000.0,-9965000.0,-14843000.0,-0.18,-0.18,-0.18,1010403000.0,,1010403000.0,1085207578.0,-29.0,-36.218,-109027000.0,-1.349,1.0,117000.0,0.68,7400000.0,4878000.0,1359924000.0,,216000.0,0.0,0.0,0.0,721035000.0,72611000.0,648424000.0,1497158578.0,197123000.0,0.0,0.0,242299000.0,0.0,242299000.0,-54814000.0,64867000.0,9638000.0,0.0,-14843000.0,-14843000.0,-14843000.0,0.0,0.0,-86.297,13278000.0,-13161000.0,44619000.0,0.0,1.482,-31.673,-29.803,719404000.0,0.0,18.18,5871.21,5762.994,207000.0,-96580000.0,172000.0,172000.0,0.0,,,,,913000.0,193000.0,1.0,82351957.0,80834000.0,80834000.0,0.002,1725913000.0,0.0,0.0,0.0,21.351,345092000.0
72,WYNN,MRQ,2003-06-30,2003-06-30,2003-06-30,2021-08-09,265000.0,1453716000.0,,188585000.0,1265131000.0,,13.025,-90445000.0,795766000.0,795766000.0,48000.0,-12677000.0,4.473,0.425,383815000.0,40000.0,383775000.0,383815000.0,0.0,2180000.0,0.0,0.0,0.0,-10283000.0,-8103000.0,-28.432,-8103000.0,-10283000.0,-12677000.0,-0.16,-0.16,-0.16,1018075000.0,,1018075000.0,935716119.0,-27.0,-35.533,-98380000.0,-1.259,1.0,237000.0,0.832,7400000.0,2394000.0,992200000.0,,212000.0,0.0,0.0,0.0,433151000.0,42165000.0,390986000.0,1403736119.0,42041000.0,0.0,45000000.0,-984000.0,0.0,43812000.0,6164000.0,97298000.0,-7935000.0,0.0,-12677000.0,-12677000.0,-12677000.0,0.0,0.0,-44.481,13561000.0,-13324000.0,30852000.0,0.0,1.379,-34.558,-28.079,584065000.0,0.0,17.69,4840.469,4768.001,59000.0,-81738000.0,285000.0,285000.0,0.0,,,,,914000.0,150000.0,1.0,79351957.0,78164000.0,78164000.0,0.004,1446316000.0,0.0,0.0,0.0,18.504,146420000.0
73,WYNN,MRQ,2003-03-31,2003-03-31,2003-03-31,2021-08-09,0.0,1413023000.0,,109971000.0,1303052000.0,,12.642,-41550000.0,851023000.0,851023000.0,60000.0,-9006000.0,2.559,0.433,383003000.0,39000.0,382964000.0,383003000.0,0.0,2173000.0,0.0,0.0,0.0,-7247000.0,-5074000.0,-26.29,-5074000.0,-7247000.0,-9006000.0,-0.12,-0.12,-0.12,983986000.0,,983986000.0,1445258404.0,-45.0,-61.051,-50777000.0,-0.652,1.0,133000.0,0.689,7400000.0,1759000.0,894632000.0,,219000.0,0.0,0.0,0.0,425935000.0,42971000.0,382964000.0,1219098404.0,-2234000.0,0.0,0.0,-9000.0,0.0,-9000.0,7002000.0,49264000.0,-9227000.0,0.0,-9006000.0,-9006000.0,-9006000.0,0.0,0.0,-46.663,11226000.0,-11093000.0,20555000.0,0.0,1.239,-34.027,-22.985,487815000.0,0.0,15.4,8293.186,8154.059,154000.0,-69061000.0,193000.0,193000.0,0.0,,,,,586000.0,101000.0,1.0,79162234.0,77834000.0,77834000.0,0.002,1405623000.0,0.0,0.0,0.0,18.059,67000000.0
74,WYNN,MRQ,2002-12-31,2002-12-31,2002-12-31,2021-08-09,0.0,1398601000.0,,112050000.0,1286551000.0,,21.231,-28549000.0,902521000.0,902521000.0,75000.0,-10743000.0,5.562,0.406,382191000.0,38000.0,382153000.0,382191000.0,0.0,2169000.0,0.0,0.0,0.0,-9627000.0,-7458000.0,18.881,-7458000.0,-9627000.0,-10743000.0,-0.15,-0.15,-0.15,991613000.0,,991613000.0,879163008.0,-29.0,-42.101,-31101000.0,-0.666,1.0,-470000.0,1.19,7400000.0,1116000.0,850725000.0,,212000.0,0.0,0.0,0.0,402805000.0,20146000.0,382659000.0,1020406008.0,-57964000.0,0.0,491844000.0,359393000.0,0.0,765399000.0,-820811000.0,-790441000.0,-2552000.0,0.0,-10743000.0,-10743000.0,-10743000.0,0.0,0.0,27.197,11578000.0,-12048000.0,9451000.0,0.0,1.029,-32.176,-19.279,420496000.0,0.0,13.11,1875.746,1125.58,184000.0,-60055000.0,-395000.0,-395000.0,0.0,,,,,134000.0,156000.0,1.0,77834173.0,46706000.0,46706000.0,-0.008,1391201000.0,0.0,0.0,0.0,29.786,91904000.0
75,WYNN,MRQ,2002-09-30,2002-09-30,2002-09-30,2021-08-09,0.0,579704000.0,,172162000.0,407542000.0,,13.419,-8757000.0,170044000.0,170044000.0,38000.0,-8194000.0,13.13,0.076,28801000.0,1146000.0,27655000.0,28801000.0,0.0,2167000.0,0.0,,0.0,-7866000.0,-5699000.0,-27.531,-5699000.0,-7866000.0,-8194000.0,-0.2,-0.2,-0.2,536754000.0,,536754000.0,,,,-16925000.0,-0.423,1.0,169000.0,0.816,7400000.0,328000.0,417949000.0,,208000.0,0.0,0.0,0.0,40767000.0,13112000.0,27655000.0,,-20252000.0,0.0,0.0,-2864000.0,0.0,-2863000.0,-9221000.0,0.0,-8168000.0,0.0,-8194000.0,-8194000.0,-8194000.0,0.0,0.0,-39.585,8683000.0,-8514000.0,5826000.0,0.0,,,,388880000.0,0.0,,,,171000.0,-49312000.0,207000.0,207000.0,0.0,,,,,0.0,193000.0,1.0,77834173.0,40000000.0,40000000.0,0.005,572304000.0,895000.0,0.0,895000.0,14.308,159050000.0
76,WYNN,MRQ,2002-06-30,2002-06-30,2002-06-30,2021-08-09,0.0,586036000.0,,191863000.0,394173000.0,,13.687,-10301000.0,190296000.0,190296000.0,43000.0,-7884000.0,18.046,0.075,28810000.0,670000.0,28140000.0,28810000.0,0.0,2158000.0,0.0,,0.0,-7600000.0,-5442000.0,-38.324,-5442000.0,-7600000.0,-7884000.0,-0.2,-0.2,-0.2,544948000.0,,544948000.0,,,,-8685000.0,-0.218,1.0,99000.0,0.697,7400000.0,284000.0,406518000.0,,203000.0,0.0,0.0,0.0,41088000.0,10632000.0,30456000.0,,163358000.0,0.0,173494000.0,-3722000.0,0.0,172369000.0,-10627000.0,-125000.0,1616000.0,0.0,-7884000.0,-7884000.0,-7884000.0,0.0,0.0,-55.521,8439000.0,-8340000.0,7272000.0,0.0,,,,379726000.0,0.0,,,,358000.0,-41118000.0,142000.0,142000.0,0.0,,,,,0.0,128000.0,1.0,77834173.0,39816000.0,39816000.0,0.004,578636000.0,0.0,0.0,0.0,14.533,181231000.0
77,WYNN,MRQ,2002-03-31,2002-03-31,2002-03-31,2021-08-09,,,,,,,,-10462000.0,,,47000.0,-4892000.0,,,,,,,,2440000.0,,,0.0,-4723000.0,-2283000.0,-3.876,-2283000.0,-4723000.0,-4892000.0,-0.12,-0.12,-0.12,,,,,,,-11884000.0,-0.302,1.0,542000.0,0.92,,169000.0,,,,,,,,,,,-14766000.0,0.0,0.0,-8000.0,0.0,-8000.0,-13336000.0,-1787000.0,-1422000.0,0.0,-4892000.0,-4892000.0,-4892000.0,0.0,0.0,-8.306,5353000.0,-4811000.0,,0.0,,,,,0.0,,,,,,589000.0,589000.0,0.0,,,,,0.0,138000.0,1.0,,39404000.0,39404000.0,0.015,,,0.0,,,
78,WYNN,MRQ,2001-12-31,2001-12-31,2001-12-31,2021-08-09,0.0,388543000.0,,41106000.0,347437000.0,,9.75,-6104000.0,39792000.0,39792000.0,17000.0,-4970000.0,10.22,0.011,326000.0,35000.0,291000.0,326000.0,0.0,2282000.0,0.0,,0.0,-4963000.0,-2681000.0,-12.186,-2681000.0,-4963000.0,-4970000.0,-0.12,-0.12,-0.12,384230000.0,,384230000.0,,,,-10312000.0,-0.262,1.0,203000.0,0.923,7400000.0,7000.0,337655000.0,,284000.0,0.0,0.0,0.0,4313000.0,4022000.0,291000.0,,-11407000.0,0.0,0.0,-7000.0,0.0,-7000.0,-7192000.0,-524000.0,-4208000.0,0.0,-4970000.0,-4970000.0,-4970000.0,0.0,0.0,-22.591,5460000.0,-5257000.0,2077000.0,0.0,,,,337467000.0,0.0,,,,534000.0,-28342000.0,220000.0,220000.0,0.0,,,,,0.0,46000.0,1.0,,39407000.0,39407000.0,0.006,381143000.0,0.0,0.0,0.0,9.672,37084000.0
79,WYNN,MRQ,2001-09-30,2001-09-30,2001-09-30,2021-08-09,,,,,,,,-7585000.0,,,13000.0,-4523000.0,,,,,,,,1678000.0,,,0.0,-4516000.0,-2838000.0,-11.352,-2838000.0,-4516000.0,-4523000.0,-0.11,-0.11,-0.11,,,,,,,-8516000.0,-0.216,1.0,237000.0,0.948,,7000.0,,,,,,,,,,,-8780000.0,0.0,20800000.0,-25000.0,0.0,-825000.0,-7839000.0,0.0,-931000.0,0.0,-4523000.0,-4523000.0,-4523000.0,0.0,0.0,-18.092,5271000.0,-5034000.0,,0.0,,,,,0.0,,,,,,250000.0,250000.0,0.0,,,,,0.0,137000.0,1.0,,39404000.0,39404000.0,0.006,,,0.0,,,
80,WYNN,MRQ,2000-12-31,2000-12-31,2000-12-31,2021-08-09,0.0,387084000.0,,56579000.0,330505000.0,,,,54429000.0,54429000.0,,,11.782,0.013,358000.0,32000.0,326000.0,358000.0,0.0,,0.0,,0.0,,,,,,,,,,381956000.0,,381956000.0,,,,,,1.0,,,0.0,,328211000.0,,322000.0,0.0,0.0,0.0,5128000.0,4802000.0,326000.0,,,,,,,,,,,,,,,,,,,,581000.0,,,,,322696000.0,,,,,7429000.0,-10616000.0,,,,,,,,,,1.0,,,,,387084000.0,0.0,,0.0,,51777000.0
0,WYNN,MRT,2021-06-30,2021-06-30,2021-06-30,2021-08-09,6293000.0,13022665000.0,13506559750.0,3215089000.0,9807576000.0,0.205,0.897,-224219000.0,2809085000.0,2809085000.0,1917496000.0,-1651400000.0,1.267,130.182,12040384000.0,1308353000.0,10732031000.0,12040384000.0,0.0,735918000.0,501652000.0,0.0,0.0,-433163000.0,302755000.0,0.109,302755000.0,-433163000.0,-1030868000.0,-13.3,-13.3,-13.3,102752000.0,-36066250.0,102752000.0,23322301443.0,-54.0,77.034,-915464000.0,-7.992,1.0,854847000.0,0.308,291510000.0,597705000.0,19424152000.0,20754749500.0,66100000.0,0.0,0.0,0.0,13376504000.0,2538302000.0,10838202000.0,14144988443.0,-993502000.0,4604000.0,834237000.0,-894962000.0,-1091000.0,-102494000.0,-200094000.0,0.0,-691245000.0,331000.0,-1439991000.0,-1439991000.0,-1439991000.0,0.0,-211409000.0,-0.519,1521718000.0,-666871000.0,168143000.0,0.0,137.661,-9.823,-9.195,9311887000.0,0.0,122.3,5.102,5.053,245959000.0,-1944668000.0,2772343000.0,2772343000.0,0.0,-0.107,39.926,-0.021,-0.156,81259000.0,711759000.0,1.0,115658123.0,114545000.0,114545000.0,24.203,12731155000.0,0.0,409123000.0,60617000.0,111.145,676787000.0
1,WYNN,MRT,2021-03-31,2021-03-31,2021-03-31,2021-08-09,6501000.0,13166911000.0,13972312250.0,3249766000.0,9917145000.0,0.134,2.105,-199569000.0,2897271000.0,2897271000.0,1527568000.0,-2212872000.0,2.372,57.214,12074584000.0,198465000.0,11876119000.0,12074584000.0,0.0,731877000.0,514199000.0,0.0,0.0,-876323000.0,-144446000.0,-0.077,-144446000.0,-876323000.0,-1456822000.0,-18.12,-18.12,-18.12,233683000.0,93125500.0,233683000.0,24197221850.0,-28.0,-167.517,-1349400000.0,-12.155,1.0,340360000.0,0.182,287836000.0,580499000.0,20686506000.0,21399102250.0,65252000.0,0.0,0.0,0.0,13369850000.0,1369882000.0,11999968000.0,14494711850.0,11370000.0,4604000.0,831537000.0,548778000.0,-1646000.0,1339808000.0,-177241000.0,0.0,-1149831000.0,-1366000.0,-1946186000.0,-1946186000.0,-1946186000.0,0.0,-266686000.0,-1.042,1500726000.0,-1160366000.0,133212000.0,0.0,62.027,-7.448,-6.919,9440779000.0,0.0,125.37,7.76,7.451,215337000.0,-1813317000.0,1867928000.0,1867928000.0,0.0,-0.139,-20.899,-0.041,-0.469,77236000.0,666295000.0,1.0,115615473.0,111020000.0,111020000.0,16.825,12879075000.0,0.0,489364000.0,64711000.0,116.007,1879884000.0
2,WYNN,MRT,2020-12-31,2020-12-31,2020-12-31,2021-08-09,3604000.0,13869547000.0,14248921250.0,3813147000.0,10056400000.0,0.147,-3.298,-290115000.0,3486384000.0,3486384000.0,1743219000.0,-2326946000.0,2.027,-41.497,13188894000.0,596408000.0,12592486000.0,13188894000.0,0.0,725502000.0,646856000.0,0.009,1.0,-946100000.0,-220598000.0,-0.105,-220598000.0,-946100000.0,-1502574000.0,-19.37,-19.37,-19.37,-351997000.0,345227250.0,-351997000.0,21526732024.0,-23.0,-97.584,-1362540000.0,-12.764,1.0,352642000.0,0.168,278195000.0,556474000.0,21412974000.0,21448455000.0,66285000.0,0.0,0.0,0.0,14606864000.0,1880888000.0,12725976000.0,12171040024.0,1128092000.0,4604000.0,-11463000.0,2623344000.0,-108777000.0,2463245000.0,-265759000.0,0.0,-1072425000.0,3031000.0,-2067245000.0,-2067245000.0,-2067245000.0,0.0,-259701000.0,-0.986,1584687000.0,-1232045000.0,148478000.0,-0.052,-34.577,-5.888,-5.825,9595238000.0,0.0,112.83,5.807,5.747,200158000.0,-1532420000.0,2095861000.0,2095861000.0,0.0,-0.145,-5.988,-0.044,-0.451,62254000.0,720849000.0,1.0,107870602.0,106745000.0,106745000.0,19.634,13591352000.0,0.0,564671000.0,66346000.0,127.325,1932259000.0
3,WYNN,MRT,2020-09-30,2020-09-30,2020-09-30,2021-08-09,-898000.0,13967116000.0,14249354750.0,3869477000.0,10097639000.0,0.215,-1.205,-446051000.0,3559744000.0,3559744000.0,2271757000.0,-2034125000.0,2.291,-112.769,12915436000.0,226618000.0,12688818000.0,12915436000.0,0.0,716552000.0,886073000.0,0.028,2.0,-628927000.0,87625000.0,0.029,87625000.0,-628927000.0,-1149163000.0,-17.52,-17.52,-17.52,-128703000.0,868987750.0,-128703000.0,16871600654.0,-27.0,192.543,-1105945000.0,-10.357,1.0,791568000.0,0.258,138742000.0,520236000.0,21495366000.0,21081894500.0,73627000.0,0.0,0.0,0.0,14513747000.0,1688700000.0,12825047000.0,7744562654.0,1877452000.0,0.0,-10748000.0,3203866000.0,-214664000.0,2967054000.0,-442215000.0,0.0,-659894000.0,12507000.0,-1870685000.0,-1870685000.0,-1870685000.0,0.0,-163440000.0,-0.611,1618424000.0,-826856000.0,146427000.0,-0.114,-60.174,-4.14,-4.099,9719468000.0,0.0,71.81,2.528,2.503,178826000.0,-1262947000.0,3063325000.0,3063325000.0,0.0,-0.131,-2.153,-0.03,-0.205,50429000.0,777987000.0,1.0,107847969.0,106783000.0,106783000.0,28.687,13828374000.0,0.0,721522000.0,21842000.0,129.5,2180777000.0
4,WYNN,MRT,2020-06-30,2020-06-30,2020-06-30,2021-08-09,-908000.0,14885675000.0,14076840250.0,4236381000.0,10649294000.0,0.308,5.805,-623973000.0,3802587000.0,3802587000.0,3021669000.0,-1175709000.0,2.266,23.585,12929625000.0,298050000.0,12631575000.0,12929625000.0,0.0,706064000.0,954074000.0,0.04,3.0,-292409000.0,413655000.0,0.095,413655000.0,-292409000.0,-782155000.0,-10.45,-10.45,-10.45,619519000.0,1380851250.0,619519000.0,16674370985.0,-57.0,40.31,-840334000.0,-7.875,1.0,1318966000.0,0.304,141299000.0,489746000.0,22001563000.0,20508888750.0,84779000.0,0.0,0.0,0.0,14611477000.0,1869851000.0,12741626000.0,8035106985.0,2296220000.0,0.0,-37570000.0,3573872000.0,-404105000.0,3120797000.0,-619986000.0,0.0,-216361000.0,11770000.0,-1116039000.0,-1116039000.0,-1116039000.0,0.0,-59670000.0,-0.257,1684980000.0,-366014000.0,215832000.0,-0.287,12.97,-7.2,-7.128,9855388000.0,0.0,74.49,1.851,1.831,296318000.0,-505090000.0,4340635000.0,4340635000.0,0.0,-0.079,-0.808,-0.014,-0.067,50652000.0,863533000.0,1.0,107868264.0,106713000.0,106713000.0,40.676,14744376000.0,406947000.0,333884000.0,7484000.0,138.169,2366530000.0
5,WYNN,MRT,2020-03-31,2020-03-31,2020-03-31,2021-08-09,-947000.0,14273347000.0,13646740000.0,3415364000.0,10857983000.0,0.433,11.645,-897330000.0,2885901000.0,2885901000.0,3798131000.0,-298606000.0,1.812,10.692,11525165000.0,235997000.0,11289168000.0,11525165000.0,0.0,667067000.0,913395000.0,0.066,4.0,316708000.0,983775000.0,0.166,983775000.0,316708000.0,-132969000.0,-3.6,-3.6,-3.6,1242090000.0,1738676750.0,1242090000.0,14676144865.0,46.0,14.918,-436618000.0,-4.093,1.0,2115138000.0,0.358,143857000.0,449677000.0,20883917000.0,19721957250.0,86182000.0,0.0,0.0,0.0,13280867000.0,1884837000.0,11396030000.0,6471395865.0,1059108000.0,0.0,-56410000.0,2143829000.0,-593174000.0,1480118000.0,-894877000.0,0.0,460712000.0,13155000.0,-383924000.0,-383924000.0,-383924000.0,0.0,85318000.0,-0.065,1739420000.0,375718000.0,194226000.0,-1.111,5.21,-16.856,-16.719,9985971000.0,0.0,60.19,1.094,1.086,380771000.0,132266000.0,5913269000.0,5913269000.0,0.0,-0.028,-0.221,0.016,0.054,39398000.0,913676000.0,1.0,107516130.0,106663000.0,106663000.0,55.439,14129490000.0,487402000.0,250955000.0,48348000.0,132.469,1530527000.0
6,WYNN,MRT,2019-12-31,2019-12-31,2019-12-31,2021-08-09,-1679000.0,13871281000.0,13368710000.0,2856337000.0,11014944000.0,0.495,16.329,-1069293000.0,2358292000.0,2358292000.0,4067053000.0,311378000.0,1.44,7.074,10563041000.0,323876000.0,10239165000.0,10563041000.0,0.0,624878000.0,824269000.0,0.027,3.75,713855000.0,1338733000.0,0.202,1338733000.0,713855000.0,299825000.0,1.15,1.15,1.15,1743045000.0,1947709250.0,1743045000.0,22913975135.0,32.0,17.116,-168223000.0,-1.576,1.0,2544046000.0,0.385,146414000.0,414030000.0,19946732000.0,19159268000.0,88519000.0,0.0,0.0,0.0,12329809000.0,1982884000.0,10346925000.0,14908334135.0,138969000.0,0.0,-52290000.0,930952000.0,-566521000.0,299012000.0,-1068598000.0,0.0,901070000.0,7485000.0,122985000.0,122985000.0,122985000.0,0.0,188393000.0,0.019,1665741000.0,878305000.0,262437000.0,3.261,8.553,121.221,120.757,10076751000.0,0.0,138.87,2.255,2.242,346429000.0,641818000.0,6611099000.0,6611099000.0,0.0,0.009,0.063,0.037,0.108,40372000.0,896670000.0,1.0,107354606.0,106745000.0,106985000.0,61.934,13724867000.0,562262000.0,176840000.0,168043000.0,128.576,873453000.0
7,WYNN,MRT,2019-09-30,2019-09-30,2019-09-30,2021-08-09,-2700000.0,13277058000.0,13204957000.0,2111252000.0,11165806000.0,0.503,17.981,-1232465000.0,1682292000.0,1682292000.0,4094690000.0,844358000.0,1.094,6.051,9687933000.0,116118000.0,9571815000.0,9687933000.0,0.0,588735000.0,956744000.0,0.032,3.5,709199000.0,1297934000.0,0.195,1297934000.0,709199000.0,307501000.0,6.19,6.17,6.19,1918751000.0,2020478750.0,1918751000.0,19496981344.0,27.0,15.022,11020000.0,0.103,1.0,2550536000.0,0.384,148972000.0,401698000.0,19203343000.0,18751454250.0,80486000.0,0.0,0.0,0.0,11611179000.0,1930384000.0,9680795000.0,11700004344.0,-270708000.0,0.0,-206037000.0,567379000.0,-679226000.0,-332100000.0,-1177660000.0,0.0,1243485000.0,-4433000.0,660793000.0,660793000.0,660793000.0,0.0,183565000.0,0.099,1652526000.0,898010000.0,292140000.0,0.565,6.098,17.706,17.564,10065425000.0,0.0,108.72,1.761,1.746,286611000.0,822070000.0,6645226000.0,6645226000.0,0.0,0.05,0.327,0.038,0.107,36722000.0,881860000.0,1.0,107615934.0,106707000.0,106707000.0,62.275,13128086000.0,719614000.0,-353292000.0,188496000.0,123.029,180868000.0
8,WYNN,MRT,2019-06-30,2019-06-30,2019-06-30,2021-08-09,-1986000.0,13165274000.0,12980065250.0,1967323000.0,11197951000.0,0.517,19.189,-1297400000.0,1506367000.0,1506367000.0,4110546000.0,1037247000.0,0.996,5.517,9303344000.0,56605000.0,9246739000.0,9303344000.0,0.0,553195000.0,906455000.0,0.026,3.25,823554000.0,1376749000.0,0.205,1376749000.0,823554000.0,443501000.0,7.66,7.64,7.66,2050821000.0,1992039250.0,2050821000.0,20832678771.0,25.0,15.132,120231000.0,1.125,1.0,2595990000.0,0.387,133066000.0,380053000.0,18853837000.0,18222087000.0,81766000.0,0.0,0.0,0.0,11314335000.0,1975348000.0,9338987000.0,13348978771.0,57394000.0,0.0,-170706000.0,803431000.0,-570250000.0,-251904000.0,-1110953000.0,131793000.0,1417631000.0,2620000.0,820404000.0,820404000.0,820404000.0,0.0,216843000.0,0.122,1584832000.0,1011158000.0,432130000.0,0.424,6.509,16.271,16.187,10092978000.0,0.0,123.99,1.99,1.976,296696000.0,932907000.0,6706536000.0,6706536000.0,0.0,0.063,0.412,0.045,0.123,38278000.0,827745000.0,1.0,107661737.0,106876000.0,107141000.0,62.751,13032208000.0,738940000.0,-376903000.0,214606000.0,121.938,-8025000.0
9,WYNN,MRT,2019-03-31,2019-03-31,2019-03-31,2021-08-09,-2591000.0,13161227000.0,12642885750.0,2241827000.0,10919400000.0,0.526,19.46,-1367182000.0,1826793000.0,1826793000.0,4079571000.0,1100293000.0,1.194,5.411,9310493000.0,36470000.0,9274023000.0,9310493000.0,0.0,550796000.0,916090000.0,0.025,3.0,873797000.0,1424593000.0,0.214,1424593000.0,873797000.0,496995000.0,8.22,8.2,8.22,2078220000.0,1907580250.0,2078220000.0,20046837224.0,23.0,14.072,-88189000.0,-0.826,1.0,2574057000.0,0.387,133837000.0,376802000.0,18633160000.0,17685986000.0,67373000.0,0.0,0.0,0.0,11245984000.0,1877930000.0,9368054000.0,12843060224.0,-206886000.0,0.0,772001000.0,-217518000.0,-599098000.0,-360119000.0,-1125572000.0,186993000.0,1278993000.0,-188000.0,881609000.0,881609000.0,881609000.0,0.0,218684000.0,0.133,1502043000.0,1072014000.0,345527000.0,0.365,6.18,14.568,14.516,9806004000.0,0.0,119.32,1.93,1.915,259804000.0,945972000.0,6653628000.0,6653628000.0,0.0,0.07,0.462,0.049,0.131,38074000.0,809152000.0,1.0,107635436.0,106792000.0,107073000.0,62.305,13027390000.0,736528000.0,-384614000.0,226454000.0,121.988,363897000.0
10,WYNN,MRT,2018-12-31,2018-12-31,2018-12-31,2021-08-09,-1950000.0,13216269000.0,12406372500.0,2641376000.0,10574893000.0,0.541,19.095,-1602386000.0,2219323000.0,2219323000.0,4086275000.0,803084000.0,1.403,5.605,9423100000.0,11960000.0,9411140000.0,9423100000.0,0.0,550596000.0,955450000.0,0.028,2.75,456935000.0,1007531000.0,0.15,1007531000.0,456935000.0,75086000.0,5.37,5.35,5.37,2034123000.0,1565915750.0,2034123000.0,17734496815.0,39.0,17.602,-640897000.0,-6.016,1.0,2631385000.0,0.392,222506000.0,381849000.0,18315477000.0,17334344750.0,66627000.0,0.0,0.0,0.0,11401480000.0,1882063000.0,9519417000.0,10755326815.0,-587311000.0,0.0,777667000.0,-291639000.0,-569781000.0,-324257000.0,-1222810000.0,325363000.0,961489000.0,-1733000.0,572430000.0,572430000.0,572430000.0,0.0,230654000.0,0.085,1895841000.0,735544000.0,321796000.0,0.512,5.287,18.789,18.419,9385920000.0,0.0,98.91,1.601,1.569,276644000.0,921785000.0,6717660000.0,6717660000.0,0.0,0.046,0.366,0.026,0.068,35040000.0,761415000.0,1.0,108738518.0,106529000.0,107032000.0,63.059,12993763000.0,736452000.0,-497344000.0,247341000.0,121.974,759313000.0
11,WYNN,MRT,2018-09-30,2018-09-30,2018-09-30,2021-08-09,-2083000.0,12377491000.0,12272740000.0,2336320000.0,10041171000.0,0.542,16.703,-1552948000.0,1953000000.0,1953000000.0,4056319000.0,831538000.0,1.141,6.004,8932170000.0,236835000.0,8695335000.0,8932170000.0,0.0,548565000.0,836700000.0,0.02,2.5,518511000.0,1067076000.0,0.16,1067076000.0,518511000.0,140590000.0,5.7,5.68,5.7,1804993000.0,1294346500.0,1804993000.0,20667998061.0,40.0,19.369,-455987000.0,-4.22,1.0,2595919000.0,0.39,223382000.0,377921000.0,17085874000.0,17117909500.0,63076000.0,0.0,0.0,0.0,10837208000.0,2047405000.0,8789803000.0,13804294061.0,-985700000.0,0.0,936969000.0,-1339910000.0,-401363000.0,-859944000.0,-1223367000.0,316173000.0,1096961000.0,650000.0,599246000.0,599246000.0,599246000.0,0.0,232292000.0,0.09,1805239000.0,790680000.0,315959000.0,0.439,7.648,23.036,22.291,9221028000.0,0.0,127.06,2.075,2.064,232672000.0,537771000.0,6652238000.0,6652238000.0,0.0,0.049,0.463,0.03,0.078,43443000.0,728393000.0,1.0,108643901.0,108064000.0,108533000.0,61.558,12154109000.0,361314000.0,-458656000.0,210451000.0,112.471,288915000.0
12,WYNN,MRT,2018-06-30,2018-06-30,2018-06-30,2021-08-09,-1938000.0,11816556000.0,12285355750.0,1888458000.0,9928098000.0,0.529,15.892,-1498298000.0,1448973000.0,1448973000.0,3944521000.0,717735000.0,1.081,5.836,8312677000.0,179075000.0,8133602000.0,8312677000.0,0.0,549089000.0,839721000.0,0.013,2.25,448457000.0,997546000.0,0.154,997546000.0,448457000.0,67669000.0,5.04,5.02,5.04,1712985000.0,925367250.0,1712985000.0,25493670110.0,57.0,25.556,-371971000.0,-3.451,1.0,2549992000.0,0.393,224008000.0,380788000.0,16709433000.0,17216453250.0,66765000.0,131753000.0,59670000.0,72083000.0,9996961000.0,1746819000.0,8250142000.0,18170956110.0,-1039862000.0,0.0,951666000.0,-1635477000.0,-411213000.0,-853170000.0,-1308765000.0,176372000.0,1126327000.0,-4254000.0,522898000.0,522898000.0,522898000.0,0.0,194837000.0,0.081,1792968000.0,757024000.0,247390000.0,0.446,10.608,34.75,33.202,9053922000.0,0.0,167.34,2.798,2.777,230114000.0,462950000.0,6494513000.0,6494513000.0,0.0,0.043,0.565,0.026,0.069,42114000.0,714570000.0,1.0,108587045.0,107792000.0,108405000.0,60.25,11592548000.0,357566000.0,-455229000.0,196405000.0,107.546,141639000.0
13,WYNN,MRT,2018-03-31,2018-03-31,2018-03-31,2021-08-09,-1874000.0,12215174000.0,12295441500.0,2448299000.0,9766875000.0,0.517,6.937,-1349720000.0,2033679000.0,2033679000.0,3871075000.0,619251000.0,1.166,16.083,9356393000.0,121714000.0,9234679000.0,9356393000.0,0.0,548905000.0,1036946000.0,0.011,2.0,387767000.0,936672000.0,0.147,936672000.0,387767000.0,-862000.0,4.33,4.31,4.33,711562000.0,565476750.0,711562000.0,25608329132.0,66.0,27.34,58627000.0,0.572,1.0,2490906000.0,0.392,212384000.0,388629000.0,17226595000.0,17416918500.0,67579000.0,129702000.0,29208000.0,100494000.0,11443786000.0,2098909000.0,9344877000.0,18786337132.0,-512622000.0,0.0,57256000.0,-624990000.0,-320882000.0,-670620000.0,-1243291000.0,105965000.0,1408347000.0,-7058000.0,442058000.0,442058000.0,442058000.0,0.0,177193000.0,0.069,1766565000.0,724341000.0,301577000.0,0.462,26.402,42.497,42.115,8887843000.0,0.0,182.36,2.953,2.94,228226000.0,388523000.0,6361981000.0,6361981000.0,0.0,0.036,0.782,0.022,0.061,43068000.0,695108000.0,1.0,103017861.0,102570000.0,102570000.0,62.026,12002790000.0,347970000.0,-442920000.0,225304000.0,117.02,349390000.0
14,WYNN,MRT,2017-12-31,2017-12-31,2017-12-31,2021-08-09,-1845000.0,12681739000.0,12199030000.0,3423784000.0,9257955000.0,0.498,9.286,-928671000.0,2806634000.0,2806634000.0,3727185000.0,889254000.0,1.774,12.242,9628626000.0,62690000.0,9565936000.0,9628626000.0,0.0,552368000.0,1049629000.0,0.012,2.0,806860000.0,1359228000.0,0.224,1359228000.0,806860000.0,418196000.0,7.32,7.28,7.32,947846000.0,442577250.0,947846000.0,24566562924.0,30.0,18.074,947906000.0,9.287,1.0,2342975000.0,0.386,123705000.0,388664000.0,17449736000.0,17479004750.0,71636000.0,327455000.0,166773000.0,160682000.0,11603389000.0,1930290000.0,9673099000.0,17328108924.0,160689000.0,0.0,44438000.0,-621029000.0,-320760000.0,-754355000.0,-957633000.0,-28962000.0,1876577000.0,-3900000.0,747181000.0,747181000.0,747181000.0,0.0,142073000.0,0.123,1287410000.0,1055565000.0,285437000.0,0.273,18.282,23.191,23.031,8498756000.0,0.0,168.59,2.855,2.835,224128000.0,635067000.0,6070160000.0,6070160000.0,0.0,0.061,1.688,0.046,0.133,43971000.0,685485000.0,1.0,102782543.0,102071000.0,102598000.0,59.47,12558034000.0,240533000.0,-328985000.0,211600000.0,123.032,1493494000.0
15,WYNN,MRT,2017-09-30,2017-09-30,2017-09-30,2021-08-09,-673000.0,12427954000.0,12016984500.0,3556552000.0,8871402000.0,0.468,3.221,-916255000.0,2938700000.0,2938700000.0,3420826000.0,471856000.0,1.725,36.556,10177154000.0,405339000.0,9771815000.0,10177154000.0,0.0,556031000.0,883204000.0,0.013,2.0,768864000.0,1324895000.0,0.235,1324895000.0,768864000.0,381322000.0,3.63,3.62,3.63,329076000.0,245103000.0,329076000.0,22593336124.0,29.0,17.053,650953000.0,6.371,1.0,2207103000.0,0.392,124301000.0,387542000.0,17480049000.0,17592339500.0,82897000.0,320234000.0,156866000.0,163368000.0,12029744000.0,2062058000.0,9967686000.0,15274135124.0,1425832000.0,0.0,35925000.0,707640000.0,-331628000.0,798938000.0,-936181000.0,-18634000.0,1567208000.0,-4133000.0,369299000.0,369299000.0,369299000.0,0.0,102557000.0,0.066,1314063000.0,893040000.0,279416000.0,0.551,46.415,41.36,41.025,8386843000.0,0.0,148.92,2.714,2.704,224132000.0,194814000.0,5627929000.0,5627929000.0,0.0,0.031,1.507,0.044,0.137,43021000.0,669622000.0,1.0,102566043.0,102173000.0,102794000.0,55.082,12303653000.0,0.0,12023000.0,276234000.0,120.42,1494494000.0
16,WYNN,MRT,2017-06-30,2017-06-30,2017-06-30,2021-08-09,-1068000.0,11856899000.0,11641482000.0,3040189000.0,8816710000.0,0.446,2.682,-1063051000.0,2488835000.0,2488835000.0,3175443000.0,346556000.0,1.974,42.056,9808036000.0,1740000.0,9806296000.0,9808036000.0,0.0,524516000.0,775379000.0,0.015,2.0,656032000.0,1180548000.0,0.228,1180548000.0,656032000.0,284695000.0,2.68,2.67,2.68,273423000.0,129334500.0,273423000.0,20995623280.0,32.0,17.785,341101000.0,3.346,1.0,2010961000.0,0.388,124897000.0,371337000.0,17511294000.0,17499499000.0,84508000.0,312632000.0,136202000.0,176430000.0,11499193000.0,1539909000.0,9959284000.0,13729048280.0,584452000.0,0.0,13819000.0,351477000.0,-291996000.0,264033000.0,-1079765000.0,-11646000.0,1404152000.0,-3968000.0,272095000.0,272095000.0,272095000.0,0.0,74461000.0,0.052,1298317000.0,712644000.0,299348000.0,0.746,50.212,50.457,50.045,8321777000.0,0.0,134.12,2.647,2.636,196179000.0,166256000.0,5186404000.0,5186404000.0,0.0,0.023,2.104,0.037,0.126,40730000.0,635324000.0,1.0,102363915.0,101944000.0,102494000.0,50.875,11732002000.0,0.0,12600000.0,246850000.0,115.083,1500280000.0
17,WYNN,MRT,2017-03-31,2017-03-31,2017-03-31,2021-08-09,709000.0,11829528000.0,11329845000.0,3081410000.0,8748118000.0,0.421,2.162,-1090477000.0,2546301000.0,2546301000.0,2914948000.0,329202000.0,2.043,52.176,9812876000.0,0.0,9812876000.0,9812876000.0,0.0,466579000.0,732786000.0,0.017,2.0,617525000.0,1084104000.0,0.227,1084104000.0,617525000.0,274670000.0,2.64,2.63,2.64,219964000.0,43582500.0,219964000.0,19161056693.0,31.0,17.675,179280000.0,1.762,1.0,1856928000.0,0.389,112993000.0,342855000.0,17474940000.0,17385544750.0,86466000.0,297780000.0,133409000.0,164371000.0,11476869000.0,1508170000.0,9968699000.0,11681649693.0,436988000.0,0.0,-12728000.0,444038000.0,-325980000.0,306825000.0,-1137984000.0,-48237000.0,1269757000.0,-1610000.0,267570000.0,267570000.0,267570000.0,0.0,61632000.0,0.056,1243634000.0,613294000.0,341423000.0,0.758,53.107,43.658,43.413,8273757000.0,0.0,114.61,2.448,2.444,186002000.0,142441000.0,4771876000.0,4771876000.0,0.0,0.024,6.139,0.036,0.129,40569000.0,590660000.0,1.0,101925222.0,101753000.0,102069000.0,46.897,11716535000.0,0.0,7100000.0,244724000.0,115.147,1573240000.0
18,WYNN,MRT,2016-12-31,2016-12-31,2016-12-31,2021-08-09,1484000.0,11953557000.0,11034103000.0,2990367000.0,8963190000.0,0.394,1.557,-1237056000.0,2645945000.0,2645945000.0,2653520000.0,302469000.0,2.111,74.047,10125352000.0,0.0,10125352000.0,10125352000.0,0.0,404730000.0,599566000.0,0.023,2.0,539468000.0,944198000.0,0.217,944198000.0,539468000.0,250103000.0,2.39,2.38,2.39,157949000.0,-32490000.0,157949000.0,16528803211.0,31.0,17.506,-266510000.0,-2.627,1.0,1692277000.0,0.389,113588000.0,289365000.0,17903075000.0,17231429750.0,91541000.0,301460000.0,173437000.0,128023000.0,11695676000.0,1416301000.0,10279375000.0,8801606211.0,563796000.0,727000.0,-10530000.0,1024225000.0,-325217000.0,882629000.0,-1288250000.0,-51921000.0,970546000.0,-1129000.0,241975000.0,241975000.0,241975000.0,0.0,60494000.0,0.056,1170615000.0,521662000.0,298505000.0,0.837,55.724,36.374,36.197,8259631000.0,0.0,86.51,2.025,2.019,218968000.0,95097000.0,4345797000.0,4345797000.0,0.0,0.022,-7.448,0.031,0.124,42980000.0,548143000.0,1.0,101740911.0,101445000.0,101855000.0,42.839,11839969000.0,0.0,8128000.0,229267000.0,116.713,1574066000.0
19,WYNN,MRT,2016-09-30,2016-09-30,2016-09-30,2021-08-09,2022000.0,10925944000.0,10660503500.0,2057197000.0,8868747000.0,0.386,-1.321,-1413009000.0,1713659000.0,1713659000.0,2531058000.0,280697000.0,1.438,-82.019,9440856000.0,0.0,9440856000.0,9440856000.0,0.0,341388000.0,529192000.0,0.021,2.0,467657000.0,809045000.0,0.197,809045000.0,467657000.0,200351000.0,2.12,2.12,2.12,-133998000.0,-99972000.0,-133998000.0,17468313550.0,37.0,21.591,-504861000.0,-4.977,1.0,1581708000.0,0.385,114184000.0,267306000.0,17108687000.0,16832044000.0,88728000.0,303545000.0,225996000.0,77549000.0,10990376000.0,1430270000.0,9560106000.0,9916470550.0,-389401000.0,2628000.0,-4526000.0,746268000.0,-315283000.0,183748000.0,-1480861000.0,-58123000.0,908148000.0,-436000.0,215396000.0,215396000.0,215396000.0,0.0,65301000.0,0.052,1047080000.0,534628000.0,356533000.0,0.943,-74.005,46.038,45.953,8270047000.0,0.0,97.42,2.411,2.403,177591000.0,32148000.0,4112766000.0,4112766000.0,0.0,0.02,-2.155,0.028,0.114,37157000.0,493403000.0,1.0,101790911.0,101439000.0,101439000.0,40.544,10811760000.0,0.0,-15045000.0,181772000.0,106.584,626927000.0
20,WYNN,MRT,2016-06-30,2016-06-30,2016-06-30,2021-08-09,2097000.0,10610351000.0,10424313750.0,2414543000.0,8195808000.0,0.384,-0.686,-1466614000.0,1905173000.0,1905173000.0,2458648000.0,413457000.0,2.434,-152.456,9457016000.0,0.0,9457016000.0,9457016000.0,0.0,315570000.0,420582000.0,0.022,2.0,583012000.0,898582000.0,0.225,898582000.0,583012000.0,321296000.0,3.24,3.24,3.24,-69585000.0,-110681000.0,-69585000.0,16519240173.0,28.0,18.384,-710185000.0,-7.001,1.0,1540581000.0,0.385,114780000.0,261716000.0,17055477000.0,16455510000.0,74790000.0,303291000.0,210470000.0,92821000.0,10608656000.0,991937000.0,9616719000.0,9226328173.0,414103000.0,2628000.0,-4163000.0,1466941000.0,-314971000.0,1191285000.0,-1532830000.0,-60480000.0,756429000.0,-781000.0,329043000.0,329043000.0,329043000.0,0.0,84414000.0,0.082,930110000.0,610471000.0,173459000.0,0.617,-132.591,28.04,27.975,7775244000.0,0.0,90.64,2.307,2.299,173550000.0,99379000.0,3999229000.0,3999229000.0,0.0,0.032,-2.973,0.035,0.146,38123000.0,465836000.0,1.0,101790911.0,101438000.0,101881000.0,39.425,10495571000.0,0.0,-7747000.0,133860000.0,103.468,1422606000.0
21,WYNN,MRT,2016-03-31,2016-03-31,2016-03-31,2021-08-09,1927000.0,10646560000.0,10092486500.0,2605493000.0,8041067000.0,0.394,-0.832,-1637368000.0,2115643000.0,2115643000.0,2460903000.0,401218000.0,2.684,-125.295,9408555000.0,0.0,9408555000.0,9408555000.0,0.0,317734000.0,429346000.0,0.021,2.0,591251000.0,908985000.0,0.228,908985000.0,591251000.0,323556000.0,3.11,3.11,3.11,-84326000.0,-145396500.0,-84326000.0,16637109718.0,28.0,18.303,-934169000.0,-9.213,1.0,1520420000.0,0.382,110376000.0,267695000.0,16858480000.0,15799887750.0,72604000.0,251914000.0,178540000.0,73374000.0,10565625000.0,970616000.0,9595009000.0,9506493718.0,465345000.0,2628000.0,-4136000.0,1490150000.0,-202866000.0,1404514000.0,-1642682000.0,-4058000.0,703199000.0,314000.0,315112000.0,315112000.0,315112000.0,0.0,86106000.0,0.079,888367000.0,632053000.0,111114000.0,0.643,-112.735,30.169,30.042,7633434000.0,0.0,93.43,2.388,2.379,188476000.0,79697000.0,3981323000.0,3981323000.0,0.0,0.031,-2.167,0.037,0.149,37940000.0,460038000.0,1.0,101749906.0,101392000.0,101686000.0,39.267,10536184000.0,0.0,8444000.0,130713000.0,103.915,1634877000.0
22,WYNN,MRT,2015-12-31,2015-12-31,2015-12-31,2021-08-09,1092000.0,10459159000.0,9718766500.0,2505778000.0,7953381000.0,0.419,-1.107,-1883986000.0,2082149000.0,2082149000.0,2530374000.0,281524000.0,2.257,-93.208,9149665000.0,0.0,9149665000.0,9149665000.0,0.0,322629000.0,436409000.0,0.043,3.0,503919000.0,826548000.0,0.203,826548000.0,503919000.0,203013000.0,1.93,1.92,1.93,-111979000.0,-180326500.0,-111979000.0,13873924345.0,28.0,16.785,-1311173000.0,-12.961,1.0,1545509000.0,0.379,110972000.0,300906000.0,16305532000.0,15077757000.0,74493000.0,252280000.0,115297000.0,136983000.0,10437314000.0,1110171000.0,9327143000.0,7027525345.0,-102075000.0,1901000.0,-4173000.0,1755053000.0,-499107000.0,1216258000.0,-1891558000.0,-5561000.0,572813000.0,412000.0,195290000.0,195290000.0,195290000.0,0.0,86234000.0,0.048,886695000.0,658814000.0,267791000.0,1.554,-62.758,35.985,35.85,7477478000.0,0.0,69.19,1.724,1.717,187887000.0,55332000.0,4075883000.0,4075883000.0,0.0,0.02,-1.083,0.033,0.124,37683000.0,464793000.0,1.0,101568512.0,101163000.0,101671000.0,40.29,10348187000.0,0.0,7723000.0,134916000.0,102.292,1395607000.0
23,WYNN,MRT,2015-09-30,2015-09-30,2015-09-30,2021-08-09,1743000.0,9981185000.0,9369692000.0,2348198000.0,7632987000.0,0.455,-1.748,-1907561000.0,1902050000.0,1902050000.0,2654155000.0,324923000.0,2.109,-56.788,8748449000.0,0.0,8748449000.0,8748449000.0,0.0,325510000.0,423168000.0,0.075,4.0,535576000.0,861086000.0,0.202,861086000.0,535576000.0,229285000.0,2.15,2.15,2.15,-176834000.0,-159526500.0,-176834000.0,11882845700.0,22.0,13.8,-1437864000.0,-14.214,1.0,1612801000.0,0.378,111580000.0,306291000.0,15602551000.0,14202448250.0,66583000.0,251391000.0,125031000.0,126360000.0,10041967000.0,1113453000.0,8928514000.0,5393633700.0,-990669000.0,0.0,-564000.0,1245295000.0,-700059000.0,513525000.0,-1974787000.0,-1230000.0,469697000.0,896000.0,217415000.0,217415000.0,217415000.0,0.0,107508000.0,0.051,890317000.0,722484000.0,232999000.0,1.86,-30.501,24.808,24.707,7090449000.0,0.0,53.12,1.264,1.259,204650000.0,-3560000.0,4266956000.0,4266956000.0,0.0,0.023,-1.363,0.038,0.126,43443000.0,478379000.0,1.0,101536779.0,101161000.0,101581000.0,42.18,9869605000.0,0.0,11870000.0,141128000.0,97.563,1234745000.0
24,WYNN,MRT,2015-06-30,2015-06-30,2015-06-30,2021-08-09,1963000.0,9283042000.0,9169820500.0,2087703000.0,7195339000.0,0.506,-2.061,-1739737000.0,1576350000.0,1576350000.0,2849792000.0,464500000.0,1.701,-45.065,8065562000.0,80099000.0,7985463000.0,8065562000.0,0.0,323888000.0,507332000.0,0.048,4.75,633211000.0,957099000.0,0.206,957099000.0,633211000.0,321951000.0,3.1,3.08,3.1,-208447000.0,-91639250.0,-208447000.0,16197234984.0,26.0,16.923,-1033183000.0,-10.214,1.0,1790889000.0,0.386,112176000.0,311260000.0,14432988000.0,13366762000.0,66576000.0,249083000.0,128441000.0,120642000.0,9393702000.0,1227090000.0,8166612000.0,10018633984.0,-1546891000.0,0.0,-930000.0,596751000.0,-905522000.0,-427032000.0,-1824663000.0,1300000.0,706554000.0,-1750000.0,312611000.0,312611000.0,312611000.0,0.0,151889000.0,0.067,888604000.0,902285000.0,214981000.0,1.532,-48.063,32.048,31.829,6618499000.0,0.0,98.67,2.159,2.151,267960000.0,-26583000.0,4640681000.0,4640681000.0,0.0,0.034,-3.411,0.047,0.136,44560000.0,488574000.0,1.0,101536779.0,101157000.0,101710000.0,45.876,9170866000.0,0.0,9340000.0,133725000.0,90.66,860613000.0
25,WYNN,MRT,2015-03-31,2015-03-31,2015-03-31,2021-08-09,1953000.0,9151680000.0,9116895500.0,2382852000.0,6768828000.0,0.55,-2.215,-1532120000.0,1806756000.0,1806756000.0,3055183000.0,645699000.0,1.91,-41.504,7985357000.0,150937000.0,7834420000.0,7985357000.0,0.0,320326000.0,504703000.0,0.044,5.5,774652000.0,1094978000.0,0.218,1094978000.0,774652000.0,456863000.0,4.56,4.52,4.56,-224046000.0,-34175000.0,-224046000.0,17942168437.0,23.0,16.386,-658038000.0,-6.507,1.0,1957103000.0,0.39,112772000.0,317789000.0,13969957000.0,12766683500.0,69911000.0,255764000.0,163968000.0,91796000.0,9298832000.0,1247552000.0,8051280000.0,12780047437.0,-1631713000.0,0.0,3178000.0,497029000.0,-1163334000.0,-851856000.0,-1653887000.0,-272000.0,874082000.0,-52000.0,460057000.0,460057000.0,460057000.0,0.0,185642000.0,0.092,882597000.0,1074506000.0,186964000.0,1.206,-57.042,27.779,27.605,6245530000.0,0.0,125.88,2.55,2.54,290757000.0,-32388000.0,5012286000.0,5012286000.0,0.0,0.05,-13.462,0.061,0.155,38721000.0,503387000.0,1.0,101525639.0,101135000.0,101135000.0,49.56,9038908000.0,0.0,-3194000.0,170925000.0,89.375,1135300000.0
26,WYNN,MRT,2014-12-31,2014-12-31,2014-12-31,2021-08-09,2505000.0,9062861000.0,9107280750.0,2782331000.0,6280530000.0,0.597,-0.285,-1188544000.0,2183141000.0,2183141000.0,3316311000.0,962644000.0,2.127,-307.577,7345262000.0,0.0,7345262000.0,7345262000.0,0.0,314119000.0,548818000.0,0.035,5.25,1042834000.0,1356953000.0,0.25,1356953000.0,1042834000.0,727772000.0,7.25,7.18,7.25,-28779000.0,3720250.0,-28779000.0,19528194802.0,19.0,14.391,-90227000.0,-0.894,1.0,2117350000.0,0.39,112367000.0,315062000.0,12804297000.0,12245426750.0,72223000.0,254556000.0,240140000.0,14416000.0,8851770000.0,1308318000.0,7543452000.0,15076795802.0,-252877000.0,0.0,9797000.0,719586000.0,-942928000.0,-235625000.0,-1114352000.0,-168000.0,1098317000.0,-1217000.0,731554000.0,731554000.0,731554000.0,0.0,231090000.0,0.135,851072000.0,1266278000.0,303284000.0,0.724,-523.882,20.609,20.519,5855842000.0,0.0,148.76,2.775,2.763,237957000.0,164487000.0,5433661000.0,5433661000.0,0.0,0.08,196.641,0.085,0.192,29857000.0,492464000.0,1.0,101349797.0,100927000.0,101931000.0,53.838,8950494000.0,0.0,-3782000.0,167341000.0,88.683,1474013000.0
27,WYNN,MRT,2014-09-30,2014-09-30,2014-09-30,2021-08-09,2350000.0,9181699000.0,8935823000.0,3470319000.0,5711380000.0,0.651,0.938,-892441000.0,2890878000.0,2890878000.0,3549624000.0,1104937000.0,2.581,93.842,7342277000.0,1050000.0,7341227000.0,7342277000.0,0.0,326027000.0,636217000.0,0.041,7.75,1150419000.0,1476446000.0,0.254,1476446000.0,1150419000.0,838018000.0,8.3,8.2,8.3,94715000.0,-35211750.0,94715000.0,23236321196.0,20.0,15.738,476995000.0,4.725,1.0,2265959000.0,0.39,28980000.0,312401000.0,12259806000.0,11755182500.0,69975000.0,254799000.0,250732000.0,4067000.0,8888284000.0,1344312000.0,7543972000.0,18960248196.0,849723000.0,0.0,5794000.0,1342840000.0,-1093661000.0,234563000.0,-752492000.0,952000.0,1369436000.0,-1784000.0,836092000.0,836092000.0,836092000.0,0.0,268845000.0,0.144,846770000.0,1419189000.0,243276000.0,0.934,200.182,22.677,22.54,5460971000.0,0.0,187.08,3.26,3.248,206466000.0,308641000.0,5815583000.0,5815583000.0,0.0,0.094,-23.745,0.098,0.198,18968000.0,483103000.0,1.0,101348344.0,100959000.0,101999000.0,57.603,9152719000.0,0.0,1926000.0,192114000.0,90.658,2126007000.0
28,WYNN,MRT,2014-06-30,2014-06-30,2014-06-30,2021-08-09,3114000.0,9071342000.0,8657805250.0,3618180000.0,5453162000.0,0.674,0.212,-737289000.0,3035111000.0,3035111000.0,3594242000.0,1100742000.0,2.815,410.237,7311184000.0,1050000.0,7310134000.0,7311184000.0,0.0,340325000.0,616223000.0,0.036,7.5,1123365000.0,1463690000.0,0.251,1463690000.0,1123365000.0,816463000.0,8.21,8.11,8.21,21410000.0,-58566250.0,21410000.0,25074153961.0,22.0,17.131,606640000.0,6.011,1.0,2241443000.0,0.384,29576000.0,306902000.0,12032674000.0,11335274500.0,70132000.0,254767000.0,242148000.0,12619000.0,8783177000.0,1285165000.0,7498012000.0,21016947961.0,1006882000.0,0.0,8115000.0,1267723000.0,-1031069000.0,468081000.0,-806662000.0,-27004000.0,1343929000.0,1534000.0,826706000.0,826706000.0,826706000.0,0.0,274036000.0,0.142,840851000.0,1400592000.0,223961000.0,0.914,981.642,25.423,25.281,5215723000.0,0.0,207.56,3.601,3.589,218905000.0,243921000.0,5835685000.0,5835685000.0,0.0,0.095,-14.116,0.099,0.192,13122000.0,461295000.0,1.0,101257217.0,100915000.0,102018000.0,57.828,9041766000.0,0.0,-10243000.0,187066000.0,89.598,2333015000.0
29,WYNN,MRT,2014-03-31,2014-03-31,2014-03-31,2021-08-09,2528000.0,9113221000.0,8333304500.0,3839184000.0,5274037000.0,0.691,-0.719,-610718000.0,3273621000.0,3273621000.0,3572612000.0,1035056000.0,3.058,-121.334,7330827000.0,1050000.0,7329777000.0,7330827000.0,0.0,355192000.0,511153000.0,0.033,7.25,1041603000.0,1396795000.0,0.243,1396795000.0,1041603000.0,742702000.0,7.48,7.39,7.48,-72465000.0,-85925750.0,-72465000.0,26636821007.0,26.0,19.07,854276000.0,8.473,1.0,2183283000.0,0.379,30172000.0,298901000.0,11884930000.0,10917015000.0,71865000.0,258883000.0,218876000.0,40007000.0,8792479000.0,1255325000.0,7537154000.0,22484294007.0,1216916000.0,0.0,6756000.0,1491302000.0,-1059683000.0,423982000.0,-674471000.0,-118578000.0,1464994000.0,2411000.0,752585000.0,752585000.0,752585000.0,0.0,282471000.0,0.131,850009000.0,1333274000.0,270299000.0,0.969,-310.278,29.876,29.699,5036430000.0,0.0,222.15,3.906,3.891,230690000.0,166664000.0,5755895000.0,5755895000.0,0.0,0.09,-8.759,0.095,0.181,28812000.0,465156000.0,1.0,101212217.0,100822000.0,102009000.0,57.09,9083049000.0,0.0,-9883000.0,275326000.0,90.09,2583859000.0
30,WYNN,MRT,2013-12-31,2013-12-31,2013-12-31,2021-08-09,2913000.0,8377030000.0,7938980750.0,2968814000.0,5408216000.0,0.708,-1.835,-494182000.0,2634977000.0,2634977000.0,3478822000.0,1004157000.0,2.04,-44.685,6587568000.0,1050000.0,6586518000.0,6587568000.0,0.0,371051000.0,704401000.0,0.036,7.0,1010040000.0,1381091000.0,0.246,1381091000.0,1010040000.0,711018000.0,7.25,7.17,7.25,-184507000.0,-107066250.0,-184507000.0,23814225590.0,24.0,17.243,1182460000.0,11.761,1.0,2142114000.0,0.381,30767000.0,299022000.0,10843320000.0,10444983250.0,74739000.0,258536000.0,174399000.0,84137000.0,8244679000.0,1455534000.0,6789145000.0,19645371590.0,709822000.0,0.0,4964000.0,754464000.0,-1034986000.0,-291143000.0,-677580000.0,-76744000.0,1676642000.0,1903000.0,728652000.0,728652000.0,728652000.0,0.0,275505000.0,0.13,852023000.0,1290091000.0,272861000.0,0.966,-106.475,26.961,26.788,4934449000.0,0.0,194.21,3.495,3.474,241932000.0,66130000.0,5620936000.0,5620936000.0,0.0,0.092,-6.806,0.097,0.18,27205000.0,448788000.0,1.0,101155304.0,100540000.0,101641000.0,55.907,8346263000.0,0.0,-17634000.0,223638000.0,83.014,1513280000.0
31,WYNN,MRT,2013-09-30,2013-09-30,2013-09-30,2021-08-09,3078000.0,8069628000.0,7663871750.0,2765556000.0,5304072000.0,0.703,0.013,-376972000.0,2041155000.0,2041155000.0,3347703000.0,879497000.0,1.7,6035.689,6210009000.0,223452000.0,5986557000.0,6210009000.0,0.0,372118000.0,750324000.0,0.07,11.0,932056000.0,1304174000.0,0.242,1304174000.0,932056000.0,631624000.0,6.24,6.18,6.24,1297000.0,-125698750.0,1297000.0,19958772328.0,21.0,15.304,1100844000.0,10.934,1.0,2042420000.0,0.379,31146000.0,300432000.0,10580174000.0,10277033500.0,73038000.0,702637000.0,394656000.0,307981000.0,7828289000.0,1627162000.0,6201127000.0,15975188328.0,-289782000.0,0.0,17949000.0,141365000.0,-1433132000.0,-1286791000.0,-484302000.0,135088000.0,1477816000.0,3495000.0,626141000.0,626141000.0,626141000.0,0.0,253356000.0,0.116,862808000.0,1179612000.0,213519000.0,1.763,12317.03,25.514,25.322,4810378000.0,0.0,158.01,2.964,2.952,216247000.0,256992000.0,5390123000.0,5390123000.0,0.0,0.082,-4.981,0.091,0.173,26755000.0,452503000.0,1.0,101102388.0,100685000.0,101547000.0,53.535,8038482000.0,0.0,5483000.0,207360000.0,79.838,1138394000.0
32,WYNN,MRT,2013-06-30,2013-06-30,2013-06-30,2021-08-09,2678000.0,7773339000.0,7635521500.0,2490335000.0,5283004000.0,0.694,-0.876,-294686000.0,2028229000.0,2028229000.0,3297904000.0,795857000.0,1.82,-86.288,6011813000.0,1050000.0,6010763000.0,6011813000.0,0.0,373067000.0,744225000.0,0.082,10.5,863259000.0,1236326000.0,0.233,1236326000.0,863259000.0,561294000.0,5.55,5.5,5.55,-88028000.0,-23189250.0,-88028000.0,16651227093.0,19.0,13.468,1141016000.0,11.355,1.0,2000602000.0,0.378,29243000.0,301965000.0,10359636000.0,10174538500.0,70153000.0,474760000.0,146386000.0,328374000.0,7595775000.0,1368044000.0,6227731000.0,12925701093.0,95040000.0,0.0,15882000.0,477832000.0,-1292882000.0,-1055354000.0,-289985000.0,45678000.0,1435702000.0,4677000.0,556156000.0,556156000.0,556156000.0,0.0,239701000.0,0.105,887876000.0,1112726000.0,208005000.0,1.892,-146.836,23.241,23.058,4760886000.0,0.0,127.97,2.439,2.427,207031000.0,176088000.0,5298506000.0,5298506000.0,0.0,0.073,-23.983,0.085,0.163,27577000.0,463262000.0,1.0,101005713.0,100484000.0,101549000.0,52.73,7744096000.0,0.0,5138000.0,196214000.0,77.068,1122291000.0
33,WYNN,MRT,2013-03-31,2013-03-31,2013-03-31,2021-08-09,2382000.0,7535926000.0,7562334500.0,2504504000.0,5031422000.0,0.69,-1.567,-263579000.0,2056705000.0,2056705000.0,3269658000.0,802434000.0,2.029,-46.242,5782231000.0,1050000.0,5781181000.0,5782231000.0,0.0,373312000.0,633230000.0,0.08,10.0,865784000.0,1239096000.0,0.237,1239096000.0,865784000.0,563709000.0,5.64,5.59,5.64,-157027000.0,84228250.0,-157027000.0,16696597234.0,19.0,13.475,1004519000.0,10.021,1.0,1949782000.0,0.374,30183000.0,302075000.0,9996803000.0,9993340750.0,67909000.0,202983000.0,96648000.0,106335000.0,7261250000.0,1234466000.0,6026784000.0,12638996234.0,185635000.0,0.0,12940000.0,238099000.0,-1006835000.0,-765617000.0,-317998000.0,48067000.0,1268098000.0,1152000.0,564435000.0,564435000.0,564435000.0,0.0,237999000.0,0.108,846957000.0,1102825000.0,200670000.0,1.773,-80.489,22.392,22.191,4723083000.0,0.0,125.16,2.422,2.404,243578000.0,147612000.0,5219440000.0,5219440000.0,0.0,0.075,6.701,0.087,0.166,12126000.0,430658000.0,1.0,100982712.0,100237000.0,101373000.0,52.071,7505743000.0,0.0,-726000.0,230026000.0,74.88,1270038000.0
34,WYNN,MRT,2012-12-31,2012-12-31,2012-12-31,2021-08-09,4177000.0,7276594000.0,7529119750.0,2202378000.0,5074216000.0,0.685,-2.513,-240255000.0,1725219000.0,1725219000.0,3251575000.0,728699000.0,1.947,-27.69,5782820000.0,1050000.0,5781770000.0,5782820000.0,0.0,373199000.0,544649000.0,0.084,9.5,795094000.0,1168293000.0,0.227,1168293000.0,795094000.0,506335000.0,4.87,4.82,4.87,-259037000.0,185653750.0,-259037000.0,14766362234.0,19.0,12.639,945463000.0,9.171,1.0,1902709000.0,0.369,31297000.0,288759000.0,10171521000.0,9905360000.0,63799000.0,283491000.0,138887000.0,144604000.0,7172662000.0,1131377000.0,6041285000.0,11314428234.0,462632000.0,0.0,14672000.0,568906000.0,-955493000.0,-382479000.0,-344854000.0,32606000.0,1185718000.0,4247000.0,502036000.0,502036000.0,502036000.0,0.0,226663000.0,0.097,873433000.0,1029276000.0,164858000.0,1.951,-43.679,22.537,23.099,4727899000.0,0.0,112.49,2.195,2.25,238573000.0,44775000.0,5154284000.0,5154284000.0,0.0,0.067,2.704,0.08,0.154,14395000.0,441699000.0,1.0,100581636.0,103092000.0,104249000.0,49.997,7245297000.0,0.0,4299000.0,213788000.0,70.28,1071001000.0
35,WYNN,MRT,2012-09-30,2012-09-30,2012-09-30,2021-08-09,3625000.0,7956227000.0,7434845250.0,2841284000.0,5114943000.0,0.701,4.119,-265719000.0,2330937000.0,2330937000.0,3300923000.0,821135000.0,2.357,17.594,5782871000.0,1400000.0,5781471000.0,5782871000.0,0.0,374260000.0,595243000.0,0.061,7.0,804479000.0,1178739000.0,0.226,1178739000.0,804479000.0,537500000.0,5.28,5.22,5.28,411335000.0,772668500.0,411335000.0,15129100380.0,19.0,12.835,1090300000.0,10.917,1.0,1908140000.0,0.366,32410000.0,266979000.0,10170194000.0,9172225750.0,65531000.0,396197000.0,198897000.0,197300000.0,7236927000.0,1205557000.0,6031370000.0,11604275380.0,554913000.0,0.0,2376000.0,694491000.0,-1059838000.0,-362980000.0,-445972000.0,-432841000.0,1356019000.0,7846000.0,581136000.0,581136000.0,581136000.0,0.0,239999000.0,0.112,862020000.0,1046120000.0,186645000.0,1.326,28.211,19.968,21.864,4697692000.0,0.0,115.44,2.228,2.213,213322000.0,276565000.0,5209063000.0,5209063000.0,0.0,0.078,0.752,0.088,0.154,16908000.0,423057000.0,1.0,100522136.0,99871000.0,100892000.0,52.158,7923817000.0,0.0,-43636000.0,211016000.0,79.341,1635727000.0
36,WYNN,MRT,2012-06-30,2012-06-30,2012-06-30,2021-08-09,2096000.0,7480591000.0,7303032000.0,2470718000.0,5009873000.0,0.713,3.424,-247272000.0,1933189000.0,1933189000.0,3323599000.0,841149000.0,1.848,20.153,5458014000.0,165796000.0,5292218000.0,5458014000.0,0.0,380508000.0,608929000.0,0.067,7.0,813783000.0,1194291000.0,0.229,1194291000.0,813783000.0,564424000.0,5.18,5.12,5.18,341642000.0,1313529250.0,341642000.0,14050138733.0,17.0,11.764,1098387000.0,11.008,1.0,1885273000.0,0.362,33523000.0,249359000.0,9634845000.0,8478242250.0,66287000.0,277777000.0,219130000.0,58647000.0,6885119000.0,1337048000.0,5548071000.0,10425179733.0,248200000.0,0.0,-821000.0,361883000.0,-1071521000.0,-708270000.0,-394543000.0,-104927000.0,1345659000.0,5354000.0,596164000.0,596164000.0,596164000.0,0.0,244985000.0,0.114,846400000.0,1038873000.0,158665000.0,1.351,30.515,17.487,20.023,4744574000.0,0.0,103.72,2.001,1.987,218068000.0,214791000.0,5208872000.0,5208872000.0,0.0,0.082,0.454,0.096,0.156,14502000.0,415207000.0,1.0,100512724.0,99782000.0,101010000.0,52.203,7447068000.0,0.0,-31740000.0,205539000.0,74.633,1133670000.0
37,WYNN,MRT,2012-03-31,2012-03-31,2012-03-31,2021-08-09,2307000.0,7403067000.0,7209812250.0,2319938000.0,5083129000.0,0.738,2.206,-186350000.0,1871070000.0,1871070000.0,3359528000.0,797187000.0,1.72,27.997,5496029000.0,168023000.0,5328006000.0,5496029000.0,0.0,389097000.0,603750000.0,0.056,7.0,792078000.0,1181175000.0,0.222,1181175000.0,792078000.0,558362000.0,4.78,4.72,4.78,248675000.0,1855228750.0,248675000.0,14509040667.0,18.0,12.284,1344796000.0,11.932,1.0,1963490000.0,0.369,34637000.0,233716000.0,9644880000.0,7912693000.0,68163000.0,193589000.0,121633000.0,71956000.0,6962075000.0,1348509000.0,5613566000.0,12553908667.0,424238000.0,0.0,14207000.0,380019000.0,-1083814000.0,-679038000.0,-434389000.0,-190783000.0,1531146000.0,6519000.0,580131000.0,580131000.0,580131000.0,0.0,217056000.0,0.109,975707000.0,987783000.0,162488000.0,1.464,50.483,21.64,26.126,4802373000.0,0.0,124.88,2.358,2.644,222547000.0,126981000.0,5323018000.0,5323018000.0,0.0,0.08,0.313,0.1,0.149,9234000.0,407342000.0,1.0,100527776.0,112704000.0,114008000.0,47.23,7368430000.0,0.0,-21769000.0,228094000.0,65.379,971429000.0
38,WYNN,MRT,2011-12-31,2011-12-31,2011-12-31,2021-08-09,840000.0,6899496000.0,7054837250.0,1726452000.0,5173044000.0,0.747,16.842,-183449000.0,1262587000.0,1262587000.0,3310033000.0,825113000.0,1.093,2.238,3217719000.0,407934000.0,2809785000.0,3217719000.0,0.0,398039000.0,576011000.0,0.059,6.5,823743000.0,1221782000.0,0.232,1221782000.0,823743000.0,593825000.0,4.94,4.88,4.94,2089022000.0,2398233750.0,2089022000.0,15134423387.0,18.0,12.387,1332386000.0,10.742,1.0,1959759000.0,0.372,35751000.0,229918000.0,7238984000.0,7401305250.0,72061000.0,217943000.0,122066000.0,95877000.0,4676042000.0,1579893000.0,3096149000.0,13806516387.0,4088000.0,0.0,16230000.0,-51476000.0,-1033447000.0,-1057641000.0,-459100000.0,-215516000.0,1515835000.0,4994000.0,613371000.0,613371000.0,613371000.0,0.0,211742000.0,0.116,951519000.0,1008240000.0,171608000.0,1.316,6.609,22.509,22.366,4865332000.0,0.0,110.49,2.62,2.601,238490000.0,36368000.0,5269792000.0,5269792000.0,0.0,0.087,0.256,0.111,0.156,12829000.0,389053000.0,1.0,124957158.0,124039000.0,125667000.0,42.485,6863745000.0,0.0,-19546000.0,237390000.0,55.335,146559000.0
39,WYNN,MRT,2011-09-30,2011-09-30,2011-09-30,2021-08-09,-2867000.0,7428974000.0,6998587500.0,2205130000.0,5223844000.0,0.738,20.735,-139643000.0,1776024000.0,1776024000.0,3242907000.0,738725000.0,1.663,1.774,3103931000.0,170565000.0,2933366000.0,3103931000.0,0.0,404220000.0,546324000.0,0.078,9.0,786804000.0,1191024000.0,0.231,1191024000.0,786804000.0,553185000.0,4.33,4.29,4.33,2574778000.0,2435465250.0,2574778000.0,15840246436.0,20.0,13.3,1405588000.0,11.319,1.0,1920210000.0,0.372,36864000.0,233619000.0,7394260000.0,7530407500.0,77411000.0,244647000.0,134419000.0,110228000.0,4567656000.0,1325757000.0,3241899000.0,14379081436.0,-146314000.0,0.0,48875000.0,-75510000.0,-1258472000.0,-1269929000.0,-420019000.0,37712000.0,1545231000.0,-1597000.0,537140000.0,537140000.0,537140000.0,0.0,201585000.0,0.104,956467000.0,963743000.0,140254000.0,2.079,5.585,26.77,26.577,4687027000.0,0.0,115.08,2.785,2.768,190346000.0,307061000.0,5163117000.0,5163117000.0,0.0,0.077,0.221,0.104,0.152,9587000.0,393063000.0,1.0,124948570.0,124176000.0,125860000.0,41.579,7392110000.0,0.0,16045000.0,221509000.0,59.529,879373000.0
40,WYNN,MRT,2011-06-30,2011-06-30,2011-06-30,2021-08-09,921000.0,7107712000.0,6981814750.0,2070862000.0,5036850000.0,0.698,20.234,-146283000.0,1684989000.0,1684989000.0,3060049000.0,551486000.0,1.788,1.742,3146154000.0,150898000.0,2995256000.0,3146154000.0,0.0,403039000.0,468413000.0,0.061,8.75,633861000.0,1036900000.0,0.213,1036900000.0,633861000.0,397363000.0,3.04,3.01,3.04,2508440000.0,2560735250.0,2508440000.0,19627516727.0,31.0,18.929,1319437000.0,10.643,1.0,1810713000.0,0.372,37978000.0,236498000.0,7372648000.0,7640421750.0,75368000.0,176187000.0,99289000.0,76898000.0,4369977000.0,1158251000.0,3211726000.0,17907728727.0,-173433000.0,0.0,73091000.0,-160896000.0,-1224280000.0,-1296393000.0,-343288000.0,-171989000.0,1465720000.0,528000.0,376569000.0,376569000.0,376569000.0,0.0,174917000.0,0.077,954866000.0,855847000.0,166711000.0,2.878,7.139,47.555,47.217,4770450000.0,0.0,143.54,3.677,3.653,180792000.0,242490000.0,4870762000.0,4870762000.0,0.0,0.054,0.147,0.083,0.13,10186000.0,388158000.0,1.0,124757759.0,123970000.0,125729000.0,39.29,7069734000.0,0.0,20794000.0,249417000.0,57.028,912611000.0
41,WYNN,MRT,2011-03-31,2011-03-31,2011-03-31,2021-08-09,-9000.0,6783167000.0,7047180500.0,1745317000.0,5037850000.0,0.644,19.56,-226320000.0,1446832000.0,1446832000.0,2885520000.0,485072000.0,2.019,1.722,3166620000.0,2675000.0,3163945000.0,3166620000.0,0.0,402340000.0,383556000.0,0.067,8.5,556292000.0,958632000.0,0.211,958632000.0,556292000.0,324427000.0,2.49,2.46,2.49,2420695000.0,2710139250.0,2420695000.0,17855761081.0,32.0,18.626,1013075000.0,8.186,1.0,1650532000.0,0.364,39091000.0,231865000.0,7599329000.0,7799172500.0,80896000.0,3934000.0,0.0,3934000.0,4167263000.0,864535000.0,3302728000.0,15846731081.0,-310183000.0,0.0,67618000.0,-190689000.0,-1192138000.0,-1304703000.0,-243404000.0,0.0,1239395000.0,-1471000.0,306943000.0,306943000.0,306943000.0,0.0,178129000.0,0.068,859572000.0,790960000.0,154834000.0,3.414,6.546,51.628,51.068,4854124000.0,0.0,127.16,3.494,3.469,186841000.0,182846000.0,4536052000.0,4536052000.0,0.0,0.044,0.113,0.071,0.123,16480000.0,391914000.0,1.0,124620408.0,123757000.0,125371000.0,36.653,6744076000.0,0.0,17484000.0,238366000.0,54.495,880782000.0
42,WYNN,MRT,2010-12-31,2010-12-31,2010-12-31,2021-08-09,889000.0,6674497000.0,7173929250.0,1561136000.0,5113361000.0,0.583,18.226,-283089000.0,1258499000.0,1258499000.0,2699615000.0,316596000.0,1.758,1.919,3267529000.0,2675000.0,3264854000.0,3267529000.0,0.0,405558000.0,368621000.0,0.082,8.5,403437000.0,808995000.0,0.193,808995000.0,403437000.0,180574000.0,1.3,1.29,1.3,2237948000.0,2872119250.0,2237948000.0,14127315604.0,35.0,17.463,774223000.0,6.305,1.0,1485083000.0,0.355,40205000.0,222863000.0,7755393000.0,7933698750.0,86847000.0,4232000.0,0.0,4232000.0,4293912000.0,887929000.0,3405983000.0,12870570604.0,-733331000.0,0.0,66186000.0,-376517000.0,-1192138000.0,-1492636000.0,-296123000.0,0.0,1057312000.0,-1884000.0,160127000.0,160127000.0,160127000.0,0.0,156469000.0,0.038,859831000.0,625252000.0,168135000.0,6.538,5.751,80.377,79.877,4921259000.0,0.0,103.84,3.076,3.047,187464000.0,9042000.0,4184698000.0,4184698000.0,0.0,0.022,0.056,0.051,0.096,17335000.0,391254000.0,1.0,123946173.0,122787000.0,123939000.0,34.081,6634292000.0,0.0,20447000.0,255804000.0,54.031,673207000.0
43,WYNN,MRT,2010-09-30,2010-09-30,2010-09-30,2021-08-09,2900000.0,7361883000.0,7400747250.0,2186143000.0,5175740000.0,0.508,25.054,-338602000.0,1922338000.0,1922338000.0,2454204000.0,157954000.0,2.942,1.32,3179083000.0,2675000.0,3176408000.0,3179083000.0,0.0,409700000.0,323783000.0,0.052,4.5,247784000.0,657484000.0,0.175,657484000.0,247784000.0,34060000.0,0.33,0.32,0.33,3075858000.0,3071216750.0,3075858000.0,12092085443.0,49.0,18.391,469315000.0,3.823,1.0,1302635000.0,0.347,41319000.0,213724000.0,7834317000.0,8092050000.0,95344000.0,4048000.0,0.0,4048000.0,4059988000.0,742992000.0,3316996000.0,10716819443.0,626260000.0,0.0,36066000.0,-1178325000.0,-551210000.0,177906000.0,-358485000.0,0.0,807917000.0,-1078000.0,40664000.0,40664000.0,40664000.0,0.0,117290000.0,0.011,862175000.0,440460000.0,130752000.0,13.636,3.484,263.546,262.939,4976270000.0,0.0,86.77,2.853,2.836,141379000.0,-105441000.0,3756839000.0,3756839000.0,0.0,0.005,0.013,0.031,0.066,15081000.0,386940000.0,1.0,123508349.0,122771000.0,122771000.0,30.6,7320564000.0,0.0,-6604000.0,132885000.0,59.628,1443151000.0
44,WYNN,MRT,2010-06-30,2010-06-30,2010-06-30,2021-08-09,-100000.0,7369175000.0,7275791000.0,2140798000.0,5228377000.0,0.484,25.351,-421494000.0,1858422000.0,1858422000.0,2297519000.0,194218000.0,3.083,1.31,3233688000.0,2675000.0,3231013000.0,3233688000.0,0.0,412266000.0,286880000.0,0.056,4.25,286453000.0,698719000.0,0.198,698719000.0,286453000.0,82930000.0,0.88,0.87,0.88,3106056000.0,2776074750.0,3106056000.0,10929597149.0,38.0,15.642,423389000.0,3.456,1.0,1226442000.0,0.348,42431000.0,203523000.0,8007651000.0,8398025500.0,97887000.0,4011000.0,0.0,4011000.0,4070004000.0,694359000.0,3375645000.0,9404882149.0,768240000.0,0.0,15666000.0,-987319000.0,-520519000.0,372840000.0,-446599000.0,0.0,844883000.0,-2884000.0,108382000.0,108382000.0,108382000.0,0.0,85836000.0,0.031,838432000.0,388010000.0,143338000.0,4.83,3.028,86.775,86.67,5031785000.0,0.0,76.27,2.669,2.652,157560000.0,-41020000.0,3523961000.0,3523961000.0,0.0,0.015,0.039,0.034,0.081,18520000.0,372897000.0,1.0,123310373.0,122521000.0,123816000.0,28.762,7326744000.0,0.0,-25452000.0,150530000.0,59.8,1446439000.0
45,WYNN,MRT,2010-03-31,2010-03-31,2010-03-31,2021-08-09,1852000.0,7290162000.0,7095678750.0,2050722000.0,5239440000.0,0.453,25.068,-445348000.0,1757015000.0,1757015000.0,2084296000.0,130780000.0,3.235,1.325,3281730000.0,2675000.0,3279055000.0,3281730000.0,0.0,413644000.0,252724000.0,0.053,4.0,277244000.0,690888000.0,0.215,690888000.0,277244000.0,73630000.0,0.66,0.66,0.66,3068615000.0,2462849750.0,3068615000.0,10926836965.0,39.0,15.816,228983000.0,1.871,1.0,1130278000.0,0.352,43545000.0,203614000.0,8137434000.0,8667264250.0,107158000.0,3896000.0,0.0,3896000.0,4064534000.0,633898000.0,3430636000.0,9349563965.0,38293000.0,0.0,7144000.0,-1562826000.0,-489876000.0,-181927000.0,-452773000.0,0.0,674331000.0,-1338000.0,81456000.0,81456000.0,81456000.0,0.0,49324000.0,0.025,807616000.0,322662000.0,120385000.0,6.061,3.047,114.781,114.894,5042195000.0,0.0,75.83,2.908,2.888,157860000.0,-62571000.0,3214574000.0,3214574000.0,0.0,0.011,0.033,0.032,0.086,19223000.0,359159000.0,1.0,123296373.0,122411000.0,122982000.0,26.26,7246617000.0,0.0,-7826000.0,127785000.0,59.199,1416824000.0
46,WYNN,MRT,2009-12-31,2009-12-31,2009-12-31,2021-08-09,2446000.0,7581769000.0,7101247750.0,2282956000.0,5298813000.0,0.429,25.32,-539822000.0,1991830000.0,1991830000.0,1991049000.0,39107000.0,3.146,1.457,3569103000.0,2675000.0,3566428000.0,3569103000.0,0.0,410547000.0,318755000.0,0.069,4.0,235038000.0,645585000.0,0.212,645585000.0,235038000.0,23653000.0,0.17,0.17,0.17,3034338000.0,2150830750.0,3034338000.0,10064924804.0,43.0,15.59,54134000.0,0.452,1.0,1054562000.0,0.346,44659000.0,211385000.0,8388798000.0,9057214000.0,107005000.0,4102000.0,0.0,4102000.0,4421406000.0,725585000.0,3695821000.0,7169580804.0,857926000.0,0.0,208492000.0,-802037000.0,-489876000.0,815515000.0,-551080000.0,0.0,593956000.0,-465000.0,20654000.0,20654000.0,20654000.0,0.0,18453000.0,0.007,819599000.0,234963000.0,135501000.0,23.529,2.363,347.128,342.529,5062059000.0,0.0,58.23,2.354,2.291,152879000.0,-89559000.0,3045611000.0,3045611000.0,0.0,0.003,0.01,0.026,0.077,-20573000.0,365070000.0,1.0,123125207.0,119840000.0,120185000.0,25.414,7537110000.0,26386000.0,2999000.0,145012000.0,62.893,1557371000.0
47,WYNN,MRT,2009-09-30,2009-09-30,2009-09-30,2021-08-09,2354000.0,6862058000.0,6894752500.0,1558397000.0,5303661000.0,0.413,15.51,-813215000.0,1296078000.0,1296078000.0,1878168000.0,-133692000.0,2.385,2.621,4191422000.0,2675000.0,4188747000.0,4191422000.0,0.0,376991000.0,0.0,0.0,0.0,197578000.0,574569000.0,0.202,574569000.0,197578000.0,-9463000.0,-1.27,-1.29,-1.27,1895290000.0,1792645000.0,1895290000.0,11764437296.0,60.0,20.475,-331635000.0,-2.714,1.0,972389000.0,0.341,45773000.0,207041000.0,9058219000.0,9245561250.0,111793000.0,3904000.0,0.0,3904000.0,4966768000.0,653410000.0,4313358000.0,8727554296.0,-417591000.0,0.0,548166000.0,-688954000.0,0.0,-112355000.0,-788177000.0,0.0,481580000.0,1361000.0,-133692000.0,-133692000.0,-133692000.0,0.0,0.0,-0.047,783247000.0,189142000.0,115335000.0,0.0,4.605,-65.281,-55.819,5087166000.0,0.0,70.89,3.062,3.039,122258000.0,8775000.0,2850557000.0,2850557000.0,0.0,-0.019,-0.075,0.021,0.069,-13581000.0,333526000.0,1.0,123114040.0,122200000.0,122610000.0,23.327,6816285000.0,12295000.0,124229000.0,86340000.0,55.78,904987000.0
48,WYNN,MRT,2009-06-30,2009-06-30,2009-06-30,2021-08-09,2354000.0,6648726000.0,7001113500.0,1351620000.0,5297106000.0,0.407,15.17,-1026368000.0,1090182000.0,1090182000.0,1870377000.0,-116703000.0,2.439,2.588,4127065000.0,2675000.0,4124390000.0,4127065000.0,0.0,340719000.0,0.0,0.0,0.0,197493000.0,538212000.0,0.189,538212000.0,197493000.0,329000.0,-1.05,-1.07,-1.05,1853156000.0,1669113000.0,1853156000.0,7381939787.0,37.0,13.716,-670322000.0,-5.487,1.0,976295000.0,0.343,46886000.0,197164000.0,9084606000.0,9351267500.0,113153000.0,4032000.0,0.0,4032000.0,4795570000.0,554117000.0,4241453000.0,4344151787.0,-243646000.0,0.0,112940000.0,261756000.0,0.0,401100000.0,-1008306000.0,0.0,356046000.0,7514000.0,-116703000.0,-116703000.0,-116703000.0,0.0,0.0,-0.041,788984000.0,187311000.0,122815000.0,0.0,2.344,-37.224,-33.619,5098567000.0,0.0,35.3,1.526,1.515,118553000.0,-25435000.0,2846672000.0,2846672000.0,0.0,-0.017,-0.07,0.021,0.069,-15048000.0,329910000.0,1.0,123063790.0,122161000.0,122386000.0,23.303,6601840000.0,1999000.0,117032000.0,70633000.0,54.042,797503000.0
49,WYNN,MRT,2009-03-31,2009-03-31,2009-03-31,2021-08-09,2626000.0,7312438000.0,6971195250.0,1992922000.0,5319516000.0,0.423,16.173,-1226609000.0,1718722000.0,1718722000.0,1931358000.0,129788000.0,3.294,3.017,4756510000.0,2675000.0,4753835000.0,4756510000.0,0.0,301949000.0,0.0,0.0,0.0,273450000.0,575399000.0,0.195,575399000.0,273450000.0,88993000.0,1.19,1.17,1.19,1820539000.0,1624360500.0,1820539000.0,5396130371.0,20.0,9.378,-781047000.0,-6.938,1.0,1017215000.0,0.345,47999000.0,184457000.0,9697233000.0,9099632750.0,119311000.0,4065000.0,0.0,4065000.0,5491899000.0,604994000.0,4886905000.0,2236925371.0,479453000.0,0.0,112161000.0,1122818000.0,0.0,1261389000.0,-1232882000.0,0.0,445562000.0,5384000.0,129788000.0,129788000.0,129788000.0,0.0,0.0,0.044,768533000.0,248682000.0,160275000.0,0.0,1.229,17.235,16.782,5103984000.0,0.0,19.97,0.759,0.762,123485000.0,-50950000.0,2948573000.0,2948573000.0,0.0,0.019,0.08,0.03,0.093,-16277000.0,332953000.0,1.0,112014290.0,112568000.0,112568000.0,26.194,7264439000.0,18353000.0,-40795000.0,88069000.0,64.534,1387928000.0
50,WYNN,MRT,2008-12-31,2008-12-31,2008-12-31,2021-08-09,2614000.0,6755788000.0,6694469500.0,1411091000.0,5344697000.0,0.446,14.774,-1326462000.0,1133904000.0,1133904000.0,1938308000.0,210479000.0,1.95,3.218,4293109000.0,2685000.0,4290424000.0,4293109000.0,0.0,263213000.0,200902000.0,0.0,0.0,321611000.0,584824000.0,0.196,584824000.0,321611000.0,148918000.0,1.94,1.92,1.94,1601595000.0,1608596000.0,1601595000.0,7568015940.0,24.0,12.941,-803279000.0,-7.41,1.0,1049016000.0,0.351,49049000.0,172693000.0,9142187000.0,8605775250.0,120944000.0,4696000.0,0.0,4696000.0,5154193000.0,723757000.0,4430436000.0,4395569940.0,-141216000.0,0.0,-93030000.0,772653000.0,0.0,667572000.0,-1338999000.0,0.0,523183000.0,7028000.0,210479000.0,210479000.0,210479000.0,0.0,0.0,0.07,736880000.0,312136000.0,232136000.0,0.0,2.744,20.884,21.784,5118646000.0,0.0,42.26,1.471,1.534,125196000.0,-17136000.0,2987324000.0,2987324000.0,0.0,0.031,0.131,0.037,0.108,20328000.0,319303000.0,1.0,104012540.0,108408000.0,109441000.0,27.556,6706739000.0,0.0,-61561000.0,79806000.0,61.866,687334000.0
51,WYNN,MRT,2008-09-30,2008-09-30,2008-09-30,2021-08-09,2101000.0,7287502000.0,6580343000.0,1979930000.0,5307572000.0,0.469,13.568,-1226497000.0,1745295000.0,1745295000.0,1953675000.0,373527000.0,2.132,4.201,4917741000.0,3050000.0,4914691000.0,4917741000.0,0.0,253151000.0,0.0,0.073,6.0,366287000.0,619438000.0,0.201,619438000.0,366287000.0,202473000.0,3.36,3.31,3.36,1401162000.0,1695237000.0,1401162000.0,10956320886.0,30.0,17.688,-619445000.0,-5.999,1.0,1130649000.0,0.367,50127000.0,163814000.0,9481044000.0,8166327750.0,95977000.0,4744000.0,0.0,4744000.0,5886340000.0,928777000.0,4957563000.0,8469785886.0,884609000.0,0.0,-271621000.0,2508191000.0,-683299000.0,1533159000.0,-1257131000.0,-190575000.0,607052000.0,1529000.0,373527000.0,373527000.0,373527000.0,0.0,0.0,0.121,710087000.0,420562000.0,179162000.0,1.786,6.045,22.675,24.298,4702986000.0,0.0,81.64,2.746,2.733,138858000.0,226969000.0,3084324000.0,3084324000.0,0.0,0.057,0.22,0.045,0.119,17984000.0,330062000.0,1.0,103745540.0,103266000.0,104270000.0,29.868,7237375000.0,309917000.0,-171054000.0,363194000.0,70.085,1051153000.0
52,WYNN,MRT,2008-06-30,2008-06-30,2008-06-30,2021-08-09,-3311000.0,6529053000.0,6029994750.0,1644147000.0,4884906000.0,0.492,15.065,-1214041000.0,1409248000.0,1409248000.0,1866314000.0,367068000.0,1.855,2.9,3895783000.0,2714000.0,3893069000.0,3895783000.0,0.0,243517000.0,0.0,0.074,6.0,380717000.0,624234000.0,0.21,624234000.0,380717000.0,222423000.0,3.28,3.23,3.28,1674146000.0,1821585750.0,1674146000.0,11229806805.0,29.0,17.99,-551848000.0,-4.966,1.0,1102210000.0,0.371,51240000.0,158294000.0,8078067000.0,7285352000.0,80042000.0,4956000.0,0.0,4956000.0,4854907000.0,886281000.0,3968626000.0,9097699805.0,495289000.0,0.0,110158000.0,1642277000.0,-683299000.0,1050846000.0,-1216717000.0,-196786000.0,662193000.0,-1033000.0,367068000.0,367068000.0,367068000.0,0.0,0.0,0.124,673448000.0,428762000.0,320534000.0,1.829,5.434,24.785,24.802,4414496000.0,0.0,81.35,3.065,3.045,153596000.0,175749000.0,2968524000.0,2968524000.0,0.0,0.061,0.202,0.052,0.128,17740000.0,322595000.0,1.0,111834048.0,111128000.0,112365000.0,26.713,6477813000.0,187617000.0,-144645000.0,266486000.0,58.291,757866000.0
53,WYNN,MRT,2008-03-31,2008-03-31,2008-03-31,2021-08-09,-873000.0,6205535000.0,5612107250.0,1528174000.0,4677361000.0,0.504,15.634,-1124174000.0,1529760000.0,1529760000.0,1755005000.0,184648000.0,2.712,2.531,3661867000.0,3078000.0,3658789000.0,3661867000.0,0.0,231458000.0,0.0,0.06,6.0,344940000.0,576398000.0,0.204,576398000.0,344940000.0,192168000.0,1.71,1.66,1.71,1757481000.0,1822601750.0,1757481000.0,13098483537.0,38.0,22.725,-500672000.0,-4.454,1.0,1075903000.0,0.38,52354000.0,152772000.0,7721803000.0,6733683000.0,75702000.0,5520000.0,0.0,5520000.0,4448054000.0,563485000.0,3884569000.0,11368111537.0,437636000.0,0.0,-10926000.0,1565023000.0,-683299000.0,838163000.0,-1024802000.0,-92490000.0,623502000.0,773000.0,184648000.0,184648000.0,184648000.0,0.0,0.0,0.065,665669000.0,410234000.0,173953000.0,3.509,6.468,61.566,58.854,4156650000.0,0.0,100.64,4.016,3.996,156224000.0,-96275000.0,2830908000.0,2830908000.0,0.0,0.033,0.101,0.051,0.122,17485000.0,311916000.0,1.0,112958183.0,112413000.0,113648000.0,25.183,6153181000.0,22817000.0,7520000.0,234776000.0,54.737,964689000.0
54,WYNN,MRT,2007-12-31,2007-12-31,2007-12-31,2021-08-09,-2905000.0,6299282000.0,5234481500.0,1581991000.0,4717291000.0,0.513,18.374,-987191000.0,1806240000.0,1806240000.0,1625065000.0,196336000.0,2.703,2.233,3536612000.0,3273000.0,3533339000.0,3536612000.0,0.0,220250000.0,0.0,0.054,6.0,377314000.0,597564000.0,0.222,597564000.0,377314000.0,232137000.0,1.85,1.8,1.85,1948159000.0,1809441500.0,1948159000.0,14347562643.0,38.0,24.01,-326617000.0,-3.08,1.0,1062454000.0,0.395,60074000.0,145177000.0,7384397000.0,6175630750.0,73291000.0,5500000.0,0.0,5500000.0,4351123000.0,585183000.0,3765940000.0,12818669643.0,485713000.0,0.0,-6040000.0,1375666000.0,-683299000.0,651871000.0,-824073000.0,0.0,660574000.0,-2659000.0,196336000.0,196336000.0,196336000.0,0.0,0.0,0.073,635099000.0,427355000.0,182718000.0,3.243,6.58,65.289,60.611,3939979000.0,0.0,112.13,4.77,4.424,179059000.0,-143899000.0,2687519000.0,2687519000.0,0.0,0.038,0.109,0.061,0.14,18527000.0,310820000.0,1.0,114319715.0,106030000.0,112685000.0,25.347,6239208000.0,24746000.0,35801000.0,228105000.0,58.844,996808000.0
55,WYNN,MRT,2007-09-30,2007-09-30,2007-09-30,2021-08-09,1983000.0,5086109000.0,4824706000.0,1093647000.0,3992462000.0,0.526,17.714,-890720000.0,875871000.0,875871000.0,1518245000.0,137272000.0,1.834,1.668,2404764000.0,4059000.0,2400705000.0,2404764000.0,0.0,210094000.0,0.0,0.038,6.0,381579000.0,591673000.0,0.233,591673000.0,381579000.0,233904000.0,1.31,1.31,1.31,1906557000.0,1733798000.0,1906557000.0,18916011778.0,50.0,31.97,-277819000.0,-2.581,1.0,1021569000.0,0.402,61456000.0,147675000.0,5957141000.0,5690485750.0,66973000.0,5175000.0,0.0,5175000.0,3179552000.0,596405000.0,2583147000.0,17317756778.0,-573219000.0,0.0,-155872000.0,251681000.0,-608299000.0,-539343000.0,-648448000.0,71760000.0,612901000.0,1671000.0,137272000.0,137272000.0,137272000.0,0.0,0.0,0.054,624850000.0,396719000.0,172876000.0,4.58,9.083,126.157,120.275,3721278000.0,0.0,157.56,6.819,6.677,134202000.0,-187097000.0,2539814000.0,2539814000.0,0.0,0.028,0.079,0.067,0.15,17188000.0,309707000.0,1.0,109912140.0,107632000.0,110881000.0,23.597,5024653000.0,16261000.0,96632000.0,238280000.0,46.684,497242000.0
56,WYNN,MRT,2007-06-30,2007-06-30,2007-06-30,2021-08-09,-3998000.0,4857503000.0,4862370750.0,1091719000.0,3765784000.0,0.453,16.581,-797338000.0,879139000.0,879139000.0,1308113000.0,808188000.0,2.092,1.894,2477394000.0,3505000.0,2473889000.0,2477394000.0,0.0,196563000.0,0.0,0.067,6.0,1165735000.0,1362298000.0,0.618,1362298000.0,1165735000.0,1015834000.0,8.01,8.01,8.01,1678210000.0,1830282250.0,1678210000.0,10515060082.0,9.0,7.719,-260849000.0,-2.577,1.0,896407000.0,0.407,62551000.0,149901000.0,5871391000.0,5529603750.0,65418000.0,5262000.0,0.0,5262000.0,3179293000.0,521816000.0,2657477000.0,9141603082.0,459587000.0,0.0,-102129000.0,183985000.0,-608299000.0,-548015000.0,473017000.0,208780000.0,536489000.0,-1904000.0,808188000.0,808188000.0,808188000.0,0.0,0.0,0.367,604753000.0,291654000.0,155150000.0,0.749,5.447,11.311,11.192,3456380000.0,0.0,89.65,4.147,4.116,124969000.0,-231837000.0,2204520000.0,2204520000.0,0.0,0.166,0.442,0.211,0.529,18251000.0,287998000.0,1.0,101970031.0,101214000.0,112111000.0,21.781,4794952000.0,17955000.0,207646000.0,264825000.0,47.374,569903000.0
57,WYNN,MRT,2007-03-31,2007-03-31,2007-03-31,2021-08-09,-3737000.0,4695032000.0,4673361250.0,1085613000.0,3609419000.0,0.383,16.813,-674354000.0,946529000.0,946529000.0,1060276000.0,698568000.0,2.108,1.754,2319986000.0,1868000.0,2318118000.0,2319986000.0,0.0,185203000.0,0.0,0.063,6.0,1042386000.0,1227589000.0,0.686,1227589000.0,1042386000.0,892638000.0,6.93,6.93,6.93,1704840000.0,1803171500.0,1704840000.0,11025503066.0,11.0,8.981,-291506000.0,-2.875,1.0,730073000.0,0.408,63932000.0,149748000.0,5489594000.0,5377427500.0,66442000.0,4845000.0,0.0,4845000.0,2990192000.0,514963000.0,2475229000.0,9665644066.0,324606000.0,0.0,21290000.0,136911000.0,-608299000.0,-457278000.0,400679000.0,58043000.0,382848000.0,-1643000.0,698568000.0,698568000.0,698568000.0,0.0,0.0,0.39,562888000.0,167185000.0,145916000.0,0.866,5.67,13.836,13.688,3257364000.0,0.0,94.86,5.399,5.373,129427000.0,-321387000.0,1790349000.0,1790349000.0,0.0,0.149,0.387,0.194,0.582,17253000.0,262715000.0,1.0,101893781.0,101402000.0,112348000.0,17.656,4631100000.0,13727000.0,194070000.0,260769000.0,45.671,570650000.0
58,WYNN,MRT,2006-12-31,2006-12-31,2006-12-31,2021-08-09,-94000.0,4660180000.0,4501950000.0,1096991000.0,3563189000.0,0.318,16.456,-643360000.0,1026793000.0,1026793000.0,842713000.0,628728000.0,2.146,1.832,2386652000.0,6115000.0,2380537000.0,2386652000.0,0.0,175464000.0,0.0,0.064,6.0,947246000.0,1122710000.0,0.784,1122710000.0,947246000.0,799229000.0,6.29,6.29,6.29,1645585000.0,1769969000.0,1645585000.0,10182920922.0,11.0,9.07,-402594000.0,-4.026,1.0,589544000.0,0.412,65135000.0,148017000.0,5443817000.0,5260204750.0,64368000.0,5981000.0,0.0,5981000.0,3014595000.0,511087000.0,2503508000.0,9529807922.0,355118000.0,0.0,21790000.0,306019000.0,-608299000.0,-287457000.0,401809000.0,0.0,240766000.0,0.0,628728000.0,628728000.0,628728000.0,0.0,0.0,0.439,520928000.0,68616000.0,123061000.0,0.954,5.791,15.157,14.921,3157622000.0,0.0,93.85,6.654,6.552,140232000.0,-377747000.0,1432257000.0,1432257000.0,0.0,0.14,0.355,0.18,0.661,16712000.0,231515000.0,1.0,101542972.0,99998000.0,111627000.0,14.323,4595045000.0,13727000.0,170501000.0,230631000.0,45.951,585904000.0
59,WYNN,MRT,2006-09-30,2006-09-30,2006-09-30,2021-08-09,-1212000.0,5236768000.0,4323225750.0,1705148000.0,3531620000.0,0.263,22.815,-595970000.0,1726066000.0,1726066000.0,657661000.0,674267000.0,3.36,1.284,2379179000.0,15801000.0,2363378000.0,2379179000.0,0.0,160636000.0,0.0,0.0,0.0,940461000.0,1101097000.0,0.967,1101097000.0,940461000.0,794973000.0,6.7,6.7,6.7,2292494000.0,1749296500.0,2292494000.0,8322729077.0,9.0,7.559,-390014000.0,-3.882,1.0,480438000.0,0.422,68749000.0,145488000.0,5313613000.0,5110367500.0,60580000.0,5271000.0,0.0,5271000.0,2944274000.0,507519000.0,2436755000.0,6860964077.0,849399000.0,-239000.0,5586000.0,323425000.0,0.0,305608000.0,337835000.0,113230000.0,205956000.0,0.0,674267000.0,674267000.0,674267000.0,0.0,0.0,0.592,470293000.0,10145000.0,131826000.0,0.0,2.993,10.175,10.151,3057030000.0,0.0,68.01,6.028,6.004,101902000.0,288990000.0,1138099000.0,1138099000.0,0.0,0.156,0.385,0.184,0.826,15068000.0,195324000.0,1.0,100881695.0,100480000.0,111702000.0,11.327,5168019000.0,11542000.0,120706000.0,131879000.0,51.433,1197629000.0
60,WYNN,MRT,2006-06-30,2006-06-30,2006-06-30,2021-08-09,-229000.0,4101465000.0,3999724750.0,602057000.0,3499408000.0,0.268,15.724,-543180000.0,833548000.0,833548000.0,607156000.0,-50636000.0,2.61,1.613,2295313000.0,15696000.0,2279617000.0,2295313000.0,0.0,156052000.0,0.0,0.0,0.0,94330000.0,250382000.0,0.234,250382000.0,94330000.0,-50327000.0,-0.51,-0.51,-0.51,1569767000.0,1568369750.0,1569767000.0,8683238517.0,92.0,34.68,-434924000.0,-4.357,1.0,464292000.0,0.433,69862000.0,144657000.0,5262686000.0,4971032750.0,49951000.0,5193000.0,0.0,5193000.0,2531698000.0,230682000.0,2301016000.0,7372682517.0,-106844000.0,-239000.0,5127000.0,309053000.0,0.0,284076000.0,-499176000.0,137416000.0,108256000.0,0.0,-50636000.0,-50636000.0,-50636000.0,0.0,0.0,-0.047,422135000.0,42157000.0,75078000.0,0.0,4.697,-145.602,-143.725,2814005000.0,0.0,73.3,6.881,6.83,65772000.0,-426665000.0,1071448000.0,1071448000.0,0.0,-0.013,-0.032,0.019,0.088,9825000.0,183943000.0,1.0,100582299.0,99830000.0,99830000.0,10.733,4031603000.0,0.0,309000.0,0.0,40.385,371375000.0
61,WYNN,MRT,2006-03-31,2006-03-31,2006-03-31,2021-08-09,0.0,4009387000.0,3952240750.0,693533000.0,3315854000.0,0.253,15.922,-700432000.0,885182000.0,885182000.0,555589000.0,-72344000.0,2.871,1.55,2195738000.0,15592000.0,2180146000.0,2195738000.0,0.0,141635000.0,0.0,0.0,0.0,64149000.0,205784000.0,0.206,205784000.0,64149000.0,-72344000.0,-0.74,-0.74,-0.74,1572030000.0,1569872500.0,1572030000.0,8895539976.0,139.0,43.228,-612733000.0,-6.206,1.0,443609000.0,0.444,57634000.0,136493000.0,5020703000.0,4784606500.0,47317000.0,5395000.0,0.0,5395000.0,2437357000.0,241606000.0,2195751000.0,7666095976.0,110739000.0,-3739000.0,3235000.0,235447000.0,0.0,209066000.0,-186026000.0,548059000.0,87699000.0,0.0,-72344000.0,-72344000.0,-72344000.0,0.0,0.0,-0.072,418679000.0,24930000.0,66082000.0,0.0,4.877,-105.967,-103.851,2727008000.0,0.0,76.85,7.672,7.594,66533000.0,-406595000.0,999198000.0,999198000.0,0.0,-0.018,-0.046,0.013,0.064,7339000.0,165942000.0,1.0,99754014.0,98736000.0,98736000.0,10.12,3951753000.0,0.0,0.0,0.0,40.023,451927000.0
62,WYNN,MRT,2005-12-31,2005-12-31,2005-12-31,2021-08-09,0.0,3945283000.0,3916988000.0,684542000.0,3260741000.0,0.184,15.898,-876965000.0,876891000.0,876891000.0,398101000.0,-90836000.0,2.537,1.524,2106335000.0,15489000.0,2090846000.0,2106335000.0,0.0,103344000.0,0.0,0.0,0.0,11863000.0,115207000.0,0.16,115207000.0,11863000.0,-90836000.0,-0.92,-0.92,-0.92,1562895000.0,1580737500.0,1562895000.0,6567692770.0,554.0,57.008,-828490000.0,-8.427,1.0,323880000.0,0.449,60480000.0,102699000.0,4844468000.0,4585219250.0,39884000.0,5070000.0,0.0,5070000.0,2382388000.0,269779000.0,2112609000.0,5458823770.0,104028000.0,-3739000.0,1404000.0,505198000.0,0.0,476673000.0,-421120000.0,499765000.0,48475000.0,0.0,-90836000.0,-90836000.0,-90836000.0,0.0,0.0,-0.126,349767000.0,-25887000.0,79768000.0,0.0,3.493,-60.095,-59.62,2663870000.0,0.0,54.85,7.561,7.469,88468000.0,-395161000.0,721981000.0,721981000.0,0.0,-0.023,-0.057,0.003,0.016,4676000.0,118980000.0,1.0,99522767.0,98308000.0,98308000.0,7.344,3884803000.0,0.0,0.0,7826000.0,39.517,414763000.0
63,WYNN,MRT,2005-09-30,2005-09-30,2005-09-30,2021-08-09,14431000.0,3942764000.0,3796770500.0,760262000.0,3182502000.0,0.119,15.931,-1014593000.0,989897000.0,989897000.0,248716000.0,-207251000.0,3.065,1.513,2098766000.0,750000.0,2098016000.0,2098766000.0,0.0,70757000.0,0.0,0.0,0.0,-139667000.0,-68910000.0,-0.152,-68910000.0,-139667000.0,-207251000.0,-2.25,-2.25,-2.25,1568787000.0,1601136750.0,1568787000.0,5433699793.0,-39.0,-78.852,-1081761000.0,-10.985,1.0,203845000.0,0.45,47313000.0,67584000.0,4756274000.0,4266296750.0,33355000.0,4214000.0,0.0,4214000.0,2373977000.0,248046000.0,2125931000.0,4492583793.0,343634000.0,-3500000.0,525306000.0,1056619000.0,0.0,1503530000.0,-1092728000.0,-42850000.0,-67168000.0,0.0,-207251000.0,-207251000.0,-207251000.0,0.0,0.0,-0.458,280803000.0,-76958000.0,66977000.0,0.0,2.864,-21.677,-20.067,2597904000.0,0.0,45.15,9.927,9.824,55455000.0,-401512000.0,452561000.0,452561000.0,0.0,-0.055,-0.129,-0.033,-0.309,4356000.0,75867000.0,1.0,99503517.0,98472000.0,98472000.0,4.596,3895451000.0,0.0,0.0,0.0,39.559,512216000.0
64,WYNN,MRT,2005-06-30,2005-06-30,2005-06-30,2021-08-09,9488000.0,3911529000.0,3428575500.0,714482000.0,3197047000.0,0.059,16.046,-1093094000.0,1077808000.0,1077808000.0,108025000.0,-220710000.0,2.483,1.482,2018924000.0,739000.0,2018185000.0,2018924000.0,0.0,34774000.0,0.0,0.0,0.0,-188928000.0,-154154000.0,-0.766,-154154000.0,-188928000.0,-220710000.0,-2.42,-2.42,-2.42,1575778000.0,1520174500.0,1575778000.0,5354330126.0,-28.0,-34.734,-1197986000.0,-12.199,1.0,93096000.0,0.463,47909000.0,31782000.0,4516981000.0,3746379250.0,29324000.0,3751000.0,0.0,3751000.0,2335751000.0,287755000.0,2047996000.0,4702503126.0,124787000.0,-3500000.0,524812000.0,1284042000.0,0.0,1735020000.0,-1505341000.0,-371867000.0,-104892000.0,0.0,-220710000.0,-220710000.0,-220710000.0,0.0,0.0,-1.097,207083000.0,-113987000.0,115698000.0,0.0,2.984,-21.306,-19.533,2518008000.0,0.0,47.27,23.381,23.081,55544000.0,-387322000.0,201121000.0,201121000.0,0.0,-0.064,-0.145,-0.05,-0.939,4256000.0,31058000.0,1.0,99481767.0,98203000.0,98203000.0,2.048,3863620000.0,0.0,0.0,0.0,39.343,426727000.0
65,WYNN,MRT,2005-03-31,2005-03-31,2005-03-31,2021-08-09,16505000.0,3868376000.0,2982652250.0,575092000.0,3293284000.0,0.0,16.446,-1083311000.0,1322502000.0,1322502000.0,140000.0,-220851000.0,2.314,1.395,1974329000.0,728000.0,1973601000.0,1974329000.0,0.0,9692000.0,0.0,0.0,0.0,-216118000.0,-206426000.0,-3440.433,-206426000.0,-216118000.0,-220851000.0,-2.48,-2.48,-2.48,1615490000.0,1432215750.0,1615490000.0,7048095059.0,-33.0,-34.143,-1203050000.0,-12.247,1.0,-80000.0,-1.333,48504000.0,4733000.0,4223154000.0,3149251500.0,5050000.0,0.0,0.0,0.0,2252886000.0,248545000.0,2004341000.0,6719677059.0,50811000.0,0.0,795531000.0,1301594000.0,0.0,2019609000.0,-1849059000.0,-717411000.0,-119739000.0,0.0,-220851000.0,-220851000.0,-220851000.0,0.0,0.0,-3680.85,115964000.0,-116044000.0,110642000.0,0.0,4.16,-30.426,-27.315,2309432000.0,0.0,67.74,111994.618,110900.102,802000.0,-352160000.0,60000.0,60000.0,0.0,-0.074,-0.154,-0.069,-3601.967,3772000.0,48000.0,1.0,99198067.0,98229000.0,98229000.0,0.001,3819872000.0,0.0,0.0,0.0,38.887,326547000.0
66,WYNN,MRT,2004-12-31,2004-12-31,2004-12-31,2021-08-09,0.0,3464413000.0,2449639750.0,451229000.0,3013184000.0,0.0,18.951,-974725000.0,1272628000.0,1272628000.0,68000.0,-204171000.0,2.655,1.107,1601046000.0,718000.0,1600328000.0,1601046000.0,0.0,6979000.0,0.0,0.0,0.0,-201484000.0,-194505000.0,-997.462,-194505000.0,-201484000.0,-204171000.0,-2.35,-2.35,-2.35,1644492000.0,1272872000.0,1644492000.0,6457358914.0,-32.0,-33.199,-1089490000.0,-12.555,1.0,127000.0,0.651,54100000.0,2687000.0,3568778000.0,2525018000.0,757000.0,0.0,0.0,0.0,1819921000.0,169953000.0,1649968000.0,6057786914.0,-11291000.0,0.0,794997000.0,928324000.0,0.0,1650564000.0,-1547090000.0,-541935000.0,-114765000.0,0.0,-204171000.0,-204171000.0,-204171000.0,0.0,0.0,-1047.031,89925000.0,-89798000.0,86520000.0,0.0,3.684,-29.67,-28.477,1987233000.0,0.0,66.92,31065.574,29780.474,227000.0,-304325000.0,195000.0,195000.0,0.0,-0.083,-0.16,-0.08,-1033.251,3429000.0,335000.0,1.0,90522817.0,86778000.0,86778000.0,0.002,3410313000.0,0.0,0.0,0.0,39.299,281276000.0
67,WYNN,MRT,2004-09-30,2004-09-30,2004-09-30,2021-08-09,5854000.0,2469984000.0,2016867250.0,219080000.0,2250904000.0,0.0,14.137,-862191000.0,603413000.0,603413000.0,228000.0,-81447000.0,1.633,0.984,1002985000.0,708000.0,1002277000.0,1002985000.0,0.0,4480000.0,0.0,0.0,0.0,-80914000.0,-76434000.0,-212.317,-76434000.0,-80914000.0,-81447000.0,-0.95,-0.95,-0.95,1244938000.0,1112202750.0,1244938000.0,4736704938.0,-59.0,-61.971,-911357000.0,-10.349,1.0,132000.0,0.367,58800000.0,533000.0,2676604000.0,2019882500.0,657000.0,0.0,0.0,0.0,1225046000.0,134152000.0,1090894000.0,4609118938.0,-137328000.0,0.0,271546000.0,356867000.0,0.0,616473000.0,-704635000.0,187281000.0,-49166000.0,0.0,-81447000.0,-81447000.0,-81447000.0,0.0,0.0,-226.242,73627000.0,-73495000.0,80404000.0,0.0,3.702,-56.59,-54.411,1696511000.0,0.0,51.69,12803.108,12644.387,145000.0,-186819000.0,360000.0,360000.0,0.0,-0.04,-0.073,-0.04,-224.761,3652000.0,374000.0,1.0,89168484.0,88063000.0,88063000.0,0.004,2411184000.0,0.0,0.0,0.0,27.38,84928000.0
68,WYNN,MRT,2004-06-30,2004-06-30,2004-06-30,2021-08-09,15079000.0,2127836000.0,1832699500.0,436153000.0,1691683000.0,0.0,14.453,-723988000.0,581154000.0,581154000.0,290000.0,-73584000.0,3.648,0.739,708740000.0,555000.0,708185000.0,708740000.0,0.0,3214000.0,0.0,0.0,0.0,-68509000.0,-65295000.0,-122.966,-65295000.0,-68509000.0,-73584000.0,-0.87,-0.87,-0.87,1223943000.0,1053569000.0,1223943000.0,3256182537.0,-48.0,-49.869,-756796000.0,-8.936,1.0,241000.0,0.454,7400000.0,5075000.0,2128470000.0,1690712500.0,559000.0,0.0,0.0,0.0,903893000.0,119552000.0,784341000.0,3174168537.0,211558000.0,0.0,271333000.0,305301000.0,0.0,564832000.0,-320466000.0,426170000.0,-32808000.0,0.0,-73584000.0,-73584000.0,-73584000.0,0.0,0.0,-138.576,62683000.0,-62442000.0,67328000.0,0.0,2.593,-43.137,-44.402,1425981000.0,0.0,38.63,5977.719,6160.937,8000.0,-164114000.0,531000.0,531000.0,0.0,-0.04,-0.07,-0.041,-129.019,3653000.0,562000.0,1.0,82168484.0,84687000.0,84687000.0,0.006,2120436000.0,0.0,0.0,0.0,25.039,316601000.0
69,WYNN,MRT,2004-03-31,2004-03-31,2004-03-31,2021-08-09,-3111000.0,1736326000.0,1664169500.0,393077000.0,1343249000.0,0.0,12.099,-556793000.0,554280000.0,554280000.0,195000.0,-44342000.0,4.64,0.775,636294000.0,42000.0,636252000.0,636294000.0,0.0,4351000.0,0.0,0.0,0.0,-36967000.0,-32616000.0,-43.086,-32616000.0,-36967000.0,-44342000.0,-0.54,-0.54,-0.54,978115000.0,1002102000.0,978115000.0,2769385940.0,-75.0,-84.909,-570258000.0,-7.054,1.0,562000.0,0.742,7400000.0,7375000.0,1726220000.0,1406645000.0,584000.0,0.0,0.0,0.0,757807000.0,84720000.0,673087000.0,2875896940.0,208067000.0,0.0,45083000.0,249961000.0,0.0,286183000.0,-64651000.0,504810000.0,-13465000.0,0.0,-44342000.0,-44342000.0,-44342000.0,0.0,0.0,-58.576,58216000.0,-57654000.0,54790000.0,0.0,2.94,-64.857,-64.815,1096455000.0,0.0,35.0,3799.071,3737.647,44000.0,-122195000.0,757000.0,757000.0,0.0,-0.027,-0.044,-0.026,-48.834,3654000.0,712000.0,1.0,82168484.0,80840000.0,80840000.0,0.009,1728926000.0,0.0,0.0,0.0,21.387,308357000.0
70,WYNN,MRT,2003-12-31,2003-12-31,2003-12-31,2021-08-09,8793000.0,1733323000.0,1583343750.0,402347000.0,1330976000.0,0.0,12.613,-414983000.0,741984000.0,741984000.0,213000.0,-40099000.0,5.653,0.729,635473000.0,41000.0,635432000.0,635473000.0,0.0,5743000.0,0.0,0.0,0.0,-31068000.0,-25325000.0,-39.386,-25325000.0,-31068000.0,-40099000.0,-0.5,-0.5,-0.5,1001815000.0,1003569750.0,1001815000.0,2013300316.0,-65.0,-79.499,-436757000.0,-5.499,1.0,430000.0,0.669,7400000.0,9031000.0,1548236000.0,1198748000.0,204000.0,0.0,0.0,0.0,730454000.0,71176000.0,659278000.0,2306678316.0,231908000.0,0.0,45083000.0,249962000.0,0.0,286184000.0,-32502000.0,392445000.0,-21774000.0,0.0,-40099000.0,-40099000.0,-40099000.0,0.0,0.0,-62.362,53765000.0,-53335000.0,49754000.0,0.0,2.302,-57.525,-56.02,897815000.0,0.0,28.01,3587.369,3460.041,78000.0,-108947000.0,643000.0,643000.0,0.0,-0.025,-0.04,-0.026,-48.317,3327000.0,631000.0,1.0,82351957.0,79429000.0,79429000.0,0.008,1725923000.0,0.0,0.0,0.0,21.729,331171000.0
71,WYNN,MRT,2003-09-30,2003-09-30,2003-09-30,2021-08-09,5729000.0,1733313000.0,1499663250.0,417703000.0,1315610000.0,0.0,12.5,-279209000.0,928022000.0,928022000.0,238000.0,-47269000.0,5.753,0.714,634644000.0,40000.0,634604000.0,634644000.0,0.0,7159000.0,0.0,0.0,0.0,-37122000.0,-29963000.0,-117.502,-29963000.0,-37122000.0,-47269000.0,-0.61,-0.61,-0.61,1010403000.0,1001019250.0,1010403000.0,1085207578.0,-29.0,-36.218,-289285000.0,-3.579,1.0,17000.0,0.067,7400000.0,10147000.0,1359924000.0,1024370250.0,216000.0,0.0,0.0,0.0,721035000.0,72611000.0,648424000.0,1497158578.0,178966000.0,0.0,536844000.0,600699000.0,0.0,1051501000.0,-862459000.0,-579012000.0,-10076000.0,0.0,-47269000.0,-47269000.0,-47269000.0,0.0,0.0,-185.369,49643000.0,-49626000.0,44619000.0,0.0,1.482,-31.673,-29.803,719404000.0,0.0,18.18,5871.21,5762.994,207000.0,-96580000.0,255000.0,255000.0,0.0,-0.032,-0.047,-0.036,-145.576,2547000.0,600000.0,1.0,82351957.0,80834000.0,80834000.0,0.003,1725913000.0,0.0,0.0,0.0,21.351,345092000.0
72,WYNN,MRT,2003-06-30,2003-06-30,2003-06-30,2021-08-09,265000.0,1453716000.0,1211261000.0,188585000.0,1265131000.0,0.0,13.025,-169301000.0,795766000.0,795766000.0,221000.0,-40620000.0,4.473,0.425,383815000.0,40000.0,383775000.0,383815000.0,0.0,8689000.0,0.0,0.0,0.0,-35023000.0,-26334000.0,-90.807,-26334000.0,-35023000.0,-40620000.0,-0.63,-0.63,-0.63,1018075000.0,882607000.0,1018075000.0,935716119.0,-27.0,-35.533,-197183000.0,-2.523,1.0,69000.0,0.238,7400000.0,5597000.0,992200000.0,788876500.0,212000.0,0.0,0.0,0.0,433151000.0,42165000.0,390986000.0,1403736119.0,-38409000.0,0.0,536844000.0,355536000.0,0.0,806339000.0,-816866000.0,-643879000.0,-27882000.0,0.0,-40620000.0,-40620000.0,-40620000.0,0.0,0.0,-140.069,45048000.0,-44979000.0,30852000.0,0.0,1.379,-34.558,-28.079,584065000.0,0.0,17.69,4840.469,4768.001,59000.0,-81738000.0,290000.0,290000.0,0.0,-0.034,-0.046,-0.044,-120.769,1634000.0,600000.0,1.0,79351957.0,78164000.0,78164000.0,0.004,1446316000.0,0.0,0.0,0.0,18.504,146420000.0
73,WYNN,MRT,2003-03-31,2003-03-31,2003-03-31,2021-08-09,0.0,1413023000.0,994341000.0,109971000.0,1303052000.0,0.0,12.642,-89157000.0,851023000.0,851023000.0,216000.0,-35827000.0,2.559,0.433,383003000.0,39000.0,382964000.0,383003000.0,0.0,8667000.0,0.0,0.0,0.0,-32340000.0,-23673000.0,-161.041,-23673000.0,-32340000.0,-35827000.0,-0.67,-0.67,-0.67,983986000.0,764325250.0,983986000.0,1445258404.0,-45.0,-61.051,-107488000.0,-1.381,1.0,-69000.0,-0.469,7400000.0,3487000.0,894632000.0,642456000.0,219000.0,0.0,0.0,0.0,425935000.0,42971000.0,382964000.0,1219098404.0,82908000.0,0.0,665338000.0,352798000.0,0.0,934896000.0,-833657000.0,-741302000.0,-18331000.0,0.0,-35827000.0,-35827000.0,-35827000.0,0.0,0.0,-243.721,39926000.0,-39995000.0,20555000.0,0.0,1.239,-34.027,-22.985,487815000.0,0.0,15.4,8293.186,8154.059,154000.0,-69061000.0,147000.0,147000.0,0.0,-0.036,-0.047,-0.05,-220.0,720000.0,578000.0,1.0,79162234.0,77834000.0,77834000.0,0.002,1405623000.0,0.0,0.0,0.0,18.059,67000000.0
74,WYNN,MRT,2002-12-31,2002-12-31,2002-12-31,2021-08-09,0.0,1398601000.0,893572000.0,112050000.0,1286551000.0,0.001,21.231,-58069000.0,902521000.0,902521000.0,177000.0,-31713000.0,5.562,0.406,382191000.0,38000.0,382153000.0,382191000.0,0.0,8934000.0,0.0,0.0,0.0,-29816000.0,-20882000.0,-38.386,-20882000.0,-29816000.0,-31713000.0,-0.68,-0.68,-0.68,991613000.0,687921500.0,991613000.0,879163008.0,-29.0,-42.101,-68595000.0,-1.469,1.0,367000.0,0.675,7400000.0,1897000.0,850725000.0,594190000.0,212000.0,0.0,0.0,0.0,402805000.0,20146000.0,382659000.0,1020406008.0,70376000.0,0.0,665338000.0,352799000.0,0.0,934897000.0,-853995000.0,-792353000.0,-10526000.0,0.0,-31713000.0,-31713000.0,-31713000.0,0.0,0.0,-58.296,34067000.0,-33700000.0,9451000.0,0.0,1.029,-32.176,-19.279,420496000.0,0.0,13.11,1875.746,1125.58,184000.0,-60055000.0,544000.0,544000.0,0.0,-0.035,-0.046,-0.05,-54.809,134000.0,622000.0,1.0,77834173.0,46706000.0,46706000.0,0.012,1391201000.0,0.0,0.0,0.0,29.786,91904000.0
75,WYNN,MRT,2002-09-30,2002-09-30,2002-09-30,2021-08-09,0.0,579704000.0,,172162000.0,407542000.0,,13.419,-35624000.0,170044000.0,170044000.0,145000.0,-25940000.0,13.13,0.076,28801000.0,1146000.0,27655000.0,28801000.0,0.0,9047000.0,0.0,,0.0,-25152000.0,-16105000.0,-13.908,-16105000.0,-25152000.0,-25940000.0,-0.64,-0.64,-0.64,536754000.0,,536754000.0,,,,-47806000.0,-1.195,1.0,1013000.0,0.875,7400000.0,788000.0,417949000.0,,208000.0,0.0,0.0,0.0,40767000.0,13112000.0,27655000.0,,116933000.0,0.0,173494000.0,-6601000.0,0.0,169491000.0,-40376000.0,-2436000.0,-12182000.0,0.0,-25940000.0,-25940000.0,-25940000.0,0.0,0.0,-22.401,27935000.0,-26922000.0,5826000.0,0.0,,,,388880000.0,0.0,,,,171000.0,-49312000.0,1158000.0,1158000.0,0.0,,,,-21.72,0.0,505000.0,1.0,77834173.0,40000000.0,40000000.0,0.029,572304000.0,895000.0,0.0,895000.0,14.308,159050000.0
76,WYNN,MRT,2002-06-30,2002-06-30,2002-06-30,2021-08-09,0.0,586036000.0,,191863000.0,394173000.0,,13.687,-34452000.0,190296000.0,190296000.0,120000.0,-22269000.0,18.046,0.075,28810000.0,670000.0,28140000.0,28810000.0,0.0,8558000.0,0.0,,0.0,-21802000.0,-13244000.0,-11.027,-13244000.0,-21802000.0,-22269000.0,-0.55,-0.55,-0.55,544948000.0,,544948000.0,,,,-39397000.0,-0.989,1.0,1081000.0,0.9,7400000.0,467000.0,406518000.0,,203000.0,0.0,0.0,0.0,41088000.0,10632000.0,30456000.0,,128405000.0,0.0,194294000.0,-3762000.0,0.0,171529000.0,-38994000.0,-2436000.0,-4945000.0,0.0,-22269000.0,-22269000.0,-22269000.0,0.0,0.0,-18.542,24523000.0,-23442000.0,7272000.0,0.0,,,,379726000.0,0.0,,,,358000.0,-41118000.0,1201000.0,1201000.0,0.0,,,,-18.153,0.0,449000.0,1.0,77834173.0,39816000.0,39816000.0,0.03,578636000.0,0.0,0.0,0.0,14.533,181231000.0
77,WYNN,MRT,2002-03-31,2002-03-31,2002-03-31,2021-08-09,,,,,,,,,,,,,,,,,,,,,,,0.0,,,,,,,,,,,,,,,,,,1.0,,,,,,,,,,,,,,,,,,,,,,,,,,,,,,,,,,,,,,,,,,,,,,,,,,,,,,1.0,,39404000.0,,,,,,,,
78,WYNN,MRT,2001-12-31,2001-12-31,2001-12-31,2021-08-09,0.0,388543000.0,387813500.0,41106000.0,347437000.0,0.003,9.856,-28307000.0,39792000.0,39792000.0,49000.0,-17726000.0,10.22,0.011,326000.0,35000.0,291000.0,326000.0,0.0,8163000.0,0.0,,0.0,-17698000.0,-9535000.0,-8.241,-9535000.0,-17698000.0,-17726000.0,-0.45,-0.45,-0.45,384230000.0,383093000.0,384230000.0,,,,-32898000.0,-0.844,1.0,1108000.0,0.958,7400000.0,28000.0,337655000.0,332933000.0,284000.0,0.0,0.0,0.0,4313000.0,4022000.0,291000.0,,-15161000.0,0.0,20800000.0,-32000.0,0.0,19968000.0,-30538000.0,-524000.0,-4591000.0,0.0,-17726000.0,-17726000.0,-17726000.0,0.0,0.0,-15.321,21168000.0,-20060000.0,2077000.0,0.0,,,,337467000.0,0.0,,,,534000.0,-28342000.0,1157000.0,1157000.0,0.0,-0.046,-0.046,-0.053,-15.296,0.0,376000.0,1.0,,38984000.0,38984000.0,0.03,381143000.0,0.0,0.0,0.0,9.777,37084000.0
79,WYNN,MRT,2001-09-30,2001-09-30,2001-09-30,2021-08-09,,,,,,,,,,,,,,,,,,,,,,,0.0,,,,,,,,,,,,,,,,,,1.0,,,,,,,,,,,,,,,,,,,,,,,,,,,,,,,,,,,,,,,,,,,,,,,,,,,,,,1.0,,39404000.0,,,,,,,,
80,WYNN,MRT,2000-12-31,2000-12-31,2000-12-31,2021-08-09,0.0,387084000.0,,56579000.0,330505000.0,,,,54429000.0,54429000.0,,,11.782,0.013,358000.0,32000.0,326000.0,358000.0,0.0,,0.0,,,,,,,,,,,,381956000.0,,381956000.0,,,,,,1.0,,,0.0,,328211000.0,,322000.0,0.0,0.0,0.0,5128000.0,4802000.0,326000.0,,,,,,,,,,,,,,,,,,,,581000.0,,,,,322696000.0,,,,,7429000.0,-10616000.0,,,,,,,,,,1.0,,,,,387084000.0,0.0,,0.0,,51777000.0
