None,ticker,dimension,calendardate,datekey,reportperiod,lastupdated,accoci,assets,assetsavg,assetsc,assetsnc,assetturnover,bvps,capex,cashneq,cashnequsd,cor,consolinc,currentratio,de,debt,debtc,debtnc,debtusd,deferredrev,depamor,deposits,divyield,dps,ebit,ebitda,ebitdamargin,ebitdausd,ebitusd,ebt,eps,epsdil,epsusd,equity,equityavg,equityusd,ev,evebit,evebitda,fcf,fcfps,fxusd,gp,grossmargin,intangibles,intexp,invcap,invcapavg,inventory,investments,investmentsc,investmentsnc,liabilities,liabilitiesc,liabilitiesnc,marketcap,ncf,ncfbus,ncfcommon,ncfdebt,ncfdiv,ncff,ncfi,ncfinv,ncfo,ncfx,netinc,netinccmn,netinccmnusd,netincdis,netincnci,netmargin,opex,opinc,payables,payoutratio,pb,pe,pe1,ppnenet,prefdivis,price,ps,ps1,receivables,retearn,revenue,revenueusd,rnd,roa,roe,roic,ros,sbcomp,sgna,sharefactor,sharesbas,shareswa,shareswadil,sps,tangibles,taxassets,taxexp,taxliabilities,tbvps,workingcapital
0,PTC,MRY,2020-12-31,2020-09-30,2020-09-30,2021-08-03,-103374000.0,3382738000.0,3476301250.0,833447000.0,2549291000.0,0.42,12.435,-20196000.0,275458000.0,275458000.0,334271000.0,130695000.0,1.224,1.352,1220337000.0,34635000.0,1185702000.0,1220337000.0,426465000.0,119504000.0,0.0,0.0,0.0,211134000.0,330638000.0,0.227,330638000.0,211134000.0,134706000.0,1.13,1.12,1.13,1438248000.0,1321928250.0,1438248000.0,10568631644.0,50.0,31.964,213612000.0,1.847,1.0,1124144000.0,0.771,1863356000.0,76428000.0,1783501000.0,1835333250.0,0.0,59099000.0,28129000.0,30970000.0,1944490000.0,680760000.0,1263730000.0,9605278644.0,5271000.0,-483478000.0,18382000.0,312768000.0,0.0,297410000.0,-525972000.0,-11248000.0,233808000.0,25000.0,130695000.0,130695000.0,130695000.0,0.0,0.0,0.09,913281000.0,210863000.0,24910000.0,0.0,6.678,73.494,73.204,251432000.0,0.0,82.72,6.586,6.56,415221000.0,-62267000.0,1458415000.0,1458415000.0,256575000.0,0.038,0.099,0.115,0.145,115149000.0,595277000.0,1.0,116117972.0,115663000.0,116267000.0,12.609,1519382000.0,190963000.0,4011000.0,19442000.0,13.136,152687000.0
1,PTC,MRY,2019-12-31,2019-09-30,2019-09-30,2021-08-03,-110710000.0,2664588000.0,2695494250.0,782621000.0,1881967000.0,0.466,10.21,-64411000.0,269579000.0,269579000.0,325378000.0,-27460000.0,1.226,1.217,669134000.0,0.0,669134000.0,669134000.0,396632000.0,77824000.0,0.0,0.0,0.0,63347000.0,141171000.0,0.112,141171000.0,63347000.0,20300000.0,-0.23,-0.23,-0.23,1201998000.0,1246617500.0,1201998000.0,8283990810.0,131.0,58.681,220734000.0,1.875,1.0,930253000.0,0.741,1408128000.0,43047000.0,1017860000.0,1121365500.0,0.0,57435000.0,27891000.0,29544000.0,1462590000.0,638155000.0,824435000.0,7852936810.0,9596000.0,-86737000.0,-102019000.0,25000000.0,0.0,-122960000.0,-150024000.0,1124000.0,285145000.0,-2565000.0,-27460000.0,-27460000.0,-27460000.0,0.0,0.0,-0.022,867211000.0,63042000.0,42442000.0,0.0,6.533,-285.977,-296.435,105531000.0,0.0,68.18,6.254,6.392,372743000.0,-191390000.0,1255631000.0,1255631000.0,246888000.0,-0.01,-0.022,0.056,0.05,86400000.0,545368000.0,1.0,115179478.0,117724000.0,117724000.0,10.666,1256460000.0,198634000.0,47760000.0,59090000.0,10.673,144466000.0
2,PTC,MRY,2018-12-31,2018-09-30,2018-09-30,2021-08-03,-85585000.0,2329022000.0,2304852250.0,633784000.0,1695238000.0,0.539,7.514,-36041000.0,259946000.0,259946000.0,326502000.0,51987000.0,0.862,1.663,643268000.0,0.0,643268000.0,643268000.0,499442000.0,87408000.0,0.0,0.0,0.0,70329000.0,157737000.0,0.127,157737000.0,70329000.0,28656000.0,0.45,0.44,0.45,874589000.0,881449250.0,874589000.0,12938838223.0,184.0,82.028,211711000.0,1.819,1.0,915322000.0,0.737,1382659000.0,41673000.0,594406000.0,624946500.0,0.0,55951000.0,25836000.0,30115000.0,1454433000.0,735279000.0,719154000.0,12512337223.0,-20116000.0,-3000000.0,-84346000.0,-72851000.0,0.0,-210846000.0,-49212000.0,-7171000.0,247752000.0,-7810000.0,51987000.0,51987000.0,51987000.0,0.0,0.0,0.042,842709000.0,72613000.0,53473000.0,0.0,14.307,240.682,235.978,80613000.0,0.0,106.19,10.076,9.953,129297000.0,-599409000.0,1241824000.0,1241824000.0,249786000.0,0.023,0.059,0.113,0.057,82939000.0,557809000.0,1.0,117829713.0,116390000.0,118158000.0,10.67,946363000.0,165566000.0,-23331000.0,23633000.0,8.131,-101495000.0
3,PTC,MRY,2017-12-31,2017-09-30,2017-09-30,2021-08-03,-73907000.0,2360384000.0,2295708500.0,666556000.0,1693828000.0,0.507,7.665,-25444000.0,280003000.0,280003000.0,328502000.0,6239000.0,0.982,1.666,712406000.0,0.0,712406000.0,712406000.0,458907000.0,86742000.0,0.0,0.0,0.0,40994000.0,127736000.0,0.11,127736000.0,40994000.0,-1406000.0,0.05,0.05,0.05,885436000.0,846781250.0,885436000.0,6957888126.0,170.0,54.471,109759000.0,0.95,1.0,835537000.0,0.718,1440680000.0,42400000.0,673198000.0,685583750.0,0.0,50315000.0,18408000.0,31907000.0,1474948000.0,678909000.0,796039000.0,6506392126.0,2037000.0,-4960000.0,-40213000.0,-40000000.0,0.0,-118105000.0,-16127000.0,14277000.0,135203000.0,1066000.0,6239000.0,6239000.0,6239000.0,0.0,0.0,0.005,793771000.0,41766000.0,35160000.0,0.0,7.348,1042.858,1125.6,63600000.0,0.0,56.28,5.589,5.585,152299000.0,-650840000.0,1164039000.0,1164039000.0,236028000.0,0.003,0.007,0.06,0.035,76708000.0,517693000.0,1.0,115607536.0,115523000.0,117356000.0,10.076,919704000.0,123166000.0,-7645000.0,23615000.0,7.961,-12353000.0
4,PTC,MRY,2016-12-31,2016-09-30,2016-09-30,2021-08-03,-99953000.0,2345729000.0,2328067500.0,642589000.0,1703140000.0,0.49,7.352,-26189000.0,277935000.0,277935000.0,325665000.0,-54465000.0,0.982,1.784,751601000.0,0.0,751601000.0,751601000.0,413657000.0,86554000.0,0.0,0.0,0.0,-37310000.0,49244000.0,0.043,49244000.0,-37310000.0,-67192000.0,-0.48,-0.48,-0.48,842666000.0,848842000.0,842666000.0,5577202772.0,-149.0,113.256,157072000.0,1.37,1.0,814868000.0,0.714,1480118000.0,29882000.0,684758000.0,703837500.0,0.0,49616000.0,18695000.0,30921000.0,1503063000.0,654519000.0,848544000.0,5093703772.0,4518000.0,-165802000.0,21000.0,90000000.0,0.0,51606000.0,-237156000.0,-45165000.0,183261000.0,6807000.0,-54465000.0,-54465000.0,-54465000.0,0.0,0.0,-0.048,851882000.0,-37014000.0,18022000.0,0.0,6.045,-93.523,-92.312,67113000.0,0.0,44.31,4.466,4.453,161357000.0,-657079000.0,1140533000.0,1140533000.0,229331000.0,-0.023,-0.064,-0.053,-0.033,65996000.0,513080000.0,1.0,114956077.0,114612000.0,114612000.0,9.951,865611000.0,89692000.0,-12727000.0,20057000.0,7.553,-11930000.0
5,PTC,MRY,2015-12-31,2015-09-30,2015-09-30,2021-08-03,-91742000.0,2209913000.0,2150591750.0,704679000.0,1505234000.0,0.584,7.494,-30628000.0,273417000.0,273417000.0,334734000.0,47557000.0,1.142,1.569,668125000.0,50000000.0,618125000.0,668125000.0,386850000.0,84433000.0,0.0,0.0,0.0,41267000.0,125700000.0,0.1,125700000.0,41267000.0,26525000.0,0.41,0.41,0.41,860171000.0,850041750.0,860171000.0,3973031442.0,96.0,31.607,149275000.0,1.301,1.0,920508000.0,0.733,1360342000.0,14742000.0,627019000.0,526132000.0,0.0,0.0,0.0,0.0,1349742000.0,617260000.0,732482000.0,3623716442.0,-20237000.0,-98411000.0,-64899000.0,56250000.0,0.0,-42155000.0,-140039000.0,-11000000.0,179903000.0,-17946000.0,47557000.0,47557000.0,47557000.0,0.0,0.0,0.038,878892000.0,41616000.0,13361000.0,0.0,4.213,76.197,77.415,65162000.0,0.0,31.74,2.887,2.902,197275000.0,-602614000.0,1255242000.0,1255242000.0,227513000.0,0.022,0.056,0.078,0.033,50158000.0,505509000.0,1.0,114168760.0,114775000.0,116012000.0,10.937,849571000.0,75739000.0,-21032000.0,47993000.0,7.402,87419000.0
6,PTC,MRY,2014-12-31,2014-09-30,2014-09-30,2021-08-03,-94367000.0,2199954000.0,2005507000.0,732167000.0,1467787000.0,0.677,7.231,-25275000.0,293654000.0,293654000.0,373683000.0,160194000.0,1.168,1.576,611875000.0,25000000.0,586875000.0,611875000.0,382544000.0,77307000.0,0.0,0.0,0.0,194267000.0,271574000.0,0.2,271574000.0,194267000.0,186112000.0,1.36,1.34,1.36,853889000.0,944356750.0,853889000.0,4339524377.0,22.0,15.979,279277000.0,2.365,1.0,983284000.0,0.725,1349400000.0,8155000.0,542108000.0,392969500.0,0.0,0.0,0.0,0.0,1346065000.0,626667000.0,719398000.0,4328697377.0,51741000.0,-323525000.0,-224038000.0,353750000.0,0.0,105353000.0,-348800000.0,0.0,304552000.0,-9364000.0,160194000.0,160194000.0,160194000.0,0.0,0.0,0.118,786708000.0,196576000.0,19802000.0,0.0,5.069,27.022,27.132,67783000.0,0.0,36.9,3.19,3.211,235688000.0,-650171000.0,1356967000.0,1356967000.0,226496000.0,0.08,0.17,0.494,0.143,40461000.0,499679000.0,1.0,117308872.0,118094000.0,119984000.0,11.491,850554000.0,40257000.0,25918000.0,46784000.0,7.202,105500000.0
7,PTC,MRY,2013-12-31,2013-09-30,2013-09-30,2021-08-03,-51160000.0,1828906000.0,1793287000.0,680216000.0,1148690000.0,0.721,7.755,-29328000.0,241913000.0,241913000.0,373039000.0,143769000.0,1.287,0.974,258125000.0,15000000.0,243125000.0,258125000.0,336913000.0,76551000.0,0.0,0.0,0.0,133210000.0,209761000.0,0.162,209761000.0,133210000.0,126234000.0,1.2,1.19,1.2,926480000.0,857735500.0,926480000.0,3399833002.0,26.0,16.208,195355000.0,1.635,1.0,920502000.0,0.712,1042216000.0,6976000.0,274289000.0,320419250.0,0.0,0.0,0.0,0.0,902426000.0,528613000.0,373813000.0,3388739002.0,-247630000.0,-245843000.0,-69987000.0,-111875000.0,0.0,-196524000.0,-274450000.0,0.0,224683000.0,-1339000.0,143769000.0,143769000.0,143769000.0,0.0,0.0,0.111,793178000.0,127324000.0,16205000.0,0.0,3.658,23.571,23.717,64652000.0,0.0,28.46,2.62,2.629,229106000.0,-810365000.0,1293541000.0,1293541000.0,221918000.0,0.08,0.168,0.416,0.103,48453000.0,492577000.0,1.0,119070239.0,119473000.0,121240000.0,10.827,786690000.0,47341000.0,-17535000.0,50015000.0,6.585,151603000.0
8,PTC,MRY,2012-12-31,2012-09-30,2012-09-30,2021-08-03,-72501000.0,1791634000.0,1668774000.0,879152000.0,912482000.0,0.752,6.716,-31413000.0,489543000.0,489543000.0,372128000.0,-35398000.0,1.825,1.247,370000000.0,7500000.0,362500000.0,370000000.0,327529000.0,66471000.0,0.0,0.0,0.0,125482000.0,191953000.0,0.153,191953000.0,125482000.0,120736000.0,-0.3,-0.3,-0.3,797259000.0,841496000.0,797259000.0,2493675201.0,20.0,12.991,186562000.0,1.572,1.0,883551000.0,0.704,796232000.0,4746000.0,394115000.0,316828500.0,0.0,0.0,0.0,0.0,994375000.0,481744000.0,512631000.0,2591722201.0,321665000.0,-220000.0,-13743000.0,170000000.0,0.0,134663000.0,-31633000.0,0.0,217975000.0,660000.0,-35398000.0,-35398000.0,-35398000.0,0.0,0.0,-0.028,755455000.0,128096000.0,65517000.0,0.0,3.251,-73.217,-72.567,63466000.0,0.0,21.77,2.064,2.058,217370000.0,-954134000.0,1255679000.0,1255679000.0,214960000.0,-0.021,-0.042,0.396,0.1,49981000.0,495264000.0,1.0,119050170.0,118705000.0,118705000.0,10.578,995402000.0,43539000.0,156134000.0,33060000.0,8.386,397408000.0
9,PTC,MRY,2011-12-31,2011-09-30,2011-09-30,2021-08-03,-64764000.0,1629682000.0,1481451750.0,592264000.0,1037418000.0,0.788,6.997,-27817000.0,167878000.0,167878000.0,356768000.0,85424000.0,1.273,0.981,200000000.0,0.0,200000000.0,200000000.0,294324000.0,62394000.0,0.0,0.0,0.0,107858000.0,170252000.0,0.146,170252000.0,107858000.0,104548000.0,0.73,0.71,0.73,822690000.0,797975500.0,822690000.0,1797406682.0,17.0,10.557,50881000.0,0.433,1.0,810181000.0,0.694,835411000.0,3310000.0,361069000.0,238689250.0,0.0,0.0,0.0,0.0,806992000.0,465324000.0,341668000.0,1808157682.0,-72375000.0,-280026000.0,-30165000.0,200000000.0,0.0,150420000.0,-307843000.0,0.0,78698000.0,6350000.0,85424000.0,85424000.0,85424000.0,0.0,0.0,0.073,693067000.0,117114000.0,16974000.0,0.0,2.198,21.167,21.068,62569000.0,0.0,15.38,1.549,1.55,230220000.0,-918736000.0,1166949000.0,1166949000.0,211406000.0,0.058,0.107,0.452,0.092,40004000.0,463342000.0,1.0,117565519.0,117579000.0,120974000.0,9.925,794271000.0,152215000.0,19124000.0,42254000.0,6.755,126940000.0
10,PTC,MRY,2010-12-31,2010-09-30,2010-09-30,2021-08-03,-52480000.0,1307064000.0,1308903750.0,568257000.0,738807000.0,0.772,6.462,-26729000.0,240253000.0,240253000.0,307695000.0,24368000.0,1.254,0.749,0.0,0.0,0.0,0.0,245840000.0,62182000.0,0.0,0.0,0.0,83662000.0,145844000.0,0.144,145844000.0,83662000.0,82136000.0,0.21,0.2,0.21,747304000.0,748893000.0,747304000.0,2035017680.0,24.0,13.953,129915000.0,1.123,1.0,702354000.0,0.695,546440000.0,1526000.0,67377000.0,87405750.0,0.0,0.0,0.0,0.0,559760000.0,452994000.0,106766000.0,2254036680.0,5131000.0,-2721000.0,-47258000.0,-50832000.0,0.0,-120735000.0,-29450000.0,0.0,156644000.0,-1328000.0,24368000.0,24368000.0,24368000.0,0.0,0.0,0.024,618540000.0,83814000.0,11734000.0,0.0,3.016,92.5,93.048,58064000.0,0.0,19.54,2.232,2.237,169281000.0,-1004160000.0,1010049000.0,1010049000.0,201567000.0,0.019,0.033,0.957,0.083,48690000.0,410407000.0,1.0,115354999.0,115639000.0,119925000.0,8.735,760624000.0,125939000.0,57768000.0,22968000.0,6.578,115263000.0
11,PTC,MRY,2009-12-31,2009-09-30,2009-09-30,2021-08-03,-33595000.0,1350212000.0,1304072000.0,546466000.0,803746000.0,0.719,6.625,-30087000.0,235122000.0,235122000.0,309759000.0,31522000.0,1.112,0.773,57880000.0,57880000.0,0.0,57880000.0,234270000.0,61610000.0,0.0,0.0,0.0,20368000.0,81978000.0,0.087,81978000.0,20368000.0,17171000.0,0.27,0.27,0.27,761581000.0,729092500.0,761581000.0,1429556008.0,70.0,17.438,39589000.0,0.344,1.0,628426000.0,0.67,596517000.0,3197000.0,85022000.0,41439000.0,0.0,0.0,0.0,0.0,588631000.0,491431000.0,97200000.0,1605615008.0,-21819000.0,-32790000.0,-9021000.0,-31951000.0,0.0,-32452000.0,-62877000.0,0.0,69676000.0,3834000.0,31522000.0,31522000.0,31522000.0,0.0,0.0,0.034,609131000.0,19295000.0,13292000.0,0.0,2.108,50.936,51.185,58105000.0,0.0,13.82,1.711,1.693,166591000.0,-1028528000.0,938185000.0,938185000.0,188501000.0,0.024,0.043,0.492,0.022,30234000.0,382039000.0,1.0,116180536.0,114950000.0,117359000.0,8.162,753695000.0,152924000.0,-14351000.0,38603000.0,6.557,55035000.0
12,PTC,MRY,2008-12-31,2008-09-30,2008-09-30,2021-08-03,-17276000.0,1349573000.0,1343341250.0,597494000.0,752079000.0,0.797,6.179,-25439000.0,256941000.0,256941000.0,330786000.0,79702000.0,1.055,0.921,88505000.0,88505000.0,0.0,88505000.0,258295000.0,60021000.0,43801000.0,0.0,0.0,126709000.0,186730000.0,0.174,186730000.0,126709000.0,118886000.0,0.7,0.68,0.7,702525000.0,644911250.0,702525000.0,1990163882.0,16.0,10.658,196801000.0,1.731,1.0,739544000.0,0.691,587537000.0,7823000.0,27247000.0,19514250.0,0.0,0.0,0.0,0.0,647048000.0,566353000.0,80695000.0,2122627882.0,-6330000.0,-261592000.0,-14596000.0,88139000.0,0.0,62457000.0,-287031000.0,0.0,222240000.0,-3996000.0,79702000.0,79702000.0,79702000.0,0.0,0.0,0.074,614299000.0,125245000.0,16710000.0,0.0,3.021,26.632,26.286,55253000.0,0.0,18.4,1.983,1.955,201509000.0,-1060050000.0,1070330000.0,1070330000.0,182022000.0,0.059,0.124,6.493,0.118,44396000.0,394709000.0,1.0,115360211.0,113703000.0,117870000.0,9.413,762036000.0,99609000.0,39184000.0,55134000.0,6.702,31141000.0
13,PTC,MRY,2007-12-31,2007-09-30,2007-09-30,2021-08-03,-33534000.0,1090313000.0,1007550000.0,594631000.0,495682000.0,0.934,5.274,-24057000.0,263271000.0,263271000.0,290810000.0,143656000.0,1.382,0.834,0.0,0.0,0.0,0.0,227164000.0,39199000.0,40297000.0,0.0,0.0,100243000.0,139442000.0,0.148,139442000.0,100243000.0,99660000.0,1.27,1.22,1.27,594507000.0,510455750.0,594507000.0,1740700602.0,17.0,12.483,103317000.0,0.916,1.0,650469000.0,0.691,325052000.0,583000.0,71648000.0,44525000.0,0.0,0.0,0.0,0.0,495806000.0,430342000.0,65464000.0,2000656602.0,79823000.0,-31092000.0,5697000.0,-496000.0,0.0,-1024000.0,-55149000.0,0.0,127374000.0,8622000.0,143656000.0,143656000.0,143656000.0,0.0,0.0,0.153,557701000.0,92768000.0,18715000.0,0.0,3.365,13.927,13.717,54745000.0,0.0,17.42,2.125,2.086,217101000.0,-1132565000.0,941279000.0,941279000.0,162351000.0,0.143,0.281,2.251,0.106,36445000.0,371992000.0,1.0,114848255.0,112734000.0,117494000.0,8.35,765261000.0,97334000.0,-43996000.0,16857000.0,6.788,164289000.0
14,PTC,MRY,2006-12-31,2006-09-30,2006-09-30,2021-08-03,-42596000.0,901387000.0,838675000.0,438116000.0,463271000.0,1.011,3.695,-19472000.0,183448000.0,183448000.0,269740000.0,56804000.0,1.138,1.221,0.0,0.0,0.0,0.0,210997000.0,33887000.0,39475000.0,0.0,0.0,70796000.0,104683000.0,0.123,104683000.0,70796000.0,70212000.0,0.52,0.5,0.52,405872000.0,375969500.0,405872000.0,1775468614.0,25.0,16.96,45809000.0,0.417,1.0,578243000.0,0.682,327122000.0,584000.0,5943000.0,4690500.0,0.0,0.0,0.0,0.0,495515000.0,384874000.0,110641000.0,1949361614.0,-20975000.0,-75084000.0,7831000.0,-442000.0,0.0,6427000.0,-94556000.0,0.0,65281000.0,1873000.0,56804000.0,56804000.0,56804000.0,0.0,0.0,0.067,511730000.0,66513000.0,17109000.0,0.0,4.803,34.317,33.577,51603000.0,0.0,17.46,2.299,2.262,181008000.0,-1276221000.0,847983000.0,847983000.0,146957000.0,0.068,0.151,15.093,0.083,38207000.0,350652000.0,1.0,111647286.0,109849000.0,113382000.0,7.72,574265000.0,10489000.0,13408000.0,5761000.0,5.228,53242000.0
15,PTC,MRY,2005-12-31,2005-09-30,2005-09-30,2021-08-03,-49034000.0,786623000.0,749528750.0,423727000.0,362896000.0,0.945,2.984,-16135000.0,204423000.0,204423000.0,208242000.0,73187000.0,1.229,1.429,0.0,0.0,0.0,0.0,200467000.0,25881000.0,0.0,0.0,0.0,78568000.0,104449000.0,0.148,104449000.0,78568000.0,78568000.0,0.67,0.65,0.67,323844000.0,300604750.0,323844000.0,1495010418.0,19.0,14.313,114033000.0,1.051,1.0,499733000.0,0.706,258838000.0,0.0,-21400000.0,-44955500.0,0.0,0.0,0.0,0.0,462779000.0,344762000.0,118017000.0,1898018418.0,-90464000.0,-198897000.0,10162000.0,-270000.0,0.0,-4047000.0,-215032000.0,0.0,130168000.0,-1553000.0,73187000.0,73187000.0,73187000.0,0.0,0.0,0.103,426691000.0,73042000.0,19915000.0,0.0,5.861,25.934,26.007,52551000.0,0.0,17.425,2.681,2.671,147497000.0,-1303558000.0,707975000.0,707975000.0,118267000.0,0.098,0.243,-1.748,0.111,15466000.0,307363000.0,1.0,108925017.0,108536000.0,111981000.0,6.523,527785000.0,4144000.0,5381000.0,29695000.0,4.863,78965000.0
16,PTC,MRY,2004-12-31,2004-09-30,2004-09-30,2021-08-03,-36015000.0,676340000.0,614712500.0,522740000.0,153600000.0,1.074,2.259,-12448000.0,294887000.0,294887000.0,182175000.0,34813000.0,1.674,1.795,0.0,0.0,0.0,0.0,176664000.0,35157000.0,0.0,0.0,0.0,37039000.0,72196000.0,0.109,72196000.0,37039000.0,37039000.0,0.33,0.32,0.33,241951000.0,196547500.0,241951000.0,1163246799.0,31.0,16.112,88888000.0,0.83,1.0,477854000.0,0.724,56543000.0,0.0,12669000.0,-851500.0,0.0,0.0,0.0,0.0,434389000.0,312241000.0,122148000.0,1420987799.0,89575000.0,-9822000.0,9712000.0,0.0,0.0,9712000.0,-22270000.0,0.0,101336000.0,797000.0,34813000.0,34813000.0,34813000.0,0.0,0.0,0.053,440438000.0,37416000.0,19067000.0,0.0,5.873,40.818,40.0,55780000.0,0.0,13.2,2.153,2.142,130393000.0,-1387150000.0,660029000.0,660029000.0,107992000.0,0.057,0.177,-43.499,0.056,437000.0,284318000.0,1.0,107650591.0,107082000.0,109273000.0,6.164,619797000.0,39967000.0,2226000.0,40955000.0,5.788,210499000.0
17,PTC,MRY,2003-12-31,2003-09-30,2003-09-30,2021-08-03,-37846000.0,600998000.0,625450000.0,439394000.0,161604000.0,1.074,1.847,-25932000.0,205312000.0,205312000.0,218486000.0,-98280000.0,1.37,2.08,0.0,0.0,0.0,0.0,173015000.0,41637000.0,0.0,0.0,0.0,-82429000.0,-40792000.0,-0.061,-40792000.0,-82429000.0,-82429000.0,-0.925,-0.925,-0.925,195158000.0,243727500.0,195158000.0,630461892.0,-8.0,-15.456,-19437000.0,-0.184,1.0,453454000.0,0.675,51851000.0,0.0,23027000.0,73014250.0,0.0,0.0,0.0,0.0,405840000.0,320808000.0,85032000.0,838723892.0,26487000.0,0.0,7688000.0,0.0,0.0,7521000.0,5505000.0,31437000.0,6495000.0,6966000.0,-98280000.0,-98280000.0,-98280000.0,0.0,0.0,-0.146,533079000.0,-79625000.0,20569000.0,0.0,4.298,-8.534,-8.514,73563000.0,0.0,7.875,1.248,1.238,140151000.0,-1421963000.0,671940000.0,671940000.0,128425000.0,-0.157,-0.403,-1.129,-0.123,456000.0,367897000.0,1.0,106504621.0,105659600.0,105659600.0,6.359,549147000.0,24179000.0,15851000.0,30747000.0,5.197,118586000.0
18,PTC,MRY,2002-12-31,2002-09-30,2002-09-30,2021-08-03,-33379000.0,674959000.0,730615500.0,499585000.0,175374000.0,1.016,2.778,-31673000.0,178825000.0,178825000.0,216958000.0,-93621000.0,1.582,1.328,0.0,0.0,0.0,0.0,197303000.0,72405000.0,0.0,0.0,0.0,-74339000.0,-1934000.0,-0.003,-1934000.0,-74339000.0,-74339000.0,-0.9,-0.9,-0.9,289928000.0,355256500.0,289928000.0,292623356.0,-4.0,-151.305,-54287000.0,-0.52,1.0,524999000.0,0.708,56231000.0,0.0,124206000.0,149962000.0,0.0,31589000.0,27905000.0,3684000.0,385031000.0,315697000.0,69334000.0,470142356.0,-38544000.0,10200000.0,3629000.0,0.0,0.0,3629000.0,-21398000.0,75000.0,-22614000.0,1839000.0,-93621000.0,-93621000.0,-93621000.0,0.0,0.0,-0.126,612101000.0,-87102000.0,23834000.0,0.0,1.622,-5.022,-5.0,86535000.0,0.0,4.5,0.634,0.633,157522000.0,-1323517000.0,741957000.0,741957000.0,136073000.0,-0.128,-0.264,-0.496,-0.1,220000.0,400505000.0,1.0,104476079.0,104360400.0,104360400.0,7.11,618728000.0,52470000.0,19282000.0,642000.0,5.929,183888000.0
19,PTC,MRY,2001-12-31,2001-09-30,2001-09-30,2021-08-03,-27637000.0,803778000.0,829771500.0,509109000.0,294669000.0,1.13,3.667,-64370000.0,217369000.0,217369000.0,264414000.0,-10138000.0,1.378,1.087,0.0,0.0,0.0,0.0,214486000.0,76135000.0,0.0,0.0,0.0,-13631000.0,62504000.0,0.067,62504000.0,-13631000.0,-13631000.0,-0.1,-0.1,-0.1,385092000.0,450766000.0,385092000.0,1102308822.0,-81.0,17.636,-13291000.0,-0.127,1.0,673135000.0,0.718,92838000.0,0.0,123996000.0,126735500.0,0.0,31729000.0,13906000.0,17823000.0,418686000.0,369575000.0,49111000.0,1362597822.0,-108503000.0,0.0,-107476000.0,0.0,0.0,-107476000.0,-46737000.0,17633000.0,51079000.0,-5369000.0,-10138000.0,-10138000.0,-10138000.0,0.0,0.0,-0.011,678907000.0,-5772000.0,28640000.0,0.0,3.538,-134.405,-129.75,91501000.0,0.0,12.975,1.453,1.453,185444000.0,-1060154000.0,937549000.0,937549000.0,148942000.0,-0.012,-0.022,-0.108,-0.015,236000.0,449455000.0,1.0,105017173.0,105017173.0,,8.928,710940000.0,69496000.0,-3493000.0,2497000.0,6.77,139534000.0
20,PTC,MRY,2000-12-31,2000-09-30,2000-09-30,2021-08-03,-12629000.0,924883000.0,977780500.0,628433000.0,296450000.0,0.94,4.853,-13086000.0,325872000.0,325872000.0,250622000.0,-14605000.0,1.734,0.75,0.0,0.0,0.0,0.0,231495000.0,78769000.0,0.0,0.0,0.0,-19601000.0,59168000.0,0.064,59168000.0,-19601000.0,-19601000.0,-0.125,-0.125,-0.125,528542000.0,569680250.0,528542000.0,2644442955.0,-135.0,44.694,38765000.0,0.356,1.0,668305000.0,0.727,131679000.0,0.0,104980000.0,127166750.0,0.0,49269000.0,22969000.0,26300000.0,396341000.0,362352000.0,33989000.0,2978716955.0,86083000.0,-7922000.0,-10399000.0,0.0,0.0,-10399000.0,40522000.0,61530000.0,51851000.0,4109000.0,-14605000.0,-14605000.0,-14605000.0,0.0,0.0,-0.016,691066000.0,-22761000.0,30944000.0,0.0,5.636,-203.952,-218.8,66879000.0,0.0,27.35,3.242,3.242,183804000.0,-1036456000.0,918927000.0,918927000.0,143763000.0,-0.015,-0.026,-0.154,-0.021,0.0,487337000.0,1.0,108911040.0,108911040.0,,8.437,793204000.0,0.0,-4996000.0,0.0,7.283,266081000.0
21,PTC,MRY,1999-12-31,1999-09-30,1999-09-30,2021-08-03,-15381000.0,1016620000.0,936670750.0,705104000.0,311516000.0,1.129,4.838,-87663000.0,239789000.0,239789000.0,207655000.0,119293000.0,1.542,0.951,0.0,0.0,0.0,0.0,213059000.0,62283000.0,0.0,0.0,0.0,181242000.0,243525000.0,0.23,243525000.0,181242000.0,181242000.0,1.1,1.075,1.1,521104000.0,439626500.0,521104000.0,3421873886.0,19.0,14.051,63178000.0,0.587,1.0,849946000.0,0.804,166847000.0,0.0,152801000.0,169269250.0,0.0,114106000.0,101217000.0,12889000.0,495516000.0,457183000.0,38333000.0,3634975886.0,33818000.0,-72925000.0,-66102000.0,0.0,0.0,-66102000.0,-59086000.0,101502000.0,150841000.0,8165000.0,119293000.0,119293000.0,119293000.0,0.0,0.0,0.113,671154000.0,178792000.0,40879000.0,0.0,6.976,30.471,30.682,64176000.0,0.0,33.75,3.437,3.437,221889000.0,-1022357000.0,1057601000.0,1057601000.0,124131000.0,0.127,0.271,1.071,0.171,0.0,470788000.0,1.0,107702989.0,107702989.0,,9.82,849773000.0,0.0,61949000.0,80520000.0,7.89,247921000.0
22,PTC,MRY,1998-12-31,1998-09-30,1998-09-30,2021-08-03,-29333000.0,801060000.0,827360000.0,593781000.0,207279000.0,1.23,3.081,-35794000.0,205971000.0,205971000.0,155924000.0,86697000.0,1.415,1.388,0.0,0.0,0.0,0.0,145376000.0,29930000.0,0.0,0.0,0.0,198319000.0,228249000.0,0.224,228249000.0,198319000.0,184990000.0,0.8,0.775,0.8,335504000.0,427738000.0,335504000.0,2544508266.0,13.0,11.148,146095000.0,1.342,1.0,862046000.0,0.847,17134000.0,13329000.0,158413000.0,247686750.0,0.0,220212000.0,131405000.0,88807000.0,465556000.0,419542000.0,46014000.0,2738534266.0,37362000.0,-40599000.0,20468000.0,-275694000.0,0.0,-255226000.0,103491000.0,179884000.0,181889000.0,-4359000.0,86697000.0,86697000.0,86697000.0,0.0,0.0,0.085,654026000.0,208020000.0,34520000.0,0.0,8.162,31.587,31.438,62241000.0,0.0,25.15,2.69,2.69,189275000.0,-1123399000.0,1017970000.0,1017970000.0,93162000.0,0.105,0.203,0.801,0.195,0.0,452383000.0,1.0,108888042.0,108888042.0,,9.349,783926000.0,0.0,98293000.0,65048000.0,7.199,174239000.0
23,PTC,MRY,1997-12-31,1997-09-30,1997-09-30,2021-08-03,0.0,958332000.0,808774500.0,761928000.0,196404000.0,1.313,1.962,-37144000.0,168609000.0,168609000.0,224262000.0,87660000.0,1.691,3.773,253003000.0,39477000.0,213526000.0,253003000.0,114149000.0,38418000.0,0.0,0.0,0.0,239753000.0,278171000.0,0.262,278171000.0,239753000.0,205684000.0,0.825,0.8,0.825,200792000.0,356612000.0,200792000.0,,,,158628000.0,1.55,1.0,837756000.0,0.789,0.0,34069000.0,592097000.0,451854000.0,0.0,400096000.0,354516000.0,45580000.0,757540000.0,450629000.0,306911000.0,5645826095.0,-71570000.0,25100000.0,-118530000.0,24382000.0,0.0,-94148000.0,-165555000.0,-153511000.0,195772000.0,-7639000.0,87660000.0,87660000.0,87660000.0,0.0,0.0,0.083,608421000.0,229335000.0,38305000.0,0.0,28.118,64.406,66.864,56797000.0,0.0,55.163,5.316,5.316,196021000.0,-1229149000.0,1062018000.0,1062018000.0,93189000.0,0.108,0.246,0.531,0.226,0.0,448328000.0,1.0,102348989.0,102348989.0,106846400.0,10.376,958332000.0,0.0,118024000.0,107050000.0,9.363,311299000.0
24,PTC,MRY,1996-12-31,1996-09-30,1996-09-30,2021-08-03,0.0,659217000.0,,562050000.0,97167000.0,,,-41944000.0,201614000.0,201614000.0,275270000.0,159567000.0,3.85,0.286,0.0,0.0,0.0,0.0,56420000.0,43174000.0,0.0,0.0,0.0,273130000.0,316304000.0,0.294,316304000.0,273130000.0,240424000.0,1.5,1.425,1.5,512432000.0,,512432000.0,,,,195019000.0,,1.0,802051000.0,0.744,0.0,32706000.0,311611000.0,,0.0,254498000.0,232602000.0,21896000.0,146785000.0,145992000.0,793000.0,,43562000.0,-23189000.0,-22740000.0,-6021000.0,0.0,-28761000.0,-157060000.0,-91927000.0,236963000.0,-7580000.0,159567000.0,159567000.0,159567000.0,0.0,0.0,0.148,542322000.0,259729000.0,39416000.0,0.0,,,41.15,36517000.0,0.0,61.725,,,117273000.0,306638000.0,1077321000.0,1077321000.0,79620000.0,,,,0.254,0.0,386882000.0,1.0,,,106568800.0,,659217000.0,0.0,80857000.0,17970000.0,,416058000.0
25,PTC,MRY,1995-12-31,1995-09-30,1995-09-30,2021-08-03,,,,,,,,-14000000.0,,,36318000.0,77362000.0,,,,,,,,9466000.0,,0.0,0.0,127660000.0,137126000.0,0.348,137126000.0,127660000.0,127660000.0,0.75,,0.75,,,,,,,105017000.0,,1.0,357992000.0,0.908,,0.0,,,,,,,,,,,3436000.0,-33507000.0,26129000.0,-775000.0,0.0,25354000.0,-141270000.0,-93763000.0,119017000.0,447000.0,77362000.0,77362000.0,77362000.0,0.0,0.0,0.196,239361000.0,118631000.0,,0.0,,,51.25,,0.0,38.438,,,,,394310000.0,394310000.0,25591000.0,,,,0.324,0.0,184332000.0,1.0,,,103236800.0,,,,50298000.0,,,
0,PTC,MRQ,2021-06-30,2021-06-30,2021-06-30,2021-08-03,-92830000.0,4206219000.0,,918496000.0,3287723000.0,,14.752,-3420000.0,365756000.0,365756000.0,95077000.0,51203000.0,1.231,1.438,1682060000.0,25124000.0,1656936000.0,1682060000.0,473613000.0,31576000.0,0.0,0.0,0.0,71647000.0,103223000.0,0.237,103223000.0,71647000.0,58469000.0,0.44,0.43,0.44,1724958000.0,,1724958000.0,17895601896.0,55.0,40.004,84614000.0,0.724,1.0,340591000.0,0.782,2591995000.0,13178000.0,2184329000.0,,0.0,0.0,0.0,0.0,2481261000.0,746199000.0,1735062000.0,16506909896.0,39675000.0,-581000.0,0.0,-30000000.0,0.0,-44973000.0,-4489000.0,0.0,88034000.0,1103000.0,51203000.0,51203000.0,51203000.0,0.0,0.0,0.118,267009000.0,73582000.0,23446000.0,0.0,9.569,69.536,69.245,241090000.0,0.0,141.26,9.611,9.618,432980000.0,121713000.0,435668000.0,435668000.0,78134000.0,,,,,43068000.0,181496000.0,1.0,116854806.0,116934000.0,118611000.0,3.726,1614224000.0,178087000.0,7266000.0,21867000.0,13.805,172297000.0
1,PTC,MRQ,2021-03-31,2021-03-31,2021-03-31,2021-08-03,-97937000.0,4181221000.0,,901763000.0,3279458000.0,,14.134,-5385000.0,326081000.0,326081000.0,89448000.0,109262000.0,1.176,1.533,1714773000.0,28137000.0,1686636000.0,1714773000.0,492421000.0,30899000.0,0.0,0.0,0.0,99282000.0,130181000.0,0.282,130181000.0,99282000.0,86357000.0,0.94,0.92,0.94,1650533000.0,,1650533000.0,16874560038.0,53.0,38.429,116307000.0,0.996,1.0,372337000.0,0.806,2603942000.0,12925000.0,2199151000.0,,0.0,0.0,0.0,0.0,2530688000.0,766820000.0,1763868000.0,16078954038.0,-72603000.0,-717198000.0,10484000.0,520000000.0,0.0,527742000.0,-717027000.0,8359000.0,121692000.0,-5010000.0,109262000.0,109262000.0,109262000.0,0.0,0.0,0.237,270647000.0,101690000.0,22230000.0,0.0,9.742,72.801,72.447,245944000.0,0.0,137.65,9.843,9.84,434533000.0,70510000.0,461785000.0,461785000.0,72545000.0,,,,,44740000.0,189983000.0,1.0,116810418.0,116777000.0,118331000.0,3.954,1577279000.0,182176000.0,-22905000.0,27977000.0,13.507,134943000.0
2,PTC,MRQ,2020-12-31,2020-12-31,2020-12-31,2021-08-03,-90865000.0,3448888000.0,,936204000.0,2512684000.0,,12.843,-2857000.0,398697000.0,398697000.0,86830000.0,23515000.0,1.314,1.307,1194303000.0,30128000.0,1164175000.0,1194303000.0,434055000.0,28226000.0,0.0,0.0,0.0,88925000.0,117151000.0,0.273,117151000.0,88925000.0,77407000.0,0.2,0.2,0.2,1494929000.0,,1494929000.0,14898912680.0,55.0,38.368,110905000.0,0.953,1.0,342220000.0,0.798,1861177000.0,11518000.0,1671079000.0,,0.0,0.0,0.0,0.0,1953959000.0,712238000.0,1241721000.0,13954033680.0,123239000.0,0.0,0.0,-18279000.0,0.0,-42779000.0,46703000.0,50110000.0,113762000.0,5553000.0,23515000.0,23515000.0,23515000.0,0.0,0.0,0.055,251882000.0,90338000.0,30015000.0,0.0,9.334,117.503,117.265,243530000.0,0.0,119.61,9.112,9.092,415835000.0,-38752000.0,429050000.0,429050000.0,70835000.0,,,,,46088000.0,174253000.0,1.0,116662768.0,116401000.0,117605000.0,3.686,1587711000.0,186536000.0,53892000.0,21660000.0,13.64,223966000.0
3,PTC,MRQ,2020-09-30,2020-09-30,2020-09-30,2021-08-03,-103374000.0,3382738000.0,,833447000.0,2549291000.0,,12.389,-4784000.0,275458000.0,275458000.0,84615000.0,53406000.0,1.224,1.352,1220337000.0,34635000.0,1185702000.0,1220337000.0,426465000.0,29360000.0,0.0,0.0,0.0,67433000.0,96793000.0,0.248,96793000.0,67433000.0,55381000.0,0.46,0.45,0.46,1438248000.0,,1438248000.0,10568631644.0,50.0,31.964,29190000.0,0.251,1.0,306366000.0,0.784,1863356000.0,12052000.0,1783501000.0,,0.0,59099000.0,28129000.0,30970000.0,1944490000.0,680760000.0,1263730000.0,9605278644.0,-101970000.0,-14958000.0,9402000.0,-120024000.0,0.0,-111130000.0,-28966000.0,-9224000.0,33974000.0,4152000.0,53406000.0,53406000.0,53406000.0,0.0,0.0,0.137,239354000.0,67012000.0,24910000.0,0.0,6.678,73.494,73.204,251432000.0,0.0,82.72,6.586,6.56,415221000.0,-62267000.0,390981000.0,390981000.0,69884000.0,,,,,41544000.0,161746000.0,1.0,116117972.0,116089000.0,117125000.0,3.368,1519382000.0,190963000.0,1975000.0,19442000.0,13.088,152687000.0
4,PTC,MRQ,2020-06-30,2020-06-27,2020-06-27,2021-08-03,-110211000.0,3376169000.0,,847238000.0,2528931000.0,,11.468,-5169000.0,377428000.0,377428000.0,79224000.0,34678000.0,1.272,1.543,1340781000.0,36748000.0,1304033000.0,1340781000.0,404682000.0,30808000.0,0.0,0.0,0.0,64176000.0,94984000.0,0.27,94984000.0,64176000.0,44516000.0,0.3,0.3,0.3,1327567000.0,,1327567000.0,9766579903.0,52.0,32.841,99336000.0,0.858,1.0,272497000.0,0.775,1852377000.0,19660000.0,1820854000.0,,0.0,57788000.0,25830000.0,31958000.0,2048602000.0,666291000.0,1382311000.0,8738475903.0,-449748000.0,0.0,0.0,-525942000.0,0.0,-535603000.0,-20263000.0,-115000.0,104505000.0,1613000.0,34678000.0,34678000.0,34678000.0,0.0,0.0,0.099,209096000.0,63401000.0,29954000.0,0.0,6.582,100.31,99.382,252661000.0,0.0,75.53,6.231,6.234,319244000.0,-115673000.0,351721000.0,351721000.0,61429000.0,,,,,25185000.0,140303000.0,1.0,115695431.0,115759000.0,116229000.0,3.038,1523792000.0,196701000.0,9838000.0,33804000.0,13.163,180947000.0
5,PTC,MRQ,2020-03-31,2020-03-28,2020-03-28,2021-08-03,-113495000.0,3866471000.0,,1341426000.0,2525045000.0,,11.021,-5536000.0,826776000.0,826776000.0,83027000.0,7156000.0,1.125,2.035,1854880000.0,535887000.0,1318993000.0,1854880000.0,417202000.0,30991000.0,0.0,0.0,0.0,48396000.0,79387000.0,0.221,79387000.0,48396000.0,15778000.0,0.06,0.06,0.06,1274081000.0,,1274081000.0,7927919970.0,59.0,34.2,82281000.0,0.712,1.0,276576000.0,0.769,1854272000.0,32618000.0,1848131000.0,,0.0,56941000.0,34254000.0,22687000.0,2592390000.0,1192172000.0,1400218000.0,6815328970.0,589759000.0,-771000.0,8980000.0,504739000.0,0.0,512997000.0,-3324000.0,783000.0,87817000.0,-7731000.0,7156000.0,7156000.0,7156000.0,0.0,0.0,0.02,226551000.0,50025000.0,33728000.0,0.0,5.349,180.879,178.818,261163000.0,0.0,59.01,5.063,5.068,352673000.0,-150351000.0,359603000.0,359603000.0,59954000.0,,,,,20484000.0,141067000.0,1.0,115494475.0,115606000.0,116017000.0,3.111,2012199000.0,202683000.0,8622000.0,35504000.0,17.406,149254000.0
6,PTC,MRQ,2019-12-31,2019-12-28,2019-12-28,2021-08-03,-103861000.0,3279827000.0,,739169000.0,2540658000.0,,10.833,-4707000.0,237017000.0,237017000.0,87405000.0,35455000.0,1.17,1.628,1349608000.0,33909000.0,1315699000.0,1349608000.0,368089000.0,28345000.0,0.0,0.0,0.0,31129000.0,59474000.0,0.167,59474000.0,31129000.0,19031000.0,0.31,0.31,0.31,1247817000.0,,1247817000.0,9151594458.0,143.0,61.054,2805000.0,0.024,1.0,268705000.0,0.755,1872059000.0,12098000.0,1888847000.0,,0.0,57480000.0,29260000.0,28220000.0,2032010000.0,631512000.0,1400498000.0,8752039458.0,-32770000.0,-467749000.0,0.0,453995000.0,0.0,431146000.0,-473419000.0,-963000.0,7512000.0,1991000.0,35455000.0,35455000.0,35455000.0,0.0,0.0,0.1,238280000.0,30425000.0,42452000.0,0.0,7.014,-673.752,-757.8,270655000.0,0.0,75.78,6.853,6.835,344412000.0,-157507000.0,356110000.0,356110000.0,65308000.0,,,,,27936000.0,152161000.0,1.0,115492735.0,115190000.0,115691000.0,3.092,1407768000.0,207865000.0,-16424000.0,43040000.0,12.221,107657000.0
7,PTC,MRQ,2019-09-30,2019-09-30,2019-09-30,2021-08-03,-110710000.0,2664588000.0,,782621000.0,1881967000.0,,10.187,-4832000.0,269579000.0,269579000.0,85417000.0,9826000.0,1.226,1.217,669134000.0,0.0,669134000.0,669134000.0,396632000.0,19190000.0,0.0,0.0,0.0,44355000.0,63545000.0,0.19,63545000.0,44355000.0,33783000.0,0.09,0.09,0.09,1201998000.0,,1201998000.0,8283990810.0,131.0,58.681,50384000.0,0.427,1.0,249588000.0,0.745,1408128000.0,10572000.0,1017860000.0,,0.0,57435000.0,27891000.0,29544000.0,1462590000.0,638155000.0,824435000.0,7852936810.0,1707000.0,0.0,-16182000.0,-30000000.0,0.0,-46357000.0,-2444000.0,2388000.0,55216000.0,-4708000.0,9826000.0,9826000.0,9826000.0,0.0,0.0,0.029,203037000.0,46551000.0,42442000.0,0.0,6.533,-285.977,-296.435,105531000.0,0.0,68.18,6.254,6.392,372743000.0,-191390000.0,335005000.0,335005000.0,64114000.0,,,,,14792000.0,127218000.0,1.0,115179478.0,117988000.0,117988000.0,2.839,1256460000.0,198634000.0,23957000.0,59090000.0,10.649,144466000.0
8,PTC,MRQ,2019-06-30,2019-06-29,2019-06-29,2021-08-03,-93012000.0,2648601000.0,,752663000.0,1895938000.0,,10.467,-8311000.0,267862000.0,267862000.0,82705000.0,-14758000.0,1.252,1.179,698916000.0,0.0,698916000.0,698916000.0,382579000.0,19076000.0,0.0,0.0,0.0,10331000.0,29407000.0,0.1,29407000.0,10331000.0,-485000.0,-0.13,-0.13,-0.13,1215595000.0,,1215595000.0,10770556558.0,356.0,97.03,59274000.0,0.51,1.0,212781000.0,0.72,1428264000.0,10816000.0,1050169000.0,,0.0,54626000.0,33073000.0,21553000.0,1433006000.0,601222000.0,831784000.0,10326155558.0,-26450000.0,-17284000.0,-25001000.0,-40000000.0,0.0,-74701000.0,-19240000.0,6355000.0,67585000.0,-94000.0,-14758000.0,-14758000.0,-14758000.0,0.0,0.0,-0.05,203476000.0,9305000.0,44065000.0,0.0,8.495,-428.56,-448.8,107752000.0,0.0,89.76,8.374,8.453,321426000.0,-197056000.0,295486000.0,295486000.0,60590000.0,,,,,15234000.0,136975000.0,1.0,115041840.0,116133000.0,116133000.0,2.544,1220337000.0,189371000.0,14273000.0,45576000.0,10.508,151441000.0
9,PTC,MRQ,2019-03-31,2019-03-30,2019-03-30,2021-08-03,-95124000.0,2715819000.0,,790602000.0,1925217000.0,,10.533,-20936000.0,294299000.0,294299000.0,79904000.0,-43513000.0,1.321,1.177,738700000.0,0.0,738700000.0,738700000.0,391807000.0,19505000.0,0.0,0.0,0.0,-22037000.0,-2532000.0,-0.009,-2532000.0,-22037000.0,-33420000.0,-0.37,-0.37,-0.37,1247708000.0,,1247708000.0,11436597230.0,282.0,91.648,120194000.0,1.015,1.0,210547000.0,0.725,1421913000.0,11383000.0,1139924000.0,,0.0,56415000.0,25428000.0,30987000.0,1468111000.0,598383000.0,869728000.0,10935103230.0,17299000.0,103000.0,-56196000.0,-40000000.0,0.0,-96899000.0,-27128000.0,-6295000.0,141130000.0,196000.0,-43513000.0,-43513000.0,-43513000.0,0.0,0.0,-0.15,233405000.0,-22858000.0,36685000.0,0.0,8.764,1427.559,1152.25,106837000.0,0.0,92.18,8.731,8.719,352217000.0,-182298000.0,290451000.0,290451000.0,61402000.0,,,,,26967000.0,139093000.0,1.0,118627720.0,118461000.0,118461000.0,2.452,1293906000.0,195884000.0,10093000.0,42905000.0,10.923,192219000.0
10,PTC,MRQ,2018-12-31,2018-12-29,2018-12-29,2021-08-03,-95108000.0,2752969000.0,,799985000.0,1952984000.0,,11.166,-30332000.0,276990000.0,276990000.0,77352000.0,20985000.0,1.479,1.084,778484000.0,0.0,778484000.0,778484000.0,335308000.0,20053000.0,0.0,0.0,0.0,30699000.0,50752000.0,0.152,50752000.0,30699000.0,20423000.0,0.18,0.18,0.18,1321169000.0,,1321169000.0,10155041262.0,120.0,59.412,-9118000.0,-0.077,1.0,257337000.0,0.769,1435985000.0,10276000.0,1277509000.0,,0.0,55652000.0,25598000.0,30054000.0,1431800000.0,540969000.0,890831000.0,9771719262.0,17040000.0,-69556000.0,-4640000.0,135000000.0,0.0,94997000.0,-101212000.0,-1324000.0,21214000.0,2041000.0,20985000.0,20985000.0,20985000.0,0.0,0.0,0.063,227293000.0,30044000.0,57249000.0,0.0,7.396,165.356,158.346,107359000.0,0.0,82.34,7.695,7.672,385670000.0,-138785000.0,334689000.0,334689000.0,60782000.0,,,,,29407000.0,142082000.0,1.0,118675240.0,118323000.0,119638000.0,2.829,1316984000.0,201149000.0,-562000.0,36666000.0,11.13,259016000.0
11,PTC,MRQ,2018-09-30,2018-09-30,2018-09-30,2021-08-03,-85585000.0,2329022000.0,,633784000.0,1695238000.0,,7.423,-14375000.0,259946000.0,259946000.0,78126000.0,13191000.0,0.862,1.663,643268000.0,0.0,643268000.0,643268000.0,499442000.0,22105000.0,0.0,0.0,0.0,11270000.0,33375000.0,0.107,33375000.0,11270000.0,669000.0,0.12,0.11,0.12,874589000.0,,874589000.0,12938838223.0,184.0,82.028,47585000.0,0.404,1.0,234395000.0,0.75,1382659000.0,10601000.0,594406000.0,,0.0,55951000.0,25836000.0,30115000.0,1454433000.0,735279000.0,719154000.0,12512337223.0,-7135000.0,0.0,8182000.0,-52851000.0,0.0,-45771000.0,-19123000.0,-1748000.0,61960000.0,-4201000.0,13191000.0,13191000.0,13191000.0,0.0,0.0,0.042,222854000.0,11541000.0,53473000.0,0.0,14.307,240.682,235.978,80613000.0,0.0,106.19,10.076,9.953,129297000.0,-599409000.0,312521000.0,312521000.0,62396000.0,,,,,30924000.0,150756000.0,1.0,117829713.0,117815000.0,119571000.0,2.653,946363000.0,165566000.0,-12522000.0,23633000.0,8.033,-101495000.0
12,PTC,MRQ,2018-06-30,2018-06-30,2018-06-30,2021-08-03,-78569000.0,2255631000.0,,588212000.0,1667419000.0,,7.207,-7527000.0,266552000.0,266552000.0,81633000.0,16997000.0,0.884,1.703,693053000.0,0.0,693053000.0,693053000.0,483951000.0,22576000.0,0.0,0.0,0.0,20617000.0,43193000.0,0.137,43193000.0,20617000.0,9971000.0,0.15,0.14,0.15,834385000.0,,834385000.0,11167431604.0,150.0,68.709,41667000.0,0.36,1.0,233144000.0,0.741,1397119000.0,10646000.0,619903000.0,,0.0,54172000.0,22356000.0,31816000.0,1421246000.0,665110000.0,756136000.0,10824370604.0,-33077000.0,0.0,-100000000.0,50000000.0,0.0,-65429000.0,-7396000.0,131000.0,49194000.0,-9446000.0,16997000.0,16997000.0,16997000.0,0.0,0.0,0.054,211597000.0,21547000.0,37773000.0,0.0,12.973,192.498,191.449,64456000.0,0.0,93.81,8.76,8.789,130079000.0,-612600000.0,314777000.0,314777000.0,61221000.0,,,,,16658000.0,140899000.0,1.0,115386106.0,115774000.0,117500000.0,2.719,858512000.0,138958000.0,-7026000.0,12545000.0,7.415,-76898000.0
13,PTC,MRQ,2018-03-31,2018-03-31,2018-03-31,2021-08-03,-62430000.0,2328814000.0,,649160000.0,1679654000.0,,7.981,-5262000.0,299776000.0,299776000.0,83708000.0,7922000.0,0.942,1.51,642837000.0,0.0,642837000.0,642837000.0,497777000.0,21681000.0,0.0,0.0,0.0,21925000.0,43606000.0,0.142,43606000.0,21925000.0,11546000.0,0.07,0.07,0.07,927724000.0,,927724000.0,9522291384.0,147.0,62.753,105821000.0,0.91,1.0,224175000.0,0.728,1421633000.0,10379000.0,560916000.0,,0.0,55264000.0,22797000.0,32467000.0,1401090000.0,689326000.0,711764000.0,9071348384.0,8032000.0,-3000000.0,7472000.0,-100000000.0,0.0,-92982000.0,-13308000.0,-5046000.0,111083000.0,3239000.0,7922000.0,7922000.0,7922000.0,0.0,0.0,0.026,201965000.0,22210000.0,29918000.0,0.0,9.778,236.955,236.394,59210000.0,0.0,78.01,7.483,7.481,127151000.0,-629597000.0,307883000.0,307883000.0,62197000.0,,,,,17026000.0,131759000.0,1.0,116284430.0,116241000.0,117905000.0,2.649,907181000.0,129862000.0,3624000.0,21656000.0,7.804,-40166000.0
14,PTC,MRQ,2017-12-31,2017-12-30,2017-12-30,2021-08-03,-69089000.0,2305942000.0,,619459000.0,1686483000.0,,7.682,-8877000.0,291679000.0,291679000.0,83035000.0,13877000.0,1.025,1.594,742622000.0,0.0,742622000.0,742622000.0,431494000.0,21046000.0,0.0,0.0,0.0,16518000.0,37564000.0,0.123,37564000.0,16518000.0,6471000.0,0.12,0.12,0.12,889099000.0,,889099000.0,7489336083.0,139.0,53.482,16638000.0,0.144,1.0,223609000.0,0.729,1427988000.0,10047000.0,724561000.0,,0.0,50567000.0,20146000.0,30421000.0,1416843000.0,604336000.0,812507000.0,7056933083.0,12064000.0,0.0,0.0,30000000.0,0.0,-6664000.0,-9385000.0,-508000.0,25515000.0,2598000.0,13877000.0,13877000.0,13877000.0,0.0,0.0,0.045,206293000.0,17316000.0,32651000.0,0.0,7.937,241.205,243.08,61219000.0,0.0,60.77,5.958,5.938,131059000.0,-637519000.0,306644000.0,306644000.0,63972000.0,,,,,18331000.0,134395000.0,1.0,116125277.0,115731000.0,117656000.0,2.65,877954000.0,129886000.0,-7406000.0,21296000.0,7.586,15123000.0
15,PTC,MRQ,2017-09-30,2017-09-30,2017-09-30,2021-08-03,-73907000.0,2360384000.0,,666556000.0,1693828000.0,,7.662,-6111000.0,280003000.0,280003000.0,82289000.0,17435000.0,0.982,1.666,712406000.0,0.0,712406000.0,712406000.0,458907000.0,22555000.0,0.0,0.0,0.0,15615000.0,38170000.0,0.125,38170000.0,15615000.0,5454000.0,0.15,0.15,0.15,885436000.0,,885436000.0,6957888126.0,170.0,54.471,26629000.0,0.23,1.0,224090000.0,0.731,1440680000.0,10161000.0,673198000.0,,0.0,50315000.0,18408000.0,31907000.0,1474948000.0,678909000.0,796039000.0,6506392126.0,19277000.0,0.0,-9197000.0,0.0,0.0,-9607000.0,-6319000.0,-208000.0,32740000.0,2463000.0,17435000.0,17435000.0,17435000.0,0.0,0.0,0.057,205654000.0,18436000.0,35160000.0,0.0,7.348,1042.858,1125.6,63600000.0,0.0,56.28,5.589,5.585,152299000.0,-650840000.0,306379000.0,306379000.0,60554000.0,,,,,20569000.0,137336000.0,1.0,115607536.0,115559000.0,122891000.0,2.651,919704000.0,123166000.0,-11981000.0,23615000.0,7.959,-12353000.0
16,PTC,MRQ,2017-06-30,2017-07-01,2017-07-01,2021-08-03,-95319000.0,2291761000.0,,609459000.0,1682302000.0,,7.226,-4544000.0,260695000.0,260695000.0,82268000.0,-951000.0,0.936,1.743,712191000.0,0.0,712191000.0,712191000.0,465316000.0,21504000.0,0.0,0.0,0.0,10899000.0,32403000.0,0.111,32403000.0,10899000.0,699000.0,-0.01,-0.01,-0.01,835380000.0,,835380000.0,6836213293.0,-897.0,87.199,69369000.0,0.6,1.0,209025000.0,0.718,1445453000.0,10200000.0,646864000.0,,0.0,50189000.0,19277000.0,30912000.0,1456381000.0,650940000.0,805441000.0,6367553293.0,17379000.0,-4960000.0,-34994000.0,0.0,0.0,-50415000.0,-11517000.0,-2013000.0,73913000.0,5398000.0,-951000.0,-951000.0,-951000.0,0.0,0.0,-0.003,197769000.0,11256000.0,24569000.0,0.0,7.622,-160.517,-157.486,63443000.0,0.0,55.12,5.557,5.561,128561000.0,-668275000.0,291293000.0,291293000.0,59850000.0,,,,,16574000.0,128395000.0,1.0,115521649.0,115615000.0,115615000.0,2.52,846308000.0,110172000.0,1650000.0,29103000.0,7.32,-41481000.0
17,PTC,MRQ,2017-03-31,2017-04-01,2017-04-01,2021-08-03,-109546000.0,2333748000.0,,671723000.0,1662025000.0,,7.323,-7689000.0,243316000.0,243316000.0,81830000.0,-1104000.0,0.982,1.754,711976000.0,0.0,711976000.0,711976000.0,492472000.0,21229000.0,0.0,0.0,0.0,10669000.0,31898000.0,0.114,31898000.0,10669000.0,-1056000.0,-0.01,-0.01,-0.01,847344000.0,,847344000.0,6639559194.0,-600.0,88.208,68737000.0,0.594,1.0,198210000.0,0.708,1441577000.0,11725000.0,676886000.0,,0.0,48191000.0,23555000.0,24636000.0,1486404000.0,683945000.0,802459000.0,6081164194.0,69949000.0,0.0,3978000.0,-20000000.0,0.0,-16749000.0,7307000.0,14996000.0,76426000.0,2965000.0,-1104000.0,-1104000.0,-1104000.0,0.0,0.0,-0.004,190697000.0,7513000.0,18381000.0,0.0,7.177,-170.604,-169.516,63429000.0,0.0,52.55,5.319,5.319,142620000.0,-667324000.0,280040000.0,280040000.0,57710000.0,,,,,21577000.0,124577000.0,1.0,115721488.0,115709000.0,115709000.0,2.42,892171000.0,99087000.0,48000.0,24124000.0,7.71,-12222000.0
18,PTC,MRQ,2016-12-31,2016-12-31,2016-12-31,2021-08-03,-113857000.0,2196941000.0,,513188000.0,1683753000.0,,7.104,-7100000.0,173367000.0,173367000.0,82115000.0,-9141000.0,0.922,1.683,731762000.0,0.0,731762000.0,731762000.0,375029000.0,21454000.0,0.0,0.0,0.0,3812000.0,25266000.0,0.088,25266000.0,3812000.0,-6503000.0,-0.08,-0.08,-0.08,818965000.0,,818965000.0,5829192216.0,-284.0,87.19,-54976000.0,-0.477,1.0,204212000.0,0.713,1453219000.0,10315000.0,745387000.0,,0.0,49834000.0,22738000.0,27096000.0,1377976000.0,556730000.0,821246000.0,5349002216.0,-104568000.0,0.0,0.0,-20000000.0,0.0,-41334000.0,-5598000.0,1502000.0,-47876000.0,-9760000.0,-9141000.0,-9141000.0,-9141000.0,0.0,0.0,-0.032,199651000.0,4561000.0,19063000.0,0.0,6.531,-134.688,-132.2,65885000.0,0.0,46.27,4.709,4.696,132853000.0,-666220000.0,286327000.0,286327000.0,57914000.0,,,,,17988000.0,127385000.0,1.0,115604111.0,115290000.0,115290000.0,2.484,743722000.0,93394000.0,2638000.0,21762000.0,6.451,-43542000.0
19,PTC,MRQ,2016-09-30,2016-09-30,2016-09-30,2021-08-03,-99953000.0,2345729000.0,,642589000.0,1703140000.0,,7.331,-9557000.0,277935000.0,277935000.0,82856000.0,-28473000.0,0.982,1.784,751601000.0,0.0,751601000.0,751601000.0,413657000.0,21833000.0,0.0,0.0,0.0,-33002000.0,-11169000.0,-0.039,-11169000.0,-33002000.0,-43373000.0,-0.25,-0.25,-0.25,842666000.0,,842666000.0,5577202772.0,-149.0,113.256,4108000.0,0.036,1.0,205381000.0,0.713,1480118000.0,10371000.0,684758000.0,,0.0,49616000.0,18695000.0,30921000.0,1503063000.0,654519000.0,848544000.0,5093703772.0,-16691000.0,-1611000.0,2000.0,-20000000.0,0.0,-20491000.0,-11728000.0,-560000.0,13665000.0,1863000.0,-28473000.0,-28473000.0,-28473000.0,0.0,0.0,-0.099,238456000.0,-33075000.0,18022000.0,0.0,6.045,-93.523,-92.312,67113000.0,0.0,44.31,4.466,4.453,161357000.0,-657079000.0,288237000.0,288237000.0,57934000.0,,,,,14269000.0,140632000.0,1.0,114956077.0,114951000.0,114951000.0,2.507,865611000.0,89692000.0,-14900000.0,20057000.0,7.53,-11930000.0
20,PTC,MRQ,2016-06-30,2016-07-02,2016-07-02,2021-08-03,-94558000.0,2339146000.0,,635286000.0,1703860000.0,,7.515,-7766000.0,294626000.0,294626000.0,82470000.0,3073000.0,1.052,1.712,778125000.0,0.0,778125000.0,778125000.0,425432000.0,21817000.0,0.0,0.0,0.0,7460000.0,29277000.0,0.101,29277000.0,7460000.0,-704000.0,0.03,0.03,0.03,862661000.0,,862661000.0,4813862735.0,-181.0,81.454,51691000.0,0.45,1.0,206182000.0,0.714,1493042000.0,8164000.0,725709000.0,,0.0,44606000.0,11380000.0,33226000.0,1476485000.0,603894000.0,872591000.0,4344193735.0,-73830000.0,0.0,18000.0,-60000000.0,0.0,-80189000.0,-52371000.0,-44605000.0,59457000.0,-727000.0,3073000.0,3073000.0,3073000.0,0.0,0.0,0.011,198586000.0,7596000.0,16250000.0,0.0,5.036,-137.71,-135.357,62909000.0,0.0,37.9,3.729,3.735,151718000.0,-628606000.0,288652000.0,288652000.0,57118000.0,,,,,13758000.0,130359000.0,1.0,114622526.0,114795000.0,115698000.0,2.514,846104000.0,71467000.0,-3777000.0,28126000.0,7.371,31392000.0
21,PTC,MRQ,2016-03-31,2016-04-02,2016-04-02,2021-08-03,-91355000.0,2411502000.0,,741390000.0,1670112000.0,,7.455,-4681000.0,368456000.0,368456000.0,80191000.0,-5173000.0,1.198,1.823,838125000.0,0.0,838125000.0,838125000.0,446608000.0,22291000.0,0.0,0.0,0.0,1191000.0,23482000.0,0.086,23482000.0,1191000.0,-3569000.0,-0.05,-0.05,-0.05,854104000.0,,854104000.0,4200873638.0,-337.0,57.8,44204000.0,0.386,1.0,192436000.0,0.706,1511416000.0,4760000.0,750949000.0,,0.0,0.0,0.0,0.0,1557398000.0,618806000.0,938592000.0,3779545638.0,71659000.0,-99411000.0,0.0,120000000.0,0.0,119362000.0,-104092000.0,0.0,48885000.0,7504000.0,-5173000.0,-5173000.0,-5173000.0,0.0,0.0,-0.019,190678000.0,1758000.0,13426000.0,0.0,4.425,-219.946,-206.25,62867000.0,0.0,33.0,3.205,3.206,146669000.0,-631679000.0,272627000.0,272627000.0,56610000.0,,,,,14836000.0,121093000.0,1.0,114531686.0,114563000.0,114563000.0,2.38,900086000.0,57089000.0,1604000.0,23635000.0,7.857,122584000.0
22,PTC,MRQ,2015-12-31,2016-01-02,2016-01-02,2021-08-03,-100497000.0,2215893000.0,,659588000.0,1556305000.0,,7.323,-4185000.0,296797000.0,296797000.0,80147000.0,-23892000.0,1.138,1.651,718125000.0,0.0,718125000.0,718125000.0,389266000.0,20613000.0,0.0,0.0,0.0,-13292000.0,7321000.0,0.025,7321000.0,-13292000.0,-19545000.0,-0.21,-0.21,-0.21,835937000.0,,835937000.0,4360863269.0,-452.0,58.809,57069000.0,0.5,1.0,210870000.0,0.725,1403900000.0,6253000.0,653934000.0,,0.0,0.0,0.0,0.0,1379956000.0,579387000.0,800569000.0,3966155269.0,23380000.0,-64780000.0,1000.0,50000000.0,0.0,32924000.0,-68965000.0,0.0,61254000.0,-1833000.0,-23892000.0,-23892000.0,-23892000.0,0.0,0.0,-0.082,224162000.0,-13292000.0,12171000.0,0.0,4.745,-599.208,-577.167,60878000.0,0.0,34.63,3.249,3.238,161402000.0,-626506000.0,291017000.0,291017000.0,57669000.0,,,,,23133000.0,120996000.0,1.0,114529462.0,114151000.0,114151000.0,2.549,811993000.0,49631000.0,4347000.0,17809000.0,7.113,80201000.0
23,PTC,MRQ,2015-09-30,2015-09-30,2015-09-30,2021-08-03,-91742000.0,2209913000.0,,704679000.0,1505234000.0,,7.543,-9991000.0,273417000.0,273417000.0,76362000.0,-5554000.0,1.142,1.569,668125000.0,50000000.0,618125000.0,668125000.0,386850000.0,20978000.0,0.0,0.0,0.0,-21959000.0,-981000.0,-0.003,-981000.0,-21959000.0,-26209000.0,-0.05,-0.05,-0.05,860171000.0,,860171000.0,3973031442.0,96.0,31.607,-22551000.0,-0.198,1.0,236206000.0,0.756,1360342000.0,4250000.0,627019000.0,,0.0,0.0,0.0,0.0,1349742000.0,617260000.0,732482000.0,3623716442.0,-1643000.0,0.0,-14975000.0,43750000.0,0.0,24457000.0,-9991000.0,0.0,-12560000.0,-3549000.0,-5554000.0,-5554000.0,-5554000.0,0.0,0.0,-0.018,257816000.0,-21610000.0,13361000.0,0.0,4.213,76.197,77.415,65162000.0,0.0,31.74,2.887,2.902,197275000.0,-602614000.0,312568000.0,312568000.0,52180000.0,,,,,11952000.0,130082000.0,1.0,114168760.0,114037000.0,115058000.0,2.741,849571000.0,75739000.0,-20655000.0,47993000.0,7.45,87419000.0
24,PTC,MRQ,2015-06-30,2015-07-04,2015-07-04,2021-08-03,-130067000.0,2146601000.0,,635205000.0,1511396000.0,,7.235,-6530000.0,275060000.0,275060000.0,79376000.0,17435000.0,0.995,1.585,624375000.0,43750000.0,580625000.0,624375000.0,389139000.0,21250000.0,0.0,0.0,0.0,21607000.0,42857000.0,0.141,42857000.0,21607000.0,17939000.0,0.15,0.15,0.15,830323000.0,,830323000.0,4997385067.0,48.0,26.694,80309000.0,0.7,1.0,223737000.0,0.738,1377323000.0,3668000.0,480400000.0,,0.0,0.0,0.0,0.0,1316278000.0,638193000.0,678085000.0,4734575067.0,7245000.0,-98591000.0,-49930000.0,93750000.0,0.0,36333000.0,-115121000.0,-10000000.0,86839000.0,-806000.0,17435000.0,17435000.0,17435000.0,0.0,0.0,0.058,202130000.0,21607000.0,14561000.0,0.0,5.702,51.538,51.469,65020000.0,0.0,41.175,3.616,3.609,183144000.0,-597060000.0,303113000.0,303113000.0,54078000.0,,,,,14305000.0,134554000.0,1.0,114986644.0,114764000.0,116025000.0,2.641,769278000.0,56207000.0,504000.0,37551000.0,6.703,-2988000.0
25,PTC,MRQ,2015-03-31,2015-04-04,2015-04-04,2021-08-03,-132081000.0,2108630000.0,,706252000.0,1402378000.0,,7.432,-6160000.0,267815000.0,267815000.0,86054000.0,5392000.0,1.069,1.468,530625000.0,37500000.0,493125000.0,530625000.0,420827000.0,20968000.0,0.0,0.0,0.0,3988000.0,24956000.0,0.079,24956000.0,3988000.0,387000.0,0.05,0.05,0.05,854220000.0,,854220000.0,4540556930.0,34.0,21.071,85832000.0,0.747,1.0,228065000.0,0.726,1286396000.0,3601000.0,424308000.0,,0.0,0.0,0.0,0.0,1254410000.0,660736000.0,593674000.0,4195983930.0,6763000.0,0.0,3000.0,-75000000.0,0.0,-75192000.0,-6160000.0,0.0,91992000.0,-3877000.0,5392000.0,5392000.0,5392000.0,0.0,0.0,0.017,224077000.0,3988000.0,13879000.0,0.0,4.912,37.312,37.639,65191000.0,0.0,36.51,3.125,3.125,201379000.0,-614495000.0,314119000.0,314119000.0,60158000.0,,,,,12822000.0,116259000.0,1.0,114926977.0,114944000.0,115922000.0,2.733,822234000.0,53971000.0,-5005000.0,45379000.0,7.153,45516000.0
26,PTC,MRQ,2014-12-31,2015-01-03,2015-01-03,2021-08-03,-112826000.0,2137223000.0,,696065000.0,1441158000.0,,7.417,-7947000.0,261052000.0,261052000.0,92942000.0,30284000.0,1.182,1.498,605625000.0,31250000.0,574375000.0,605625000.0,397620000.0,21237000.0,0.0,0.0,0.0,37631000.0,58868000.0,0.181,58868000.0,37631000.0,34407000.0,0.26,0.26,0.26,855453000.0,,855453000.0,4534646338.0,25.0,17.561,5685000.0,0.049,1.0,232500000.0,0.714,1320013000.0,3224000.0,572801000.0,,0.0,0.0,0.0,0.0,1281770000.0,588982000.0,692788000.0,4216425338.0,-32602000.0,180000.0,3000.0,-6250000.0,0.0,-27753000.0,-8767000.0,-1000000.0,13632000.0,-9714000.0,30284000.0,30284000.0,30284000.0,0.0,0.0,0.093,194869000.0,37631000.0,13862000.0,0.0,4.929,27.956,28.178,65766000.0,0.0,36.35,3.106,3.089,201391000.0,-619887000.0,325442000.0,325442000.0,61097000.0,,,,,11079000.0,124614000.0,1.0,115995195.0,115341000.0,117027000.0,2.822,817210000.0,44400000.0,4123000.0,45090000.0,7.085,107083000.0
27,PTC,MRQ,2014-09-30,2014-09-30,2014-09-30,2021-08-03,-94367000.0,2199954000.0,,732167000.0,1467787000.0,,7.354,-8554000.0,293654000.0,293654000.0,95854000.0,38755000.0,1.168,1.576,611875000.0,25000000.0,586875000.0,611875000.0,382544000.0,20008000.0,0.0,0.0,0.0,40523000.0,60531000.0,0.165,60531000.0,40523000.0,32368000.0,0.34,0.33,0.34,853889000.0,,853889000.0,4339524377.0,22.0,15.979,42611000.0,0.367,1.0,270854000.0,0.739,1349400000.0,8155000.0,542108000.0,,0.0,0.0,0.0,0.0,1346065000.0,626667000.0,719398000.0,4328697377.0,-10519000.0,-212006000.0,-124924000.0,296875000.0,0.0,168885000.0,-220560000.0,0.0,51165000.0,-10009000.0,38755000.0,38755000.0,38755000.0,0.0,0.0,0.106,234746000.0,36108000.0,19802000.0,0.0,5.069,27.022,27.132,67783000.0,0.0,36.9,3.19,3.211,235688000.0,-650171000.0,366708000.0,366708000.0,60387000.0,,,,,12175000.0,139179000.0,1.0,117308872.0,116117000.0,118217000.0,3.158,850554000.0,40257000.0,-6387000.0,46784000.0,7.325,105500000.0
28,PTC,MRQ,2014-06-30,2014-06-28,2014-06-28,2021-08-03,-48185000.0,1958206000.0,,711229000.0,1246977000.0,,8.218,-6379000.0,304173000.0,304173000.0,91076000.0,38026000.0,1.297,1.014,315000000.0,15625000.0,299375000.0,315000000.0,371890000.0,19026000.0,0.0,0.0,0.0,52106000.0,71132000.0,0.211,71132000.0,52106000.0,52106000.0,0.32,0.32,0.32,972469000.0,,972469000.0,4604982073.0,22.0,16.127,100044000.0,0.845,1.0,245558000.0,0.729,1138784000.0,0.0,281898000.0,,0.0,0.0,0.0,0.0,985737000.0,548351000.0,437386000.0,4557327073.0,33703000.0,0.0,-59865000.0,-3125000.0,0.0,-66618000.0,-6379000.0,0.0,106423000.0,277000.0,38026000.0,38026000.0,38026000.0,0.0,0.0,0.113,191174000.0,54384000.0,64318000.0,0.0,4.686,25.617,25.785,63582000.0,0.0,38.42,3.413,3.405,228623000.0,-688926000.0,336634000.0,336634000.0,57405000.0,,,,,11048000.0,125257000.0,1.0,118618612.0,118328000.0,119901000.0,2.845,819422000.0,46055000.0,14080000.0,57931000.0,6.925,162878000.0
29,PTC,MRQ,2014-03-31,2014-03-29,2014-03-29,2021-08-03,-51168000.0,1959126000.0,,703444000.0,1255682000.0,,8.257,-4568000.0,270470000.0,270470000.0,93797000.0,43756000.0,1.338,0.994,318125000.0,12500000.0,305625000.0,318125000.0,365582000.0,19173000.0,0.0,0.0,0.0,48521000.0,67694000.0,0.206,67694000.0,48521000.0,48521000.0,0.37,0.36,0.37,982421000.0,,982421000.0,4152579182.0,20.0,14.864,106154000.0,0.892,1.0,234903000.0,0.715,1149225000.0,0.0,331741000.0,,0.0,0.0,0.0,0.0,976705000.0,525815000.0,450890000.0,4155831182.0,-100907000.0,-111519000.0,-39600000.0,-50000000.0,0.0,-94704000.0,-116087000.0,0.0,110722000.0,-838000.0,43756000.0,43756000.0,43756000.0,0.0,0.0,0.133,183690000.0,51213000.0,61823000.0,0.0,4.23,23.838,23.863,60632000.0,0.0,34.84,3.164,3.156,221288000.0,-726952000.0,328700000.0,328700000.0,55631000.0,,,,,11276000.0,120074000.0,1.0,119283329.0,118978000.0,120698000.0,2.763,809901000.0,48628000.0,4765000.0,57678000.0,6.807,177629000.0
30,PTC,MRQ,2013-12-31,2013-12-28,2013-12-28,2021-08-03,-49203000.0,1904742000.0,,769100000.0,1135642000.0,,8.144,-5774000.0,371377000.0,371377000.0,92956000.0,39657000.0,1.687,0.966,368125000.0,15000000.0,353125000.0,368125000.0,301488000.0,19100000.0,0.0,0.0,0.0,53118000.0,72218000.0,0.222,72218000.0,53118000.0,53118000.0,0.33,0.33,0.33,968648000.0,,968648000.0,4092171919.0,23.0,16.339,30468000.0,0.256,1.0,231969000.0,0.714,1029422000.0,0.0,416131000.0,,0.0,0.0,0.0,0.0,936094000.0,455937000.0,480157000.0,4075959919.0,129464000.0,0.0,351000.0,110000000.0,0.0,97790000.0,-5774000.0,0.0,36242000.0,1206000.0,39657000.0,39657000.0,39657000.0,0.0,0.0,0.122,177098000.0,54871000.0,59941000.0,0.0,4.208,27.612,27.732,63152000.0,0.0,34.11,3.138,3.124,212570000.0,-770708000.0,324925000.0,324925000.0,53073000.0,,,,,5962000.0,115169000.0,1.0,119494574.0,118933000.0,121100000.0,2.732,875320000.0,44594000.0,13461000.0,51993000.0,7.36,313163000.0
31,PTC,MRQ,2013-09-30,2013-09-30,2013-09-30,2021-08-03,-51160000.0,1828906000.0,,680216000.0,1148690000.0,,7.785,-10200000.0,241913000.0,241913000.0,91529000.0,56466000.0,1.287,0.974,258125000.0,15000000.0,243125000.0,258125000.0,336913000.0,19119000.0,0.0,0.0,0.0,55383000.0,74502000.0,0.216,74502000.0,55383000.0,48407000.0,0.47,0.47,0.47,926480000.0,,926480000.0,3399833002.0,26.0,16.208,33461000.0,0.281,1.0,253316000.0,0.735,1042216000.0,6976000.0,274289000.0,,0.0,0.0,0.0,0.0,902426000.0,528613000.0,373813000.0,3388739002.0,-15118000.0,-25026000.0,-18487000.0,-10000000.0,0.0,-28346000.0,-34505000.0,0.0,43661000.0,4072000.0,56466000.0,56466000.0,56466000.0,0.0,0.0,0.164,204310000.0,49006000.0,16205000.0,0.0,3.658,23.571,23.717,64652000.0,0.0,28.46,2.62,2.629,229106000.0,-810365000.0,344845000.0,344845000.0,55127000.0,,,,,13744000.0,124644000.0,1.0,119070239.0,119008000.0,121258000.0,2.898,786690000.0,47341000.0,-8059000.0,50015000.0,6.61,151603000.0
32,PTC,MRQ,2013-06-30,2013-06-29,2013-06-29,2021-08-03,-74836000.0,1756777000.0,,639948000.0,1116829000.0,,7.122,-6702000.0,257031000.0,257031000.0,91168000.0,34455000.0,1.295,1.065,268125000.0,9375000.0,258750000.0,268125000.0,328590000.0,18568000.0,0.0,0.0,0.0,46396000.0,64964000.0,0.206,64964000.0,46396000.0,46396000.0,0.29,0.29,0.29,850705000.0,,850705000.0,3001607380.0,22.0,14.126,77888000.0,0.652,1.0,223828000.0,0.711,1013581000.0,0.0,260262000.0,,0.0,0.0,0.0,0.0,906072000.0,494028000.0,412044000.0,2934291380.0,16222000.0,1606000.0,-19427000.0,-40000000.0,0.0,-61478000.0,-5096000.0,0.0,84590000.0,-1794000.0,34455000.0,34455000.0,34455000.0,0.0,0.0,0.109,180613000.0,43215000.0,71574000.0,0.0,3.449,884.355,1226.5,61482000.0,0.0,24.53,2.303,2.3,200883000.0,-866830000.0,314996000.0,314996000.0,53834000.0,,,,,11145000.0,117110000.0,1.0,119620521.0,119440000.0,120828000.0,2.637,743196000.0,41786000.0,11941000.0,48001000.0,6.222,145920000.0
33,PTC,MRQ,2013-03-31,2013-03-30,2013-03-30,2021-08-03,-73660000.0,1784819000.0,,645238000.0,1139581000.0,,6.926,-5033000.0,240809000.0,240809000.0,93270000.0,17037000.0,1.293,1.156,308125000.0,7500000.0,300625000.0,308125000.0,350341000.0,19387000.0,0.0,0.0,0.0,19377000.0,38764000.0,0.123,38764000.0,19377000.0,19377000.0,0.14,0.14,0.14,827799000.0,,827799000.0,3174891218.0,26.0,16.268,77763000.0,0.651,1.0,220679000.0,0.703,1026999000.0,0.0,326067000.0,,0.0,0.0,0.0,0.0,957020000.0,499069000.0,457951000.0,3055158218.0,-7583000.0,0.0,-16926000.0,-60000000.0,0.0,-80358000.0,-5033000.0,0.0,82796000.0,-4988000.0,17037000.0,17037000.0,17037000.0,0.0,0.0,0.054,199435000.0,21244000.0,63935000.0,0.0,3.691,-370.682,-318.625,62731000.0,0.0,25.49,2.406,2.399,213252000.0,-901286000.0,313949000.0,313949000.0,55528000.0,,,,,11699000.0,121457000.0,1.0,119857129.0,119518000.0,121071000.0,2.627,757820000.0,53163000.0,2340000.0,51096000.0,6.341,146169000.0
34,PTC,MRQ,2012-12-31,2012-12-29,2012-12-29,2021-08-03,-67005000.0,1802646000.0,,633498000.0,1169148000.0,,6.887,-7393000.0,248392000.0,248392000.0,97072000.0,35811000.0,1.397,1.182,368125000.0,5625000.0,362500000.0,368125000.0,303107000.0,19477000.0,0.0,0.0,0.0,12054000.0,31531000.0,0.099,31531000.0,12054000.0,12054000.0,0.3,0.29,0.3,825958000.0,,825958000.0,2577123172.0,24.0,14.593,6243000.0,0.052,1.0,222679000.0,0.696,1048000000.0,0.0,421059000.0,,0.0,0.0,0.0,0.0,976688000.0,453320000.0,523368000.0,2696666172.0,-241151000.0,-222423000.0,-15147000.0,-1875000.0,0.0,-26342000.0,-229816000.0,0.0,13636000.0,1371000.0,35811000.0,35811000.0,35811000.0,0.0,0.0,0.112,208820000.0,13859000.0,66820000.0,0.0,3.265,-124.213,-118.684,66109000.0,0.0,22.55,2.145,2.151,221687000.0,-918322000.0,319751000.0,319751000.0,57429000.0,,,,,11865000.0,129366000.0,1.0,119586083.0,119927000.0,121805000.0,2.666,754646000.0,55691000.0,-23757000.0,54429000.0,6.293,180178000.0
35,PTC,MRQ,2012-09-30,2012-09-30,2012-09-30,2021-08-03,-72501000.0,1791634000.0,,879152000.0,912482000.0,,6.696,-8907000.0,489543000.0,489543000.0,87839000.0,-83985000.0,1.825,1.247,370000000.0,7500000.0,362500000.0,370000000.0,327529000.0,16319000.0,0.0,0.0,0.0,60905000.0,77224000.0,0.237,77224000.0,60905000.0,56159000.0,-0.71,-0.7,-0.71,797259000.0,,797259000.0,2493675201.0,20.0,12.991,12024000.0,0.101,1.0,237456000.0,0.73,796232000.0,4746000.0,394115000.0,,0.0,0.0,0.0,0.0,994375000.0,481744000.0,512631000.0,2591722201.0,251496000.0,950000.0,5895000.0,230000000.0,0.0,234741000.0,-7957000.0,0.0,20931000.0,3781000.0,-83985000.0,-83985000.0,-83985000.0,0.0,0.0,-0.258,179851000.0,57605000.0,65517000.0,0.0,3.251,-73.217,-72.567,63466000.0,0.0,21.77,2.064,2.058,217370000.0,-954134000.0,325295000.0,325295000.0,52131000.0,,,,,11029000.0,122861000.0,1.0,119050170.0,119068000.0,112126000.0,2.732,995402000.0,43539000.0,140144000.0,33060000.0,8.36,397408000.0
36,PTC,MRQ,2012-06-30,2012-06-30,2012-06-30,2021-08-03,-71981000.0,1611461000.0,,607971000.0,1003490000.0,,7.25,-5882000.0,238047000.0,238047000.0,92854000.0,22895000.0,1.261,0.867,140000000.0,0.0,140000000.0,140000000.0,323796000.0,16867000.0,0.0,0.0,0.0,30779000.0,47646000.0,0.153,47646000.0,30779000.0,30779000.0,0.19,0.19,0.19,863003000.0,,863003000.0,2442194893.0,21.0,13.306,58128000.0,0.488,1.0,218129000.0,0.701,799741000.0,0.0,231378000.0,,0.0,0.0,0.0,0.0,748458000.0,482295000.0,266163000.0,2506301893.0,13940000.0,0.0,-18778000.0,-20000000.0,0.0,-40206000.0,-5882000.0,0.0,64010000.0,-3982000.0,22895000.0,22895000.0,22895000.0,0.0,0.0,0.074,187046000.0,31083000.0,17778000.0,0.0,2.904,29.073,28.712,61849000.0,0.0,20.96,1.974,1.965,203261000.0,-870149000.0,310983000.0,310983000.0,53260000.0,,,,,13331000.0,124557000.0,1.0,119575472.0,119042000.0,120728000.0,2.612,811720000.0,166449000.0,7884000.0,30171000.0,6.819,125676000.0
37,PTC,MRQ,2012-03-31,2012-03-31,2012-03-31,2021-08-03,-61123000.0,1658616000.0,,631260000.0,1027356000.0,,7.21,-9054000.0,224107000.0,224107000.0,93216000.0,3569000.0,1.246,0.933,160000000.0,0.0,160000000.0,160000000.0,341354000.0,16259000.0,0.0,0.0,0.0,3936000.0,20195000.0,0.067,20195000.0,3936000.0,3936000.0,0.03,0.03,0.03,857993000.0,,857993000.0,3340404422.0,32.0,19.651,87495000.0,0.735,1.0,207909000.0,0.69,821727000.0,0.0,266250000.0,,0.0,0.0,0.0,0.0,800623000.0,506532000.0,294091000.0,3327755422.0,36756000.0,-290000.0,-8056000.0,-40000000.0,0.0,-54557000.0,-9344000.0,0.0,96549000.0,4108000.0,3569000.0,3569000.0,3569000.0,0.0,0.0,0.012,201006000.0,6903000.0,17961000.0,0.0,3.879,42.21,41.701,64021000.0,0.0,27.94,2.661,2.659,204437000.0,-893043000.0,301125000.0,301125000.0,54576000.0,,,,,12389000.0,120496000.0,1.0,119103630.0,119003000.0,121401000.0,2.53,836889000.0,166220000.0,367000.0,42102000.0,7.033,124728000.0
38,PTC,MRQ,2011-12-31,2011-12-31,2011-12-31,2021-08-03,-69689000.0,1613385000.0,,588288000.0,1025097000.0,,7.202,-7570000.0,187351000.0,187351000.0,98219000.0,22123000.0,1.373,0.903,200000000.0,0.0,200000000.0,200000000.0,283297000.0,17026000.0,0.0,0.0,0.0,29862000.0,46888000.0,0.147,46888000.0,29862000.0,29862000.0,0.19,0.18,0.19,847729000.0,,847729000.0,2196752422.0,18.0,11.694,28915000.0,0.246,1.0,220057000.0,0.691,822070000.0,0.0,375571000.0,,0.0,0.0,0.0,0.0,765656000.0,428393000.0,337263000.0,2164630422.0,19473000.0,-880000.0,7196000.0,0.0,0.0,-5315000.0,-8450000.0,0.0,36485000.0,-3247000.0,22123000.0,22123000.0,22123000.0,0.0,0.0,0.07,187552000.0,32505000.0,12638000.0,0.0,2.553,22.958,22.825,62156000.0,0.0,18.26,1.776,1.764,221436000.0,-896613000.0,318276000.0,318276000.0,54993000.0,,,,,13232000.0,127350000.0,1.0,118544930.0,117715000.0,120576000.0,2.704,791315000.0,158233000.0,7739000.0,45289000.0,6.722,159895000.0
39,PTC,MRQ,2011-09-30,2011-09-30,2011-09-30,2021-08-03,-64764000.0,1629682000.0,,592264000.0,1037418000.0,,7.005,-9522000.0,167878000.0,167878000.0,98527000.0,37621000.0,1.273,0.981,200000000.0,0.0,200000000.0,200000000.0,294324000.0,17847000.0,0.0,0.0,0.0,50971000.0,68818000.0,0.203,68818000.0,50971000.0,47661000.0,0.32,0.32,0.32,822690000.0,,822690000.0,1797406682.0,17.0,10.557,-9495000.0,-0.081,1.0,240898000.0,0.71,835411000.0,3310000.0,361069000.0,,0.0,0.0,0.0,0.0,806992000.0,465324000.0,341668000.0,1808157682.0,-92873000.0,-14873000.0,-12479000.0,-50000000.0,0.0,-62149000.0,-24395000.0,0.0,27000.0,-6356000.0,37621000.0,37621000.0,37621000.0,0.0,0.0,0.111,189650000.0,51248000.0,16974000.0,0.0,2.198,21.167,21.068,62569000.0,0.0,15.38,1.549,1.55,230220000.0,-918736000.0,339425000.0,339425000.0,55730000.0,,,,,9853000.0,128474000.0,1.0,117565519.0,117450000.0,120449000.0,2.89,794271000.0,152215000.0,10040000.0,42254000.0,6.763,126940000.0
40,PTC,MRQ,2011-06-30,2011-07-02,2011-07-02,2021-08-03,-41798000.0,1681513000.0,,618258000.0,1063255000.0,,6.786,-6735000.0,260751000.0,260751000.0,90409000.0,15526000.0,1.274,1.096,250000000.0,0.0,250000000.0,250000000.0,317640000.0,15827000.0,0.0,0.0,0.0,18259000.0,34086000.0,0.117,34086000.0,18259000.0,18259000.0,0.13,0.13,0.13,802144000.0,,802144000.0,2497820365.0,26.0,16.078,41698000.0,0.353,1.0,201374000.0,0.69,851882000.0,0.0,333650000.0,,0.0,0.0,0.0,0.0,879369000.0,485230000.0,394139000.0,2757324365.0,1247000.0,-265153000.0,-33660000.0,250000000.0,0.0,218021000.0,-271888000.0,0.0,48433000.0,6681000.0,15526000.0,15526000.0,15526000.0,0.0,0.0,0.053,176844000.0,24530000.0,13354000.0,0.0,3.437,79.719,79.828,60704000.0,0.0,23.15,2.517,2.498,186874000.0,-956358000.0,291783000.0,291783000.0,51103000.0,,,,,9783000.0,120988000.0,1.0,119106884.0,118214000.0,121164000.0,2.468,829631000.0,151413000.0,2733000.0,64926000.0,7.018,133028000.0
41,PTC,MRQ,2011-03-31,2011-04-02,2011-04-02,2021-08-03,-44473000.0,1347101000.0,,625003000.0,722098000.0,,6.794,-6148000.0,259504000.0,259504000.0,81771000.0,19017000.0,1.428,0.678,0.0,0.0,0.0,0.0,300269000.0,14651000.0,0.0,0.0,0.0,23404000.0,38055000.0,0.141,38055000.0,23404000.0,23404000.0,0.16,0.16,0.16,803028000.0,,803028000.0,2487756178.0,28.0,16.745,72128000.0,0.61,1.0,187418000.0,0.696,541753000.0,0.0,108135000.0,,0.0,0.0,0.0,0.0,544073000.0,437709000.0,106364000.0,2670671178.0,76589000.0,0.0,3742000.0,0.0,0.0,-778000.0,-6148000.0,0.0,78276000.0,5239000.0,19017000.0,19017000.0,19017000.0,0.0,0.0,0.071,163192000.0,24226000.0,13187000.0,0.0,3.326,89.68,90.44,55780000.0,0.0,22.61,2.551,2.553,178558000.0,-971883000.0,269189000.0,269189000.0,53051000.0,,,,,9603000.0,105875000.0,1.0,118119026.0,118194000.0,121502000.0,2.278,805348000.0,126882000.0,4387000.0,24025000.0,6.814,187294000.0
42,PTC,MRQ,2010-12-31,2011-01-01,2011-01-01,2021-08-03,-55351000.0,1267511000.0,,538835000.0,728676000.0,,6.54,-5412000.0,182915000.0,182915000.0,86061000.0,13260000.0,1.353,0.659,0.0,0.0,0.0,0.0,266150000.0,14069000.0,0.0,0.0,0.0,15224000.0,29293000.0,0.11,29293000.0,15224000.0,15224000.0,0.11,0.11,0.11,764040000.0,,764040000.0,2415022921.0,31.0,17.577,-53450000.0,-0.458,1.0,180491000.0,0.677,534565000.0,0.0,151903000.0,,0.0,0.0,0.0,0.0,503471000.0,398128000.0,105343000.0,2655275921.0,-57338000.0,0.0,12232000.0,0.0,0.0,-4674000.0,-5412000.0,0.0,-48038000.0,786000.0,13260000.0,13260000.0,13260000.0,0.0,0.0,0.05,163381000.0,17110000.0,12078000.0,0.0,3.475,134.342,132.529,56517000.0,0.0,22.53,2.608,2.585,174581000.0,-990900000.0,266552000.0,266552000.0,51522000.0,,,,,10765000.0,108005000.0,1.0,117855123.0,116827000.0,121150000.0,2.282,732946000.0,128068000.0,1964000.0,25264000.0,6.274,140707000.0
43,PTC,MRQ,2010-09-30,2010-09-30,2010-09-30,2021-08-03,-52480000.0,1307064000.0,,568257000.0,738807000.0,,6.49,-5045000.0,240253000.0,240253000.0,77147000.0,-13215000.0,1.254,0.749,0.0,0.0,0.0,0.0,245840000.0,14644000.0,0.0,0.0,0.0,39281000.0,53925000.0,0.201,53925000.0,39281000.0,37755000.0,-0.11,-0.11,-0.11,747304000.0,,747304000.0,2035017680.0,24.0,13.953,10523000.0,0.091,1.0,190919000.0,0.712,546440000.0,1526000.0,67377000.0,,0.0,0.0,0.0,0.0,559760000.0,452994000.0,106766000.0,2254036680.0,21234000.0,-634000.0,4264000.0,0.0,0.0,1643000.0,-5679000.0,0.0,15568000.0,9702000.0,-13215000.0,-13215000.0,-13215000.0,0.0,0.0,-0.049,152935000.0,37984000.0,11734000.0,0.0,3.016,92.5,93.048,58064000.0,0.0,19.54,2.232,2.237,169281000.0,-1004160000.0,268066000.0,268066000.0,50320000.0,,,,,11259000.0,107918000.0,1.0,115354999.0,115150000.0,119712000.0,2.328,760624000.0,125939000.0,50970000.0,22968000.0,6.606,115263000.0
44,PTC,MRQ,2010-06-30,2010-07-03,2010-07-03,2021-08-03,-62955000.0,1269040000.0,,534231000.0,734809000.0,,6.377,-4582000.0,219019000.0,219019000.0,74711000.0,10718000.0,1.217,0.728,0.0,0.0,0.0,0.0,258557000.0,15639000.0,53061000.0,0.0,0.0,11658000.0,27297000.0,0.112,27297000.0,11658000.0,11658000.0,0.09,0.09,0.09,734595000.0,,734595000.0,1606656733.0,26.0,12.746,45786000.0,0.397,1.0,168287000.0,0.693,534009000.0,0.0,76980000.0,,0.0,0.0,0.0,0.0,534445000.0,439032000.0,95413000.0,1795820733.0,-3673000.0,0.0,-13495000.0,-31112000.0,0.0,-44685000.0,-4582000.0,0.0,50368000.0,-4774000.0,10718000.0,10718000.0,10718000.0,0.0,0.0,0.044,156309000.0,11978000.0,11383000.0,0.0,2.445,33.577,34.378,59473000.0,0.0,15.47,1.817,1.803,149034000.0,-990945000.0,242998000.0,242998000.0,50597000.0,,,,,11506000.0,101876000.0,1.0,116084081.0,115188000.0,119003000.0,2.11,735031000.0,146518000.0,940000.0,23201000.0,6.381,95199000.0
45,PTC,MRQ,2010-03-31,2010-04-03,2010-04-03,2021-08-03,-47138000.0,1311825000.0,,550701000.0,761124000.0,,6.397,-9225000.0,222692000.0,222692000.0,77166000.0,9002000.0,1.162,0.769,33528000.0,33528000.0,0.0,33528000.0,268899000.0,15976000.0,49260000.0,0.0,0.0,10906000.0,26882000.0,0.112,26882000.0,10906000.0,10906000.0,0.08,0.08,0.08,741759000.0,,741759000.0,1939131678.0,37.0,16.739,58723000.0,0.506,1.0,163390000.0,0.679,559439000.0,0.0,89451000.0,,0.0,0.0,0.0,0.0,570066000.0,473771000.0,96295000.0,2113653678.0,-8452000.0,-1505000.0,-36946000.0,-19720000.0,0.0,-61180000.0,-10730000.0,0.0,67948000.0,-4490000.0,9002000.0,9002000.0,9002000.0,0.0,0.0,0.037,151879000.0,11511000.0,11589000.0,0.0,2.85,45.403,46.256,61935000.0,0.0,18.04,2.176,2.153,151117000.0,-1001664000.0,240556000.0,240556000.0,49960000.0,,,,,12219000.0,97944000.0,1.0,117164838.0,115951000.0,119856000.0,2.075,752386000.0,149364000.0,1904000.0,24970000.0,6.489,76930000.0
46,PTC,MRQ,2009-12-31,2010-01-02,2010-01-02,2021-08-03,-36982000.0,1347686000.0,,566254000.0,781432000.0,,6.64,-7877000.0,231144000.0,231144000.0,78671000.0,17863000.0,1.192,0.746,56622000.0,56622000.0,0.0,56622000.0,243160000.0,15923000.0,50043000.0,0.0,0.0,21817000.0,37740000.0,0.146,37740000.0,21817000.0,21817000.0,0.15,0.15,0.15,771914000.0,,771914000.0,1748970403.0,44.0,17.07,14883000.0,0.128,1.0,179758000.0,0.696,582422000.0,0.0,115815000.0,,0.0,0.0,0.0,0.0,575772000.0,474927000.0,100845000.0,1926212403.0,-3978000.0,-582000.0,-1081000.0,0.0,0.0,-16513000.0,-8459000.0,0.0,22760000.0,-1766000.0,17863000.0,17863000.0,17863000.0,0.0,0.0,0.069,157417000.0,22341000.0,12920000.0,0.0,2.495,43.067,44.162,58901000.0,0.0,16.34,2.014,1.987,160536000.0,-1010665000.0,258429000.0,258429000.0,50690000.0,,,,,13706000.0,102669000.0,1.0,117883256.0,116253000.0,121113000.0,2.223,765264000.0,150216000.0,3954000.0,31410000.0,6.583,91327000.0
47,PTC,MRQ,2009-09-30,2009-09-30,2009-09-30,2021-08-03,-33595000.0,1350212000.0,,546466000.0,803746000.0,,6.607,-6278000.0,235122000.0,235122000.0,73350000.0,15900000.0,1.112,0.773,57880000.0,57880000.0,0.0,57880000.0,234270000.0,16052000.0,0.0,0.0,0.0,18076000.0,34128000.0,0.139,34128000.0,18076000.0,14879000.0,0.13,0.14,0.13,761581000.0,,761581000.0,1429556008.0,70.0,17.438,-805000.0,-0.007,1.0,172993000.0,0.702,596517000.0,3197000.0,85022000.0,,0.0,0.0,0.0,0.0,588631000.0,491431000.0,97200000.0,1605615008.0,3777000.0,0.0,-2306000.0,0.0,0.0,-2320000.0,-6278000.0,0.0,5473000.0,6902000.0,15900000.0,15900000.0,15900000.0,0.0,0.0,0.065,157802000.0,15191000.0,13292000.0,0.0,2.108,50.936,51.185,58105000.0,0.0,13.82,1.711,1.693,166591000.0,-1028528000.0,246343000.0,246343000.0,48826000.0,,,,,14555000.0,98592000.0,1.0,116180536.0,115271000.0,119363000.0,2.137,753695000.0,152924000.0,-1021000.0,38603000.0,6.538,55035000.0
48,PTC,MRQ,2009-06-30,2009-07-04,2009-07-04,2021-08-03,-21812000.0,1296522000.0,,512889000.0,783633000.0,,6.468,-8543000.0,231345000.0,231345000.0,73806000.0,3788000.0,1.061,0.74,55286000.0,55286000.0,0.0,55286000.0,255206000.0,15601000.0,48482000.0,0.0,0.0,1496000.0,17097000.0,0.076,17097000.0,1496000.0,1496000.0,0.03,0.03,0.03,745035000.0,,745035000.0,1090377106.0,19.0,9.152,-32990000.0,-0.286,1.0,152353000.0,0.674,593280000.0,0.0,43776000.0,,0.0,0.0,0.0,0.0,551487000.0,483407000.0,68080000.0,1304747106.0,-36373000.0,-24315000.0,750000.0,0.0,0.0,13810000.0,-32858000.0,0.0,-24447000.0,7122000.0,3788000.0,3788000.0,3788000.0,0.0,0.0,0.017,150366000.0,1987000.0,13685000.0,0.0,1.751,25.031,25.022,58560000.0,0.0,11.26,1.316,1.308,149198000.0,-1044428000.0,226159000.0,226159000.0,46562000.0,,,,,-1582000.0,93068000.0,1.0,115874521.0,115194000.0,117074000.0,1.963,703242000.0,137181000.0,-2292000.0,25830000.0,6.105,29482000.0
49,PTC,MRQ,2009-03-31,2009-04-04,2009-04-04,2021-08-03,-27186000.0,1266862000.0,,540924000.0,725938000.0,,6.181,-7094000.0,267718000.0,267718000.0,79278000.0,7175000.0,1.106,0.786,53348000.0,53348000.0,0.0,53348000.0,267032000.0,15162000.0,46456000.0,0.0,0.0,-1671000.0,13491000.0,0.06,13491000.0,-1671000.0,-1671000.0,0.06,0.06,0.06,709518000.0,,709518000.0,1074626564.0,13.0,7.489,67132000.0,0.585,1.0,146014000.0,0.648,565754000.0,0.0,-2421000.0,,0.0,0.0,0.0,0.0,557344000.0,489159000.0,68185000.0,1227523564.0,40785000.0,-113000.0,10000.0,-18686000.0,0.0,-20605000.0,-7207000.0,0.0,74226000.0,-5629000.0,7175000.0,7175000.0,7175000.0,0.0,0.0,0.032,147435000.0,-1421000.0,13515000.0,0.0,1.73,19.544,19.309,57853000.0,0.0,10.62,1.184,1.176,131886000.0,-1048216000.0,225292000.0,225292000.0,44752000.0,,,,,6730000.0,89080000.0,1.0,115586023.0,114793000.0,115656000.0,1.963,701108000.0,106215000.0,-8846000.0,26272000.0,6.108,51765000.0
50,PTC,MRQ,2008-12-31,2009-01-03,2009-01-03,2021-08-03,-24685000.0,1302692000.0,,539273000.0,763419000.0,,6.113,-8172000.0,226933000.0,226933000.0,83325000.0,4659000.0,1.019,0.86,74036000.0,74036000.0,0.0,74036000.0,261775000.0,14795000.0,50481000.0,0.0,0.0,2467000.0,17262000.0,0.072,17262000.0,2467000.0,2467000.0,0.04,0.04,0.04,700236000.0,,700236000.0,1310767888.0,12.0,7.465,6252000.0,0.055,1.0,157066000.0,0.653,581305000.0,0.0,39379000.0,,0.0,0.0,0.0,0.0,602456000.0,529111000.0,73345000.0,1479203888.0,-30008000.0,-8362000.0,-7475000.0,-13265000.0,0.0,-23337000.0,-16534000.0,0.0,14424000.0,-4561000.0,4659000.0,4659000.0,4659000.0,0.0,0.0,0.019,153528000.0,3538000.0,15514000.0,0.0,2.112,19.86,19.288,57526000.0,0.0,12.73,1.383,1.364,185007000.0,-1055391000.0,240391000.0,240391000.0,48361000.0,,,,,10531000.0,101299000.0,1.0,116198263.0,114555000.0,117356000.0,2.098,721387000.0,100281000.0,-2192000.0,44241000.0,6.297,10162000.0
51,PTC,MRQ,2008-09-30,2008-09-30,2008-09-30,2021-08-03,-17276000.0,1349573000.0,,597494000.0,752079000.0,,6.172,-4947000.0,256941000.0,256941000.0,88786000.0,36504000.0,1.055,0.921,88505000.0,88505000.0,0.0,88505000.0,258295000.0,16537000.0,43801000.0,0.0,0.0,54749000.0,71286000.0,0.238,71286000.0,54749000.0,46926000.0,0.32,0.31,0.32,702525000.0,,702525000.0,1990163882.0,16.0,10.658,36187000.0,0.318,1.0,210761000.0,0.704,587537000.0,7823000.0,27247000.0,,0.0,0.0,0.0,0.0,647048000.0,566353000.0,80695000.0,2122627882.0,14921000.0,0.0,5012000.0,-10552000.0,0.0,-5932000.0,-4947000.0,0.0,41134000.0,-15334000.0,36504000.0,36504000.0,36504000.0,0.0,0.0,0.122,163335000.0,47426000.0,16710000.0,0.0,3.021,26.632,26.286,55253000.0,0.0,18.4,1.983,1.955,201509000.0,-1060050000.0,299547000.0,299547000.0,47366000.0,,,,,11715000.0,106907000.0,1.0,115360211.0,113829000.0,118785000.0,2.632,762036000.0,99609000.0,10422000.0,55134000.0,6.695,31141000.0
52,PTC,MRQ,2008-06-30,2008-06-28,2008-06-28,2021-08-03,-14094000.0,1323038000.0,,543978000.0,779060000.0,,5.749,-9785000.0,242020000.0,242020000.0,85562000.0,14470000.0,0.932,1.028,109556000.0,109556000.0,0.0,109556000.0,265632000.0,16636000.0,42795000.0,0.0,0.0,24812000.0,41448000.0,0.153,41448000.0,24812000.0,24812000.0,0.13,0.12,0.13,652423000.0,,652423000.0,1880273629.0,18.0,11.767,43517000.0,0.383,1.0,186186000.0,0.685,617574000.0,0.0,-10567000.0,,0.0,0.0,0.0,0.0,670615000.0,583567000.0,87048000.0,1974775629.0,-16926000.0,0.0,-1248000.0,-53751000.0,0.0,-55002000.0,-9785000.0,0.0,53302000.0,-5441000.0,14470000.0,14470000.0,14470000.0,0.0,0.0,0.053,154264000.0,31922000.0,21836000.0,0.0,3.027,26.745,25.985,56851000.0,0.0,17.15,1.904,1.876,180094000.0,-1096554000.0,271748000.0,271748000.0,47374000.0,,,,,11149000.0,99056000.0,1.0,115147267.0,113491000.0,117363000.0,2.394,705464000.0,94167000.0,10342000.0,43395000.0,6.216,-39589000.0
53,PTC,MRQ,2008-03-31,2008-03-29,2008-03-29,2021-08-03,-19861000.0,1377055000.0,,584238000.0,792817000.0,,5.468,-5877000.0,258946000.0,258946000.0,80653000.0,18848000.0,0.884,1.213,164444000.0,164444000.0,0.0,164444000.0,286398000.0,14913000.0,46638000.0,0.0,0.0,30677000.0,45590000.0,0.177,45590000.0,30677000.0,30677000.0,0.17,0.16,0.17,622262000.0,,622262000.0,1826164780.0,18.0,12.187,101372000.0,0.891,1.0,177140000.0,0.687,630643000.0,0.0,-8808000.0,,0.0,0.0,0.0,0.0,754793000.0,660718000.0,94075000.0,1839524780.0,44158000.0,693000.0,-20384000.0,-52558000.0,0.0,-74663000.0,-5184000.0,0.0,107249000.0,16756000.0,18848000.0,18848000.0,18848000.0,0.0,0.0,0.073,146108000.0,31032000.0,18939000.0,0.0,2.956,13.155,12.79,54478000.0,0.0,15.86,1.857,1.822,181385000.0,-1111024000.0,257793000.0,257793000.0,45734000.0,,,,,10929000.0,94167000.0,1.0,115985169.0,113811000.0,117247000.0,2.265,746412000.0,95137000.0,11829000.0,45109000.0,6.558,-76480000.0
54,PTC,MRQ,2007-12-31,2007-12-29,2007-12-29,2021-08-03,-33878000.0,1323699000.0,,543425000.0,780274000.0,,5.299,-4830000.0,214788000.0,214788000.0,75785000.0,9880000.0,0.867,1.197,201428000.0,201428000.0,0.0,201428000.0,235575000.0,11935000.0,40791000.0,0.0,0.0,16471000.0,28406000.0,0.118,28406000.0,16471000.0,16471000.0,0.09,0.08,0.09,602435000.0,,602435000.0,1836197395.0,19.0,13.447,15725000.0,0.138,1.0,165457000.0,0.686,613434000.0,0.0,70185000.0,,0.0,0.0,0.0,0.0,721264000.0,626720000.0,94544000.0,2099468395.0,-48483000.0,-262285000.0,2024000.0,205000000.0,0.0,198054000.0,-267115000.0,0.0,20555000.0,23000.0,9880000.0,9880000.0,9880000.0,0.0,0.0,0.041,150592000.0,14865000.0,18391000.0,0.0,3.485,15.171,14.844,53874000.0,0.0,18.11,2.185,2.143,193132000.0,-1128078000.0,241242000.0,241242000.0,41548000.0,,,,,10603000.0,94579000.0,1.0,115928680.0,113680000.0,118087000.0,2.122,710265000.0,97286000.0,6591000.0,37845000.0,6.248,-83295000.0
55,PTC,MRQ,2007-09-30,2007-09-30,2007-09-30,2021-08-03,-33534000.0,1090313000.0,,594631000.0,495682000.0,,5.256,-6918000.0,263271000.0,263271000.0,74100000.0,30639000.0,1.382,0.834,0.0,0.0,0.0,0.0,227164000.0,10317000.0,40297000.0,0.0,0.0,34032000.0,44349000.0,0.166,44349000.0,34032000.0,33449000.0,0.27,0.26,0.27,594507000.0,,594507000.0,1740700602.0,17.0,12.483,5384000.0,0.048,1.0,192552000.0,0.722,325052000.0,583000.0,71648000.0,,0.0,0.0,0.0,0.0,495806000.0,430342000.0,65464000.0,2000656602.0,3315000.0,-2574000.0,-6369000.0,-127000.0,0.0,-6517000.0,-9492000.0,0.0,12302000.0,7022000.0,30639000.0,30639000.0,30639000.0,0.0,0.0,0.115,161599000.0,30953000.0,18715000.0,0.0,3.365,13.927,13.717,54745000.0,0.0,17.42,2.125,2.086,217101000.0,-1132565000.0,266652000.0,266652000.0,44416000.0,,,,,13938000.0,99809000.0,1.0,114848255.0,113106000.0,117707000.0,2.358,765261000.0,97334000.0,2810000.0,16857000.0,6.766,164289000.0
56,PTC,MRQ,2007-06-30,2007-06-30,2007-06-30,2021-08-03,-39086000.0,1051190000.0,,534958000.0,516232000.0,,4.867,-4746000.0,259956000.0,259956000.0,71757000.0,80465000.0,1.35,0.909,0.0,0.0,0.0,0.0,231376000.0,9659000.0,38020000.0,0.0,0.0,21841000.0,31500000.0,0.14,31500000.0,21841000.0,21841000.0,0.71,0.68,0.71,550767000.0,,550767000.0,2244090577.0,22.0,16.181,34203000.0,0.302,1.0,153107000.0,0.681,327365000.0,0.0,67736000.0,,0.0,0.0,0.0,0.0,500423000.0,396133000.0,104290000.0,2482117577.0,21929000.0,-10879000.0,1177000.0,-125000.0,0.0,1140000.0,-15625000.0,0.0,38949000.0,-2535000.0,80465000.0,80465000.0,80465000.0,0.0,0.0,0.358,133534000.0,19573000.0,19004000.0,0.0,4.507,17.73,17.288,55358000.0,0.0,21.61,2.701,2.661,171764000.0,-1163204000.0,224864000.0,224864000.0,39798000.0,,,,,5030000.0,91428000.0,1.0,114859675.0,113154000.0,117500000.0,1.987,723825000.0,86806000.0,-58624000.0,8511000.0,6.397,138825000.0
57,PTC,MRQ,2007-03-31,2007-03-31,2007-03-31,2021-08-03,-40722000.0,986135000.0,,515443000.0,470692000.0,,4.097,-6048000.0,238027000.0,238027000.0,72825000.0,17399000.0,1.236,1.133,0.0,0.0,0.0,0.0,250090000.0,9687000.0,39510000.0,0.0,0.0,22607000.0,32294000.0,0.142,32294000.0,22607000.0,22607000.0,0.15,0.15,0.15,462371000.0,,462371000.0,2019858147.0,22.0,15.654,86413000.0,0.766,1.0,155271000.0,0.681,342192000.0,0.0,-11276000.0,,0.0,0.0,0.0,0.0,523764000.0,417192000.0,106572000.0,2167199147.0,90686000.0,0.0,3101000.0,-123000.0,0.0,2141000.0,-6048000.0,0.0,92461000.0,2132000.0,17399000.0,17399000.0,17399000.0,0.0,0.0,0.076,134012000.0,21259000.0,17965000.0,0.0,4.687,28.726,27.941,52284000.0,0.0,19.0,2.383,2.357,185002000.0,-1243669000.0,228096000.0,228096000.0,40153000.0,,,,,8847000.0,92271000.0,1.0,114063113.0,112845000.0,117486000.0,2.021,643943000.0,9100000.0,5208000.0,8954000.0,5.706,98251000.0
58,PTC,MRQ,2006-12-31,2006-12-30,2006-12-30,2021-08-03,-40405000.0,902562000.0,,423740000.0,478822000.0,,3.882,-6345000.0,147341000.0,147341000.0,72128000.0,15153000.0,1.171,1.079,0.0,0.0,0.0,0.0,205554000.0,9536000.0,38999000.0,0.0,0.0,21763000.0,31299000.0,0.141,31299000.0,21763000.0,21763000.0,0.14,0.13,0.14,434178000.0,,434178000.0,1869399806.0,23.0,16.148,-22683000.0,-0.203,1.0,149539000.0,0.675,343381000.0,0.0,49992000.0,,0.0,0.0,0.0,0.0,468384000.0,361848000.0,106536000.0,2052847806.0,-36107000.0,-17639000.0,7788000.0,-121000.0,0.0,2212000.0,-23984000.0,0.0,-16338000.0,2003000.0,15153000.0,15153000.0,15153000.0,0.0,0.0,0.068,128556000.0,20983000.0,20284000.0,0.0,4.728,31.776,30.542,52441000.0,0.0,18.02,2.341,2.298,195757000.0,-1261068000.0,221667000.0,221667000.0,37984000.0,,,,,8630000.0,88484000.0,1.0,113920522.0,111830000.0,117283000.0,1.982,559181000.0,10185000.0,6610000.0,8121000.0,5.0,61892000.0
59,PTC,MRQ,2006-09-30,2006-09-30,2006-09-30,2021-08-03,-42596000.0,901387000.0,,438116000.0,463271000.0,,3.677,-6407000.0,183448000.0,183448000.0,73332000.0,26979000.0,1.138,1.221,0.0,0.0,0.0,0.0,210997000.0,9078000.0,39475000.0,0.0,0.0,34514000.0,43592000.0,0.178,43592000.0,34514000.0,33930000.0,0.25,0.24,0.25,405872000.0,,405872000.0,1775468614.0,25.0,16.96,5411000.0,0.049,1.0,170965000.0,0.7,327122000.0,584000.0,5943000.0,,0.0,0.0,0.0,0.0,495515000.0,384874000.0,110641000.0,1949361614.0,9555000.0,0.0,3779000.0,-119000.0,0.0,3697000.0,-6407000.0,0.0,11818000.0,447000.0,26979000.0,26979000.0,26979000.0,0.0,0.0,0.11,137991000.0,32974000.0,17109000.0,0.0,4.803,34.317,33.577,51603000.0,0.0,17.46,2.299,2.262,181008000.0,-1276221000.0,244297000.0,244297000.0,39480000.0,,,,,8934000.0,96729000.0,1.0,111647286.0,110380000.0,114738000.0,2.213,574265000.0,10489000.0,6951000.0,5761000.0,5.203,53242000.0
60,PTC,MRQ,2006-06-30,2006-07-01,2006-07-01,2021-08-03,-48195000.0,851954000.0,,408659000.0,443295000.0,,3.575,-4911000.0,173893000.0,173893000.0,68574000.0,15914000.0,1.18,1.168,0.0,0.0,0.0,0.0,232238000.0,8685000.0,0.0,0.0,0.0,13162000.0,21847000.0,0.101,21847000.0,13162000.0,13162000.0,0.14,0.14,0.14,393048000.0,,393048000.0,1191721082.0,33.0,17.325,9078000.0,0.083,1.0,146991000.0,0.682,328622000.0,0.0,3195000.0,,0.0,0.0,0.0,0.0,458906000.0,346244000.0,112662000.0,1415886082.0,-50272000.0,-64409000.0,1150000.0,-103000.0,0.0,1031000.0,-69320000.0,0.0,13989000.0,4028000.0,15914000.0,15914000.0,15914000.0,0.0,0.0,0.074,134669000.0,12322000.0,25773000.0,0.0,3.602,38.585,38.515,51207000.0,0.0,12.71,1.801,1.778,163165000.0,-1268415000.0,215565000.0,215565000.0,36905000.0,,,,,10069000.0,88071000.0,1.0,111399377.0,109947000.0,112871000.0,1.961,523332000.0,4398000.0,-2752000.0,5282000.0,4.76,62415000.0
61,PTC,MRQ,2006-03-31,2006-04-01,2006-04-01,2021-08-03,-49693000.0,829301000.0,,457192000.0,372109000.0,,3.312,-4804000.0,224165000.0,224165000.0,65530000.0,6558000.0,1.3,1.282,0.0,0.0,0.0,0.0,232545000.0,8063000.0,0.0,0.0,0.0,10967000.0,19030000.0,0.097,19030000.0,10967000.0,10967000.0,0.06,0.06,0.06,363456000.0,,363456000.0,1646787986.0,32.0,20.171,56137000.0,0.512,1.0,129739000.0,0.664,265504000.0,0.0,-12111000.0,,0.0,0.0,0.0,0.0,465845000.0,351743000.0,114102000.0,1813939986.0,57013000.0,0.0,2070000.0,-126000.0,0.0,1063000.0,-4804000.0,0.0,60941000.0,-187000.0,6558000.0,6558000.0,6558000.0,0.0,0.0,0.034,119576000.0,10163000.0,20010000.0,0.0,4.991,38.241,37.114,50184000.0,0.0,16.33,2.416,2.387,149731000.0,-1285291000.0,195269000.0,195269000.0,35989000.0,,,,,9540000.0,82299000.0,1.0,111080220.0,109739000.0,113403000.0,1.779,563797000.0,4246000.0,4409000.0,24486000.0,5.138,105449000.0
62,PTC,MRQ,2005-12-31,2005-12-31,2005-12-31,2021-08-03,-49286000.0,772058000.0,,395428000.0,376630000.0,,3.119,-3350000.0,167152000.0,167152000.0,62304000.0,7353000.0,1.255,1.261,0.0,0.0,0.0,0.0,196095000.0,8061000.0,0.0,0.0,0.0,12153000.0,20214000.0,0.105,20214000.0,12153000.0,12153000.0,0.07,0.07,0.07,341502000.0,,341502000.0,1487709601.0,22.0,15.584,-24817000.0,-0.227,1.0,130548000.0,0.677,267993000.0,0.0,21735000.0,,0.0,0.0,0.0,0.0,430556000.0,315178000.0,115378000.0,1692132601.0,-37271000.0,-10675000.0,832000.0,-94000.0,0.0,636000.0,-14025000.0,0.0,-21467000.0,-2415000.0,7353000.0,7353000.0,7353000.0,0.0,0.0,0.038,119494000.0,11054000.0,20051000.0,0.0,4.955,27.568,26.754,50543000.0,0.0,15.25,2.313,2.282,155113000.0,-1296042000.0,192852000.0,192852000.0,34583000.0,,,,,9664000.0,83553000.0,1.0,110959515.0,109485000.0,112671000.0,1.761,504065000.0,4159000.0,4800000.0,26869000.0,4.604,80250000.0
63,PTC,MRQ,2005-09-30,2005-09-30,2005-09-30,2021-08-03,-49034000.0,786623000.0,,423727000.0,362896000.0,,2.973,-3401000.0,204423000.0,204423000.0,58886000.0,6870000.0,1.229,1.429,0.0,0.0,0.0,0.0,200467000.0,7570000.0,0.0,0.0,0.0,124000.0,7694000.0,0.042,7694000.0,124000.0,124000.0,0.06,0.06,0.06,323844000.0,,323844000.0,1495010418.0,19.0,14.313,7322000.0,0.067,1.0,123462000.0,0.677,258838000.0,0.0,-21400000.0,,0.0,0.0,0.0,0.0,462779000.0,344762000.0,118017000.0,1898018418.0,-198585000.0,-192087000.0,1219000.0,-93000.0,0.0,-12522000.0,-195488000.0,0.0,10723000.0,-1298000.0,6870000.0,6870000.0,6870000.0,0.0,0.0,0.038,124638000.0,-1176000.0,19915000.0,0.0,5.861,25.934,26.007,52551000.0,0.0,17.425,2.681,2.671,147497000.0,-1303558000.0,182348000.0,182348000.0,35392000.0,,,,,15212000.0,88855000.0,1.0,108925017.0,108923000.0,112260000.0,1.674,527785000.0,4144000.0,-6746000.0,29695000.0,4.845,78965000.0
64,PTC,MRQ,2005-06-30,2005-07-02,2005-07-02,2021-08-03,-36340000.0,754810000.0,,605368000.0,149442000.0,,2.915,-3639000.0,403008000.0,403008000.0,52126000.0,26654000.0,1.711,1.382,0.0,0.0,0.0,0.0,202229000.0,5712000.0,0.0,0.0,0.0,28990000.0,34702000.0,0.192,34702000.0,28990000.0,28990000.0,0.25,0.24,0.25,316853000.0,,316853000.0,1378809620.0,13.0,10.401,32013000.0,0.294,1.0,128208000.0,0.711,63551000.0,0.0,-65614000.0,,0.0,0.0,0.0,0.0,437957000.0,353865000.0,84092000.0,1762979620.0,18838000.0,-6810000.0,1655000.0,-177000.0,0.0,1187000.0,-10449000.0,0.0,35652000.0,-7552000.0,26654000.0,26654000.0,26654000.0,0.0,0.0,0.148,101694000.0,26514000.0,22253000.0,0.0,5.564,16.27,15.907,53057000.0,0.0,16.225,2.534,2.535,129402000.0,-1320833000.0,180334000.0,180334000.0,28061000.0,,,,,36000.0,73407000.0,1.0,108658220.0,108716000.0,112036000.0,1.659,691259000.0,0.0,2336000.0,39044000.0,6.358,251503000.0
65,PTC,MRQ,2005-03-31,2005-04-02,2005-04-02,2021-08-03,-32286000.0,751691000.0,,610624000.0,141067000.0,,2.699,-6296000.0,384170000.0,384170000.0,49573000.0,20504000.0,1.638,1.567,0.0,0.0,0.0,0.0,220779000.0,6126000.0,0.0,0.0,0.0,26729000.0,32855000.0,0.187,32855000.0,26729000.0,26729000.0,0.19,0.18,0.19,292852000.0,,292852000.0,1202816255.0,12.0,9.32,48813000.0,0.45,1.0,126530000.0,0.718,56609000.0,0.0,-61779000.0,,0.0,0.0,0.0,0.0,458839000.0,372691000.0,86148000.0,1536880255.0,50106000.0,0.0,4243000.0,0.0,0.0,4243000.0,-6291000.0,0.0,55109000.0,-2955000.0,20504000.0,20504000.0,20504000.0,0.0,0.0,0.116,102038000.0,24492000.0,18150000.0,0.0,5.248,15.708,15.38,54764000.0,0.0,14.15,2.248,2.245,138023000.0,-1347487000.0,176103000.0,176103000.0,28347000.0,,,,,109000.0,73469000.0,1.0,108613446.0,108499000.0,111958000.0,1.623,695082000.0,0.0,6225000.0,44114000.0,6.406,237933000.0
66,PTC,MRQ,2004-12-31,2005-01-01,2005-01-01,2021-08-03,-31411000.0,704991000.0,,563237000.0,141754000.0,,2.489,-2799000.0,334064000.0,334064000.0,47657000.0,19159000.0,1.63,1.622,0.0,0.0,0.0,0.0,200388000.0,6473000.0,0.0,0.0,0.0,22725000.0,29198000.0,0.173,29198000.0,22725000.0,22725000.0,0.175,0.175,0.175,268870000.0,,268870000.0,1297905996.0,16.0,11.444,25885000.0,0.24,1.0,121533000.0,0.718,56459000.0,0.0,-31029000.0,,0.0,0.0,0.0,0.0,436121000.0,345497000.0,90624000.0,1592792996.0,39177000.0,0.0,3045000.0,0.0,0.0,3045000.0,-2804000.0,0.0,28684000.0,10252000.0,19159000.0,19159000.0,19159000.0,0.0,0.0,0.113,98321000.0,23212000.0,18929000.0,0.0,5.924,19.784,19.503,53590000.0,0.0,14.725,2.369,2.365,134364000.0,-1367991000.0,169190000.0,169190000.0,26467000.0,,,,,109000.0,71632000.0,1.0,108169304.0,108014400.0,111677600.0,1.566,648532000.0,0.0,3566000.0,37867000.0,6.004,217740000.0
67,PTC,MRQ,2004-09-30,2004-09-30,2004-09-30,2021-08-03,-36015000.0,676340000.0,,522740000.0,153600000.0,,2.249,-4839000.0,294887000.0,294887000.0,43434000.0,42044000.0,1.674,1.795,0.0,0.0,0.0,0.0,176664000.0,7640000.0,0.0,0.0,0.0,28174000.0,35814000.0,0.211,35814000.0,28174000.0,28174000.0,0.405,0.395,0.405,241951000.0,,241951000.0,1163246799.0,31.0,16.112,34781000.0,0.323,1.0,126700000.0,0.745,56543000.0,0.0,12669000.0,,0.0,0.0,0.0,0.0,434389000.0,312241000.0,122148000.0,1420987799.0,37146000.0,0.0,4495000.0,0.0,0.0,4495000.0,-4839000.0,0.0,39620000.0,-2130000.0,42044000.0,42044000.0,42044000.0,0.0,0.0,0.247,98762000.0,27938000.0,19067000.0,0.0,5.873,40.818,40.0,55780000.0,0.0,13.2,2.153,2.142,130393000.0,-1387150000.0,170134000.0,170134000.0,25383000.0,,,,,437000.0,71071000.0,1.0,107650591.0,107577600.0,116341600.0,1.582,619797000.0,39967000.0,-13870000.0,40955000.0,5.761,210499000.0
68,PTC,MRQ,2004-06-30,2004-07-03,2004-07-03,2021-08-03,-36399000.0,613156000.0,,465549000.0,147607000.0,,1.818,-1917000.0,257741000.0,257741000.0,46024000.0,16135000.0,1.413,2.146,0.0,0.0,0.0,0.0,202165000.0,8775000.0,0.0,0.0,0.0,22422000.0,31197000.0,0.185,31197000.0,22422000.0,22422000.0,0.15,0.15,0.15,194919000.0,,194919000.0,1091895532.0,-45.0,79.957,44627000.0,0.416,1.0,122353000.0,0.727,58536000.0,0.0,-32633000.0,,0.0,0.0,0.0,0.0,418237000.0,329512000.0,88725000.0,1313560532.0,36076000.0,-9822000.0,446000.0,0.0,0.0,446000.0,-11739000.0,0.0,46544000.0,825000.0,16135000.0,16135000.0,16135000.0,0.0,0.0,0.096,99631000.0,22722000.0,17327000.0,0.0,6.739,-29.068,-28.824,57354000.0,0.0,12.25,2.01,2.01,144126000.0,-1429194000.0,168377000.0,168377000.0,26250000.0,,,,,0.0,68606000.0,1.0,107229431.0,107241600.0,109993200.0,1.57,554620000.0,0.0,6287000.0,0.0,5.172,136037000.0
69,PTC,MRQ,2004-03-31,2004-04-03,2004-04-03,2021-08-03,-35323000.0,605672000.0,,459670000.0,146002000.0,,1.676,-2796000.0,221665000.0,221665000.0,40570000.0,3171000.0,1.373,2.378,0.0,0.0,0.0,0.0,214082000.0,9180000.0,0.0,0.0,0.0,8023000.0,17203000.0,0.104,17203000.0,8023000.0,8023000.0,0.025,0.025,0.025,179305000.0,,179305000.0,1042422006.0,-14.0,-28.635,28389000.0,0.265,1.0,124138000.0,0.754,49838000.0,0.0,-693000.0,,0.0,0.0,0.0,0.0,426367000.0,334862000.0,91505000.0,1232477006.0,31610000.0,0.0,4430000.0,0.0,0.0,4430000.0,-2796000.0,0.0,31185000.0,-1209000.0,3171000.0,3171000.0,3171000.0,0.0,0.0,0.019,116292000.0,7846000.0,17949000.0,0.0,6.874,-12.962,-12.778,62541000.0,0.0,11.5,1.895,1.892,154827000.0,-1445329000.0,164708000.0,164708000.0,26780000.0,,,,,0.0,71496000.0,1.0,107171914.0,107006000.0,109440400.0,1.539,555834000.0,0.0,4852000.0,0.0,5.194,124808000.0
70,PTC,MRQ,2003-12-31,2004-01-03,2004-01-03,2021-08-03,-36902000.0,563682000.0,,411899000.0,151783000.0,,1.595,-2896000.0,190055000.0,190055000.0,52147000.0,-26537000.0,1.35,2.315,0.0,0.0,0.0,0.0,183563000.0,9562000.0,0.0,0.0,0.0,-21580000.0,-12018000.0,-0.077,-12018000.0,-21580000.0,-21580000.0,-0.25,-0.25,-0.25,170015000.0,,170015000.0,839465082.0,-9.0,-15.713,-18909000.0,-0.177,1.0,104663000.0,0.667,51289000.0,0.0,17251000.0,,0.0,0.0,0.0,0.0,393667000.0,305087000.0,88580000.0,1044777082.0,-15257000.0,0.0,341000.0,0.0,0.0,341000.0,-2896000.0,0.0,-16013000.0,3311000.0,-26537000.0,-26537000.0,-26537000.0,0.0,0.0,-0.169,125753000.0,-21090000.0,17923000.0,0.0,6.145,-9.211,-9.186,67807000.0,0.0,9.875,1.591,1.602,138529000.0,-1448500000.0,156810000.0,156810000.0,29579000.0,,,,,0.0,73145000.0,1.0,105800211.0,106568800.0,106568800.0,1.471,512393000.0,0.0,4957000.0,0.0,4.808,106812000.0
71,PTC,MRQ,2003-09-30,2003-09-30,2003-09-30,2021-08-03,-37846000.0,600998000.0,,439394000.0,161604000.0,,1.836,-5832000.0,205312000.0,205312000.0,59244000.0,-37959000.0,1.37,2.08,0.0,0.0,0.0,0.0,173015000.0,10471000.0,0.0,0.0,0.0,-33197000.0,-22726000.0,-0.139,-22726000.0,-33197000.0,-33197000.0,-0.35,-0.35,-0.35,195158000.0,,195158000.0,630461892.0,-8.0,-15.456,-9366000.0,-0.088,1.0,104459000.0,0.638,51851000.0,0.0,23027000.0,,0.0,0.0,0.0,0.0,405840000.0,320808000.0,85032000.0,838723892.0,-2950000.0,0.0,3905000.0,0.0,0.0,3738000.0,-5832000.0,0.0,-3534000.0,2678000.0,-37959000.0,-37959000.0,-37959000.0,0.0,0.0,-0.232,136314000.0,-31855000.0,20569000.0,0.0,4.298,-8.534,-8.514,73563000.0,0.0,7.875,1.248,1.238,140151000.0,-1421963000.0,163703000.0,163703000.0,32703000.0,,,,,456000.0,86388000.0,1.0,106504621.0,106288400.0,106288400.0,1.54,549147000.0,24179000.0,4762000.0,30747000.0,5.167,118586000.0
72,PTC,MRQ,2003-06-30,2003-06-28,2003-06-28,2021-08-03,-33616000.0,613068000.0,,446194000.0,166874000.0,,2.207,-6815000.0,208262000.0,208262000.0,55295000.0,-33762000.0,1.455,1.626,0.0,0.0,0.0,0.0,190122000.0,9931000.0,0.0,0.0,0.0,-28794000.0,-18863000.0,-0.114,-18863000.0,-28794000.0,-28794000.0,-0.325,-0.325,-0.325,233501000.0,,233501000.0,648633639.0,-12.0,-150.181,120000.0,0.001,1.0,109949000.0,0.665,51524000.0,0.0,46561000.0,,0.0,0.0,0.0,0.0,379567000.0,306721000.0,72846000.0,822596639.0,34299000.0,0.0,-122000.0,0.0,0.0,-122000.0,24639000.0,31454000.0,6935000.0,2847000.0,-33762000.0,-33762000.0,-33762000.0,0.0,0.0,-0.204,138733000.0,-28784000.0,22881000.0,0.0,3.523,-8.057,-7.974,78808000.0,0.0,7.775,1.181,1.18,162146000.0,-1384005000.0,165244000.0,165244000.0,31880000.0,,,,,0.0,90260000.0,1.0,105800211.0,105794800.0,105794800.0,1.562,561544000.0,0.0,4968000.0,0.0,5.308,139473000.0
73,PTC,MRQ,2003-03-31,2003-03-29,2003-03-29,2021-08-03,-34120000.0,646670000.0,,473168000.0,173502000.0,,2.528,-8442000.0,173963000.0,173963000.0,52672000.0,-15169000.0,1.53,1.424,0.0,0.0,0.0,0.0,198650000.0,10400000.0,0.0,0.0,0.0,-10218000.0,182000.0,0.001,182000.0,-10218000.0,-10218000.0,-0.15,-0.15,-0.15,266771000.0,,266771000.0,417957474.0,-7.0,-89.174,-13131000.0,-0.124,1.0,118354000.0,0.692,52245000.0,0.0,111166000.0,,0.0,31574000.0,29924000.0,1650000.0,379899000.0,309296000.0,70603000.0,601317474.0,-9397000.0,0.0,3905000.0,0.0,0.0,3905000.0,-8148000.0,294000.0,-4689000.0,-465000.0,-15169000.0,-15169000.0,-15169000.0,0.0,0.0,-0.089,127685000.0,-9331000.0,29180000.0,0.0,2.254,-6.285,-6.361,81253000.0,0.0,5.725,0.847,0.851,161849000.0,-1350075000.0,171026000.0,171026000.0,31942000.0,,,,,0.0,94283000.0,1.0,105033620.0,105518400.0,105518400.0,1.621,594425000.0,1836000.0,4951000.0,0.0,5.633,163872000.0
74,PTC,MRQ,2002-12-31,2002-12-28,2002-12-28,2021-08-03,-32559000.0,641064000.0,,464326000.0,176738000.0,,2.661,-4843000.0,183360000.0,183360000.0,51275000.0,-11390000.0,1.584,1.294,0.0,0.0,0.0,0.0,179548000.0,10835000.0,0.0,0.0,0.0,-10220000.0,615000.0,0.004,615000.0,-10220000.0,-10220000.0,-0.1,-0.1,-0.1,279480000.0,,279480000.0,467620789.0,-6.0,-48.986,2940000.0,0.028,1.0,120692000.0,0.702,53241000.0,0.0,111303000.0,,0.0,31921000.0,30264000.0,1657000.0,361584000.0,293160000.0,68424000.0,645139789.0,4535000.0,0.0,0.0,0.0,0.0,0.0,-5154000.0,-311000.0,7783000.0,1906000.0,-11390000.0,-11390000.0,-11390000.0,0.0,0.0,-0.066,130347000.0,-9655000.0,25280000.0,0.0,2.308,-6.518,-6.676,82323000.0,0.0,6.175,0.898,0.903,159197000.0,-1334907000.0,171967000.0,171967000.0,31900000.0,,,,,0.0,96966000.0,1.0,104476079.0,105033600.0,105033600.0,1.637,587823000.0,4879000.0,1170000.0,0.0,5.597,171166000.0
75,PTC,MRQ,2002-09-30,2002-09-30,2002-09-30,2021-08-03,-33379000.0,674959000.0,,499585000.0,175374000.0,,2.778,-4308000.0,178825000.0,178825000.0,52269000.0,-41773000.0,1.582,1.328,0.0,0.0,0.0,0.0,197303000.0,17717000.0,0.0,0.0,0.0,-3970000.0,13747000.0,0.073,13747000.0,-3970000.0,-3970000.0,-0.4,-0.4,-0.4,289928000.0,,289928000.0,292623356.0,-4.0,-151.305,-4364000.0,-0.042,1.0,136291000.0,0.723,56231000.0,0.0,124206000.0,,0.0,31589000.0,27905000.0,3684000.0,385031000.0,315697000.0,69334000.0,470142356.0,1306000.0,10200000.0,3708000.0,0.0,0.0,3708000.0,459000.0,-5433000.0,-56000.0,-2805000.0,-41773000.0,-41773000.0,-41773000.0,0.0,0.0,-0.222,154951000.0,-18660000.0,23834000.0,0.0,1.622,-5.022,-5.0,86535000.0,0.0,4.5,0.634,0.633,157522000.0,-1323517000.0,188560000.0,188560000.0,32348000.0,,,,,220000.0,98580000.0,1.0,104476079.0,104360400.0,,1.807,618728000.0,52470000.0,37803000.0,642000.0,5.929,183888000.0
76,PTC,MRQ,2002-06-30,2002-06-29,2002-06-29,2021-08-03,-24949000.0,736668000.0,,476889000.0,259779000.0,,3.455,-7112000.0,177519000.0,177519000.0,52812000.0,-27340000.0,1.436,1.044,0.0,0.0,0.0,0.0,189526000.0,18045000.0,0.0,0.0,0.0,-37276000.0,-19231000.0,-0.108,-19231000.0,-37276000.0,-37276000.0,-0.25,-0.25,-0.25,360479000.0,,360479000.0,724421488.0,-7.0,-21.412,1254000.0,0.012,1.0,125253000.0,0.703,65199000.0,0.0,161851000.0,,0.0,26336000.0,13509000.0,12827000.0,376189000.0,332099000.0,44090000.0,894547488.0,7393000.0,0.0,4000.0,0.0,0.0,4000.0,-7126000.0,-14000.0,8366000.0,6149000.0,-27340000.0,-27340000.0,-27340000.0,0.0,0.0,-0.154,161299000.0,-36046000.0,28357000.0,0.0,2.482,-11.37,-11.828,91154000.0,0.0,8.575,1.15,1.15,158815000.0,-1095658000.0,178065000.0,178065000.0,33464000.0,,,,,0.0,100623000.0,1.0,104320407.0,104320407.0,,1.707,671469000.0,32073000.0,-9936000.0,0.0,6.437,144790000.0
77,PTC,MRQ,2002-03-31,2002-03-30,2002-03-30,2021-08-03,-29328000.0,740124000.0,,469546000.0,270578000.0,,3.656,-9747000.0,170126000.0,170126000.0,55912000.0,-18468000.0,1.449,0.947,0.0,0.0,0.0,0.0,191946000.0,18301000.0,0.0,0.0,0.0,-22978000.0,-4677000.0,-0.026,-4677000.0,-22978000.0,-22978000.0,-0.175,-0.175,-0.175,380196000.0,,380196000.0,1367297367.0,-18.0,2241.471,-35112000.0,-0.338,1.0,124001000.0,0.689,73184000.0,0.0,172762000.0,,0.0,26129000.0,12627000.0,13502000.0,359928000.0,324052000.0,35876000.0,1570333367.0,-32910000.0,0.0,4646000.0,0.0,0.0,4646000.0,-11332000.0,-1585000.0,-25365000.0,-859000.0,-18468000.0,-18468000.0,-18468000.0,0.0,0.0,-0.103,146027000.0,-22026000.0,30498000.0,0.0,4.13,-29.069,-30.2,92033000.0,0.0,15.1,1.891,1.891,161075000.0,-1067110000.0,179913000.0,179913000.0,35572000.0,,,,,0.0,101421000.0,1.0,103995587.0,103995587.0,,1.73,666940000.0,16595000.0,-4510000.0,0.0,6.413,145494000.0
78,PTC,MRQ,2001-12-31,2001-12-29,2001-12-29,2021-08-03,-29685000.0,770711000.0,,495874000.0,274837000.0,,3.746,-10506000.0,203036000.0,203036000.0,55965000.0,-6040000.0,1.443,0.974,0.0,0.0,0.0,0.0,201831000.0,18342000.0,0.0,0.0,0.0,-10115000.0,8227000.0,0.042,8227000.0,-10115000.0,-10115000.0,-0.05,-0.05,-0.05,390423000.0,,390423000.0,1718425658.0,-42.0,49.676,-16065000.0,-0.154,1.0,139454000.0,0.714,83001000.0,0.0,141029000.0,,0.0,24684000.0,13644000.0,11040000.0,380288000.0,343645000.0,36643000.0,1935794658.0,-14333000.0,0.0,-4729000.0,0.0,0.0,-4729000.0,-3399000.0,7107000.0,-5559000.0,-646000.0,-6040000.0,-6040000.0,-6040000.0,0.0,0.0,-0.031,149824000.0,-10370000.0,29514000.0,0.0,4.958,-68.085,-74.3,91283000.0,0.0,18.575,2.158,2.158,166132000.0,-1048196000.0,195419000.0,195419000.0,34689000.0,,,,,0.0,99881000.0,1.0,104215056.0,104215056.0,,1.875,687710000.0,0.0,-4075000.0,0.0,6.599,152229000.0
79,PTC,MRQ,2001-09-30,2001-09-30,2001-09-30,2021-08-03,-27637000.0,803778000.0,,509109000.0,294669000.0,,3.667,-12020000.0,217369000.0,217369000.0,65963000.0,-26828000.0,1.378,1.087,0.0,0.0,0.0,0.0,214486000.0,18984000.0,0.0,0.0,0.0,-37136000.0,-18152000.0,-0.081,-18152000.0,-37136000.0,-37136000.0,-0.25,-0.25,-0.25,385092000.0,,385092000.0,1102308822.0,-81.0,17.636,-15777000.0,-0.15,1.0,158541000.0,0.706,92838000.0,0.0,123996000.0,,0.0,31729000.0,13906000.0,17823000.0,418686000.0,369575000.0,49111000.0,1362597822.0,-42920000.0,0.0,-14475000.0,0.0,0.0,-14475000.0,-22341000.0,-10321000.0,-3757000.0,-2347000.0,-26828000.0,-26828000.0,-26828000.0,0.0,0.0,-0.119,193484000.0,-34943000.0,28640000.0,0.0,3.538,-134.405,-129.75,91501000.0,0.0,12.975,1.453,1.453,185444000.0,-1060154000.0,224504000.0,224504000.0,37374000.0,,,,,236000.0,113962000.0,1.0,105017173.0,105017173.0,,2.138,710940000.0,69496000.0,-10308000.0,2497000.0,6.77,139534000.0
80,PTC,MRQ,2001-06-30,2001-06-30,2001-06-30,2021-08-03,-15791000.0,815839000.0,,558850000.0,256989000.0,,4.255,-11619000.0,260289000.0,260289000.0,67317000.0,-2685000.0,1.642,0.814,0.0,0.0,0.0,0.0,210963000.0,18994000.0,0.0,0.0,0.0,-3782000.0,15212000.0,0.066,15212000.0,-3782000.0,-3782000.0,-0.025,-0.025,-0.025,449669000.0,,449669000.0,3407862055.0,182.0,35.664,-897000.0,-0.008,1.0,163350000.0,0.708,100755000.0,0.0,114488000.0,,0.0,21248000.0,13856000.0,7392000.0,366170000.0,340307000.0,25863000.0,3695860055.0,-27709000.0,0.0,-21828000.0,0.0,0.0,-21828000.0,-17811000.0,-6192000.0,10722000.0,1208000.0,-2685000.0,-2685000.0,-2685000.0,0.0,0.0,-0.012,167580000.0,-4230000.0,31368000.0,0.0,8.219,284.801,233.167,89161000.0,0.0,34.975,3.942,3.942,180859000.0,-1020026000.0,230667000.0,230667000.0,38494000.0,,,,,0.0,115820000.0,1.0,105671481.0,105671481.0,,2.183,715084000.0,6023000.0,-1097000.0,0.0,6.767,218543000.0
81,PTC,MRQ,2001-03-31,2001-03-31,2001-03-31,2021-08-03,-16119000.0,848833000.0,,588866000.0,259967000.0,,4.456,-21039000.0,287998000.0,287998000.0,66280000.0,7121000.0,1.691,0.792,0.0,0.0,0.0,0.0,217371000.0,19276000.0,0.0,0.0,0.0,10030000.0,29306000.0,0.119,29306000.0,10030000.0,10030000.0,0.075,0.075,0.075,473722000.0,,473722000.0,2171896233.0,2020.0,27.199,39478000.0,0.371,1.0,180193000.0,0.731,110638000.0,0.0,101892000.0,,0.0,15132000.0,12743000.0,2389000.0,375111000.0,348305000.0,26806000.0,2408122233.0,51772000.0,0.0,-26094000.0,0.0,0.0,-26094000.0,19345000.0,40384000.0,60517000.0,-1996000.0,7121000.0,7121000.0,7121000.0,0.0,0.0,0.029,162793000.0,17400000.0,34479000.0,0.0,5.083,10247.329,906.0,87374000.0,0.0,22.65,2.578,2.578,192242000.0,-1017328000.0,246473000.0,246473000.0,37265000.0,,,,,0.0,109871000.0,1.0,106318862.0,106318862.0,,2.318,738195000.0,0.0,2909000.0,1659000.0,6.943,240561000.0
82,PTC,MRQ,2000-12-31,2000-12-30,2000-12-30,2021-08-03,-13806000.0,850636000.0,,550375000.0,300261000.0,,4.609,-19692000.0,236226000.0,236226000.0,63893000.0,12254000.0,1.691,0.72,0.0,0.0,0.0,0.0,206576000.0,18881000.0,0.0,0.0,0.0,17257000.0,36138000.0,0.154,36138000.0,17257000.0,17257000.0,0.125,0.125,0.125,494581000.0,,494581000.0,3279805286.0,-193.0,52.475,-36095000.0,-0.336,1.0,171051000.0,0.728,122432000.0,0.0,166566000.0,,0.0,55632000.0,28566000.0,27066000.0,356055000.0,325412000.0,30643000.0,3605677286.0,-89646000.0,0.0,-45079000.0,0.0,0.0,-45079000.0,-25930000.0,-6238000.0,-16403000.0,-2234000.0,12254000.0,12254000.0,12254000.0,0.0,0.0,0.052,155050000.0,16001000.0,26187000.0,0.0,7.29,-283.198,-336.0,77579000.0,0.0,33.6,3.941,3.941,187546000.0,-1024165000.0,234944000.0,234944000.0,35809000.0,,,,,0.0,109802000.0,1.0,107311824.0,107311824.0,,2.189,728204000.0,0.0,5003000.0,3298000.0,6.786,224963000.0
83,PTC,MRQ,2000-09-30,2000-09-30,2000-09-30,2021-08-03,-12629000.0,924883000.0,,628433000.0,296450000.0,,4.853,-6602000.0,325872000.0,325872000.0,66410000.0,-3713000.0,1.734,0.75,0.0,0.0,0.0,0.0,231495000.0,19698000.0,0.0,0.0,0.0,-4799000.0,14899000.0,0.066,14899000.0,-4799000.0,-4799000.0,-0.025,-0.025,-0.025,528542000.0,,528542000.0,2644442955.0,-135.0,44.694,22593000.0,0.207,1.0,159121000.0,0.706,131679000.0,0.0,104980000.0,,0.0,49269000.0,22969000.0,26300000.0,396341000.0,362352000.0,33989000.0,2978716955.0,-8402000.0,0.0,-32816000.0,0.0,0.0,-32816000.0,-4880000.0,1722000.0,29195000.0,99000.0,-3713000.0,-3713000.0,-3713000.0,0.0,0.0,-0.016,165345000.0,-6224000.0,30944000.0,0.0,5.636,-203.952,-218.8,66879000.0,0.0,27.35,3.242,3.242,183804000.0,-1036456000.0,225531000.0,225531000.0,35820000.0,,,,,0.0,119952000.0,1.0,108911040.0,108911040.0,,2.071,793204000.0,0.0,-1086000.0,0.0,7.283,266081000.0
84,PTC,MRQ,2000-06-30,2000-07-01,2000-07-01,2021-08-03,-13022000.0,959349000.0,,646659000.0,312690000.0,,4.992,-8858000.0,334274000.0,334274000.0,59654000.0,-15427000.0,1.687,0.741,0.0,0.0,0.0,0.0,228563000.0,20921000.0,0.0,0.0,0.0,-21413000.0,-492000.0,-0.002,-492000.0,-21413000.0,-21413000.0,-0.15,-0.15,-0.15,551081000.0,,551081000.0,2707587865.0,59.0,21.848,20657000.0,0.187,1.0,167600000.0,0.738,142499000.0,0.0,99316000.0,,0.0,51113000.0,28374000.0,22739000.0,408268000.0,383260000.0,25008000.0,3036084865.0,5777000.0,0.0,-34637000.0,0.0,0.0,-34637000.0,10277000.0,19135000.0,29515000.0,622000.0,-15427000.0,-15427000.0,-15427000.0,0.0,0.0,-0.068,189712000.0,-22112000.0,31483000.0,0.0,5.509,93.585,91.667,68434000.0,0.0,27.5,3.119,3.119,179246000.0,-1043166000.0,227254000.0,227254000.0,36265000.0,,,,,0.0,122259000.0,1.0,110403086.0,110403086.0,,2.058,816850000.0,0.0,-5986000.0,6247000.0,7.399,263399000.0
85,PTC,MRQ,2000-03-31,2000-04-01,2000-04-01,2021-08-03,-12602000.0,1002856000.0,,684239000.0,318617000.0,,5.456,-13574000.0,328497000.0,328497000.0,64403000.0,-5846000.0,1.838,0.671,0.0,0.0,0.0,0.0,219153000.0,19965000.0,0.0,0.0,0.0,-8008000.0,11957000.0,0.053,11957000.0,-8008000.0,-8008000.0,-0.05,-0.05,-0.05,600047000.0,,600047000.0,5475363483.0,46.0,28.295,-22471000.0,-0.204,1.0,162702000.0,0.716,153753000.0,0.0,148348000.0,,0.0,72956000.0,54627000.0,18329000.0,402809000.0,372258000.0,30551000.0,5790714483.0,13146000.0,0.0,3209000.0,0.0,0.0,3209000.0,18073000.0,31647000.0,-8897000.0,761000.0,-5846000.0,-5846000.0,-5846000.0,0.0,0.0,-0.026,171103000.0,-8401000.0,33972000.0,0.0,9.65,69.526,67.935,69266000.0,0.0,52.65,5.731,5.731,179487000.0,-1027306000.0,227105000.0,227105000.0,37611000.0,,,,,0.0,123715000.0,1.0,109985080.0,109985080.0,,2.065,849103000.0,0.0,-2162000.0,20862000.0,7.72,311981000.0
86,PTC,MRQ,1999-12-31,2000-01-01,2000-01-01,2021-08-03,-13145000.0,1024034000.0,,719383000.0,304651000.0,,5.525,15948000.0,315351000.0,315351000.0,60155000.0,10381000.0,1.842,0.709,0.0,0.0,0.0,0.0,208939000.0,18185000.0,0.0,0.0,0.0,14619000.0,32804000.0,0.137,32804000.0,14619000.0,14619000.0,0.1,0.1,0.1,599051000.0,,599051000.0,7095330888.0,48.0,32.848,17986000.0,0.166,1.0,178882000.0,0.748,162135000.0,0.0,156023000.0,,0.0,105077000.0,95347000.0,9730000.0,424983000.0,390525000.0,34458000.0,7335119888.0,75562000.0,-7922000.0,53845000.0,0.0,0.0,53845000.0,17052000.0,9026000.0,2038000.0,2627000.0,10381000.0,10381000.0,10381000.0,0.0,0.0,0.043,164906000.0,13976000.0,35982000.0,0.0,12.245,73.584,73.135,66601000.0,0.0,67.65,7.009,7.009,189340000.0,-1011954000.0,239037000.0,239037000.0,34067000.0,,,,,0.0,121411000.0,1.0,108427493.0,108427493.0,,2.205,861899000.0,0.0,4238000.0,44219000.0,7.949,328858000.0
87,PTC,MRQ,1999-09-30,1999-09-30,1999-09-30,2021-08-03,-15381000.0,1016620000.0,,705104000.0,311516000.0,,4.838,-38896000.0,239789000.0,239789000.0,57799000.0,43334000.0,1.542,0.951,0.0,0.0,0.0,0.0,213059000.0,18625000.0,0.0,0.0,0.0,61034000.0,79659000.0,0.284,79659000.0,61034000.0,61034000.0,0.4,0.375,0.4,521104000.0,,521104000.0,3421873886.0,19.0,14.051,7423000.0,0.069,1.0,222297000.0,0.794,166847000.0,0.0,152801000.0,,0.0,114106000.0,101217000.0,12889000.0,495516000.0,457183000.0,38333000.0,3634975886.0,26687000.0,185000.0,7881000.0,0.0,0.0,7881000.0,-33942000.0,4769000.0,46319000.0,6429000.0,43334000.0,43334000.0,43334000.0,0.0,0.0,0.155,160189000.0,62108000.0,40879000.0,0.0,6.976,30.471,30.682,64176000.0,0.0,33.75,3.437,3.437,221889000.0,-1022357000.0,280096000.0,280096000.0,32209000.0,,,,,0.0,119683000.0,1.0,107702989.0,107702989.0,,2.601,849773000.0,0.0,17700000.0,80520000.0,7.89,247921000.0
88,PTC,MRQ,1999-06-30,1999-07-03,1999-07-03,2021-08-03,-3878000.0,938751000.0,,617383000.0,321368000.0,,4.102,-29422000.0,213102000.0,213102000.0,53437000.0,35419000.0,1.487,1.113,0.0,0.0,0.0,0.0,194867000.0,18488000.0,0.0,0.0,0.0,50599000.0,69087000.0,0.262,69087000.0,50599000.0,50599000.0,0.325,0.325,0.325,444247000.0,,444247000.0,3589320559.0,18.0,14.043,13089000.0,0.121,1.0,210703000.0,0.798,151043000.0,0.0,159437000.0,,0.0,117734000.0,113752000.0,3982000.0,494504000.0,415169000.0,79335000.0,3825584559.0,-23162000.0,-2766000.0,-23944000.0,0.0,0.0,-23944000.0,-41098000.0,-8910000.0,42511000.0,-631000.0,35419000.0,35419000.0,35419000.0,0.0,0.0,0.134,160956000.0,49747000.0,39328000.0,0.0,8.611,31.55,31.4,62294000.0,0.0,35.325,3.723,3.723,201476000.0,-1068759000.0,264140000.0,264140000.0,32439000.0,,,,,0.0,120020000.0,1.0,108296803.0,108296803.0,,2.439,787708000.0,0.0,15180000.0,82698000.0,7.274,202214000.0
89,PTC,MRQ,1999-03-31,1999-04-03,1999-04-03,2021-08-03,-2604000.0,930468000.0,,602255000.0,328213000.0,,4.055,-8369000.0,236264000.0,236264000.0,50564000.0,10549000.0,1.458,1.145,0.0,0.0,0.0,0.0,184122000.0,12887000.0,0.0,0.0,0.0,21568000.0,34455000.0,0.131,34455000.0,21568000.0,21568000.0,0.1,0.1,0.1,433737000.0,,433737000.0,5150769460.0,27.0,22.302,22795000.0,0.213,1.0,212684000.0,0.808,163546000.0,0.0,117677000.0,,0.0,109655000.0,87625000.0,22030000.0,496731000.0,412981000.0,83750000.0,5347573460.0,39460000.0,-70344000.0,-4569000.0,0.0,0.0,-4569000.0,13642000.0,92355000.0,31164000.0,-777000.0,10549000.0,10549000.0,10549000.0,0.0,0.0,0.04,191844000.0,20840000.0,37192000.0,0.0,12.329,52.922,52.632,61363000.0,0.0,50.0,5.303,5.303,204991000.0,-1098091000.0,263248000.0,263248000.0,30310000.0,,,,,0.0,118409000.0,1.0,106951469.0,106951469.0,,2.461,766922000.0,0.0,11019000.0,91986000.0,7.171,189274000.0
90,PTC,MRQ,1998-12-31,1999-01-02,1999-01-02,2021-08-03,-435000.0,860844000.0,,602847000.0,257997000.0,,3.335,-10976000.0,196804000.0,196804000.0,45855000.0,29991000.0,1.446,1.395,0.0,0.0,0.0,0.0,153150000.0,12283000.0,0.0,0.0,0.0,48041000.0,60324000.0,0.241,60324000.0,48041000.0,48041000.0,0.275,0.275,0.275,359418000.0,,359418000.0,4172160225.0,24.0,20.111,19871000.0,0.184,1.0,204262000.0,0.817,0.0,0.0,247162000.0,,0.0,203292000.0,133650000.0,69642000.0,501426000.0,416878000.0,84548000.0,4378131225.0,-9167000.0,0.0,-45470000.0,0.0,0.0,-45470000.0,2312000.0,13288000.0,30847000.0,3144000.0,29991000.0,29991000.0,29991000.0,0.0,0.0,0.12,158165000.0,46097000.0,33009000.0,0.0,12.181,58.724,58.036,64375000.0,0.0,40.625,4.338,4.338,195740000.0,-1111380000.0,250117000.0,250117000.0,29180000.0,,,,,0.0,112669000.0,1.0,107769384.0,107769384.0,,2.321,860844000.0,0.0,18050000.0,114021000.0,7.988,185969000.0
91,PTC,MRQ,1998-09-30,1998-09-30,1998-09-30,2021-08-03,-29333000.0,801060000.0,,593781000.0,207279000.0,,3.081,-5245000.0,205971000.0,205971000.0,39980000.0,45297000.0,1.415,1.388,0.0,0.0,0.0,0.0,145376000.0,9755000.0,0.0,0.0,0.0,81979000.0,91734000.0,0.367,91734000.0,81979000.0,68650000.0,0.425,0.4,0.425,335504000.0,,335504000.0,2544508266.0,13.0,11.148,54263000.0,0.498,1.0,210050000.0,0.84,17134000.0,13329000.0,158413000.0,,0.0,220212000.0,131405000.0,88807000.0,465556000.0,419542000.0,46014000.0,2738534266.0,11945000.0,0.0,-55342000.0,0.0,0.0,-55342000.0,8410000.0,13655000.0,59508000.0,-631000.0,45297000.0,45297000.0,45297000.0,0.0,0.0,0.181,141523000.0,68527000.0,34520000.0,0.0,8.162,31.587,31.438,62241000.0,0.0,25.15,2.69,2.69,189275000.0,-1123399000.0,250030000.0,250030000.0,23071000.0,,,,,0.0,117538000.0,1.0,108888042.0,108888042.0,,2.296,783926000.0,0.0,23353000.0,65048000.0,7.199,174239000.0
92,PTC,MRQ,1998-06-30,1998-07-04,1998-07-04,2021-08-03,-1557000.0,810270000.0,,589194000.0,221076000.0,,3.202,-20053000.0,194026000.0,194026000.0,37552000.0,15209000.0,1.496,1.338,0.0,0.0,0.0,0.0,131027000.0,6481000.0,0.0,0.0,0.0,37965000.0,44446000.0,0.181,44446000.0,37965000.0,37965000.0,0.15,0.125,0.15,346524000.0,,346524000.0,4098144439.0,18.0,16.266,9566000.0,0.088,1.0,207449000.0,0.847,0.0,0.0,222296000.0,,0.0,234521000.0,131608000.0,102913000.0,463746000.0,393948000.0,69798000.0,4344938439.0,-61417000.0,-40599000.0,24107000.0,0.0,0.0,24107000.0,-112168000.0,-51516000.0,29619000.0,-2975000.0,15209000.0,15209000.0,15209000.0,0.0,0.0,0.062,171598000.0,35851000.0,48100000.0,0.0,12.539,53.198,51.806,59375000.0,0.0,40.15,4.243,4.243,185757000.0,-1174850000.0,245001000.0,245001000.0,24130000.0,,,,,0.0,118059000.0,1.0,108217645.0,108217645.0,,2.264,810270000.0,0.0,22756000.0,62130000.0,7.487,195246000.0
93,PTC,MRQ,1998-03-31,1998-04-04,1998-04-04,2021-08-03,1377000.0,790654000.0,,633914000.0,156740000.0,,2.963,-4844000.0,255443000.0,255443000.0,37270000.0,-15942000.0,1.541,1.599,8649000.0,1291000.0,7358000.0,8649000.0,122393000.0,6830000.0,0.0,0.0,0.0,4127000.0,10957000.0,0.041,10957000.0,4127000.0,4127000.0,-0.15,-0.15,-0.15,304202000.0,,304202000.0,8302705988.0,33.0,29.015,51452000.0,0.501,1.0,226801000.0,0.859,0.0,0.0,132466000.0,,0.0,182743000.0,120920000.0,61823000.0,486452000.0,411394000.0,75058000.0,8550313988.0,-6546000.0,0.0,38326000.0,-275683000.0,0.0,-237357000.0,173583000.0,178729000.0,56296000.0,932000.0,-15942000.0,-15942000.0,-15942000.0,0.0,0.0,-0.06,203286000.0,23515000.0,44869000.0,0.0,28.107,81.391,85.41,47239000.0,0.0,83.275,8.244,8.244,190219000.0,-1190059000.0,264071000.0,264071000.0,20682000.0,,,,,0.0,105125000.0,1.0,102675641.0,102675641.0,,2.572,790654000.0,0.0,20069000.0,60195000.0,7.701,222520000.0
94,PTC,MRQ,1997-12-31,1998-01-03,1998-01-03,2021-08-03,0.0,907456000.0,,776505000.0,130951000.0,,7.075,-5652000.0,247608000.0,247608000.0,41406000.0,42133000.0,4.26,0.252,0.0,0.0,0.0,0.0,88051000.0,6864000.0,0.0,0.0,0.0,74250000.0,81114000.0,0.313,81114000.0,74250000.0,74250000.0,0.4,0.375,0.4,724722000.0,,724722000.0,5875406803.0,22.0,18.811,30814000.0,0.301,1.0,217462000.0,0.84,0.0,0.0,477572000.0,,0.0,359709000.0,321718000.0,37991000.0,182734000.0,182276000.0,458000.0,6029634803.0,93380000.0,0.0,13377000.0,-11000.0,0.0,13366000.0,33666000.0,39016000.0,36466000.0,-1685000.0,42133000.0,42133000.0,42133000.0,0.0,0.0,0.163,137334000.0,80128000.0,36882000.0,0.0,8.32,52.76,56.107,46969000.0,0.0,58.913,5.691,5.696,157896000.0,468554000.0,258868000.0,258868000.0,25279000.0,,,,,0.0,111660000.0,1.0,102348989.0,102437600.0,105514400.0,2.527,907456000.0,0.0,32117000.0,33627000.0,8.859,594229000.0
95,PTC,MRQ,1997-09-30,1997-09-30,1997-09-30,2021-08-03,0.0,958332000.0,,761928000.0,196404000.0,,1.962,-8273000.0,168609000.0,168609000.0,37083000.0,40275000.0,1.691,3.773,253003000.0,39477000.0,213526000.0,253003000.0,114149000.0,8464000.0,0.0,0.0,0.0,106968000.0,115432000.0,0.451,115432000.0,106968000.0,72899000.0,0.375,0.375,0.375,200792000.0,,200792000.0,,,,32893000.0,0.321,1.0,218947000.0,0.855,0.0,34069000.0,592097000.0,,0.0,400096000.0,354516000.0,45580000.0,757540000.0,450629000.0,306911000.0,5645826095.0,-80981000.0,-3400000.0,-25977000.0,16934000.0,0.0,-9043000.0,-110351000.0,-98678000.0,41166000.0,-2753000.0,40275000.0,40275000.0,40275000.0,0.0,0.0,0.157,139708000.0,79239000.0,38305000.0,0.0,28.118,64.406,66.864,56797000.0,0.0,55.163,5.316,5.316,196021000.0,-1229149000.0,256030000.0,256030000.0,24221000.0,,,,,0.0,112771000.0,1.0,102348989.0,102348989.0,,2.502,958332000.0,0.0,32624000.0,107050000.0,9.363,311299000.0
96,PTC,MRQ,1997-06-30,1997-06-28,1997-06-28,2021-08-03,,,,,,,,-8387000.0,,,46358000.0,38586000.0,,,,,,,,9860000.0,,0.0,0.0,68791000.0,78651000.0,0.305,78651000.0,68791000.0,68791000.0,0.35,0.35,0.35,,,,,,,28027000.0,,1.0,211833000.0,0.82,,0.0,,,,,,,,,,,20450000.0,28500000.0,-26117000.0,842000.0,0.0,-25275000.0,8389000.0,-11724000.0,36414000.0,922000.0,38586000.0,38586000.0,38586000.0,0.0,0.0,0.149,136944000.0,74889000.0,,0.0,,,,,0.0,54.85,,,,,258191000.0,258191000.0,23645000.0,,,,,0.0,111823000.0,1.0,,,,,,,30205000.0,,,
97,PTC,MRQ,1997-03-31,1997-03-29,1997-03-29,2021-08-03,,,,,,,,-12413000.0,,,70913000.0,-6710000.0,,,,,,,,15289000.0,,0.0,0.0,21859000.0,37148000.0,0.13,37148000.0,21859000.0,21859000.0,-0.075,-0.075,-0.075,,,,,,,47543000.0,,1.0,215574000.0,0.752,,0.0,,,,,,,,,,,15747000.0,0.0,-38835000.0,6628000.0,0.0,-32207000.0,-7562000.0,4851000.0,59956000.0,-4440000.0,-6710000.0,-6710000.0,-6710000.0,0.0,0.0,-0.023,187667000.0,27907000.0,,0.0,,,,,0.0,58.6,,,,,286487000.0,286487000.0,22886000.0,,,,,0.0,114782000.0,1.0,,,,,,,28569000.0,,,
98,PTC,MRQ,1996-12-31,1996-12-28,1996-12-28,2021-08-03,,,,,,,,-8071000.0,,,17548000.0,49451000.0,,,,,,,,4805000.0,,0.0,0.0,76078000.0,80883000.0,0.441,80883000.0,76078000.0,76078000.0,0.487,0.463,0.487,,,,,,,50165000.0,0.492,1.0,165953000.0,0.904,,0.0,,,,,,,,,,,-26786000.0,0.0,-27601000.0,-22000.0,0.0,-27623000.0,-56031000.0,-47960000.0,58236000.0,-1368000.0,49451000.0,49451000.0,49451000.0,0.0,0.0,0.269,92500000.0,73453000.0,,0.0,,,,,0.0,65.625,,,,,183501000.0,183501000.0,12134000.0,,,,,0.0,80366000.0,1.0,,101999200.0,108351200.0,1.799,,,26627000.0,,,
99,PTC,MRQ,1996-09-30,1996-09-30,1996-09-30,2021-08-03,0.0,659217000.0,,562050000.0,97167000.0,,,,201614000.0,201614000.0,,,3.85,0.286,0.0,0.0,0.0,0.0,56420000.0,,0.0,0.0,0.0,,,,,,,,,,512432000.0,,512432000.0,,,,,,1.0,,,0.0,,311611000.0,,0.0,254498000.0,232602000.0,21896000.0,146785000.0,145992000.0,793000.0,,,,,,,,,,,,,,,,,,,,39416000.0,,,,41.15,36517000.0,,61.725,,,117273000.0,306638000.0,,,,,,,,,,1.0,,,,,659217000.0,0.0,,17970000.0,,416058000.0
0,PTC,MRT,2021-06-30,2021-06-30,2021-06-30,2021-08-03,-92830000.0,4206219000.0,3804766500.0,918496000.0,3287723000.0,0.451,14.752,-16446000.0,365756000.0,365756000.0,355970000.0,237386000.0,1.231,1.438,1682060000.0,25124000.0,1656936000.0,1682060000.0,473613000.0,120061000.0,0.0,0.0,0.0,327287000.0,447348000.0,0.26,447348000.0,327287000.0,277614000.0,2.04,2.0,2.04,1724958000.0,1577167000.0,1724958000.0,17895601896.0,55.0,40.004,341016000.0,2.916,1.0,1361514000.0,0.793,2591995000.0,49673000.0,2184329000.0,1959515000.0,0.0,0.0,0.0,0.0,2481261000.0,746199000.0,1735062000.0,16506909896.0,-11659000.0,-732737000.0,19886000.0,351697000.0,0.0,328860000.0,-703779000.0,49245000.0,357462000.0,5798000.0,237386000.0,237386000.0,237386000.0,0.0,0.0,0.138,1028892000.0,332622000.0,23446000.0,0.0,9.569,69.536,69.245,241090000.0,0.0,141.26,9.611,9.618,432980000.0,121713000.0,1717484000.0,1717484000.0,291398000.0,0.062,0.151,0.167,0.191,175440000.0,707478000.0,1.0,116854806.0,116934000.0,118611000.0,14.688,1614224000.0,178087000.0,40228000.0,21867000.0,13.805,172297000.0
1,PTC,MRT,2021-03-31,2021-03-31,2021-03-31,2021-08-03,-97937000.0,4181221000.0,3597254000.0,901763000.0,3279458000.0,0.454,14.134,-18195000.0,326081000.0,326081000.0,340117000.0,220861000.0,1.176,1.533,1714773000.0,28137000.0,1686636000.0,1714773000.0,492421000.0,119293000.0,0.0,0.0,0.0,319816000.0,439109000.0,0.269,439109000.0,319816000.0,263661000.0,1.9,1.87,1.9,1650533000.0,1477819250.0,1650533000.0,16874560038.0,53.0,38.429,355738000.0,3.046,1.0,1293420000.0,0.792,2603942000.0,56155000.0,2199151000.0,1868646250.0,0.0,0.0,0.0,0.0,2530688000.0,766820000.0,1763868000.0,16078954038.0,-501082000.0,-732156000.0,19886000.0,-144245000.0,0.0,-161770000.0,-719553000.0,49130000.0,373933000.0,6308000.0,220861000.0,220861000.0,220861000.0,0.0,0.0,0.135,970979000.0,322441000.0,22230000.0,0.0,9.742,72.801,72.447,245944000.0,0.0,137.65,9.843,9.84,434533000.0,70510000.0,1633537000.0,1633537000.0,274693000.0,0.061,0.149,0.171,0.196,157557000.0,666285000.0,1.0,116810418.0,116777000.0,118331000.0,13.989,1577279000.0,182176000.0,42800000.0,27977000.0,13.507,134943000.0
2,PTC,MRT,2020-12-31,2020-12-31,2020-12-31,2021-08-03,-90865000.0,3448888000.0,3518566500.0,936204000.0,2512684000.0,0.435,12.843,-18346000.0,398697000.0,398697000.0,333696000.0,118755000.0,1.314,1.307,1194303000.0,30128000.0,1164175000.0,1194303000.0,434055000.0,119385000.0,0.0,0.0,0.0,268930000.0,388315000.0,0.254,388315000.0,268930000.0,193082000.0,1.02,1.01,1.02,1494929000.0,1383706250.0,1494929000.0,14898912680.0,55.0,38.368,321712000.0,2.764,1.0,1197659000.0,0.782,1861177000.0,75848000.0,1671079000.0,1780891250.0,0.0,0.0,0.0,0.0,1953959000.0,712238000.0,1241721000.0,13954033680.0,161280000.0,-15729000.0,18382000.0,-159506000.0,0.0,-176515000.0,-5850000.0,41554000.0,340058000.0,3587000.0,118755000.0,118755000.0,118755000.0,0.0,0.0,0.078,926883000.0,270776000.0,30015000.0,0.0,9.334,117.503,117.265,243530000.0,0.0,119.61,9.112,9.092,415835000.0,-38752000.0,1531355000.0,1531355000.0,262102000.0,0.034,0.086,0.151,0.176,133301000.0,617369000.0,1.0,116662768.0,116401000.0,117605000.0,13.156,1587711000.0,186536000.0,74327000.0,21660000.0,13.64,223966000.0
3,PTC,MRT,2020-09-30,2020-09-30,2020-09-30,2021-08-03,-103374000.0,3382738000.0,3476301250.0,833447000.0,2549291000.0,0.42,12.435,-20196000.0,275458000.0,275458000.0,334271000.0,130695000.0,1.224,1.352,1220337000.0,34635000.0,1185702000.0,1220337000.0,426465000.0,119504000.0,0.0,0.0,0.0,211134000.0,330638000.0,0.227,330638000.0,211134000.0,134706000.0,1.13,1.12,1.13,1438248000.0,1321928250.0,1438248000.0,10568631644.0,50.0,31.964,213612000.0,1.847,1.0,1124144000.0,0.771,1863356000.0,76428000.0,1783501000.0,1835333250.0,0.0,59099000.0,28129000.0,30970000.0,1944490000.0,680760000.0,1263730000.0,9605278644.0,5271000.0,-483478000.0,18382000.0,312768000.0,0.0,297410000.0,-525972000.0,-11248000.0,233808000.0,25000.0,130695000.0,130695000.0,130695000.0,0.0,0.0,0.09,913281000.0,210863000.0,24910000.0,0.0,6.678,73.494,73.204,251432000.0,0.0,82.72,6.586,6.56,415221000.0,-62267000.0,1458415000.0,1458415000.0,256575000.0,0.038,0.099,0.115,0.145,115149000.0,595277000.0,1.0,116117972.0,115663000.0,116267000.0,12.609,1519382000.0,190963000.0,4011000.0,19442000.0,13.136,152687000.0
4,PTC,MRT,2020-06-30,2020-06-27,2020-06-27,2021-08-03,-110211000.0,3376169000.0,3296763750.0,847238000.0,2528931000.0,0.425,11.468,-20244000.0,377428000.0,377428000.0,335073000.0,87115000.0,1.272,1.543,1340781000.0,36748000.0,1304033000.0,1340781000.0,404682000.0,109334000.0,0.0,0.0,0.0,188056000.0,297390000.0,0.212,297390000.0,188056000.0,113108000.0,0.76,0.76,0.76,1327567000.0,1262865750.0,1327567000.0,9766579903.0,52.0,32.841,234806000.0,2.028,1.0,1067366000.0,0.761,1852377000.0,74948000.0,1820854000.0,1643923000.0,0.0,57788000.0,25830000.0,31958000.0,2048602000.0,666291000.0,1382311000.0,8738475903.0,108948000.0,-468520000.0,-7202000.0,402792000.0,0.0,362183000.0,-499450000.0,2093000.0,255050000.0,-8835000.0,87115000.0,87115000.0,87115000.0,0.0,0.0,0.062,876964000.0,190402000.0,29954000.0,0.0,6.582,100.31,99.382,252661000.0,0.0,75.53,6.231,6.234,319244000.0,-115673000.0,1402439000.0,1402439000.0,250805000.0,0.026,0.069,0.114,0.134,88397000.0,560749000.0,1.0,115695431.0,115759000.0,116229000.0,12.115,1523792000.0,196701000.0,25993000.0,33804000.0,13.163,180947000.0
5,PTC,MRT,2020-03-31,2020-03-28,2020-03-28,2021-08-03,-113495000.0,3866471000.0,3114871750.0,1341426000.0,2525045000.0,0.432,11.021,-23386000.0,826776000.0,826776000.0,338554000.0,37679000.0,1.125,2.035,1854880000.0,535887000.0,1318993000.0,1854880000.0,417202000.0,97602000.0,0.0,0.0,0.0,134211000.0,231813000.0,0.172,231813000.0,134211000.0,68107000.0,0.33,0.33,0.33,1274081000.0,1234872750.0,1274081000.0,7927919970.0,59.0,34.2,194744000.0,1.685,1.0,1007650000.0,0.749,1854272000.0,66104000.0,1848131000.0,1451251750.0,0.0,56941000.0,34254000.0,22687000.0,2592390000.0,1192172000.0,1400218000.0,6815328970.0,532246000.0,-485804000.0,-32203000.0,888734000.0,0.0,823085000.0,-498427000.0,8563000.0,218130000.0,-10542000.0,37679000.0,37679000.0,37679000.0,0.0,0.0,0.028,871344000.0,136306000.0,33728000.0,0.0,5.349,180.879,178.818,261163000.0,0.0,59.01,5.063,5.068,352673000.0,-150351000.0,1346204000.0,1346204000.0,249966000.0,0.012,0.031,0.092,0.1,78446000.0,557421000.0,1.0,115494475.0,115606000.0,116017000.0,11.645,2012199000.0,202683000.0,30428000.0,35504000.0,17.406,149254000.0
6,PTC,MRT,2019-12-31,2019-12-28,2019-12-28,2021-08-03,-103861000.0,3279827000.0,2827208750.0,739169000.0,2540658000.0,0.452,10.833,-38786000.0,237017000.0,237017000.0,335431000.0,-12990000.0,1.17,1.628,1349608000.0,33909000.0,1315699000.0,1349608000.0,368089000.0,86116000.0,0.0,0.0,0.0,63778000.0,149894000.0,0.117,149894000.0,63778000.0,18909000.0,-0.1,-0.1,-0.1,1247817000.0,1228279500.0,1247817000.0,9151594458.0,143.0,61.054,232657000.0,2.02,1.0,941621000.0,0.737,1872059000.0,44869000.0,1888847000.0,1274200000.0,0.0,57480000.0,29260000.0,28220000.0,2032010000.0,631512000.0,1400498000.0,8752039458.0,-40214000.0,-484930000.0,-97379000.0,343995000.0,0.0,213189000.0,-522231000.0,1485000.0,271443000.0,-2615000.0,-12990000.0,-12990000.0,-12990000.0,0.0,0.0,-0.01,878198000.0,63423000.0,42452000.0,0.0,7.014,-673.752,-757.8,270655000.0,0.0,75.78,6.853,6.835,344412000.0,-157507000.0,1277052000.0,1277052000.0,251414000.0,-0.005,-0.011,0.05,0.05,84929000.0,555447000.0,1.0,115492735.0,115190000.0,115691000.0,11.086,1407768000.0,207865000.0,31899000.0,43040000.0,12.221,107657000.0
7,PTC,MRT,2019-09-30,2019-09-30,2019-09-30,2021-08-03,-110710000.0,2664588000.0,2695494250.0,782621000.0,1881967000.0,0.466,10.21,-64411000.0,269579000.0,269579000.0,325378000.0,-27460000.0,1.226,1.217,669134000.0,0.0,669134000.0,669134000.0,396632000.0,77824000.0,0.0,0.0,0.0,63347000.0,141171000.0,0.112,141171000.0,63347000.0,20300000.0,-0.23,-0.23,-0.23,1201998000.0,1246617500.0,1201998000.0,8283990810.0,131.0,58.681,220734000.0,1.875,1.0,930253000.0,0.741,1408128000.0,43047000.0,1017860000.0,1121365500.0,0.0,57435000.0,27891000.0,29544000.0,1462590000.0,638155000.0,824435000.0,7852936810.0,9596000.0,-86737000.0,-102019000.0,25000000.0,0.0,-122960000.0,-150024000.0,1124000.0,285145000.0,-2565000.0,-27460000.0,-27460000.0,-27460000.0,0.0,0.0,-0.022,867211000.0,63042000.0,42442000.0,0.0,6.533,-285.977,-296.435,105531000.0,0.0,68.18,6.254,6.392,372743000.0,-191390000.0,1255631000.0,1255631000.0,246888000.0,-0.01,-0.022,0.056,0.05,86400000.0,545368000.0,1.0,115179478.0,117724000.0,117724000.0,10.666,1256460000.0,198634000.0,47760000.0,59090000.0,10.673,144466000.0
8,PTC,MRT,2019-06-30,2019-06-29,2019-06-29,2021-08-03,-93012000.0,2648601000.0,2611602750.0,752663000.0,1895938000.0,0.472,10.467,-73954000.0,267862000.0,267862000.0,318087000.0,-24095000.0,1.252,1.179,698916000.0,0.0,698916000.0,698916000.0,382579000.0,80739000.0,0.0,0.0,0.0,30263000.0,111002000.0,0.09,111002000.0,30263000.0,-12813000.0,-0.2,-0.21,-0.2,1215595000.0,1164765250.0,1215595000.0,10770556558.0,356.0,97.03,217935000.0,1.877,1.0,915060000.0,0.742,1428264000.0,43076000.0,1050169000.0,1015502000.0,0.0,54626000.0,33073000.0,21553000.0,1433006000.0,601222000.0,831784000.0,10326155558.0,754000.0,-86737000.0,-77655000.0,2149000.0,0.0,-122374000.0,-166703000.0,-3012000.0,291889000.0,-2058000.0,-24095000.0,-24095000.0,-24095000.0,0.0,0.0,-0.02,887028000.0,28032000.0,44065000.0,0.0,8.495,-428.56,-448.8,107752000.0,0.0,89.76,8.374,8.453,321426000.0,-197056000.0,1233147000.0,1233147000.0,245170000.0,-0.009,-0.021,0.03,0.025,102532000.0,568906000.0,1.0,115041840.0,116133000.0,116133000.0,10.618,1220337000.0,189371000.0,11282000.0,45576000.0,10.508,151441000.0
9,PTC,MRT,2019-03-31,2019-03-30,2019-03-30,2021-08-03,-95124000.0,2715819000.0,2513360250.0,790602000.0,1925217000.0,0.498,10.533,-73170000.0,294299000.0,294299000.0,317015000.0,7660000.0,1.321,1.177,738700000.0,0.0,738700000.0,738700000.0,391807000.0,84239000.0,0.0,0.0,0.0,40549000.0,124788000.0,0.1,124788000.0,40549000.0,-2357000.0,0.08,0.06,0.08,1247708000.0,1069462750.0,1247708000.0,11436597230.0,282.0,91.648,200328000.0,1.691,1.0,935423000.0,0.747,1421913000.0,42906000.0,1139924000.0,907935500.0,0.0,56415000.0,25428000.0,30987000.0,1468111000.0,598383000.0,869728000.0,10935103230.0,-5873000.0,-69453000.0,-152654000.0,92149000.0,0.0,-113102000.0,-154859000.0,-9236000.0,273498000.0,-11410000.0,7660000.0,7660000.0,7660000.0,0.0,0.0,0.006,895149000.0,40274000.0,36685000.0,0.0,8.764,1427.559,1152.25,106837000.0,0.0,92.18,8.731,8.719,352217000.0,-182298000.0,1252438000.0,1252438000.0,245801000.0,0.003,0.007,0.045,0.032,103956000.0,572830000.0,1.0,118627720.0,118461000.0,118461000.0,10.573,1293906000.0,195884000.0,-10017000.0,42905000.0,10.923,192219000.0
10,PTC,MRT,2018-12-31,2018-12-29,2018-12-29,2021-08-03,-95108000.0,2752969000.0,2416609000.0,799985000.0,1952984000.0,0.525,11.166,-57496000.0,276990000.0,276990000.0,320819000.0,59095000.0,1.479,1.084,778484000.0,0.0,778484000.0,778484000.0,335308000.0,86415000.0,0.0,0.0,0.0,84511000.0,170926000.0,0.135,170926000.0,84511000.0,42609000.0,0.52,0.5,0.52,1321169000.0,989466750.0,1321169000.0,10155041262.0,120.0,59.412,185955000.0,1.572,1.0,949051000.0,0.747,1435985000.0,41902000.0,1277509000.0,763183500.0,0.0,55652000.0,25598000.0,30054000.0,1431800000.0,540969000.0,890831000.0,9771719262.0,-15140000.0,-72556000.0,-88986000.0,32149000.0,0.0,-109185000.0,-141039000.0,-7987000.0,243451000.0,-8367000.0,59095000.0,59095000.0,59095000.0,0.0,0.0,0.047,863709000.0,85342000.0,57249000.0,0.0,7.396,165.356,158.346,107359000.0,0.0,82.34,7.695,7.672,385670000.0,-138785000.0,1269870000.0,1269870000.0,246596000.0,0.024,0.06,0.111,0.067,94015000.0,565496000.0,1.0,118675240.0,118323000.0,119638000.0,10.732,1316984000.0,201149000.0,-16486000.0,36666000.0,11.13,259016000.0
11,PTC,MRT,2018-09-30,2018-09-30,2018-09-30,2021-08-03,-85585000.0,2329022000.0,2304852250.0,633784000.0,1695238000.0,0.539,7.514,-36041000.0,259946000.0,259946000.0,326502000.0,51987000.0,0.862,1.663,643268000.0,0.0,643268000.0,643268000.0,499442000.0,87408000.0,0.0,0.0,0.0,70329000.0,157737000.0,0.127,157737000.0,70329000.0,28656000.0,0.45,0.44,0.45,874589000.0,881449250.0,874589000.0,12938838223.0,184.0,82.028,211711000.0,1.819,1.0,915322000.0,0.737,1382659000.0,41673000.0,594406000.0,624946500.0,0.0,55951000.0,25836000.0,30115000.0,1454433000.0,735279000.0,719154000.0,12512337223.0,-20116000.0,-3000000.0,-84346000.0,-72851000.0,0.0,-210846000.0,-49212000.0,-7171000.0,247752000.0,-7810000.0,51987000.0,51987000.0,51987000.0,0.0,0.0,0.042,842709000.0,72613000.0,53473000.0,0.0,14.307,240.682,235.978,80613000.0,0.0,106.19,10.076,9.953,129297000.0,-599409000.0,1241824000.0,1241824000.0,249786000.0,0.023,0.059,0.113,0.057,82939000.0,557809000.0,1.0,117829713.0,116390000.0,118158000.0,10.67,946363000.0,165566000.0,-23331000.0,23633000.0,8.131,-101495000.0
12,PTC,MRT,2018-06-30,2018-06-30,2018-06-30,2021-08-03,-78569000.0,2255631000.0,2312692750.0,588212000.0,1667419000.0,0.534,7.207,-27777000.0,266552000.0,266552000.0,330665000.0,56231000.0,0.884,1.703,693053000.0,0.0,693053000.0,693053000.0,483951000.0,87858000.0,0.0,0.0,0.0,74675000.0,162533000.0,0.132,162533000.0,74675000.0,33442000.0,0.49,0.48,0.49,834385000.0,884161000.0,834385000.0,11167431604.0,150.0,68.709,190755000.0,1.648,1.0,905018000.0,0.732,1397119000.0,41233000.0,619903000.0,644644500.0,0.0,54172000.0,22356000.0,31816000.0,1421246000.0,665110000.0,756136000.0,10824370604.0,6296000.0,-3000000.0,-101725000.0,-20000000.0,0.0,-174682000.0,-36408000.0,-5631000.0,218532000.0,-1146000.0,56231000.0,56231000.0,56231000.0,0.0,0.0,0.046,825509000.0,79509000.0,37773000.0,0.0,12.973,192.498,191.449,64456000.0,0.0,93.81,8.76,8.789,130079000.0,-612600000.0,1235683000.0,1235683000.0,247944000.0,0.024,0.064,0.116,0.06,72584000.0,544389000.0,1.0,115386106.0,115774000.0,117500000.0,10.673,858512000.0,138958000.0,-22789000.0,12545000.0,7.415,-76898000.0
13,PTC,MRT,2018-03-31,2018-03-31,2018-03-31,2021-08-03,-62430000.0,2328814000.0,2321725250.0,649160000.0,1679654000.0,0.522,7.981,-24794000.0,299776000.0,299776000.0,331300000.0,38283000.0,0.942,1.51,642837000.0,0.0,642837000.0,642837000.0,497777000.0,86786000.0,0.0,0.0,0.0,64957000.0,151743000.0,0.125,151743000.0,64957000.0,24170000.0,0.33,0.33,0.33,927724000.0,884409750.0,927724000.0,9522291384.0,147.0,62.753,218457000.0,1.879,1.0,880899000.0,0.727,1421633000.0,40787000.0,560916000.0,651384750.0,0.0,55264000.0,22797000.0,32467000.0,1401090000.0,689326000.0,711764000.0,9071348384.0,56752000.0,-7960000.0,-36719000.0,-70000000.0,0.0,-159668000.0,-40529000.0,-7775000.0,243251000.0,13698000.0,38283000.0,38283000.0,38283000.0,0.0,0.0,0.032,811681000.0,69218000.0,29918000.0,0.0,9.778,236.955,236.394,59210000.0,0.0,78.01,7.483,7.481,127151000.0,-629597000.0,1212199000.0,1212199000.0,246573000.0,0.016,0.043,0.1,0.054,72500000.0,531885000.0,1.0,116284430.0,116241000.0,117905000.0,10.428,907181000.0,129862000.0,-14113000.0,21656000.0,7.804,-40166000.0
14,PTC,MRT,2017-12-31,2017-12-30,2017-12-30,2021-08-03,-69089000.0,2305942000.0,2322958750.0,619459000.0,1686483000.0,0.51,7.682,-27221000.0,291679000.0,291679000.0,329422000.0,29257000.0,1.025,1.594,742622000.0,0.0,742622000.0,742622000.0,431494000.0,86334000.0,0.0,0.0,0.0,53701000.0,140035000.0,0.118,140035000.0,53701000.0,11568000.0,0.25,0.25,0.25,889099000.0,864314750.0,889099000.0,7489336083.0,139.0,53.482,181373000.0,1.567,1.0,854934000.0,0.722,1427988000.0,42133000.0,724561000.0,680377250.0,0.0,50567000.0,20146000.0,30421000.0,1416843000.0,604336000.0,812507000.0,7056933083.0,118669000.0,-4960000.0,-40213000.0,10000000.0,0.0,-83435000.0,-19914000.0,12267000.0,208594000.0,13424000.0,29257000.0,29257000.0,29257000.0,0.0,0.0,0.025,800413000.0,54521000.0,32651000.0,0.0,7.937,241.205,243.08,61219000.0,0.0,60.77,5.958,5.938,131059000.0,-637519000.0,1184356000.0,1184356000.0,242086000.0,0.013,0.034,0.079,0.045,77051000.0,524703000.0,1.0,116125277.0,115731000.0,117656000.0,10.234,877954000.0,129886000.0,-17689000.0,21296000.0,7.586,15123000.0
15,PTC,MRT,2017-09-30,2017-09-30,2017-09-30,2021-08-03,-73907000.0,2360384000.0,2295708500.0,666556000.0,1693828000.0,0.507,7.665,-25444000.0,280003000.0,280003000.0,328502000.0,6239000.0,0.982,1.666,712406000.0,0.0,712406000.0,712406000.0,458907000.0,86742000.0,0.0,0.0,0.0,40994000.0,127736000.0,0.11,127736000.0,40994000.0,-1406000.0,0.05,0.05,0.05,885436000.0,846781250.0,885436000.0,6957888126.0,170.0,54.471,109759000.0,0.95,1.0,835537000.0,0.718,1440680000.0,42400000.0,673198000.0,685583750.0,0.0,50315000.0,18408000.0,31907000.0,1474948000.0,678909000.0,796039000.0,6506392126.0,2037000.0,-4960000.0,-40213000.0,-40000000.0,0.0,-118105000.0,-16127000.0,14277000.0,135203000.0,1066000.0,6239000.0,6239000.0,6239000.0,0.0,0.0,0.005,793771000.0,41766000.0,35160000.0,0.0,7.348,1042.858,1125.6,63600000.0,0.0,56.28,5.589,5.585,152299000.0,-650840000.0,1164039000.0,1164039000.0,236028000.0,0.003,0.007,0.06,0.035,76708000.0,517693000.0,1.0,115607536.0,115523000.0,117356000.0,10.076,919704000.0,123166000.0,-7645000.0,23615000.0,7.961,-12353000.0
16,PTC,MRT,2017-06-30,2017-07-01,2017-07-01,2021-08-03,-95319000.0,2291761000.0,2292044750.0,609459000.0,1682302000.0,0.5,7.226,-28890000.0,260695000.0,260695000.0,329069000.0,-39669000.0,0.936,1.743,712191000.0,0.0,712191000.0,712191000.0,465316000.0,86020000.0,0.0,0.0,0.0,-7622000.0,78398000.0,0.068,78398000.0,-7622000.0,-50233000.0,-0.35,-0.35,-0.35,835380000.0,836088750.0,835380000.0,6836213293.0,-897.0,87.199,87238000.0,0.755,1.0,816828000.0,0.713,1445453000.0,42611000.0,646864000.0,688473750.0,0.0,50189000.0,19277000.0,30912000.0,1456381000.0,650940000.0,805441000.0,6367553293.0,-33931000.0,-6571000.0,-31014000.0,-60000000.0,0.0,-128989000.0,-21536000.0,13925000.0,116128000.0,466000.0,-39669000.0,-39669000.0,-39669000.0,0.0,0.0,-0.035,826573000.0,-9745000.0,24569000.0,0.0,7.622,-160.517,-157.486,63443000.0,0.0,55.12,5.557,5.561,128561000.0,-668275000.0,1145897000.0,1145897000.0,233408000.0,-0.017,-0.047,-0.011,-0.007,70408000.0,520989000.0,1.0,115521649.0,115615000.0,115615000.0,9.911,846308000.0,110172000.0,-10564000.0,29103000.0,7.32,-41481000.0
17,PTC,MRT,2017-03-31,2017-04-01,2017-04-01,2021-08-03,-109546000.0,2333748000.0,2303891000.0,671723000.0,1662025000.0,0.496,7.323,-32112000.0,243316000.0,243316000.0,329271000.0,-35645000.0,0.982,1.754,711976000.0,0.0,711976000.0,711976000.0,492472000.0,86333000.0,0.0,0.0,0.0,-11061000.0,75272000.0,0.066,75272000.0,-11061000.0,-51636000.0,-0.31,-0.31,-0.31,847344000.0,842909000.0,847344000.0,6639559194.0,-600.0,88.208,69560000.0,0.601,1.0,813985000.0,0.712,1441577000.0,40575000.0,676886000.0,708185000.0,0.0,48191000.0,23555000.0,24636000.0,1486404000.0,683945000.0,802459000.0,6081164194.0,-125140000.0,-1611000.0,3998000.0,-120000000.0,0.0,-158763000.0,-62390000.0,-28667000.0,101672000.0,-5659000.0,-35645000.0,-35645000.0,-35645000.0,0.0,0.0,-0.031,827390000.0,-13405000.0,18381000.0,0.0,7.177,-170.604,-169.516,63429000.0,0.0,52.55,5.319,5.319,142620000.0,-667324000.0,1143256000.0,1143256000.0,230676000.0,-0.015,-0.042,-0.016,-0.01,67592000.0,522953000.0,1.0,115721488.0,115709000.0,115709000.0,9.88,892171000.0,99087000.0,-15991000.0,24124000.0,7.71,-12222000.0
18,PTC,MRT,2016-12-31,2016-12-31,2016-12-31,2021-08-03,-113857000.0,2196941000.0,2323329500.0,513188000.0,1683753000.0,0.489,7.104,-29104000.0,173367000.0,173367000.0,327632000.0,-39714000.0,0.922,1.683,731762000.0,0.0,731762000.0,731762000.0,375029000.0,87395000.0,0.0,0.0,0.0,-20539000.0,66856000.0,0.059,66856000.0,-20539000.0,-54149000.0,-0.35,-0.35,-0.35,818965000.0,844599000.0,818965000.0,5829192216.0,-284.0,87.19,45027000.0,0.391,1.0,808211000.0,0.712,1453219000.0,33610000.0,745387000.0,726700750.0,0.0,49834000.0,22738000.0,27096000.0,1377976000.0,556730000.0,821246000.0,5349002216.0,-123430000.0,-101022000.0,20000.0,20000000.0,0.0,-22652000.0,-173789000.0,-43663000.0,74131000.0,-1120000.0,-39714000.0,-39714000.0,-39714000.0,0.0,0.0,-0.035,827371000.0,-19160000.0,19063000.0,0.0,6.531,-134.688,-132.2,65885000.0,0.0,46.27,4.709,4.696,132853000.0,-666220000.0,1135843000.0,1135843000.0,229576000.0,-0.017,-0.047,-0.028,-0.018,60851000.0,519469000.0,1.0,115604111.0,115290000.0,115290000.0,9.852,743722000.0,93394000.0,-14435000.0,21762000.0,6.451,-43542000.0
19,PTC,MRT,2016-09-30,2016-09-30,2016-09-30,2021-08-03,-99953000.0,2345729000.0,2328067500.0,642589000.0,1703140000.0,0.49,7.352,-26189000.0,277935000.0,277935000.0,325665000.0,-54465000.0,0.982,1.784,751601000.0,0.0,751601000.0,751601000.0,413657000.0,86554000.0,0.0,0.0,0.0,-37310000.0,49244000.0,0.043,49244000.0,-37310000.0,-67192000.0,-0.48,-0.48,-0.48,842666000.0,848842000.0,842666000.0,5577202772.0,-149.0,113.256,157072000.0,1.37,1.0,814868000.0,0.714,1480118000.0,29882000.0,684758000.0,703837500.0,0.0,49616000.0,18695000.0,30921000.0,1503063000.0,654519000.0,848544000.0,5093703772.0,4518000.0,-165802000.0,21000.0,90000000.0,0.0,51606000.0,-237156000.0,-45165000.0,183261000.0,6807000.0,-54465000.0,-54465000.0,-54465000.0,0.0,0.0,-0.048,851882000.0,-37014000.0,18022000.0,0.0,6.045,-93.523,-92.312,67113000.0,0.0,44.31,4.466,4.453,161357000.0,-657079000.0,1140533000.0,1140533000.0,229331000.0,-0.023,-0.064,-0.053,-0.033,65996000.0,513080000.0,1.0,114956077.0,114612000.0,114612000.0,9.951,865611000.0,89692000.0,-12727000.0,20057000.0,7.553,-11930000.0
20,PTC,MRT,2016-06-30,2016-07-02,2016-07-02,2021-08-03,-94558000.0,2339146000.0,2294113500.0,635286000.0,1703860000.0,0.508,7.515,-26623000.0,294626000.0,294626000.0,319170000.0,-31546000.0,1.052,1.712,778125000.0,0.0,778125000.0,778125000.0,425432000.0,85699000.0,0.0,0.0,0.0,-26600000.0,59099000.0,0.051,59099000.0,-26600000.0,-50027000.0,-0.28,-0.28,-0.28,862661000.0,853218250.0,862661000.0,4813862735.0,-181.0,81.454,130413000.0,1.136,1.0,845694000.0,0.726,1493042000.0,23427000.0,725709000.0,689402750.0,0.0,44606000.0,11380000.0,33226000.0,1476485000.0,603894000.0,872591000.0,4344193735.0,19566000.0,-164191000.0,-14956000.0,153750000.0,0.0,96554000.0,-235419000.0,-44605000.0,157036000.0,1395000.0,-31546000.0,-31546000.0,-31546000.0,0.0,0.0,-0.027,871242000.0,-25548000.0,16250000.0,0.0,5.036,-137.71,-135.357,62909000.0,0.0,37.9,3.729,3.735,151718000.0,-628606000.0,1164864000.0,1164864000.0,223577000.0,-0.014,-0.037,-0.039,-0.023,63679000.0,502530000.0,1.0,114622526.0,114795000.0,115698000.0,10.147,846104000.0,71467000.0,-18481000.0,28126000.0,7.371,31392000.0
21,PTC,MRT,2016-03-31,2016-04-02,2016-04-02,2021-08-03,-91355000.0,2411502000.0,2245977250.0,741390000.0,1670112000.0,0.525,7.455,-25387000.0,368456000.0,368456000.0,316076000.0,-17184000.0,1.198,1.823,838125000.0,0.0,838125000.0,838125000.0,446608000.0,85132000.0,0.0,0.0,0.0,-12453000.0,72679000.0,0.062,72679000.0,-12453000.0,-31384000.0,-0.16,-0.16,-0.16,854104000.0,845133750.0,854104000.0,4200873638.0,-337.0,57.8,159031000.0,1.388,1.0,863249000.0,0.732,1511416000.0,18931000.0,750949000.0,628075500.0,0.0,0.0,0.0,0.0,1557398000.0,618806000.0,938592000.0,3779545638.0,100641000.0,-262782000.0,-64904000.0,307500000.0,0.0,213076000.0,-298169000.0,-10000000.0,184418000.0,1316000.0,-17184000.0,-17184000.0,-17184000.0,0.0,0.0,-0.015,874786000.0,-11537000.0,13426000.0,0.0,4.425,-219.946,-206.25,62867000.0,0.0,33.0,3.205,3.206,146669000.0,-631679000.0,1179325000.0,1179325000.0,220537000.0,-0.008,-0.02,-0.02,-0.011,64226000.0,506725000.0,1.0,114531686.0,114563000.0,114563000.0,10.294,900086000.0,57089000.0,-14200000.0,23635000.0,7.857,122584000.0
22,PTC,MRT,2015-12-31,2016-01-02,2016-01-02,2021-08-03,-100497000.0,2215893000.0,2170259250.0,659588000.0,1556305000.0,0.563,7.323,-26866000.0,296797000.0,296797000.0,321939000.0,-6619000.0,1.138,1.651,718125000.0,0.0,718125000.0,718125000.0,389266000.0,83809000.0,0.0,0.0,0.0,-9656000.0,74153000.0,0.061,74153000.0,-9656000.0,-27428000.0,-0.06,-0.06,-0.06,835937000.0,845162750.0,835937000.0,4360863269.0,-452.0,58.809,200659000.0,1.758,1.0,898878000.0,0.736,1403900000.0,17772000.0,653934000.0,546415250.0,0.0,0.0,0.0,0.0,1379956000.0,579387000.0,800569000.0,3966155269.0,35745000.0,-163371000.0,-64901000.0,112500000.0,0.0,18522000.0,-200237000.0,-10000000.0,227525000.0,-10065000.0,-6619000.0,-6619000.0,-6619000.0,0.0,0.0,-0.005,908185000.0,-9307000.0,12171000.0,0.0,4.745,-599.208,-577.167,60878000.0,0.0,34.63,3.249,3.238,161402000.0,-626506000.0,1220817000.0,1220817000.0,224085000.0,-0.003,-0.008,-0.018,-0.008,62212000.0,501891000.0,1.0,114529462.0,114151000.0,114151000.0,10.695,811993000.0,49631000.0,-20809000.0,17809000.0,7.113,80201000.0
23,PTC,MRT,2015-09-30,2015-09-30,2015-09-30,2021-08-03,-91742000.0,2209913000.0,2150591750.0,704679000.0,1505234000.0,0.584,7.494,-30628000.0,273417000.0,273417000.0,334734000.0,47557000.0,1.142,1.569,668125000.0,50000000.0,618125000.0,668125000.0,386850000.0,84433000.0,0.0,0.0,0.0,41267000.0,125700000.0,0.1,125700000.0,41267000.0,26525000.0,0.41,0.41,0.41,860171000.0,850041750.0,860171000.0,3973031442.0,96.0,31.607,149275000.0,1.301,1.0,920508000.0,0.733,1360342000.0,14742000.0,627019000.0,526132000.0,0.0,0.0,0.0,0.0,1349742000.0,617260000.0,732482000.0,3623716442.0,-20237000.0,-98411000.0,-64899000.0,56250000.0,0.0,-42155000.0,-140039000.0,-11000000.0,179903000.0,-17946000.0,47557000.0,47557000.0,47557000.0,0.0,0.0,0.038,878892000.0,41616000.0,13361000.0,0.0,4.213,76.197,77.415,65162000.0,0.0,31.74,2.887,2.902,197275000.0,-602614000.0,1255242000.0,1255242000.0,227513000.0,0.022,0.056,0.078,0.033,50158000.0,505509000.0,1.0,114168760.0,114775000.0,116012000.0,10.937,849571000.0,75739000.0,-21032000.0,47993000.0,7.402,87419000.0
24,PTC,MRT,2015-06-30,2015-07-04,2015-07-04,2021-08-03,-130067000.0,2146601000.0,2148102000.0,635205000.0,1511396000.0,0.61,7.235,-29191000.0,275060000.0,275060000.0,354226000.0,91866000.0,0.995,1.585,624375000.0,43750000.0,580625000.0,624375000.0,389139000.0,83463000.0,0.0,0.0,0.0,103749000.0,187212000.0,0.143,187212000.0,103749000.0,85101000.0,0.8,0.79,0.8,830323000.0,848471250.0,830323000.0,4997385067.0,48.0,26.694,214437000.0,1.869,1.0,955156000.0,0.729,1377323000.0,18648000.0,480400000.0,504904250.0,0.0,0.0,0.0,0.0,1316278000.0,638193000.0,678085000.0,4734575067.0,-29113000.0,-310417000.0,-174848000.0,309375000.0,0.0,102273000.0,-350608000.0,-11000000.0,243628000.0,-24406000.0,91866000.0,91866000.0,91866000.0,0.0,0.0,0.07,855822000.0,99334000.0,14561000.0,0.0,5.702,51.538,51.469,65020000.0,0.0,41.175,3.616,3.609,183144000.0,-597060000.0,1309382000.0,1309382000.0,235720000.0,0.043,0.108,0.205,0.079,50381000.0,514606000.0,1.0,114986644.0,114764000.0,116025000.0,11.409,769278000.0,56207000.0,-6765000.0,37551000.0,6.703,-2988000.0
25,PTC,MRT,2015-03-31,2015-04-04,2015-04-04,2021-08-03,-132081000.0,2108630000.0,2101003250.0,706252000.0,1402378000.0,0.639,7.432,-29040000.0,267815000.0,267815000.0,365926000.0,112457000.0,1.069,1.468,530625000.0,37500000.0,493125000.0,530625000.0,420827000.0,81239000.0,0.0,0.0,0.0,134248000.0,215487000.0,0.16,215487000.0,134248000.0,119268000.0,0.97,0.96,0.97,854220000.0,884007750.0,854220000.0,4540556930.0,34.0,21.071,234172000.0,2.037,1.0,976977000.0,0.728,1286396000.0,14980000.0,424308000.0,455278750.0,0.0,0.0,0.0,0.0,1254410000.0,660736000.0,593674000.0,4195983930.0,-2655000.0,-211826000.0,-184783000.0,212500000.0,0.0,-678000.0,-241866000.0,-1000000.0,263212000.0,-23323000.0,112457000.0,112457000.0,112457000.0,0.0,0.0,0.084,844866000.0,132111000.0,13879000.0,0.0,4.912,37.312,37.639,65191000.0,0.0,36.51,3.125,3.125,201379000.0,-614495000.0,1342903000.0,1342903000.0,239047000.0,0.054,0.127,0.295,0.1,47124000.0,505309000.0,1.0,114926977.0,114944000.0,115922000.0,11.683,822234000.0,53971000.0,6811000.0,45379000.0,7.153,45516000.0
26,PTC,MRT,2014-12-31,2015-01-03,2015-01-03,2021-08-03,-112826000.0,2137223000.0,2063627250.0,696065000.0,1441158000.0,0.658,7.417,-27448000.0,261052000.0,261052000.0,373669000.0,150821000.0,1.182,1.498,605625000.0,31250000.0,574375000.0,605625000.0,397620000.0,79444000.0,0.0,0.0,0.0,178781000.0,258225000.0,0.19,258225000.0,178781000.0,167402000.0,1.29,1.27,1.29,855453000.0,916058000.0,855453000.0,4534646338.0,25.0,17.561,254494000.0,2.206,1.0,983815000.0,0.725,1320013000.0,11379000.0,572801000.0,432137000.0,0.0,0.0,0.0,0.0,1281770000.0,588982000.0,692788000.0,4216425338.0,-110325000.0,-323345000.0,-224386000.0,237500000.0,0.0,-20190000.0,-351793000.0,-1000000.0,281942000.0,-20284000.0,150821000.0,150821000.0,150821000.0,0.0,0.0,0.111,804479000.0,179336000.0,13862000.0,0.0,4.929,27.956,28.178,65766000.0,0.0,36.35,3.106,3.089,201391000.0,-619887000.0,1357484000.0,1357484000.0,234520000.0,0.073,0.165,0.414,0.132,45578000.0,509124000.0,1.0,115995195.0,115341000.0,117027000.0,11.769,817210000.0,44400000.0,16581000.0,45090000.0,7.085,107083000.0
27,PTC,MRT,2014-09-30,2014-09-30,2014-09-30,2021-08-03,-94367000.0,2199954000.0,2005507000.0,732167000.0,1467787000.0,0.677,7.231,-25275000.0,293654000.0,293654000.0,373683000.0,160194000.0,1.168,1.576,611875000.0,25000000.0,586875000.0,611875000.0,382544000.0,77307000.0,0.0,0.0,0.0,194267000.0,271574000.0,0.2,271574000.0,194267000.0,186112000.0,1.36,1.34,1.36,853889000.0,944356750.0,853889000.0,4339524377.0,22.0,15.979,279277000.0,2.365,1.0,983284000.0,0.725,1349400000.0,8155000.0,542108000.0,392969500.0,0.0,0.0,0.0,0.0,1346065000.0,626667000.0,719398000.0,4328697377.0,51741000.0,-323525000.0,-224038000.0,353750000.0,0.0,105353000.0,-348800000.0,0.0,304552000.0,-9364000.0,160194000.0,160194000.0,160194000.0,0.0,0.0,0.118,786708000.0,196576000.0,19802000.0,0.0,5.069,27.022,27.132,67783000.0,0.0,36.9,3.19,3.211,235688000.0,-650171000.0,1356967000.0,1356967000.0,226496000.0,0.08,0.17,0.494,0.143,40461000.0,499679000.0,1.0,117308872.0,118094000.0,119984000.0,11.491,850554000.0,40257000.0,25918000.0,46784000.0,7.202,105500000.0
28,PTC,MRT,2014-06-30,2014-06-28,2014-06-28,2021-08-03,-48185000.0,1958206000.0,1912745000.0,711229000.0,1246977000.0,0.698,8.218,-26921000.0,304173000.0,304173000.0,369358000.0,177905000.0,1.297,1.014,315000000.0,15625000.0,299375000.0,315000000.0,371890000.0,76418000.0,0.0,0.0,0.0,209128000.0,285546000.0,0.214,285546000.0,209128000.0,202152000.0,1.49,1.48,1.49,972469000.0,962504500.0,972469000.0,4604982073.0,22.0,16.127,270127000.0,2.283,1.0,965746000.0,0.723,1138784000.0,6976000.0,281898000.0,326014750.0,0.0,0.0,0.0,0.0,985737000.0,548351000.0,437386000.0,4557327073.0,47142000.0,-136545000.0,-117601000.0,46875000.0,0.0,-91878000.0,-162745000.0,0.0,297048000.0,4717000.0,177905000.0,177905000.0,177905000.0,0.0,0.0,0.133,756272000.0,209474000.0,64318000.0,0.0,4.686,25.617,25.785,63582000.0,0.0,38.42,3.413,3.405,228623000.0,-688926000.0,1335104000.0,1335104000.0,221236000.0,0.093,0.185,0.641,0.157,42030000.0,485144000.0,1.0,118618612.0,118328000.0,119901000.0,11.283,819422000.0,46055000.0,24247000.0,57931000.0,6.925,162878000.0
29,PTC,MRT,2014-03-31,2014-03-29,2014-03-29,2021-08-03,-51168000.0,1959126000.0,1862387750.0,703444000.0,1255682000.0,0.705,8.257,-27244000.0,270470000.0,270470000.0,369450000.0,174334000.0,1.338,0.994,318125000.0,12500000.0,305625000.0,318125000.0,365582000.0,75960000.0,0.0,0.0,0.0,203418000.0,279378000.0,0.213,279378000.0,203418000.0,196442000.0,1.46,1.45,1.46,982421000.0,932063500.0,982421000.0,4152579182.0,20.0,14.864,247971000.0,2.084,1.0,944016000.0,0.719,1149225000.0,6976000.0,331741000.0,320605750.0,0.0,0.0,0.0,0.0,976705000.0,525815000.0,450890000.0,4155831182.0,29661000.0,-134939000.0,-77163000.0,10000000.0,0.0,-86738000.0,-161462000.0,0.0,275215000.0,2646000.0,174334000.0,174334000.0,174334000.0,0.0,0.0,0.133,745711000.0,198305000.0,61823000.0,0.0,4.23,23.838,23.863,60632000.0,0.0,34.84,3.164,3.156,221288000.0,-726952000.0,1313466000.0,1313466000.0,217665000.0,0.094,0.187,0.634,0.155,42127000.0,476997000.0,1.0,119283329.0,118978000.0,120698000.0,11.04,809901000.0,48628000.0,22108000.0,57678000.0,6.807,177629000.0
30,PTC,MRT,2013-12-31,2013-12-28,2013-12-28,2021-08-03,-49203000.0,1904742000.0,1818811000.0,769100000.0,1135642000.0,0.714,8.144,-27709000.0,371377000.0,371377000.0,368923000.0,147615000.0,1.687,0.966,368125000.0,15000000.0,353125000.0,368125000.0,301488000.0,76174000.0,0.0,0.0,0.0,174274000.0,250448000.0,0.193,250448000.0,174274000.0,167298000.0,1.23,1.23,1.23,968648000.0,893408000.0,968648000.0,4092171919.0,23.0,16.339,219580000.0,1.846,1.0,929792000.0,0.716,1029422000.0,6976000.0,416131000.0,319187250.0,0.0,0.0,0.0,0.0,936094000.0,455937000.0,480157000.0,4075959919.0,122985000.0,-23420000.0,-54489000.0,0.0,0.0,-72392000.0,-50408000.0,0.0,247289000.0,-1504000.0,147615000.0,147615000.0,147615000.0,0.0,0.0,0.114,761456000.0,168336000.0,59941000.0,0.0,4.208,27.612,27.732,63152000.0,0.0,34.11,3.138,3.124,212570000.0,-770708000.0,1298715000.0,1298715000.0,217562000.0,0.081,0.165,0.546,0.134,42550000.0,478380000.0,1.0,119494574.0,118933000.0,121100000.0,10.92,875320000.0,44594000.0,19683000.0,51993000.0,7.36,313163000.0
31,PTC,MRT,2013-09-30,2013-09-30,2013-09-30,2021-08-03,-51160000.0,1828906000.0,1793287000.0,680216000.0,1148690000.0,0.721,7.755,-29328000.0,241913000.0,241913000.0,373039000.0,143769000.0,1.287,0.974,258125000.0,15000000.0,243125000.0,258125000.0,336913000.0,76551000.0,0.0,0.0,0.0,133210000.0,209761000.0,0.162,209761000.0,133210000.0,126234000.0,1.2,1.19,1.2,926480000.0,857735500.0,926480000.0,3399833002.0,26.0,16.208,195355000.0,1.635,1.0,920502000.0,0.712,1042216000.0,6976000.0,274289000.0,320419250.0,0.0,0.0,0.0,0.0,902426000.0,528613000.0,373813000.0,3388739002.0,-247630000.0,-245843000.0,-69987000.0,-111875000.0,0.0,-196524000.0,-274450000.0,0.0,224683000.0,-1339000.0,143769000.0,143769000.0,143769000.0,0.0,0.0,0.111,793178000.0,127324000.0,16205000.0,0.0,3.658,23.571,23.717,64652000.0,0.0,28.46,2.62,2.629,229106000.0,-810365000.0,1293541000.0,1293541000.0,221918000.0,0.08,0.168,0.416,0.103,48453000.0,492577000.0,1.0,119070239.0,119473000.0,121240000.0,10.827,786690000.0,47341000.0,-17535000.0,50015000.0,6.585,151603000.0
32,PTC,MRT,2013-06-30,2013-06-29,2013-06-29,2021-08-03,-74836000.0,1756777000.0,1783969000.0,639948000.0,1116829000.0,0.714,7.122,-28035000.0,257031000.0,257031000.0,369349000.0,3318000.0,1.295,1.065,268125000.0,9375000.0,258750000.0,268125000.0,328590000.0,73751000.0,0.0,0.0,0.0,138732000.0,212483000.0,0.167,212483000.0,138732000.0,133986000.0,0.02,0.02,0.02,850705000.0,825430250.0,850705000.0,3001607380.0,22.0,14.126,173918000.0,1.456,1.0,904642000.0,0.71,1013581000.0,4746000.0,260262000.0,350375750.0,0.0,0.0,0.0,0.0,906072000.0,494028000.0,412044000.0,2934291380.0,18984000.0,-219867000.0,-45605000.0,128125000.0,0.0,66563000.0,-247902000.0,0.0,201953000.0,-1630000.0,3318000.0,3318000.0,3318000.0,0.0,0.0,0.003,768719000.0,135923000.0,71574000.0,0.0,3.449,884.355,1226.5,61482000.0,0.0,24.53,2.303,2.3,200883000.0,-866830000.0,1273991000.0,1273991000.0,218922000.0,0.002,0.004,0.396,0.109,45738000.0,490794000.0,1.0,119620521.0,119440000.0,120828000.0,10.666,743196000.0,41786000.0,130668000.0,48001000.0,6.222,145920000.0
33,PTC,MRT,2013-03-31,2013-03-30,2013-03-30,2021-08-03,-73660000.0,1784819000.0,1747640000.0,645238000.0,1139581000.0,0.727,6.926,-27215000.0,240809000.0,240809000.0,371035000.0,-8242000.0,1.293,1.156,308125000.0,7500000.0,300625000.0,308125000.0,350341000.0,72050000.0,0.0,0.0,0.0,123115000.0,195165000.0,0.154,195165000.0,123115000.0,118369000.0,-0.08,-0.08,-0.08,827799000.0,828504750.0,827799000.0,3174891218.0,26.0,16.268,154158000.0,1.29,1.0,898943000.0,0.708,1026999000.0,4746000.0,326067000.0,343154750.0,0.0,0.0,0.0,0.0,957020000.0,499069000.0,457951000.0,3055158218.0,16702000.0,-221473000.0,-44956000.0,148125000.0,0.0,87835000.0,-248688000.0,0.0,181373000.0,-3818000.0,-8242000.0,-8242000.0,-8242000.0,0.0,0.0,-0.006,775152000.0,123791000.0,63935000.0,0.0,3.691,-370.682,-318.625,62731000.0,0.0,25.49,2.406,2.399,213252000.0,-901286000.0,1269978000.0,1269978000.0,218348000.0,-0.005,-0.01,0.359,0.097,47924000.0,498241000.0,1.0,119857129.0,119518000.0,121071000.0,10.626,757820000.0,53163000.0,126611000.0,51096000.0,6.341,146169000.0
34,PTC,MRT,2012-12-31,2012-12-29,2012-12-29,2021-08-03,-67005000.0,1802646000.0,1716089250.0,633498000.0,1169148000.0,0.733,6.887,-31236000.0,248392000.0,248392000.0,370981000.0,-21710000.0,1.397,1.182,368125000.0,5625000.0,362500000.0,368125000.0,303107000.0,68922000.0,0.0,0.0,0.0,107674000.0,176596000.0,0.14,176596000.0,107674000.0,102928000.0,-0.19,-0.19,-0.19,825958000.0,836053250.0,825958000.0,2577123172.0,24.0,14.593,163890000.0,1.367,1.0,886173000.0,0.705,1048000000.0,4746000.0,421059000.0,328200500.0,0.0,0.0,0.0,0.0,976688000.0,453320000.0,523368000.0,2696666172.0,61041000.0,-221763000.0,-36086000.0,168125000.0,0.0,113636000.0,-252999000.0,0.0,195126000.0,5278000.0,-21710000.0,-21710000.0,-21710000.0,0.0,0.0,-0.017,776723000.0,109450000.0,66820000.0,0.0,3.265,-124.213,-118.684,66109000.0,0.0,22.55,2.145,2.151,221687000.0,-918322000.0,1257154000.0,1257154000.0,217396000.0,-0.013,-0.026,0.328,0.086,48614000.0,497280000.0,1.0,119586083.0,119927000.0,121805000.0,10.483,754646000.0,55691000.0,124638000.0,54429000.0,6.293,180178000.0
35,PTC,MRT,2012-09-30,2012-09-30,2012-09-30,2021-08-03,-72501000.0,1791634000.0,1668774000.0,879152000.0,912482000.0,0.752,6.716,-31413000.0,489543000.0,489543000.0,372128000.0,-35398000.0,1.825,1.247,370000000.0,7500000.0,362500000.0,370000000.0,327529000.0,66471000.0,0.0,0.0,0.0,125482000.0,191953000.0,0.153,191953000.0,125482000.0,120736000.0,-0.3,-0.3,-0.3,797259000.0,841496000.0,797259000.0,2493675201.0,20.0,12.991,186562000.0,1.572,1.0,883551000.0,0.704,796232000.0,4746000.0,394115000.0,316828500.0,0.0,0.0,0.0,0.0,994375000.0,481744000.0,512631000.0,2591722201.0,321665000.0,-220000.0,-13743000.0,170000000.0,0.0,134663000.0,-31633000.0,0.0,217975000.0,660000.0,-35398000.0,-35398000.0,-35398000.0,0.0,0.0,-0.028,755455000.0,128096000.0,65517000.0,0.0,3.251,-73.217,-72.567,63466000.0,0.0,21.77,2.064,2.058,217370000.0,-954134000.0,1255679000.0,1255679000.0,214960000.0,-0.021,-0.042,0.396,0.1,49981000.0,495264000.0,1.0,119050170.0,118705000.0,118705000.0,10.578,995402000.0,43539000.0,156134000.0,33060000.0,8.386,397408000.0
36,PTC,MRT,2012-06-30,2012-06-30,2012-06-30,2021-08-03,-71981000.0,1611461000.0,1628286000.0,607971000.0,1003490000.0,0.78,7.25,-32028000.0,238047000.0,238047000.0,382816000.0,86208000.0,1.261,0.867,140000000.0,0.0,140000000.0,140000000.0,323796000.0,67999000.0,0.0,0.0,0.0,115548000.0,183547000.0,0.145,183547000.0,115548000.0,112238000.0,0.73,0.72,0.73,863003000.0,847853750.0,863003000.0,2442194893.0,21.0,13.306,165043000.0,1.386,1.0,886993000.0,0.699,799741000.0,3310000.0,231378000.0,308567000.0,0.0,0.0,0.0,0.0,748458000.0,482295000.0,266163000.0,2506301893.0,-22704000.0,-16043000.0,-32117000.0,-110000000.0,0.0,-162227000.0,-48071000.0,0.0,197071000.0,-9477000.0,86208000.0,86208000.0,86208000.0,0.0,0.0,0.068,765254000.0,121739000.0,17778000.0,0.0,2.904,29.073,28.712,61849000.0,0.0,20.96,1.974,1.965,203261000.0,-870149000.0,1269809000.0,1269809000.0,218559000.0,0.053,0.102,0.374,0.091,48805000.0,500877000.0,1.0,119575472.0,119042000.0,120728000.0,10.667,811720000.0,166449000.0,26030000.0,30171000.0,6.819,125676000.0
37,PTC,MRT,2012-03-31,2012-03-31,2012-03-31,2021-08-03,-61123000.0,1658616000.0,1645799000.0,631260000.0,1027356000.0,0.76,7.21,-32881000.0,224107000.0,224107000.0,380371000.0,78839000.0,1.246,0.933,160000000.0,0.0,160000000.0,160000000.0,341354000.0,66959000.0,0.0,0.0,0.0,103028000.0,169987000.0,0.136,169987000.0,103028000.0,99718000.0,0.67,0.66,0.67,857993000.0,832639000.0,857993000.0,3340404422.0,32.0,19.651,148613000.0,1.249,1.0,870238000.0,0.696,821727000.0,3310000.0,266250000.0,334135000.0,0.0,0.0,0.0,0.0,800623000.0,506532000.0,294091000.0,3327755422.0,-35397000.0,-281196000.0,-46999000.0,160000000.0,0.0,96000000.0,-314077000.0,0.0,181494000.0,1186000.0,78839000.0,78839000.0,78839000.0,0.0,0.0,0.063,755052000.0,115186000.0,17961000.0,0.0,3.879,42.21,41.701,64021000.0,0.0,27.94,2.661,2.659,204437000.0,-893043000.0,1250609000.0,1250609000.0,216402000.0,0.048,0.095,0.308,0.082,45257000.0,497308000.0,1.0,119103630.0,119003000.0,121401000.0,10.509,836889000.0,166220000.0,20879000.0,42102000.0,7.033,124728000.0
38,PTC,MRT,2011-12-31,2011-12-31,2011-12-31,2021-08-03,-69689000.0,1613385000.0,1567920250.0,588288000.0,1025097000.0,0.777,7.202,-29975000.0,187351000.0,187351000.0,368926000.0,94287000.0,1.373,0.903,200000000.0,0.0,200000000.0,200000000.0,283297000.0,65351000.0,0.0,0.0,0.0,122496000.0,187847000.0,0.154,187847000.0,122496000.0,119186000.0,0.8,0.79,0.8,847729000.0,818897750.0,847729000.0,2196752422.0,18.0,11.694,133246000.0,1.132,1.0,849747000.0,0.697,822070000.0,3310000.0,375571000.0,294606250.0,0.0,0.0,0.0,0.0,765656000.0,428393000.0,337263000.0,2164630422.0,4436000.0,-280906000.0,-35201000.0,200000000.0,0.0,149779000.0,-310881000.0,0.0,163221000.0,2317000.0,94287000.0,94287000.0,94287000.0,0.0,0.0,0.077,717238000.0,132509000.0,12638000.0,0.0,2.553,22.958,22.825,62156000.0,0.0,18.26,1.776,1.764,221436000.0,-896613000.0,1218673000.0,1218673000.0,214877000.0,0.06,0.115,0.416,0.101,42471000.0,482687000.0,1.0,118544930.0,117715000.0,120576000.0,10.353,791315000.0,158233000.0,24899000.0,45289000.0,6.722,159895000.0
39,PTC,MRT,2011-09-30,2011-09-30,2011-09-30,2021-08-03,-64764000.0,1629682000.0,1481451750.0,592264000.0,1037418000.0,0.788,6.997,-27817000.0,167878000.0,167878000.0,356768000.0,85424000.0,1.273,0.981,200000000.0,0.0,200000000.0,200000000.0,294324000.0,62394000.0,0.0,0.0,0.0,107858000.0,170252000.0,0.146,170252000.0,107858000.0,104548000.0,0.73,0.71,0.73,822690000.0,797975500.0,822690000.0,1797406682.0,17.0,10.557,50881000.0,0.433,1.0,810181000.0,0.694,835411000.0,3310000.0,361069000.0,238689250.0,0.0,0.0,0.0,0.0,806992000.0,465324000.0,341668000.0,1808157682.0,-72375000.0,-280026000.0,-30165000.0,200000000.0,0.0,150420000.0,-307843000.0,0.0,78698000.0,6350000.0,85424000.0,85424000.0,85424000.0,0.0,0.0,0.073,693067000.0,117114000.0,16974000.0,0.0,2.198,21.167,21.068,62569000.0,0.0,15.38,1.549,1.55,230220000.0,-918736000.0,1166949000.0,1166949000.0,211406000.0,0.058,0.107,0.452,0.092,40004000.0,463342000.0,1.0,117565519.0,117579000.0,120974000.0,9.925,794271000.0,152215000.0,19124000.0,42254000.0,6.755,126940000.0
40,PTC,MRT,2011-06-30,2011-07-02,2011-07-02,2021-08-03,-41798000.0,1681513000.0,1400797250.0,618258000.0,1063255000.0,0.782,6.786,-23340000.0,260751000.0,260751000.0,335388000.0,34588000.0,1.274,1.096,250000000.0,0.0,250000000.0,250000000.0,317640000.0,59191000.0,0.0,0.0,0.0,96168000.0,155359000.0,0.142,155359000.0,96168000.0,94642000.0,0.29,0.29,0.29,802144000.0,779129000.0,802144000.0,2497820365.0,26.0,16.078,70899000.0,0.6,1.0,760202000.0,0.694,851882000.0,1526000.0,333650000.0,165266250.0,0.0,0.0,0.0,0.0,879369000.0,485230000.0,394139000.0,2757324365.0,41732000.0,-265787000.0,-13422000.0,250000000.0,0.0,214212000.0,-289127000.0,0.0,94239000.0,22408000.0,34588000.0,34588000.0,34588000.0,0.0,0.0,0.032,656352000.0,103850000.0,13354000.0,0.0,3.437,79.719,79.828,60704000.0,0.0,23.15,2.517,2.498,186874000.0,-956358000.0,1095590000.0,1095590000.0,205996000.0,0.025,0.044,0.582,0.088,41410000.0,442786000.0,1.0,119106884.0,118214000.0,121164000.0,9.268,829631000.0,151413000.0,60054000.0,64926000.0,7.018,133028000.0
41,PTC,MRT,2011-03-31,2011-04-02,2011-04-02,2021-08-03,-44473000.0,1347101000.0,1297679000.0,625003000.0,722098000.0,0.807,6.794,-21187000.0,259504000.0,259504000.0,319690000.0,29780000.0,1.428,0.678,0.0,0.0,0.0,0.0,300269000.0,59003000.0,0.0,0.0,0.0,89567000.0,148570000.0,0.142,148570000.0,89567000.0,88041000.0,0.25,0.25,0.25,803028000.0,762241750.0,803028000.0,2487756178.0,28.0,16.745,74987000.0,0.634,1.0,727115000.0,0.695,541753000.0,1526000.0,108135000.0,101098750.0,0.0,0.0,0.0,0.0,544073000.0,437709000.0,106364000.0,2670671178.0,36812000.0,-634000.0,6743000.0,-31112000.0,0.0,-48494000.0,-21821000.0,0.0,96174000.0,10953000.0,29780000.0,29780000.0,29780000.0,0.0,0.0,0.028,635817000.0,91298000.0,13187000.0,0.0,3.326,89.68,90.44,55780000.0,0.0,22.61,2.551,2.553,178558000.0,-971883000.0,1046805000.0,1046805000.0,205490000.0,0.023,0.039,0.886,0.086,43133000.0,423674000.0,1.0,118119026.0,118194000.0,121502000.0,8.857,805348000.0,126882000.0,58261000.0,24025000.0,6.814,187294000.0
42,PTC,MRT,2010-12-31,2011-01-01,2011-01-01,2021-08-03,-55351000.0,1267511000.0,1288860000.0,538835000.0,728676000.0,0.79,6.54,-24264000.0,182915000.0,182915000.0,315085000.0,19765000.0,1.353,0.659,0.0,0.0,0.0,0.0,266150000.0,60328000.0,0.0,0.0,0.0,77069000.0,137397000.0,0.135,137397000.0,77069000.0,75543000.0,0.17,0.17,0.17,764040000.0,746924500.0,764040000.0,2415022921.0,31.0,17.577,61582000.0,0.527,1.0,703087000.0,0.691,534565000.0,1526000.0,151903000.0,96427750.0,0.0,0.0,0.0,0.0,503471000.0,398128000.0,105343000.0,2655275921.0,-48229000.0,-2139000.0,-33945000.0,-50832000.0,0.0,-108896000.0,-26403000.0,0.0,85846000.0,1224000.0,19765000.0,19765000.0,19765000.0,0.0,0.0,0.019,624504000.0,78583000.0,12078000.0,0.0,3.475,134.342,132.529,56517000.0,0.0,22.53,2.608,2.585,174581000.0,-990900000.0,1018172000.0,1018172000.0,202399000.0,0.015,0.026,0.799,0.076,45749000.0,415743000.0,1.0,117855123.0,116827000.0,121150000.0,8.715,732946000.0,128068000.0,55778000.0,25264000.0,6.274,140707000.0
43,PTC,MRT,2010-09-30,2010-09-30,2010-09-30,2021-08-03,-52480000.0,1307064000.0,1308903750.0,568257000.0,738807000.0,0.772,6.462,-26729000.0,240253000.0,240253000.0,307695000.0,24368000.0,1.254,0.749,0.0,0.0,0.0,0.0,245840000.0,62182000.0,0.0,0.0,0.0,83662000.0,145844000.0,0.144,145844000.0,83662000.0,82136000.0,0.21,0.2,0.21,747304000.0,748893000.0,747304000.0,2035017680.0,24.0,13.953,129915000.0,1.123,1.0,702354000.0,0.695,546440000.0,1526000.0,67377000.0,87405750.0,0.0,0.0,0.0,0.0,559760000.0,452994000.0,106766000.0,2254036680.0,5131000.0,-2721000.0,-47258000.0,-50832000.0,0.0,-120735000.0,-29450000.0,0.0,156644000.0,-1328000.0,24368000.0,24368000.0,24368000.0,0.0,0.0,0.024,618540000.0,83814000.0,11734000.0,0.0,3.016,92.5,93.048,58064000.0,0.0,19.54,2.232,2.237,169281000.0,-1004160000.0,1010049000.0,1010049000.0,201567000.0,0.019,0.033,0.957,0.083,48690000.0,410407000.0,1.0,115354999.0,115639000.0,119925000.0,8.735,760624000.0,125939000.0,57768000.0,22968000.0,6.578,115263000.0
44,PTC,MRT,2010-06-30,2010-07-03,2010-07-03,2021-08-03,-62955000.0,1269040000.0,1319690750.0,534231000.0,734809000.0,0.749,6.377,-27962000.0,219019000.0,219019000.0,303898000.0,53483000.0,1.217,0.728,0.0,0.0,0.0,0.0,258557000.0,63590000.0,53061000.0,0.0,0.0,62457000.0,126047000.0,0.128,126047000.0,62457000.0,59260000.0,0.45,0.46,0.45,734595000.0,752462250.0,734595000.0,1606656733.0,26.0,12.746,118587000.0,1.03,1.0,684428000.0,0.693,534009000.0,3197000.0,76980000.0,91817000.0,0.0,0.0,0.0,0.0,534445000.0,439032000.0,95413000.0,1795820733.0,-12326000.0,-2087000.0,-53828000.0,-50832000.0,0.0,-124698000.0,-30049000.0,0.0,146549000.0,-4128000.0,53483000.0,53483000.0,53483000.0,0.0,0.0,0.054,623407000.0,61021000.0,11383000.0,0.0,2.445,33.577,34.378,59473000.0,0.0,15.47,1.817,1.803,149034000.0,-990945000.0,988326000.0,988326000.0,200073000.0,0.041,0.071,0.68,0.063,51986000.0,401081000.0,1.0,116084081.0,115188000.0,119003000.0,8.58,735031000.0,146518000.0,5777000.0,23201000.0,6.381,95199000.0
45,PTC,MRT,2010-03-31,2010-04-03,2010-04-03,2021-08-03,-47138000.0,1311825000.0,1326561250.0,550701000.0,761124000.0,0.732,6.397,-31923000.0,222692000.0,222692000.0,302993000.0,46553000.0,1.162,0.769,33528000.0,33528000.0,0.0,33528000.0,268899000.0,63552000.0,49260000.0,0.0,0.0,52295000.0,115847000.0,0.119,115847000.0,52295000.0,49098000.0,0.39,0.4,0.39,741759000.0,755072250.0,741759000.0,1939131678.0,37.0,16.739,39811000.0,0.343,1.0,668494000.0,0.688,559439000.0,3197000.0,89451000.0,83516000.0,0.0,0.0,0.0,0.0,570066000.0,473771000.0,96295000.0,2113653678.0,-45026000.0,-26402000.0,-39583000.0,-19720000.0,0.0,-66203000.0,-58325000.0,0.0,71734000.0,7768000.0,46553000.0,46553000.0,46553000.0,0.0,0.0,0.048,617464000.0,51030000.0,11589000.0,0.0,2.85,45.403,46.256,61935000.0,0.0,18.04,2.176,2.153,151117000.0,-1001664000.0,971487000.0,971487000.0,196038000.0,0.035,0.062,0.626,0.054,38898000.0,392273000.0,1.0,117164838.0,115951000.0,119856000.0,8.378,752386000.0,149364000.0,2545000.0,24970000.0,6.489,76930000.0
46,PTC,MRT,2009-12-31,2010-01-02,2010-01-02,2021-08-03,-36982000.0,1347686000.0,1315320500.0,566254000.0,781432000.0,0.727,6.64,-29792000.0,231144000.0,231144000.0,305105000.0,44726000.0,1.192,0.746,56622000.0,56622000.0,0.0,56622000.0,243160000.0,62738000.0,50043000.0,0.0,0.0,39718000.0,102456000.0,0.107,102456000.0,39718000.0,36521000.0,0.37,0.38,0.37,771914000.0,747012000.0,771914000.0,1748970403.0,44.0,17.07,48220000.0,0.415,1.0,651118000.0,0.681,582422000.0,3197000.0,115815000.0,60548000.0,0.0,0.0,0.0,0.0,575772000.0,474927000.0,100845000.0,1926212403.0,4211000.0,-25010000.0,-2627000.0,-18686000.0,0.0,-25628000.0,-54802000.0,0.0,78012000.0,6629000.0,44726000.0,44726000.0,44726000.0,0.0,0.0,0.047,613020000.0,38098000.0,12920000.0,0.0,2.495,43.067,44.162,58901000.0,0.0,16.34,2.014,1.987,160536000.0,-1010665000.0,956223000.0,956223000.0,190830000.0,0.034,0.06,0.656,0.042,33409000.0,383409000.0,1.0,117883256.0,116253000.0,121113000.0,8.225,765264000.0,150216000.0,-8205000.0,31410000.0,6.583,91327000.0
47,PTC,MRT,2009-09-30,2009-09-30,2009-09-30,2021-08-03,-33595000.0,1350212000.0,1304072000.0,546466000.0,803746000.0,0.719,6.625,-30087000.0,235122000.0,235122000.0,309759000.0,31522000.0,1.112,0.773,57880000.0,57880000.0,0.0,57880000.0,234270000.0,61610000.0,0.0,0.0,0.0,20368000.0,81978000.0,0.087,81978000.0,20368000.0,17171000.0,0.27,0.27,0.27,761581000.0,729092500.0,761581000.0,1429556008.0,70.0,17.438,39589000.0,0.344,1.0,628426000.0,0.67,596517000.0,3197000.0,85022000.0,41439000.0,0.0,0.0,0.0,0.0,588631000.0,491431000.0,97200000.0,1605615008.0,-21819000.0,-32790000.0,-9021000.0,-31951000.0,0.0,-32452000.0,-62877000.0,0.0,69676000.0,3834000.0,31522000.0,31522000.0,31522000.0,0.0,0.0,0.034,609131000.0,19295000.0,13292000.0,0.0,2.108,50.936,51.185,58105000.0,0.0,13.82,1.711,1.693,166591000.0,-1028528000.0,938185000.0,938185000.0,188501000.0,0.024,0.043,0.492,0.022,30234000.0,382039000.0,1.0,116180536.0,114950000.0,117359000.0,8.162,753695000.0,152924000.0,-14351000.0,38603000.0,6.557,55035000.0
48,PTC,MRT,2009-06-30,2009-07-04,2009-07-04,2021-08-03,-21812000.0,1296522000.0,1303912250.0,512889000.0,783633000.0,0.76,6.468,-28756000.0,231345000.0,231345000.0,325195000.0,52126000.0,1.061,0.74,55286000.0,55286000.0,0.0,55286000.0,255206000.0,62095000.0,48482000.0,0.0,0.0,57041000.0,119136000.0,0.12,119136000.0,57041000.0,49218000.0,0.45,0.44,0.45,745035000.0,714328500.0,745035000.0,1090377106.0,19.0,9.152,76581000.0,0.665,1.0,666194000.0,0.672,593280000.0,7823000.0,43776000.0,26995250.0,0.0,0.0,0.0,0.0,551487000.0,483407000.0,68080000.0,1304747106.0,-10675000.0,-32790000.0,-1703000.0,-42503000.0,0.0,-36064000.0,-61546000.0,0.0,105337000.0,-18402000.0,52126000.0,52126000.0,52126000.0,0.0,0.0,0.053,614664000.0,51530000.0,13685000.0,0.0,1.751,25.031,25.022,58560000.0,0.0,11.26,1.316,1.308,149198000.0,-1044428000.0,991389000.0,991389000.0,187041000.0,0.04,0.073,2.113,0.058,27394000.0,390354000.0,1.0,115874521.0,115194000.0,117074000.0,8.606,703242000.0,137181000.0,-2908000.0,25830000.0,6.105,29482000.0
49,PTC,MRT,2009-03-31,2009-04-04,2009-04-04,2021-08-03,-27186000.0,1266862000.0,1310541250.0,540924000.0,725938000.0,0.791,6.181,-29998000.0,267718000.0,267718000.0,336951000.0,62808000.0,1.106,0.786,53348000.0,53348000.0,0.0,53348000.0,267032000.0,63130000.0,46456000.0,0.0,0.0,80357000.0,143487000.0,0.138,143487000.0,80357000.0,72534000.0,0.55,0.53,0.55,709518000.0,691175500.0,709518000.0,1074626564.0,13.0,7.489,153088000.0,1.334,1.0,700027000.0,0.675,565754000.0,7823000.0,-2421000.0,13409500.0,0.0,0.0,0.0,0.0,557344000.0,489159000.0,68185000.0,1227523564.0,8772000.0,-8475000.0,-3701000.0,-96254000.0,0.0,-104876000.0,-38473000.0,0.0,183086000.0,-30965000.0,62808000.0,62808000.0,62808000.0,0.0,0.0,0.061,618562000.0,81465000.0,13515000.0,0.0,1.73,19.544,19.309,57853000.0,0.0,10.62,1.184,1.176,131886000.0,-1048216000.0,1036978000.0,1036978000.0,187853000.0,0.048,0.091,5.993,0.077,40125000.0,396342000.0,1.0,115586023.0,114793000.0,115656000.0,9.033,701108000.0,106215000.0,9726000.0,26272000.0,6.108,51765000.0
50,PTC,MRT,2008-12-31,2009-01-03,2009-01-03,2021-08-03,-24685000.0,1302692000.0,1338089500.0,539273000.0,763419000.0,0.799,6.113,-28781000.0,226933000.0,226933000.0,338326000.0,74481000.0,1.019,0.86,74036000.0,74036000.0,0.0,74036000.0,261775000.0,62881000.0,50481000.0,0.0,0.0,112705000.0,175586000.0,0.164,175586000.0,112705000.0,104882000.0,0.66,0.63,0.66,700236000.0,669361500.0,700236000.0,1310767888.0,12.0,7.465,187328000.0,1.635,1.0,731153000.0,0.684,581305000.0,7823000.0,39379000.0,11812750.0,0.0,0.0,0.0,0.0,602456000.0,529111000.0,73345000.0,1479203888.0,12145000.0,-7669000.0,-24095000.0,-130126000.0,0.0,-158934000.0,-36450000.0,0.0,216109000.0,-8580000.0,74481000.0,74481000.0,74481000.0,0.0,0.0,0.07,617235000.0,113918000.0,15514000.0,0.0,2.112,19.86,19.288,57526000.0,0.0,12.73,1.383,1.364,185007000.0,-1055391000.0,1069479000.0,1069479000.0,188835000.0,0.056,0.111,9.541,0.105,44324000.0,401429000.0,1.0,116198263.0,114555000.0,117356000.0,9.336,721387000.0,100281000.0,30401000.0,44241000.0,6.297,10162000.0
51,PTC,MRT,2008-09-30,2008-09-30,2008-09-30,2021-08-03,-17276000.0,1349573000.0,1343341250.0,597494000.0,752079000.0,0.797,6.179,-25439000.0,256941000.0,256941000.0,330786000.0,79702000.0,1.055,0.921,88505000.0,88505000.0,0.0,88505000.0,258295000.0,60021000.0,43801000.0,0.0,0.0,126709000.0,186730000.0,0.174,186730000.0,126709000.0,118886000.0,0.7,0.68,0.7,702525000.0,644911250.0,702525000.0,1990163882.0,16.0,10.658,196801000.0,1.731,1.0,739544000.0,0.691,587537000.0,7823000.0,27247000.0,19514250.0,0.0,0.0,0.0,0.0,647048000.0,566353000.0,80695000.0,2122627882.0,-6330000.0,-261592000.0,-14596000.0,88139000.0,0.0,62457000.0,-287031000.0,0.0,222240000.0,-3996000.0,79702000.0,79702000.0,79702000.0,0.0,0.0,0.074,614299000.0,125245000.0,16710000.0,0.0,3.021,26.632,26.286,55253000.0,0.0,18.4,1.983,1.955,201509000.0,-1060050000.0,1070330000.0,1070330000.0,182022000.0,0.059,0.124,6.493,0.118,44396000.0,394709000.0,1.0,115360211.0,113703000.0,117870000.0,9.413,762036000.0,99609000.0,39184000.0,55134000.0,6.702,31141000.0
52,PTC,MRT,2008-06-30,2008-06-28,2008-06-28,2021-08-03,-14094000.0,1323038000.0,1278526250.0,543978000.0,779060000.0,0.811,5.749,-27410000.0,242020000.0,242020000.0,316100000.0,73837000.0,0.932,1.028,109556000.0,109556000.0,0.0,109556000.0,265632000.0,53801000.0,42795000.0,0.0,0.0,105992000.0,159793000.0,0.154,159793000.0,105992000.0,105409000.0,0.66,0.62,0.66,652423000.0,617906750.0,652423000.0,1880273629.0,18.0,11.767,165998000.0,1.463,1.0,721335000.0,0.695,617574000.0,583000.0,-10567000.0,30614500.0,0.0,0.0,0.0,0.0,670615000.0,583567000.0,87048000.0,1974775629.0,-17936000.0,-264166000.0,-25977000.0,98564000.0,0.0,61872000.0,-291576000.0,0.0,193408000.0,18360000.0,73837000.0,73837000.0,73837000.0,0.0,0.0,0.071,612563000.0,108772000.0,21836000.0,0.0,3.027,26.745,25.985,56851000.0,0.0,17.15,1.904,1.876,180094000.0,-1096554000.0,1037435000.0,1037435000.0,179072000.0,0.058,0.119,3.462,0.102,46619000.0,387611000.0,1.0,115147267.0,113491000.0,117363000.0,9.141,705464000.0,94167000.0,31572000.0,43395000.0,6.216,-39589000.0
53,PTC,MRT,2008-03-31,2008-03-29,2008-03-29,2021-08-03,-19861000.0,1377055000.0,1210564250.0,584238000.0,792817000.0,0.818,5.468,-22371000.0,258946000.0,258946000.0,302295000.0,139832000.0,0.884,1.213,164444000.0,164444000.0,0.0,164444000.0,286398000.0,46824000.0,46638000.0,0.0,0.0,103021000.0,149845000.0,0.151,149845000.0,103021000.0,102438000.0,1.24,1.18,1.24,622262000.0,592492750.0,622262000.0,1826164780.0,18.0,12.187,156684000.0,1.377,1.0,688256000.0,0.695,630643000.0,583000.0,-8808000.0,50190250.0,0.0,0.0,0.0,0.0,754793000.0,660718000.0,94075000.0,1839524780.0,20919000.0,-275045000.0,-23552000.0,152190000.0,0.0,118014000.0,-297416000.0,0.0,179055000.0,21266000.0,139832000.0,139832000.0,139832000.0,0.0,0.0,0.141,591833000.0,96423000.0,18939000.0,0.0,2.956,13.155,12.79,54478000.0,0.0,15.86,1.857,1.822,181385000.0,-1111024000.0,990551000.0,990551000.0,171496000.0,0.116,0.236,2.053,0.104,40500000.0,379983000.0,1.0,115985169.0,113811000.0,117247000.0,8.703,746412000.0,95137000.0,-37394000.0,45109000.0,6.558,-76480000.0
54,PTC,MRT,2007-12-31,2007-12-29,2007-12-29,2021-08-03,-33878000.0,1323699000.0,1112834250.0,543425000.0,780274000.0,0.863,5.299,-22542000.0,214788000.0,214788000.0,294467000.0,138383000.0,0.867,1.197,201428000.0,201428000.0,0.0,201428000.0,235575000.0,41598000.0,40791000.0,0.0,0.0,94951000.0,136549000.0,0.142,136549000.0,94951000.0,94368000.0,1.22,1.17,1.22,602435000.0,552520000.0,602435000.0,1836197395.0,19.0,13.447,141725000.0,1.247,1.0,666387000.0,0.694,613434000.0,583000.0,70185000.0,49573250.0,0.0,0.0,0.0,0.0,721264000.0,626720000.0,94544000.0,2099468395.0,67447000.0,-275738000.0,-67000.0,204625000.0,0.0,194818000.0,-298280000.0,0.0,164267000.0,6642000.0,138383000.0,138383000.0,138383000.0,0.0,0.0,0.144,579737000.0,86650000.0,18391000.0,0.0,3.485,15.171,14.844,53874000.0,0.0,18.11,2.185,2.143,193132000.0,-1128078000.0,960854000.0,960854000.0,165915000.0,0.124,0.25,1.915,0.099,38418000.0,378087000.0,1.0,115928680.0,113680000.0,118087000.0,8.452,710265000.0,97286000.0,-44015000.0,37845000.0,6.248,-83295000.0
55,PTC,MRT,2007-09-30,2007-09-30,2007-09-30,2021-08-03,-33534000.0,1090313000.0,1007550000.0,594631000.0,495682000.0,0.934,5.274,-24057000.0,263271000.0,263271000.0,290810000.0,143656000.0,1.382,0.834,0.0,0.0,0.0,0.0,227164000.0,39199000.0,40297000.0,0.0,0.0,100243000.0,139442000.0,0.148,139442000.0,100243000.0,99660000.0,1.27,1.22,1.27,594507000.0,510455750.0,594507000.0,1740700602.0,17.0,12.483,103317000.0,0.916,1.0,650469000.0,0.691,325052000.0,583000.0,71648000.0,44525000.0,0.0,0.0,0.0,0.0,495806000.0,430342000.0,65464000.0,2000656602.0,79823000.0,-31092000.0,5697000.0,-496000.0,0.0,-1024000.0,-55149000.0,0.0,127374000.0,8622000.0,143656000.0,143656000.0,143656000.0,0.0,0.0,0.153,557701000.0,92768000.0,18715000.0,0.0,3.365,13.927,13.717,54745000.0,0.0,17.42,2.125,2.086,217101000.0,-1132565000.0,941279000.0,941279000.0,162351000.0,0.143,0.281,2.251,0.106,36445000.0,371992000.0,1.0,114848255.0,112734000.0,117494000.0,8.35,765261000.0,97334000.0,-43996000.0,16857000.0,6.788,164289000.0
56,PTC,MRT,2007-06-30,2007-06-30,2007-06-30,2021-08-03,-39086000.0,1051190000.0,960318500.0,534958000.0,516232000.0,0.957,4.867,-23546000.0,259956000.0,259956000.0,290042000.0,139996000.0,1.35,0.909,0.0,0.0,0.0,0.0,231376000.0,37960000.0,38020000.0,0.0,0.0,100725000.0,138685000.0,0.151,138685000.0,100725000.0,100141000.0,1.25,1.2,1.25,550767000.0,463297000.0,550767000.0,2244090577.0,22.0,16.181,103344000.0,0.913,1.0,628882000.0,0.684,327365000.0,584000.0,67736000.0,28098750.0,0.0,0.0,0.0,0.0,500423000.0,396133000.0,104290000.0,2482117577.0,86063000.0,-28518000.0,15845000.0,-488000.0,0.0,9190000.0,-52064000.0,0.0,126890000.0,2047000.0,139996000.0,139996000.0,139996000.0,0.0,0.0,0.152,534093000.0,94789000.0,19004000.0,0.0,4.507,17.73,17.288,55358000.0,0.0,21.61,2.701,2.661,171764000.0,-1163204000.0,918924000.0,918924000.0,157415000.0,0.146,0.302,3.585,0.11,31441000.0,368912000.0,1.0,114859675.0,113154000.0,117500000.0,8.121,723825000.0,86806000.0,-39855000.0,8511000.0,6.397,138825000.0
57,PTC,MRT,2007-03-31,2007-03-31,2007-03-31,2021-08-03,-40722000.0,986135000.0,910509500.0,515443000.0,470692000.0,0.999,4.097,-23711000.0,238027000.0,238027000.0,286859000.0,75445000.0,1.236,1.133,0.0,0.0,0.0,0.0,250090000.0,36986000.0,39510000.0,0.0,0.0,92046000.0,129032000.0,0.142,129032000.0,92046000.0,91462000.0,0.68,0.66,0.68,462371000.0,423867250.0,462371000.0,2019858147.0,22.0,15.654,78219000.0,0.693,1.0,622766000.0,0.685,342192000.0,584000.0,-11276000.0,11963500.0,0.0,0.0,0.0,0.0,523764000.0,417192000.0,106572000.0,2167199147.0,13862000.0,-82048000.0,15818000.0,-466000.0,0.0,9081000.0,-105759000.0,0.0,101930000.0,8610000.0,75445000.0,75445000.0,75445000.0,0.0,0.0,0.083,535228000.0,87538000.0,17965000.0,0.0,4.687,28.726,27.941,52284000.0,0.0,19.0,2.383,2.357,185002000.0,-1243669000.0,909625000.0,909625000.0,154522000.0,0.083,0.178,7.694,0.101,36480000.0,365555000.0,1.0,114063113.0,112845000.0,117486000.0,8.061,643943000.0,9100000.0,16017000.0,8954000.0,5.706,98251000.0
58,PTC,MRT,2006-12-31,2006-12-30,2006-12-30,2021-08-03,-40405000.0,902562000.0,871301000.0,423740000.0,478822000.0,1.006,3.882,-22467000.0,147341000.0,147341000.0,279564000.0,64604000.0,1.171,1.079,0.0,0.0,0.0,0.0,205554000.0,35362000.0,38999000.0,0.0,0.0,80406000.0,115768000.0,0.132,115768000.0,80406000.0,79822000.0,0.59,0.57,0.59,434178000.0,399138500.0,434178000.0,1869399806.0,23.0,16.148,47943000.0,0.429,1.0,597234000.0,0.681,343381000.0,584000.0,49992000.0,11754750.0,0.0,0.0,0.0,0.0,468384000.0,361848000.0,106536000.0,2052847806.0,-19811000.0,-82048000.0,14787000.0,-469000.0,0.0,8003000.0,-104515000.0,0.0,70410000.0,6291000.0,64604000.0,64604000.0,64604000.0,0.0,0.0,0.074,520792000.0,76442000.0,20284000.0,0.0,4.728,31.776,30.542,52441000.0,0.0,18.02,2.341,2.298,195757000.0,-1261068000.0,876798000.0,876798000.0,150358000.0,0.074,0.162,6.84,0.092,37173000.0,355583000.0,1.0,113920522.0,111830000.0,117283000.0,7.84,559181000.0,10185000.0,15218000.0,8121000.0,5.0,61892000.0
59,PTC,MRT,2006-09-30,2006-09-30,2006-09-30,2021-08-03,-42596000.0,901387000.0,838675000.0,438116000.0,463271000.0,1.011,3.695,-19472000.0,183448000.0,183448000.0,269740000.0,56804000.0,1.138,1.221,0.0,0.0,0.0,0.0,210997000.0,33887000.0,39475000.0,0.0,0.0,70796000.0,104683000.0,0.123,104683000.0,70796000.0,70212000.0,0.52,0.5,0.52,405872000.0,375969500.0,405872000.0,1775468614.0,25.0,16.96,45809000.0,0.417,1.0,578243000.0,0.682,327122000.0,584000.0,5943000.0,4690500.0,0.0,0.0,0.0,0.0,495515000.0,384874000.0,110641000.0,1949361614.0,-20975000.0,-75084000.0,7831000.0,-442000.0,0.0,6427000.0,-94556000.0,0.0,65281000.0,1873000.0,56804000.0,56804000.0,56804000.0,0.0,0.0,0.067,511730000.0,66513000.0,17109000.0,0.0,4.803,34.317,33.577,51603000.0,0.0,17.46,2.299,2.262,181008000.0,-1276221000.0,847983000.0,847983000.0,146957000.0,0.068,0.151,15.093,0.083,38207000.0,350652000.0,1.0,111647286.0,109849000.0,113382000.0,7.72,574265000.0,10489000.0,13408000.0,5761000.0,5.228,53242000.0
60,PTC,MRT,2006-06-30,2006-07-01,2006-07-01,2021-08-03,-48195000.0,851954000.0,809984000.0,408659000.0,443295000.0,0.97,3.575,-16466000.0,173893000.0,173893000.0,255294000.0,36695000.0,1.18,1.168,0.0,0.0,0.0,0.0,232238000.0,32379000.0,0.0,0.0,0.0,36406000.0,68785000.0,0.088,68785000.0,36406000.0,36406000.0,0.33,0.33,0.33,393048000.0,355462500.0,393048000.0,1191721082.0,33.0,17.325,47720000.0,0.434,1.0,530740000.0,0.675,328622000.0,0.0,3195000.0,-2145250.0,0.0,0.0,0.0,0.0,458906000.0,346244000.0,112662000.0,1415886082.0,-229115000.0,-267171000.0,5271000.0,-416000.0,0.0,-9792000.0,-283637000.0,0.0,64186000.0,128000.0,36695000.0,36695000.0,36695000.0,0.0,0.0,0.047,498377000.0,32363000.0,25773000.0,0.0,3.602,38.585,38.515,51207000.0,0.0,12.71,1.801,1.778,163165000.0,-1268415000.0,786034000.0,786034000.0,142869000.0,0.045,0.103,-16.971,0.046,44485000.0,342778000.0,1.0,111399377.0,109947000.0,112871000.0,7.149,523332000.0,4398000.0,-289000.0,5282000.0,4.76,62415000.0
61,PTC,MRT,2006-03-31,2006-04-01,2006-04-01,2021-08-03,-49693000.0,829301000.0,785698000.0,457192000.0,372109000.0,0.956,3.312,-15194000.0,224165000.0,224165000.0,238846000.0,47435000.0,1.3,1.282,0.0,0.0,0.0,0.0,232545000.0,29406000.0,0.0,0.0,0.0,52234000.0,81640000.0,0.109,81640000.0,52234000.0,52234000.0,0.44,0.43,0.44,363456000.0,336413750.0,363456000.0,1646787986.0,32.0,20.171,70655000.0,0.644,1.0,511957000.0,0.682,265504000.0,0.0,-12111000.0,-19347500.0,0.0,0.0,0.0,0.0,465845000.0,351743000.0,114102000.0,1813939986.0,-160005000.0,-209572000.0,5776000.0,-490000.0,0.0,-9636000.0,-224766000.0,0.0,85849000.0,-11452000.0,47435000.0,47435000.0,47435000.0,0.0,0.0,0.063,465402000.0,46555000.0,20010000.0,0.0,4.991,38.241,37.114,50184000.0,0.0,16.33,2.416,2.387,149731000.0,-1285291000.0,750803000.0,750803000.0,134025000.0,0.06,0.141,-2.7,0.07,34452000.0,328114000.0,1.0,111080220.0,109739000.0,113403000.0,6.842,563797000.0,4246000.0,4799000.0,24486000.0,5.138,105449000.0
62,PTC,MRT,2005-12-31,2005-12-31,2005-12-31,2021-08-03,-49286000.0,772058000.0,766295500.0,395428000.0,376630000.0,0.955,3.119,-16686000.0,167152000.0,167152000.0,222889000.0,61381000.0,1.255,1.261,0.0,0.0,0.0,0.0,196095000.0,27469000.0,0.0,0.0,0.0,67996000.0,95465000.0,0.13,95465000.0,67996000.0,67996000.0,0.57,0.55,0.57,341502000.0,318762750.0,341502000.0,1487709601.0,22.0,15.584,63331000.0,0.578,1.0,508748000.0,0.695,267993000.0,0.0,21735000.0,-31764500.0,0.0,0.0,0.0,0.0,430556000.0,315178000.0,115378000.0,1692132601.0,-166912000.0,-209572000.0,7949000.0,-364000.0,0.0,-6456000.0,-226253000.0,0.0,80017000.0,-14220000.0,61381000.0,61381000.0,61381000.0,0.0,0.0,0.084,447864000.0,60884000.0,20051000.0,0.0,4.955,27.568,26.754,50543000.0,0.0,15.25,2.313,2.282,155113000.0,-1296042000.0,731637000.0,731637000.0,126383000.0,0.08,0.193,-2.141,0.093,25021000.0,319284000.0,1.0,110959515.0,109485000.0,112671000.0,6.683,504065000.0,4159000.0,6615000.0,26869000.0,4.604,80250000.0
63,PTC,MRT,2005-09-30,2005-09-30,2005-09-30,2021-08-03,-49034000.0,786623000.0,749528750.0,423727000.0,362896000.0,0.945,2.984,-16135000.0,204423000.0,204423000.0,208242000.0,73187000.0,1.229,1.429,0.0,0.0,0.0,0.0,200467000.0,25881000.0,0.0,0.0,0.0,78568000.0,104449000.0,0.148,104449000.0,78568000.0,78568000.0,0.67,0.65,0.67,323844000.0,300604750.0,323844000.0,1495010418.0,19.0,14.313,114033000.0,1.051,1.0,499733000.0,0.706,258838000.0,0.0,-21400000.0,-44955500.0,0.0,0.0,0.0,0.0,462779000.0,344762000.0,118017000.0,1898018418.0,-90464000.0,-198897000.0,10162000.0,-270000.0,0.0,-4047000.0,-215032000.0,0.0,130168000.0,-1553000.0,73187000.0,73187000.0,73187000.0,0.0,0.0,0.103,426691000.0,73042000.0,19915000.0,0.0,5.861,25.934,26.007,52551000.0,0.0,17.425,2.681,2.671,147497000.0,-1303558000.0,707975000.0,707975000.0,118267000.0,0.098,0.243,-1.748,0.111,15466000.0,307363000.0,1.0,108925017.0,108536000.0,111981000.0,6.523,527785000.0,4144000.0,5381000.0,29695000.0,4.863,78965000.0
64,PTC,MRT,2005-06-30,2005-07-02,2005-07-02,2021-08-03,-36340000.0,754810000.0,721958000.0,605368000.0,149442000.0,0.964,2.915,-17573000.0,403008000.0,403008000.0,192790000.0,108361000.0,1.711,1.382,0.0,0.0,0.0,0.0,202229000.0,25951000.0,0.0,0.0,0.0,106618000.0,132569000.0,0.191,132569000.0,106618000.0,106618000.0,1.02,0.99,1.02,316853000.0,280131500.0,316853000.0,1378809620.0,13.0,10.401,141492000.0,1.301,1.0,502971000.0,0.723,63551000.0,0.0,-65614000.0,-36438250.0,0.0,0.0,0.0,0.0,437957000.0,353865000.0,84092000.0,1762979620.0,145267000.0,-6810000.0,13438000.0,-177000.0,0.0,12970000.0,-24383000.0,0.0,159065000.0,-2385000.0,108361000.0,108361000.0,108361000.0,0.0,0.0,0.156,400815000.0,102156000.0,22253000.0,0.0,5.564,16.27,15.907,53057000.0,0.0,16.225,2.534,2.535,129402000.0,-1320833000.0,695761000.0,695761000.0,108258000.0,0.15,0.387,-2.926,0.153,691000.0,289579000.0,1.0,108658220.0,108716000.0,112036000.0,6.4,691259000.0,0.0,-1743000.0,39044000.0,6.358,251503000.0
65,PTC,MRT,2005-03-31,2005-04-02,2005-04-02,2021-08-03,-32286000.0,751691000.0,686544500.0,610624000.0,141067000.0,0.996,2.699,-15851000.0,384170000.0,384170000.0,186688000.0,97842000.0,1.638,1.567,0.0,0.0,0.0,0.0,220779000.0,29014000.0,0.0,0.0,0.0,100050000.0,129064000.0,0.189,129064000.0,100050000.0,100050000.0,0.92,0.9,0.92,292852000.0,249648000.0,292852000.0,1202816255.0,12.0,9.32,154106000.0,1.42,1.0,497116000.0,0.727,56609000.0,0.0,-61779000.0,-28193000.0,0.0,0.0,0.0,0.0,458839000.0,372691000.0,86148000.0,1536880255.0,162505000.0,-9822000.0,12229000.0,0.0,0.0,12229000.0,-25673000.0,0.0,169957000.0,5992000.0,97842000.0,97842000.0,97842000.0,0.0,0.0,0.143,398752000.0,98364000.0,18150000.0,0.0,5.248,15.708,15.38,54764000.0,0.0,14.15,2.248,2.245,138023000.0,-1347487000.0,683804000.0,683804000.0,106447000.0,0.143,0.392,-3.549,0.146,655000.0,284778000.0,1.0,108613446.0,108499000.0,111958000.0,6.302,695082000.0,0.0,2208000.0,44114000.0,6.406,237933000.0
66,PTC,MRT,2004-12-31,2005-01-01,2005-01-01,2021-08-03,-31411000.0,704991000.0,650039750.0,563237000.0,141754000.0,1.034,2.489,-12351000.0,334064000.0,334064000.0,177685000.0,80509000.0,1.63,1.622,0.0,0.0,0.0,0.0,200388000.0,32068000.0,0.0,0.0,0.0,81344000.0,113412000.0,0.169,113412000.0,81344000.0,81344000.0,0.755,0.745,0.755,268870000.0,221261250.0,268870000.0,1297905996.0,16.0,11.444,133682000.0,1.238,1.0,494724000.0,0.736,56459000.0,0.0,-31029000.0,-12921500.0,0.0,0.0,0.0,0.0,436121000.0,345497000.0,90624000.0,1592792996.0,144009000.0,-9822000.0,12416000.0,0.0,0.0,12416000.0,-22178000.0,0.0,146033000.0,7738000.0,80509000.0,80509000.0,80509000.0,0.0,0.0,0.12,413006000.0,81718000.0,18929000.0,0.0,5.924,19.784,19.503,53590000.0,0.0,14.725,2.369,2.365,134364000.0,-1367991000.0,672409000.0,672409000.0,104880000.0,0.124,0.364,-6.295,0.121,546000.0,282805000.0,1.0,108169304.0,108014400.0,111677600.0,6.225,648532000.0,0.0,835000.0,37867000.0,6.004,217740000.0
67,PTC,MRT,2004-09-30,2004-09-30,2004-09-30,2021-08-03,-36015000.0,676340000.0,614712500.0,522740000.0,153600000.0,1.074,2.259,-12448000.0,294887000.0,294887000.0,182175000.0,34813000.0,1.674,1.795,0.0,0.0,0.0,0.0,176664000.0,35157000.0,0.0,0.0,0.0,37039000.0,72196000.0,0.109,72196000.0,37039000.0,37039000.0,0.33,0.32,0.33,241951000.0,196547500.0,241951000.0,1163246799.0,31.0,16.112,88888000.0,0.83,1.0,477854000.0,0.724,56543000.0,0.0,12669000.0,-851500.0,0.0,0.0,0.0,0.0,434389000.0,312241000.0,122148000.0,1420987799.0,89575000.0,-9822000.0,9712000.0,0.0,0.0,9712000.0,-22270000.0,0.0,101336000.0,797000.0,34813000.0,34813000.0,34813000.0,0.0,0.0,0.053,440438000.0,37416000.0,19067000.0,0.0,5.873,40.818,40.0,55780000.0,0.0,13.2,2.153,2.142,130393000.0,-1387150000.0,660029000.0,660029000.0,107992000.0,0.057,0.177,-43.499,0.056,437000.0,284318000.0,1.0,107650591.0,107082000.0,109273000.0,6.164,619797000.0,39967000.0,2226000.0,40955000.0,5.788,210499000.0
68,PTC,MRT,2004-06-30,2004-07-03,2004-07-03,2021-08-03,-36399000.0,613156000.0,595877000.0,465549000.0,147607000.0,1.097,1.818,-13441000.0,257741000.0,257741000.0,197985000.0,-45190000.0,1.413,2.146,0.0,0.0,0.0,0.0,202165000.0,37988000.0,0.0,0.0,0.0,-24332000.0,13656000.0,0.021,13656000.0,-24332000.0,-24332000.0,-0.425,-0.425,-0.425,194919000.0,184849250.0,194919000.0,1091895532.0,-45.0,79.957,44741000.0,0.417,1.0,455613000.0,0.697,58536000.0,0.0,-32633000.0,1738000.0,0.0,0.0,0.0,0.0,418237000.0,329512000.0,88725000.0,1313560532.0,49479000.0,-9822000.0,9122000.0,0.0,0.0,8955000.0,-23263000.0,0.0,58182000.0,5605000.0,-45190000.0,-45190000.0,-45190000.0,0.0,0.0,-0.069,477990000.0,-22377000.0,17327000.0,0.0,6.739,-29.068,-28.824,57354000.0,0.0,12.25,2.01,2.01,144126000.0,-1429194000.0,653598000.0,653598000.0,115312000.0,-0.076,-0.244,-14.0,-0.037,456000.0,299635000.0,1.0,107229431.0,107241600.0,109993200.0,6.095,554620000.0,0.0,20858000.0,0.0,5.172,136037000.0
69,PTC,MRT,2004-03-31,2004-04-03,2004-04-03,2021-08-03,-35323000.0,605672000.0,595855000.0,459670000.0,146002000.0,1.092,1.676,-18339000.0,221665000.0,221665000.0,207256000.0,-95087000.0,1.373,2.378,0.0,0.0,0.0,0.0,214082000.0,39144000.0,0.0,0.0,0.0,-75548000.0,-36404000.0,-0.056,-36404000.0,-75548000.0,-75548000.0,-0.9,-0.9,-0.9,179305000.0,194494750.0,179305000.0,1042422006.0,-14.0,-28.635,234000.0,0.002,1.0,443209000.0,0.681,49838000.0,0.0,-693000.0,21536500.0,0.0,0.0,0.0,0.0,426367000.0,334862000.0,91505000.0,1232477006.0,47702000.0,0.0,8554000.0,0.0,0.0,8387000.0,13115000.0,31454000.0,18573000.0,7627000.0,-95087000.0,-95087000.0,-95087000.0,0.0,0.0,-0.146,517092000.0,-73883000.0,17949000.0,0.0,6.874,-12.962,-12.778,62541000.0,0.0,11.5,1.895,1.892,154827000.0,-1445329000.0,650465000.0,650465000.0,120942000.0,-0.16,-0.489,-3.508,-0.116,456000.0,321289000.0,1.0,107171914.0,107006000.0,109440400.0,6.079,555834000.0,0.0,19539000.0,0.0,5.194,124808000.0
70,PTC,MRT,2003-12-31,2004-01-03,2004-01-03,2021-08-03,-36902000.0,563682000.0,606104500.0,411899000.0,151783000.0,1.084,1.595,-23985000.0,190055000.0,190055000.0,219358000.0,-113427000.0,1.35,2.315,0.0,0.0,0.0,0.0,183563000.0,40364000.0,0.0,0.0,0.0,-93789000.0,-53425000.0,-0.081,-53425000.0,-93789000.0,-93789000.0,-1.075,-1.075,-1.075,170015000.0,216361250.0,170015000.0,839465082.0,-9.0,-15.713,-41286000.0,-0.387,1.0,437425000.0,0.666,51289000.0,0.0,17251000.0,49501250.0,0.0,0.0,0.0,0.0,393667000.0,305087000.0,88580000.0,1044777082.0,6695000.0,0.0,8029000.0,0.0,0.0,7862000.0,7763000.0,31748000.0,-17301000.0,8371000.0,-113427000.0,-113427000.0,-113427000.0,0.0,0.0,-0.173,528485000.0,-91060000.0,17923000.0,0.0,6.145,-9.211,-9.186,67807000.0,0.0,9.875,1.591,1.602,138529000.0,-1448500000.0,656783000.0,656783000.0,126104000.0,-0.187,-0.524,-1.895,-0.143,456000.0,344076000.0,1.0,105800211.0,106568800.0,106568800.0,6.163,512393000.0,0.0,19638000.0,0.0,4.808,106812000.0
71,PTC,MRT,2003-09-30,2003-09-30,2003-09-30,2021-08-03,-37846000.0,600998000.0,625450000.0,439394000.0,161604000.0,1.074,1.847,-25932000.0,205312000.0,205312000.0,218486000.0,-98280000.0,1.37,2.08,0.0,0.0,0.0,0.0,173015000.0,41637000.0,0.0,0.0,0.0,-82429000.0,-40792000.0,-0.061,-40792000.0,-82429000.0,-82429000.0,-0.925,-0.925,-0.925,195158000.0,243727500.0,195158000.0,630461892.0,-8.0,-15.456,-19437000.0,-0.184,1.0,453454000.0,0.675,51851000.0,0.0,23027000.0,73014250.0,0.0,0.0,0.0,0.0,405840000.0,320808000.0,85032000.0,838723892.0,26487000.0,0.0,7688000.0,0.0,0.0,7521000.0,5505000.0,31437000.0,6495000.0,6966000.0,-98280000.0,-98280000.0,-98280000.0,0.0,0.0,-0.146,533079000.0,-79625000.0,20569000.0,0.0,4.298,-8.534,-8.514,73563000.0,0.0,7.875,1.248,1.238,140151000.0,-1421963000.0,671940000.0,671940000.0,128425000.0,-0.157,-0.403,-1.129,-0.123,456000.0,367897000.0,1.0,106504621.0,105659600.0,105659600.0,6.359,549147000.0,24179000.0,15851000.0,30747000.0,5.197,118586000.0
72,PTC,MRT,2003-06-30,2003-06-28,2003-06-28,2021-08-03,-33616000.0,613068000.0,643940250.0,446194000.0,166874000.0,1.082,2.207,-24408000.0,208262000.0,208262000.0,211511000.0,-102094000.0,1.455,1.626,0.0,0.0,0.0,0.0,190122000.0,48883000.0,0.0,0.0,0.0,-53202000.0,-4319000.0,-0.006,-4319000.0,-53202000.0,-53202000.0,-0.975,-0.975,-0.975,233501000.0,267420000.0,233501000.0,648633639.0,-12.0,-150.181,-14435000.0,-0.136,1.0,485286000.0,0.696,51524000.0,0.0,46561000.0,98309000.0,0.0,0.0,0.0,0.0,379567000.0,306721000.0,72846000.0,822596639.0,30743000.0,10200000.0,7491000.0,0.0,0.0,7491000.0,11796000.0,26004000.0,9973000.0,1483000.0,-102094000.0,-102094000.0,-102094000.0,0.0,0.0,-0.147,551716000.0,-66430000.0,22881000.0,0.0,3.523,-8.057,-7.974,78808000.0,0.0,7.775,1.181,1.18,162146000.0,-1384005000.0,696797000.0,696797000.0,128070000.0,-0.159,-0.382,-0.541,-0.076,220000.0,380089000.0,1.0,105800211.0,105794800.0,,6.586,561544000.0,0.0,48892000.0,0.0,5.308,139473000.0
73,PTC,MRT,2003-03-31,2003-03-29,2003-03-29,2021-08-03,-34120000.0,646670000.0,674840250.0,473168000.0,173502000.0,1.052,2.528,-24705000.0,173963000.0,173963000.0,209028000.0,-95672000.0,1.53,1.424,0.0,0.0,0.0,0.0,198650000.0,56997000.0,0.0,0.0,0.0,-61684000.0,-4687000.0,-0.007,-4687000.0,-61684000.0,-61684000.0,-0.9,-0.9,-0.9,266771000.0,299164500.0,266771000.0,417957474.0,-7.0,-89.174,-13301000.0,-0.126,1.0,500590000.0,0.705,52245000.0,0.0,111166000.0,127131500.0,0.0,31574000.0,29924000.0,1650000.0,379899000.0,309296000.0,70603000.0,601317474.0,3837000.0,10200000.0,7617000.0,0.0,0.0,7617000.0,-19969000.0,-5464000.0,11404000.0,4785000.0,-95672000.0,-95672000.0,-95672000.0,0.0,0.0,-0.135,574282000.0,-73692000.0,29180000.0,0.0,2.254,-6.285,-6.361,81253000.0,0.0,5.725,0.847,0.851,161849000.0,-1350075000.0,709618000.0,709618000.0,129654000.0,-0.142,-0.32,-0.485,-0.087,220000.0,390452000.0,1.0,105033620.0,105518400.0,,6.725,594425000.0,1836000.0,33988000.0,0.0,5.633,163872000.0
74,PTC,MRT,2002-12-31,2002-12-28,2002-12-28,2021-08-03,-32559000.0,641064000.0,698203750.0,464326000.0,176738000.0,1.029,2.661,-26010000.0,183360000.0,183360000.0,212268000.0,-98971000.0,1.584,1.294,0.0,0.0,0.0,0.0,179548000.0,64898000.0,0.0,0.0,0.0,-74444000.0,-9546000.0,-0.013,-9546000.0,-74444000.0,-74444000.0,-0.925,-0.925,-0.925,279480000.0,327520750.0,279480000.0,467620789.0,-6.0,-48.986,-35282000.0,-0.336,1.0,506237000.0,0.705,53241000.0,0.0,111303000.0,142530500.0,0.0,31921000.0,30264000.0,1657000.0,361584000.0,293160000.0,68424000.0,645139789.0,-19676000.0,10200000.0,8358000.0,0.0,0.0,8358000.0,-23153000.0,-7343000.0,-9272000.0,4391000.0,-98971000.0,-98971000.0,-98971000.0,0.0,0.0,-0.138,592624000.0,-86387000.0,25280000.0,0.0,2.308,-6.518,-6.676,82323000.0,0.0,6.175,0.898,0.903,159197000.0,-1334907000.0,718505000.0,718505000.0,133284000.0,-0.142,-0.302,-0.522,-0.104,220000.0,397590000.0,1.0,104476079.0,105033600.0,,6.841,587823000.0,4879000.0,24527000.0,0.0,5.597,171166000.0
75,PTC,MRT,2002-09-30,2002-09-30,2002-09-30,2021-08-03,-33379000.0,674959000.0,730615500.0,499585000.0,175374000.0,1.016,2.778,-31673000.0,178825000.0,178825000.0,216958000.0,-93621000.0,1.582,1.328,0.0,0.0,0.0,0.0,197303000.0,72405000.0,0.0,0.0,0.0,-74339000.0,-1934000.0,-0.003,-1934000.0,-74339000.0,-74339000.0,-0.9,-0.9,-0.9,289928000.0,355256500.0,289928000.0,292623356.0,-4.0,-151.305,-54287000.0,-0.52,1.0,524999000.0,0.708,56231000.0,0.0,124206000.0,149962000.0,0.0,31589000.0,27905000.0,3684000.0,385031000.0,315697000.0,69334000.0,470142356.0,-38544000.0,10200000.0,3629000.0,0.0,0.0,3629000.0,-21398000.0,75000.0,-22614000.0,1839000.0,-93621000.0,-93621000.0,-93621000.0,0.0,0.0,-0.126,612101000.0,-87102000.0,23834000.0,0.0,1.622,-5.022,-5.0,86535000.0,0.0,4.5,0.634,0.633,157522000.0,-1323517000.0,741957000.0,741957000.0,136073000.0,-0.128,-0.264,-0.496,-0.1,220000.0,400505000.0,1.0,104476079.0,104360400.0,104360400.0,7.11,618728000.0,52470000.0,19282000.0,642000.0,5.929,183888000.0
76,PTC,MRT,2002-06-30,2002-06-29,2002-06-29,2021-08-03,-24949000.0,736668000.0,762820250.0,476889000.0,259779000.0,1.02,3.455,-39385000.0,177519000.0,177519000.0,230652000.0,-78676000.0,1.436,1.044,0.0,0.0,0.0,0.0,189526000.0,73672000.0,0.0,0.0,0.0,-107505000.0,-33833000.0,-0.043,-33833000.0,-107505000.0,-107505000.0,-0.725,-0.725,-0.725,360479000.0,379047500.0,360479000.0,724421488.0,-7.0,-21.412,-65700000.0,-0.63,1.0,547249000.0,0.703,65199000.0,0.0,161851000.0,149909500.0,0.0,26336000.0,13509000.0,12827000.0,376189000.0,332099000.0,44090000.0,894547488.0,-82770000.0,0.0,-14554000.0,0.0,0.0,-14554000.0,-44198000.0,-4813000.0,-26315000.0,2297000.0,-78676000.0,-78676000.0,-78676000.0,0.0,0.0,-0.101,650634000.0,-103385000.0,28357000.0,0.0,2.482,-11.37,-11.828,91154000.0,0.0,8.575,1.15,1.15,158815000.0,-1095658000.0,777901000.0,777901000.0,141099000.0,-0.103,-0.208,-0.717,-0.138,236000.0,415887000.0,1.0,104320407.0,104320407.0,,7.457,671469000.0,32073000.0,-28829000.0,0.0,6.437,144790000.0
77,PTC,MRT,2002-03-31,2002-03-30,2002-03-30,2021-08-03,-29328000.0,740124000.0,782613000.0,469546000.0,270578000.0,1.061,3.656,-43892000.0,170126000.0,170126000.0,245157000.0,-54021000.0,1.449,0.947,0.0,0.0,0.0,0.0,191946000.0,74621000.0,0.0,0.0,0.0,-74011000.0,610000.0,0.001,610000.0,-74011000.0,-74011000.0,-0.5,-0.5,-0.5,380196000.0,401345000.0,380196000.0,1367297367.0,-18.0,2241.471,-67851000.0,-0.652,1.0,585346000.0,0.705,73184000.0,0.0,172762000.0,138068750.0,0.0,26129000.0,12627000.0,13502000.0,359928000.0,324052000.0,35876000.0,1570333367.0,-117872000.0,0.0,-36386000.0,0.0,0.0,-36386000.0,-54883000.0,-10991000.0,-23959000.0,-2644000.0,-54021000.0,-54021000.0,-54021000.0,0.0,0.0,-0.065,656915000.0,-71569000.0,30498000.0,0.0,4.13,-29.069,-30.2,92033000.0,0.0,15.1,1.891,1.891,161075000.0,-1067110000.0,830503000.0,830503000.0,146129000.0,-0.069,-0.135,-0.536,-0.089,236000.0,431084000.0,1.0,103995587.0,103995587.0,,7.986,666940000.0,16595000.0,-19990000.0,0.0,6.413,145494000.0
78,PTC,MRT,2001-12-31,2001-12-29,2001-12-29,2021-08-03,-29685000.0,770711000.0,809790250.0,495874000.0,274837000.0,1.108,3.746,-55184000.0,203036000.0,203036000.0,255525000.0,-28432000.0,1.443,0.974,0.0,0.0,0.0,0.0,201831000.0,75596000.0,0.0,0.0,0.0,-41003000.0,34593000.0,0.039,34593000.0,-41003000.0,-41003000.0,-0.25,-0.25,-0.25,390423000.0,424726500.0,390423000.0,1718425658.0,-42.0,49.676,6739000.0,0.065,1.0,641538000.0,0.715,83001000.0,0.0,141029000.0,120351250.0,0.0,24684000.0,13644000.0,11040000.0,380288000.0,343645000.0,36643000.0,1935794658.0,-33190000.0,0.0,-67126000.0,0.0,0.0,-67126000.0,-24206000.0,30978000.0,61923000.0,-3781000.0,-28432000.0,-28432000.0,-28432000.0,0.0,0.0,-0.032,673681000.0,-32143000.0,29514000.0,0.0,4.958,-68.085,-74.3,91283000.0,0.0,18.575,2.158,2.158,166132000.0,-1048196000.0,897063000.0,897063000.0,147822000.0,-0.035,-0.067,-0.341,-0.046,236000.0,439534000.0,1.0,104215056.0,104215056.0,,8.608,687710000.0,0.0,-12571000.0,0.0,6.599,152229000.0
79,PTC,MRT,2001-09-30,2001-09-30,2001-09-30,2021-08-03,-27637000.0,803778000.0,829771500.0,509109000.0,294669000.0,1.13,3.667,-64370000.0,217369000.0,217369000.0,264414000.0,-10138000.0,1.378,1.087,0.0,0.0,0.0,0.0,214486000.0,76135000.0,0.0,0.0,0.0,-13631000.0,62504000.0,0.067,62504000.0,-13631000.0,-13631000.0,-0.1,-0.1,-0.1,385092000.0,450766000.0,385092000.0,1102308822.0,-81.0,17.636,-13291000.0,-0.127,1.0,673135000.0,0.718,92838000.0,0.0,123996000.0,126735500.0,0.0,31729000.0,13906000.0,17823000.0,418686000.0,369575000.0,49111000.0,1362597822.0,-108503000.0,0.0,-107476000.0,0.0,0.0,-107476000.0,-46737000.0,17633000.0,51079000.0,-5369000.0,-10138000.0,-10138000.0,-10138000.0,0.0,0.0,-0.011,678907000.0,-5772000.0,28640000.0,0.0,3.538,-134.405,-129.75,91501000.0,0.0,12.975,1.453,1.453,185444000.0,-1060154000.0,937549000.0,937549000.0,148942000.0,-0.012,-0.022,-0.108,-0.015,236000.0,449455000.0,1.0,105017173.0,105017173.0,,8.928,710940000.0,69496000.0,-3493000.0,2497000.0,6.77,139534000.0
80,PTC,MRT,2001-06-30,2001-06-30,2001-06-30,2021-08-03,-15791000.0,815839000.0,860047750.0,558850000.0,256989000.0,1.09,4.255,-58952000.0,260289000.0,260289000.0,263900000.0,12977000.0,1.642,0.814,0.0,0.0,0.0,0.0,210963000.0,76849000.0,0.0,0.0,0.0,18706000.0,95555000.0,0.102,95555000.0,18706000.0,18706000.0,0.15,0.15,0.15,449669000.0,486628500.0,449669000.0,3407862055.0,182.0,35.664,25079000.0,0.237,1.0,673715000.0,0.719,100755000.0,0.0,114488000.0,121981500.0,0.0,21248000.0,13856000.0,7392000.0,366170000.0,340307000.0,25863000.0,3695860055.0,-73985000.0,0.0,-125817000.0,0.0,0.0,-125817000.0,-29276000.0,29676000.0,84031000.0,-2923000.0,12977000.0,12977000.0,12977000.0,0.0,0.0,0.014,650768000.0,22947000.0,31368000.0,0.0,8.219,284.801,233.167,89161000.0,0.0,34.975,3.942,3.942,180859000.0,-1020026000.0,937615000.0,937615000.0,147388000.0,0.015,0.027,0.153,0.02,0.0,455445000.0,1.0,105671481.0,105671481.0,,8.873,715084000.0,6023000.0,5729000.0,0.0,6.767,218543000.0
81,PTC,MRT,2001-03-31,2001-03-31,2001-03-31,2021-08-03,-16119000.0,848833000.0,895925250.0,588866000.0,259967000.0,1.043,4.456,-56191000.0,287998000.0,287998000.0,256237000.0,235000.0,1.691,0.792,0.0,0.0,0.0,0.0,217371000.0,78776000.0,0.0,0.0,0.0,1075000.0,79851000.0,0.085,79851000.0,1075000.0,1075000.0,0.025,0.025,0.025,473722000.0,511981500.0,473722000.0,2171896233.0,2020.0,27.199,46633000.0,0.439,1.0,677965000.0,0.726,110638000.0,0.0,101892000.0,118188500.0,0.0,15132000.0,12743000.0,2389000.0,375111000.0,348305000.0,26806000.0,2408122233.0,-40499000.0,0.0,-138626000.0,0.0,0.0,-138626000.0,-1188000.0,55003000.0,102824000.0,-3509000.0,235000.0,235000.0,235000.0,0.0,0.0,0.0,672900000.0,5065000.0,34479000.0,0.0,5.083,10247.329,906.0,87374000.0,0.0,22.65,2.578,2.578,192242000.0,-1017328000.0,934202000.0,934202000.0,145159000.0,0.0,0.0,0.009,0.001,0.0,461884000.0,1.0,106318862.0,106318862.0,,8.787,738195000.0,0.0,840000.0,1659000.0,6.943,240561000.0
82,PTC,MRT,2000-12-31,2000-12-30,2000-12-30,2021-08-03,-13806000.0,850636000.0,934431000.0,550375000.0,300261000.0,0.979,4.609,-48726000.0,236226000.0,236226000.0,254360000.0,-12732000.0,1.691,0.72,0.0,0.0,0.0,0.0,206576000.0,79465000.0,0.0,0.0,0.0,-16963000.0,62502000.0,0.068,62502000.0,-16963000.0,-16963000.0,-0.1,-0.1,-0.1,494581000.0,543562750.0,494581000.0,3279805286.0,-193.0,52.475,-15316000.0,-0.143,1.0,660474000.0,0.722,122432000.0,0.0,166566000.0,129802500.0,0.0,55632000.0,28566000.0,27066000.0,356055000.0,325412000.0,30643000.0,3605677286.0,-79125000.0,0.0,-109323000.0,0.0,0.0,-109323000.0,-2460000.0,46266000.0,33410000.0,-752000.0,-12732000.0,-12732000.0,-12732000.0,0.0,0.0,-0.014,681210000.0,-20736000.0,26187000.0,0.0,7.29,-283.198,-336.0,77579000.0,0.0,33.6,3.941,3.941,187546000.0,-1024165000.0,914834000.0,914834000.0,145505000.0,-0.014,-0.023,-0.131,-0.019,0.0,475728000.0,1.0,107311824.0,107311824.0,,8.525,728204000.0,0.0,-4231000.0,3298000.0,6.786,224963000.0
83,PTC,MRT,2000-09-30,2000-09-30,2000-09-30,2021-08-03,-12629000.0,924883000.0,977780500.0,628433000.0,296450000.0,0.94,4.853,-13086000.0,325872000.0,325872000.0,250622000.0,-14605000.0,1.734,0.75,0.0,0.0,0.0,0.0,231495000.0,78769000.0,0.0,0.0,0.0,-19601000.0,59168000.0,0.064,59168000.0,-19601000.0,-19601000.0,-0.125,-0.125,-0.125,528542000.0,569680250.0,528542000.0,2644442955.0,-135.0,44.694,38765000.0,0.356,1.0,668305000.0,0.727,131679000.0,0.0,104980000.0,127166750.0,0.0,49269000.0,22969000.0,26300000.0,396341000.0,362352000.0,33989000.0,2978716955.0,86083000.0,-7922000.0,-10399000.0,0.0,0.0,-10399000.0,40522000.0,61530000.0,51851000.0,4109000.0,-14605000.0,-14605000.0,-14605000.0,0.0,0.0,-0.016,691066000.0,-22761000.0,30944000.0,0.0,5.636,-203.952,-218.8,66879000.0,0.0,27.35,3.242,3.242,183804000.0,-1036456000.0,918927000.0,918927000.0,143763000.0,-0.015,-0.026,-0.154,-0.021,0.0,487337000.0,1.0,108911040.0,108911040.0,,8.437,793204000.0,0.0,-4996000.0,0.0,7.283,266081000.0
84,PTC,MRT,2000-06-30,2000-07-01,2000-07-01,2021-08-03,-13022000.0,959349000.0,1000714750.0,646659000.0,312690000.0,0.973,4.992,-45380000.0,334274000.0,334274000.0,242011000.0,32442000.0,1.687,0.741,0.0,0.0,0.0,0.0,228563000.0,77696000.0,0.0,0.0,0.0,46232000.0,123928000.0,0.127,123928000.0,46232000.0,46232000.0,0.3,0.275,0.3,551081000.0,567820750.0,551081000.0,2707587865.0,59.0,21.848,23595000.0,0.214,1.0,731481000.0,0.751,142499000.0,0.0,99316000.0,139122000.0,0.0,51113000.0,28374000.0,22739000.0,408268000.0,383260000.0,25008000.0,3036084865.0,121172000.0,-7737000.0,30298000.0,0.0,0.0,30298000.0,11460000.0,64577000.0,68975000.0,10439000.0,32442000.0,32442000.0,32442000.0,0.0,0.0,0.033,685910000.0,45571000.0,31483000.0,0.0,5.509,93.585,91.667,68434000.0,0.0,27.5,3.119,3.119,179246000.0,-1043166000.0,973492000.0,973492000.0,140152000.0,0.032,0.057,0.332,0.047,0.0,487068000.0,1.0,110403086.0,110403086.0,,8.818,816850000.0,0.0,13790000.0,6247000.0,7.399,263399000.0
85,PTC,MRT,2000-03-31,2000-04-01,2000-04-01,2021-08-03,-12602000.0,1002856000.0,995565250.0,684239000.0,318617000.0,1.015,5.456,-65944000.0,328497000.0,328497000.0,235794000.0,83288000.0,1.838,0.671,0.0,0.0,0.0,0.0,219153000.0,75263000.0,0.0,0.0,0.0,118244000.0,193507000.0,0.192,193507000.0,118244000.0,118244000.0,0.775,0.75,0.775,600047000.0,541112250.0,600047000.0,5475363483.0,46.0,28.295,16027000.0,0.146,1.0,774584000.0,0.767,153753000.0,0.0,148348000.0,154152250.0,0.0,72956000.0,54627000.0,18329000.0,402809000.0,372258000.0,30551000.0,5790714483.0,92233000.0,-10503000.0,40991000.0,0.0,0.0,40991000.0,-39915000.0,36532000.0,81971000.0,9186000.0,83288000.0,83288000.0,83288000.0,0.0,0.0,0.082,657154000.0,117430000.0,33972000.0,0.0,9.65,69.526,67.935,69266000.0,0.0,52.65,5.731,5.731,179487000.0,-1027306000.0,1010378000.0,1010378000.0,136326000.0,0.084,0.154,0.767,0.117,0.0,484829000.0,1.0,109985080.0,109985080.0,,9.187,849103000.0,0.0,34956000.0,20862000.0,7.72,311981000.0
86,PTC,MRT,1999-12-31,2000-01-01,2000-01-01,2021-08-03,-13145000.0,1024034000.0,977468250.0,719383000.0,304651000.0,1.071,5.525,-60739000.0,315351000.0,315351000.0,221955000.0,99683000.0,1.842,0.709,0.0,0.0,0.0,0.0,208939000.0,68185000.0,0.0,0.0,0.0,147820000.0,216005000.0,0.206,216005000.0,147820000.0,147820000.0,0.925,0.9,0.925,599051000.0,499534750.0,599051000.0,7095330888.0,48.0,32.848,61293000.0,0.565,1.0,824566000.0,0.788,162135000.0,0.0,156023000.0,146484500.0,0.0,105077000.0,95347000.0,9730000.0,424983000.0,390525000.0,34458000.0,7335119888.0,118547000.0,-80847000.0,33213000.0,0.0,0.0,33213000.0,-44346000.0,97240000.0,122032000.0,7648000.0,99683000.0,99683000.0,99683000.0,0.0,0.0,0.095,677895000.0,146671000.0,35982000.0,0.0,12.245,73.584,73.135,66601000.0,0.0,67.65,7.009,7.009,189340000.0,-1011954000.0,1046521000.0,1046521000.0,129025000.0,0.102,0.2,1.009,0.141,0.0,479523000.0,1.0,108427493.0,108427493.0,,9.652,861899000.0,0.0,48137000.0,44219000.0,7.949,328858000.0
87,PTC,MRT,1999-09-30,1999-09-30,1999-09-30,2021-08-03,-15381000.0,1016620000.0,936670750.0,705104000.0,311516000.0,1.129,4.838,-87663000.0,239789000.0,239789000.0,207655000.0,119293000.0,1.542,0.951,0.0,0.0,0.0,0.0,213059000.0,62283000.0,0.0,0.0,0.0,181242000.0,243525000.0,0.23,243525000.0,181242000.0,181242000.0,1.1,1.075,1.1,521104000.0,439626500.0,521104000.0,3421873886.0,19.0,14.051,63178000.0,0.587,1.0,849946000.0,0.804,166847000.0,0.0,152801000.0,169269250.0,0.0,114106000.0,101217000.0,12889000.0,495516000.0,457183000.0,38333000.0,3634975886.0,33818000.0,-72925000.0,-66102000.0,0.0,0.0,-66102000.0,-59086000.0,101502000.0,150841000.0,8165000.0,119293000.0,119293000.0,119293000.0,0.0,0.0,0.113,671154000.0,178792000.0,40879000.0,0.0,6.976,30.471,30.682,64176000.0,0.0,33.75,3.437,3.437,221889000.0,-1022357000.0,1057601000.0,1057601000.0,124131000.0,0.127,0.271,1.071,0.171,0.0,470788000.0,1.0,107702989.0,107702989.0,,9.82,849773000.0,0.0,61949000.0,80520000.0,7.89,247921000.0
88,PTC,MRT,1999-06-30,1999-07-03,1999-07-03,2021-08-03,-3878000.0,938751000.0,882780750.0,617383000.0,321368000.0,1.164,4.102,-54012000.0,213102000.0,213102000.0,189836000.0,121256000.0,1.487,1.113,0.0,0.0,0.0,0.0,194867000.0,53413000.0,0.0,0.0,0.0,202187000.0,255600000.0,0.249,255600000.0,202187000.0,188858000.0,1.125,1.1,1.125,444247000.0,393226500.0,444247000.0,3589320559.0,18.0,14.043,110018000.0,1.016,1.0,837699000.0,0.815,151043000.0,13329000.0,159437000.0,170672250.0,0.0,117734000.0,113752000.0,3982000.0,494504000.0,415169000.0,79335000.0,3825584559.0,19076000.0,-73110000.0,-129325000.0,0.0,0.0,-129325000.0,-16734000.0,110388000.0,164030000.0,1105000.0,121256000.0,121256000.0,121256000.0,0.0,0.0,0.118,652488000.0,185211000.0,39328000.0,0.0,8.611,31.55,31.4,62294000.0,0.0,35.325,3.723,3.723,201476000.0,-1068759000.0,1027535000.0,1027535000.0,115000000.0,0.137,0.308,1.185,0.197,0.0,468636000.0,1.0,108296803.0,108296803.0,,9.488,787708000.0,0.0,67602000.0,82698000.0,7.274,202214000.0
89,PTC,MRT,1999-03-31,1999-04-03,1999-04-03,2021-08-03,-2604000.0,930468000.0,850660500.0,602255000.0,328213000.0,1.185,4.055,-44643000.0,236264000.0,236264000.0,173951000.0,101046000.0,1.458,1.145,0.0,0.0,0.0,0.0,184122000.0,41406000.0,0.0,0.0,0.0,189553000.0,230959000.0,0.229,230959000.0,189553000.0,176224000.0,0.95,0.9,0.95,433737000.0,368795750.0,433737000.0,5150769460.0,27.0,22.302,106495000.0,0.996,1.0,834445000.0,0.827,163546000.0,13329000.0,117677000.0,186387000.0,0.0,109655000.0,87625000.0,22030000.0,496731000.0,412981000.0,83750000.0,5347573460.0,-19179000.0,-110943000.0,-81274000.0,0.0,0.0,-81274000.0,-87804000.0,67782000.0,151138000.0,-1239000.0,101046000.0,101046000.0,101046000.0,0.0,0.0,0.1,663130000.0,171315000.0,37192000.0,0.0,12.329,52.922,52.632,61363000.0,0.0,50.0,5.303,5.303,204991000.0,-1098091000.0,1008396000.0,1008396000.0,106691000.0,0.119,0.274,1.017,0.188,0.0,466675000.0,1.0,106951469.0,106951469.0,,9.429,766922000.0,0.0,75178000.0,91986000.0,7.171,189274000.0
90,PTC,MRT,1998-12-31,1999-01-02,1999-01-02,2021-08-03,-435000.0,860844000.0,815707000.0,602847000.0,257997000.0,1.237,3.335,-41118000.0,196804000.0,196804000.0,160657000.0,74555000.0,1.446,1.395,0.0,0.0,0.0,0.0,153150000.0,35349000.0,0.0,0.0,0.0,172112000.0,207461000.0,0.206,207461000.0,172112000.0,158783000.0,0.7,0.65,0.7,359418000.0,336412000.0,359418000.0,4172160225.0,24.0,20.111,135152000.0,1.254,1.0,848562000.0,0.841,0.0,13329000.0,247162000.0,190084250.0,0.0,203292000.0,133650000.0,69642000.0,501426000.0,416878000.0,84548000.0,4378131225.0,-65185000.0,-40599000.0,-38379000.0,-275683000.0,0.0,-314062000.0,72137000.0,154156000.0,176270000.0,470000.0,74555000.0,74555000.0,74555000.0,0.0,0.0,0.074,674572000.0,173990000.0,33009000.0,0.0,12.181,58.724,58.036,64375000.0,0.0,40.625,4.338,4.338,195740000.0,-1111380000.0,1009219000.0,1009219000.0,97063000.0,0.091,0.222,0.905,0.171,0.0,453391000.0,1.0,107769384.0,107769384.0,,9.365,860844000.0,0.0,84228000.0,114021000.0,7.988,185969000.0
91,PTC,MRT,1998-09-30,1998-09-30,1998-09-30,2021-08-03,-29333000.0,801060000.0,827360000.0,593781000.0,207279000.0,1.23,3.081,-35794000.0,205971000.0,205971000.0,155924000.0,86697000.0,1.415,1.388,0.0,0.0,0.0,0.0,145376000.0,29930000.0,0.0,0.0,0.0,198319000.0,228249000.0,0.224,228249000.0,198319000.0,184990000.0,0.8,0.775,0.8,335504000.0,427738000.0,335504000.0,2544508266.0,13.0,11.148,146095000.0,1.342,1.0,862046000.0,0.847,17134000.0,13329000.0,158413000.0,247686750.0,0.0,220212000.0,131405000.0,88807000.0,465556000.0,419542000.0,46014000.0,2738534266.0,37362000.0,-40599000.0,20468000.0,-275694000.0,0.0,-255226000.0,103491000.0,179884000.0,181889000.0,-4359000.0,86697000.0,86697000.0,86697000.0,0.0,0.0,0.085,654026000.0,208020000.0,34520000.0,0.0,8.162,31.587,31.438,62241000.0,0.0,25.15,2.69,2.69,189275000.0,-1123399000.0,1017970000.0,1017970000.0,93162000.0,0.105,0.203,0.801,0.195,0.0,452383000.0,1.0,108888042.0,108888042.0,,9.349,783926000.0,0.0,98293000.0,65048000.0,7.199,174239000.0
92,PTC,MRT,1998-06-30,1998-07-04,1998-07-04,2021-08-03,-1557000.0,810270000.0,866678000.0,589194000.0,221076000.0,1.181,3.202,-38822000.0,194026000.0,194026000.0,153311000.0,81675000.0,1.496,1.338,0.0,0.0,0.0,0.0,131027000.0,28639000.0,0.0,0.0,0.0,223310000.0,251949000.0,0.246,251949000.0,223310000.0,189241000.0,0.775,0.725,0.775,346524000.0,394060000.0,346524000.0,4098144439.0,18.0,16.266,124725000.0,1.153,1.0,870659000.0,0.85,0.0,34069000.0,222296000.0,356107750.0,0.0,234521000.0,131608000.0,102913000.0,463746000.0,393948000.0,69798000.0,4344938439.0,-55564000.0,-43999000.0,49833000.0,-258760000.0,0.0,-208927000.0,-15270000.0,67551000.0,163547000.0,-6481000.0,81675000.0,81675000.0,81675000.0,0.0,0.0,0.08,651926000.0,218733000.0,48100000.0,0.0,12.539,53.198,51.806,59375000.0,0.0,40.15,4.243,4.243,185757000.0,-1174850000.0,1023970000.0,1023970000.0,94312000.0,0.094,0.207,0.627,0.218,0.0,447615000.0,1.0,108217645.0,108217645.0,,9.462,810270000.0,0.0,107566000.0,62130000.0,7.487,195246000.0
93,PTC,MRT,1998-03-31,1998-04-04,1998-04-04,2021-08-03,1377000.0,790654000.0,,633914000.0,156740000.0,,2.963,-27156000.0,255443000.0,255443000.0,162117000.0,105052000.0,1.541,1.599,8649000.0,1291000.0,7358000.0,8649000.0,122393000.0,32018000.0,0.0,0.0,0.0,254136000.0,286154000.0,0.276,286154000.0,254136000.0,220067000.0,0.975,0.95,0.975,304202000.0,,304202000.0,8302705988.0,33.0,29.015,143186000.0,1.395,1.0,875043000.0,0.844,0.0,34069000.0,132466000.0,,0.0,182743000.0,120920000.0,61823000.0,486452000.0,411394000.0,75058000.0,8550313988.0,26303000.0,25100000.0,-391000.0,-257918000.0,0.0,-258309000.0,105287000.0,107343000.0,170342000.0,-2584000.0,105052000.0,105052000.0,105052000.0,0.0,0.0,0.101,617272000.0,257771000.0,44869000.0,0.0,28.107,81.391,85.41,47239000.0,0.0,83.275,8.244,8.244,190219000.0,-1190059000.0,1037160000.0,1037160000.0,93827000.0,,,,0.245,0.0,441379000.0,1.0,102675641.0,102675641.0,,10.101,790654000.0,0.0,115015000.0,60195000.0,7.701,222520000.0
94,PTC,MRT,1997-12-31,1998-01-03,1998-01-03,2021-08-03,0.0,907456000.0,,776505000.0,130951000.0,,7.075,-34725000.0,247608000.0,247608000.0,195760000.0,114284000.0,4.26,0.252,0.0,0.0,0.0,0.0,88051000.0,40477000.0,0.0,0.0,0.0,271868000.0,312345000.0,0.295,312345000.0,271868000.0,237799000.0,1.05,1.025,1.05,724722000.0,,724722000.0,5875406803.0,22.0,18.811,139277000.0,1.36,1.0,863816000.0,0.815,0.0,34069000.0,477572000.0,,0.0,359709000.0,321718000.0,37991000.0,182734000.0,182276000.0,458000.0,6029634803.0,48596000.0,25100000.0,-77552000.0,24393000.0,0.0,-53159000.0,-75858000.0,-66535000.0,174002000.0,-7956000.0,114284000.0,114284000.0,114284000.0,0.0,0.0,0.108,601653000.0,262163000.0,36882000.0,0.0,8.32,52.76,56.107,46969000.0,0.0,58.913,5.691,5.696,157896000.0,468554000.0,1059576000.0,1059576000.0,96031000.0,,,,0.257,0.0,451036000.0,1.0,102348989.0,102437600.0,,10.344,907456000.0,0.0,123515000.0,33627000.0,8.859,594229000.0
95,PTC,MRT,1997-09-30,1997-09-30,1997-09-30,2021-08-03,0.0,958332000.0,808774500.0,761928000.0,196404000.0,1.313,1.962,-37144000.0,168609000.0,168609000.0,224262000.0,87660000.0,1.691,3.773,253003000.0,39477000.0,213526000.0,253003000.0,114149000.0,38418000.0,0.0,0.0,0.0,239753000.0,278171000.0,0.262,278171000.0,239753000.0,205684000.0,0.825,0.8,0.825,200792000.0,356612000.0,200792000.0,,,,158628000.0,1.55,1.0,837756000.0,0.789,0.0,34069000.0,592097000.0,451854000.0,0.0,400096000.0,354516000.0,45580000.0,757540000.0,450629000.0,306911000.0,5645826095.0,-71570000.0,25100000.0,-118530000.0,24382000.0,0.0,-94148000.0,-165555000.0,-153511000.0,195772000.0,-7639000.0,87660000.0,87660000.0,87660000.0,0.0,0.0,0.083,608421000.0,229335000.0,38305000.0,0.0,28.118,64.406,66.864,56797000.0,0.0,55.163,5.316,5.316,196021000.0,-1229149000.0,1062018000.0,1062018000.0,93189000.0,0.108,0.246,0.531,0.226,0.0,448328000.0,1.0,102348989.0,102348989.0,106846400.0,10.376,958332000.0,0.0,118024000.0,107050000.0,9.363,311299000.0
96,PTC,MRT,1997-06-30,1997-06-28,1997-06-28,2021-08-03,,,,,,,,,,,,,,,,,,,,,,0.0,0.0,,,,,,,,,,,,,,,,,,1.0,,,,,,,,,,,,,,,,,,,,,,,,,,,,,,,,,,,,,,,,54.85,,,,,,,,,,,,,,1.0,,,,,,,,,,
97,PTC,MRT,1997-03-31,1997-03-29,1997-03-29,2021-08-03,,,,,,,,,,,,,,,,,,,,,,0.0,0.0,,,,,,,,,,,,,,,,,,1.0,,,,,,,,,,,,,,,,,,,,,,,,,,,,,,,,,,,,,,,,58.6,,,,,,,,,,,,,,1.0,,,,,,,,,,
98,PTC,MRT,1996-12-31,1996-12-28,1996-12-28,2021-08-03,,,,,,,,,,,,,,,,,,,,,,0.0,0.0,,,,,,,,,,,,,,,,,,1.0,,,,,,,,,,,,,,,,,,,,,,,,,,,,,,,,,,,,,,,,65.625,,,,,,,,,,,,,,1.0,,101999200.0,,,,,,,,
99,PTC,MRT,1996-09-30,1996-09-30,1996-09-30,2021-08-03,0.0,659217000.0,,562050000.0,97167000.0,,,-41944000.0,201614000.0,201614000.0,275270000.0,159567000.0,3.85,0.286,0.0,0.0,0.0,0.0,56420000.0,43174000.0,0.0,0.0,0.0,273130000.0,316304000.0,0.294,316304000.0,273130000.0,240424000.0,1.5,1.425,1.5,512432000.0,,512432000.0,,,,195019000.0,,1.0,802051000.0,0.744,0.0,32706000.0,311611000.0,,0.0,254498000.0,232602000.0,21896000.0,146785000.0,145992000.0,793000.0,,43562000.0,-23189000.0,-22740000.0,-6021000.0,0.0,-28761000.0,-157060000.0,-91927000.0,236963000.0,-7580000.0,159567000.0,159567000.0,159567000.0,0.0,0.0,0.148,542322000.0,259729000.0,39416000.0,0.0,,,41.15,36517000.0,0.0,61.725,,,117273000.0,306638000.0,1077321000.0,1077321000.0,79620000.0,,,,0.254,0.0,386882000.0,1.0,,,106568800.0,,659217000.0,0.0,80857000.0,17970000.0,,416058000.0
100,PTC,MRT,1995-09-30,1995-09-30,1995-09-30,2021-08-03,,,,,,,,-14000000.0,,,36318000.0,77362000.0,,,,,,,,9466000.0,,0.0,0.0,127660000.0,137126000.0,0.348,137126000.0,127660000.0,127660000.0,0.75,,0.75,,,,,,,105017000.0,,1.0,357992000.0,0.908,,0.0,,,,,,,,,,,3436000.0,-33507000.0,26129000.0,-775000.0,0.0,25354000.0,-141270000.0,-93763000.0,119017000.0,447000.0,77362000.0,77362000.0,77362000.0,0.0,0.0,0.196,239361000.0,118631000.0,,0.0,,,51.25,,0.0,38.438,,,,,394310000.0,394310000.0,25591000.0,,,,0.324,0.0,184332000.0,1.0,,,103236800.0,,,,50298000.0,,,
