None,ticker,dimension,calendardate,datekey,reportperiod,lastupdated,accoci,assets,assetsavg,assetsc,assetsnc,assetturnover,bvps,capex,cashneq,cashnequsd,cor,consolinc,currentratio,de,debt,debtc,debtnc,debtusd,deferredrev,depamor,deposits,divyield,dps,ebit,ebitda,ebitdamargin,ebitdausd,ebitusd,ebt,eps,epsdil,epsusd,equity,equityavg,equityusd,ev,evebit,evebitda,fcf,fcfps,fxusd,gp,grossmargin,intangibles,intexp,invcap,invcapavg,inventory,investments,investmentsc,investmentsnc,liabilities,liabilitiesc,liabilitiesnc,marketcap,ncf,ncfbus,ncfcommon,ncfdebt,ncfdiv,ncff,ncfi,ncfinv,ncfo,ncfx,netinc,netinccmn,netinccmnusd,netincdis,netincnci,netmargin,opex,opinc,payables,payoutratio,pb,pe,pe1,ppnenet,prefdivis,price,ps,ps1,receivables,retearn,revenue,revenueusd,rnd,roa,roe,roic,ros,sbcomp,sgna,sharefactor,sharesbas,shareswa,shareswadil,sps,tangibles,taxassets,taxexp,taxliabilities,tbvps,workingcapital
0,BEN,MRY,2020-12-31,2020-09-30,2020-09-30,2021-09-07,-407600000.0,21684500000.0,16742375000.0,,,0.332,20.419,-103700000.0,3989800000.0,3989800000.0,0.0,787100000.0,,1.016,6438700000.0,,,6438700000.0,0.0,208800000.0,0.0,0.053,1.08,1063100000.0,1271900000.0,0.228,1271900000.0,1063100000.0,1029700000.0,1.59,1.59,1.59,10114500000.0,10053425000.0,10114500000.0,4788007095.0,5.0,3.764,917700000.0,1.853,1.0,5566500000.0,1.0,9415000000.0,33400000.0,14718400000.0,9071850000.0,0.0,5378500000.0,,,10273500000.0,,,10080507095.0,-2000100000.0,-3821400000.0,-197600000.0,494100000.0,-533200000.0,194200000.0,-3243100000.0,682000000.0,1021400000.0,27400000.0,798900000.0,798900000.0,798900000.0,0.0,-11800000.0,0.144,4517600000.0,1048900000.0,1038100000.0,0.679,0.997,12.618,12.799,1348600000.0,0.0,20.35,1.811,1.811,1233100000.0,10472600000.0,5566500000.0,5566500000.0,0.0,0.048,0.079,0.117,0.191,122300000.0,4463600000.0,1.0,495356614.0,495356614.0,,11.237,12269500000.0,0.0,230800000.0,1008600000.0,24.769,
1,BEN,MRY,2019-12-31,2019-09-30,2019-09-30,2021-09-07,-431600000.0,14532200000.0,14296275000.0,,,0.397,19.669,-233700000.0,5957600000.0,5957600000.0,0.0,1205500000.0,,0.319,747700000.0,,,747700000.0,0.0,179200000.0,0.0,0.036,1.04,1660400000.0,1839600000.0,0.324,1839600000.0,1660400000.0,1638000000.0,2.35,2.35,2.35,9906500000.0,9861675000.0,9906500000.0,9507017585.0,6.0,5.168,-32100000.0,-0.064,1.0,5669400000.0,1.0,2994500000.0,22400000.0,6327800000.0,6110150000.0,0.0,3859700000.0,,,3161300000.0,,,14535817585.0,-953000000.0,-684200000.0,-731200000.0,18100000.0,-518600000.0,-40500000.0,-1077100000.0,-159200000.0,201600000.0,-37000000.0,1195700000.0,1195700000.0,1195700000.0,0.0,9800000.0,0.211,4202500000.0,1466900000.0,304400000.0,0.443,1.467,12.157,12.281,683700000.0,0.0,28.86,2.564,2.564,839000000.0,10288200000.0,5669400000.0,5669400000.0,0.0,0.084,0.121,0.272,0.293,111500000.0,4187800000.0,1.0,503666583.0,503666583.0,,11.256,11537700000.0,0.0,442300000.0,944800000.0,22.907,
2,BEN,MRY,2018-12-31,2018-09-30,2018-09-30,2021-09-07,-370600000.0,14383500000.0,16418975000.0,,,0.378,18.782,-106500000.0,6910600000.0,6910600000.0,0.0,742700000.0,,0.316,728500000.0,,,728500000.0,0.0,157100000.0,0.0,0.129,3.92,2283200000.0,2440300000.0,0.393,2440300000.0,2283200000.0,2236900000.0,1.39,1.39,1.39,9899200000.0,10394800000.0,9899200000.0,10103441474.0,4.0,4.14,2123200000.0,4.028,1.0,6204500000.0,1.0,2333400000.0,46300000.0,5868000000.0,7220775000.0,0.0,3535900000.0,,,3132000000.0,,,16027841474.0,-1839100000.0,-86800000.0,-1400000000.0,-382900000.0,-2116900000.0,-3761700000.0,-290400000.0,-97100000.0,2229700000.0,-16700000.0,764400000.0,764400000.0,764400000.0,0.0,-21700000.0,0.123,4176300000.0,2028200000.0,226900000.0,2.82,1.619,20.968,21.878,535000000.0,0.0,30.41,2.583,2.583,847900000.0,10217900000.0,6204500000.0,6204500000.0,0.0,0.047,0.074,0.316,0.368,117800000.0,4174500000.0,1.0,527058253.0,527058253.0,,11.772,12050100000.0,0.0,1472500000.0,1161300000.0,22.863,
3,BEN,MRY,2017-12-31,2017-09-30,2017-09-30,2021-09-07,-284800000.0,17534000000.0,17107650000.0,,,0.374,22.629,-74900000.0,8749700000.0,8749700000.0,0.0,1789700000.0,,0.21,1097600000.0,,,1097600000.0,0.0,152300000.0,0.0,0.018,0.8,2507600000.0,2659900000.0,0.416,2659900000.0,2507600000.0,2456100000.0,3.01,3.01,3.01,12620000000.0,12294600000.0,12620000000.0,17464889047.0,7.0,6.566,1060500000.0,1.902,1.0,6392200000.0,1.0,2227700000.0,51500000.0,7654200000.0,7680950000.0,0.0,4861000000.0,,,2656300000.0,,,24823289047.0,266400000.0,-14000000.0,-740400000.0,-641600000.0,-441200000.0,-956000000.0,52000000.0,190100000.0,1135400000.0,35000000.0,1696700000.0,1696700000.0,1696700000.0,0.0,93000000.0,0.265,4127900000.0,2264300000.0,291500000.0,0.266,1.967,14.63,14.787,517200000.0,0.0,44.51,3.883,3.883,1001900000.0,12849300000.0,6392200000.0,6392200000.0,0.0,0.099,0.138,0.326,0.392,124300000.0,4127900000.0,1.0,557701394.0,557701394.0,,11.462,15306300000.0,0.0,759400000.0,245300000.0,27.445,
4,BEN,MRY,2016-12-31,2016-09-30,2016-09-30,2021-09-07,-347400000.0,16098800000.0,16035675000.0,,,0.413,20.718,-97600000.0,8483300000.0,8483300000.0,0.0,1757700000.0,,0.294,2083400000.0,,,2083400000.0,0.0,162300000.0,0.0,0.02,0.72,2518700000.0,2681000000.0,0.405,2681000000.0,2518700000.0,2468800000.0,2.94,2.94,2.94,11935800000.0,11817375000.0,11935800000.0,14414337095.0,6.0,5.376,1630100000.0,2.829,1.0,6618000000.0,1.0,2211300000.0,49900000.0,7487600000.0,7686775000.0,0.0,3930000000.0,,,3509500000.0,,,20492637095.0,115200000.0,0.0,-1283900000.0,-93800000.0,-408700000.0,-1800700000.0,192200000.0,289800000.0,1727700000.0,-4000000.0,1726700000.0,1726700000.0,1726700000.0,0.0,31000000.0,0.261,4252300000.0,2365700000.0,233300000.0,0.245,1.717,11.868,12.099,523200000.0,0.0,35.57,3.097,3.097,794300000.0,12226200000.0,6618000000.0,6618000000.0,0.0,0.108,0.146,0.328,0.381,132300000.0,4252300000.0,1.0,576121369.0,576121369.0,,11.487,13887500000.0,0.0,742100000.0,161500000.0,24.105,
5,BEN,MRY,2015-12-31,2015-09-30,2015-09-30,2021-09-07,-314200000.0,16335700000.0,16448475000.0,,,0.483,19.291,-68800000.0,8368100000.0,8368100000.0,0.0,2104700000.0,,0.319,2155300000.0,,,2155300000.0,0.0,210200000.0,0.0,0.016,0.6,2998600000.0,3208800000.0,0.404,3208800000.0,2998600000.0,2959000000.0,3.29,3.29,3.29,11841000000.0,11825950000.0,11841000000.0,16647959761.0,6.0,5.188,2183200000.0,3.557,1.0,7948700000.0,1.0,2257000000.0,39600000.0,7865900000.0,8197475000.0,0.0,4109100000.0,,,3780300000.0,,,22870859761.0,772100000.0,205000000.0,-1034300000.0,-14700000.0,-666400000.0,-1612200000.0,248900000.0,112700000.0,2252000000.0,-116600000.0,2035300000.0,2035300000.0,2035300000.0,0.0,69400000.0,0.256,4921100000.0,3027600000.0,232100000.0,0.182,1.931,11.237,11.325,510100000.0,0.0,37.26,2.877,2.877,838000000.0,12094800000.0,7948700000.0,7948700000.0,0.0,0.124,0.172,0.366,0.377,140000000.0,4921100000.0,1.0,613818029.0,613818029.0,,12.95,14078700000.0,0.0,923700000.0,241400000.0,22.936,
6,BEN,MRY,2014-12-31,2014-09-30,2014-09-30,2021-09-07,-117700000.0,16357100000.0,16273925000.0,,,0.522,18.526,-53100000.0,7596000000.0,7596000000.0,0.0,2411700000.0,,0.338,2149000000.0,,,2149000000.0,0.0,222400000.0,0.0,0.009,0.48,3429600000.0,3652000000.0,0.43,3652000000.0,3429600000.0,3382200000.0,3.79,3.79,3.79,11584100000.0,11245700000.0,11584100000.0,28639747681.0,8.0,7.842,2084900000.0,3.334,1.0,8491400000.0,1.0,2325900000.0,47400000.0,8584200000.0,8911225000.0,0.0,4678200000.0,,,3909900000.0,,,34147147681.0,1272900000.0,0.0,-589600000.0,-180000000.0,-290400000.0,-1195300000.0,390600000.0,443700000.0,2138000000.0,-60400000.0,2384300000.0,2384300000.0,2384300000.0,0.0,27400000.0,0.281,5270200000.0,3221200000.0,237500000.0,0.127,2.948,14.322,14.409,530700000.0,0.0,54.61,4.021,4.021,950000000.0,11639500000.0,8491400000.0,8491400000.0,0.0,0.147,0.212,0.385,0.404,127700000.0,5270200000.0,1.0,625291113.0,625291113.0,,13.58,14031200000.0,98100000.0,997900000.0,259300000.0,22.439,
7,BEN,MRY,2013-12-31,2013-09-30,2013-09-30,2021-09-07,6100000.0,15390300000.0,14967975000.0,,,0.533,15.858,-62200000.0,6323100000.0,6323100000.0,0.0,2170700000.0,,0.455,2295100000.0,,,2295100000.0,0.0,231500000.0,586800000.0,0.027,1.39,3053000000.0,3284500000.0,0.411,3284500000.0,3053000000.0,3006100000.0,3.37,3.37,3.37,10073100000.0,9555175000.0,10073100000.0,28266857157.0,9.0,8.606,1973500000.0,3.107,1.0,7985000000.0,1.0,2359200000.0,46900000.0,9003100000.0,9149275000.0,0.0,4813200000.0,,,4583000000.0,,,32109457157.0,271700000.0,-5800000.0,-449700000.0,-743900000.0,-882700000.0,-2018100000.0,232900000.0,300900000.0,2035700000.0,21200000.0,2150200000.0,2150200000.0,2150200000.0,0.0,20500000.0,0.269,5063700000.0,2921300000.0,273700000.0,0.412,3.188,14.933,15.0,564100000.0,0.0,50.55,4.021,4.021,1038900000.0,10003900000.0,7985000000.0,7985000000.0,0.0,0.144,0.225,0.334,0.382,113400000.0,5063700000.0,1.0,635201922.0,635201922.0,,12.571,13031100000.0,112400000.0,855900000.0,272500000.0,20.515,
8,BEN,MRY,2012-12-31,2012-09-30,2012-09-30,2021-09-07,62000000.0,14751500000.0,13863527000.0,,,0.512,14.426,-78400000.0,6051400000.0,6051400000.0,0.0,1915500000.0,,0.54,2777200000.0,,,2777200000.0,0.0,212000000.0,671700000.0,0.025,1.027,2730800000.0,2942800000.0,0.414,2942800000.0,2730800000.0,2694100000.0,2.99,2.98,2.99,9201300000.0,8728512750.0,9201300000.0,23151608832.0,8.0,7.867,987800000.0,1.549,1.0,7101000000.0,1.0,2141900000.0,36700000.0,9335400000.0,7675451750.0,0.0,4868900000.0,,,4964300000.0,,,26590251832.0,852800000.0,169600000.0,-748300000.0,313100000.0,-663000000.0,-1084900000.0,873400000.0,782200000.0,1066200000.0,-1900000.0,1931400000.0,1931400000.0,1931400000.0,0.0,-15900000.0,0.272,4585800000.0,2515200000.0,241600000.0,0.343,2.89,13.767,13.943,582700000.0,0.0,41.69,3.745,3.745,850200000.0,9075600000.0,7101000000.0,7101000000.0,0.0,0.139,0.221,0.356,0.385,81600000.0,4585800000.0,1.0,637808871.0,637808871.0,,11.133,12609600000.0,94900000.0,762700000.0,276300000.0,19.77,
9,BEN,MRY,2011-12-31,2011-09-30,2011-09-30,2021-09-07,40400000.0,13775800000.0,13036534000.0,7616768000.0,6159075000.0,0.548,12.885,-131700000.0,5198600000.0,5198600000.0,0.0,1820800000.0,5.805,0.546,2168500000.0,84511000.0,2083926000.0,2168500000.0,0.0,243600000.0,890200000.0,0.01,0.333,2764400000.0,3008000000.0,0.421,3008000000.0,2764400000.0,2727000000.0,2.89,2.87,2.89,8524700000.0,8438608750.0,8524700000.0,18482182226.0,7.0,6.144,1490100000.0,2.252,1.0,7140000000.0,1.0,2148200000.0,37400000.0,7285436000.0,7169840000.0,0.0,4742000000.0,1913517000.0,2849992000.0,4653300000.0,1312064000.0,3341309000.0,21092175226.0,1074900000.0,-33900000.0,-904600000.0,-340300000.0,-216300000.0,-968200000.0,435900000.0,555700000.0,1621800000.0,-14600000.0,1923600000.0,1923600000.0,1923600000.0,0.0,-102800000.0,0.269,4480200000.0,2659800000.0,265900000.0,0.115,2.474,10.965,11.031,589700000.0,0.0,31.88,2.954,2.954,773200000.0,8462500000.0,7140000000.0,7140000000.0,0.0,0.148,0.228,0.386,0.387,74000000.0,4480200000.0,1.0,661611519.0,661611519.0,,10.792,11627600000.0,107900000.0,803400000.0,403200000.0,17.575,6304704000.0
10,BEN,MRY,2010-12-31,2010-09-30,2010-09-30,2021-09-07,173716000.0,10708088000.0,9965653250.0,6362793000.0,4345295000.0,0.587,11.443,-57400000.0,4123716000.0,4123716000.0,0.0,1451500000.0,6.321,0.383,979900000.0,29997000.0,949903000.0,979900000.0,0.0,267400000.0,655748000.0,0.038,1.363,2080500000.0,2347900000.0,0.401,2347900000.0,2080500000.0,2064000000.0,2.12,2.11,2.12,7726994000.0,7418205750.0,7726994000.0,21021324310.0,10.0,8.953,1593600000.0,2.36,1.0,5853000000.0,1.0,2006629000.0,16500000.0,4551001000.0,4123083250.0,0.0,3077020000.0,1567899000.0,1509121000.0,2958109000.0,1006642000.0,1951467000.0,24062110310.0,1019200000.0,0.0,-634000000.0,851500000.0,-883500000.0,-594900000.0,-32700000.0,24700000.0,1651000000.0,-4200000.0,1445700000.0,1445700000.0,1445700000.0,0.0,5800000.0,0.247,3894300000.0,1958700000.0,244203000.0,0.643,3.114,16.644,16.808,548956000.0,0.0,35.633,4.111,4.111,684223000.0,7530877000.0,5853000000.0,5853000000.0,0.0,0.145,0.195,0.505,0.355,70000000.0,3894300000.0,1.0,675269700.0,675269700.0,,8.668,8701459000.0,89242000.0,618300000.0,337007000.0,12.886,5356151000.0
11,BEN,MRY,2009-12-31,2009-09-30,2009-09-30,2021-09-07,103351000.0,9468463000.0,9132289250.0,5244420000.0,4224043000.0,0.459,11.045,-45183000.0,3104451000.0,3104451000.0,0.0,904291000.0,7.228,0.232,121156000.0,64156000.0,57000000.0,121156000.0,0.0,181272000.0,664580000.0,0.008,0.277,1284863000.0,1466135000.0,0.35,1466135000.0,1284863000.0,1281092000.0,1.29,1.283,1.29,7632173000.0,7265690250.0,7632173000.0,20981104334.0,16.0,14.31,596219000.0,0.863,1.0,4194087000.0,1.0,2004600000.0,3771000.0,3755028000.0,3966477000.0,0.0,2982838000.0,1581846000.0,1400992000.0,1768902000.0,725540000.0,1043362000.0,23171019334.0,576899000.0,533000.0,-352551000.0,-79836000.0,-192784000.0,-340608000.0,289939000.0,334589000.0,641402000.0,-13834000.0,896778000.0,896778000.0,896778000.0,0.0,7513000.0,0.214,2991493000.0,1202594000.0,174525000.0,0.215,3.036,25.838,25.995,535459000.0,0.0,33.533,5.525,5.525,581810000.0,7505890000.0,4194087000.0,4194087000.0,0.0,0.098,0.123,0.324,0.306,84443000.0,2991493000.0,1.0,690984672.0,690984672.0,,6.07,7463863000.0,67773000.0,384314000.0,247208000.0,10.802,4518880000.0
12,BEN,MRY,2008-12-31,2008-09-30,2008-09-30,2021-09-07,6354000.0,9176520000.0,9534639250.0,4849632000.0,4326888000.0,0.633,10.066,-63498000.0,2527552000.0,2527552000.0,0.0,1599819000.0,5.182,0.286,269271000.0,13287000.0,255984000.0,269271000.0,0.0,215222000.0,570279000.0,0.009,0.25,2252347000.0,2467569000.0,0.409,2467569000.0,2252347000.0,2236589000.0,2.227,2.207,2.227,7074364000.0,7056773250.0,7074364000.0,17986229343.0,8.0,7.289,1345743000.0,1.915,1.0,6032386000.0,1.0,2017665000.0,15758000.0,3964684000.0,4018724000.0,0.0,3113499000.0,1793211000.0,1320288000.0,2024994000.0,935890000.0,1089104000.0,20645544343.0,-1056631000.0,0.0,-1529994000.0,-512536000.0,-179033000.0,-1299975000.0,-1096122000.0,-1032624000.0,1409241000.0,0.0,1588213000.0,1588213000.0,1588213000.0,0.0,11606000.0,0.263,3755380000.0,2277006000.0,289985000.0,0.112,2.918,12.999,13.191,554706000.0,0.0,29.377,3.422,3.422,690351000.0,7044732000.0,6032386000.0,6032386000.0,0.0,0.167,0.225,0.56,0.373,52800000.0,3563065000.0,1.0,702787167.0,702787167.0,,8.584,7158855000.0,17308000.0,648376000.0,212521000.0,10.186,3913742000.0
13,BEN,MRY,2007-12-31,2007-09-30,2007-09-30,2021-09-07,258311000.0,9932272000.0,9666849750.0,5456726000.0,4475546000.0,0.642,9.938,-94144000.0,3584183000.0,3584183000.0,0.0,1772938000.0,3.801,0.349,822898000.0,420000000.0,402898000.0,822898000.0,0.0,198619000.0,442011000.0,0.004,0.19,2488521000.0,2687140000.0,0.433,2687140000.0,2488521000.0,2465301000.0,2.37,2.343,2.37,7332275000.0,7123166250.0,7332275000.0,28541512152.0,11.0,10.622,1579489000.0,2.141,1.0,6205769000.0,1.0,2058244000.0,23220000.0,3677100000.0,3570224000.0,0.0,2490866000.0,1205019000.0,1285847000.0,2558593000.0,1435643000.0,1122950000.0,31357976152.0,-28952000.0,-92307000.0,-1222526000.0,-140104000.0,-142747000.0,-1449247000.0,-306168000.0,-119717000.0,1673633000.0,0.0,1772938000.0,1772938000.0,1772938000.0,0.0,0.0,0.286,3980108000.0,2225661000.0,272248000.0,0.08,4.277,17.687,17.932,559483000.0,0.0,42.5,5.053,5.053,865128000.0,7049417000.0,6205769000.0,6205769000.0,0.0,0.183,0.249,0.697,0.401,56628000.0,3748585000.0,1.0,737834733.0,737834733.0,,8.411,7874028000.0,82084000.0,692363000.0,334178000.0,10.672,4021083000.0
14,BEN,MRY,2006-12-31,2006-09-30,2006-09-30,2021-09-07,139977000.0,9499859000.0,9132847250.0,4969601000.0,4530258000.0,0.553,8.822,-69050000.0,3613135000.0,3613135000.0,0.0,1267568000.0,5.165,0.407,1028312000.0,168063000.0,860249000.0,1028312000.0,0.0,215271000.0,548907000.0,0.003,0.12,1864787000.0,2080058000.0,0.412,2080058000.0,1864787000.0,1835566000.0,1.657,1.62,1.657,6684728000.0,6456797250.0,6684728000.0,24251884698.0,13.0,11.659,1208840000.0,1.595,1.0,5050726000.0,1.0,1981458000.0,29221000.0,3971382000.0,3689003750.0,0.0,2222553000.0,934264000.0,1288289000.0,2719335000.0,962196000.0,1757139000.0,26679959698.0,460976000.0,3795000.0,-887617000.0,-48702000.0,-117730000.0,-853438000.0,36524000.0,101779000.0,1277890000.0,0.0,1267568000.0,1267568000.0,1267568000.0,0.0,0.0,0.251,3287472000.0,1763254000.0,263019000.0,0.072,3.991,21.048,21.249,506291000.0,0.0,35.21,5.282,5.282,711141000.0,6333843000.0,5050726000.0,5050726000.0,0.0,0.139,0.196,0.505,0.369,26760000.0,3036456000.0,1.0,757738134.0,757738134.0,,6.666,7518401000.0,95980000.0,567998000.0,309524000.0,9.922,4007405000.0
15,BEN,MRY,2005-12-31,2005-09-30,2005-09-30,2021-09-07,99723000.0,8893927000.0,8643298250.0,4620588000.0,4273339000.0,0.499,7.531,-74925000.0,3152159000.0,3152159000.0,0.0,1057631000.0,5.424,0.551,1617001000.0,169389000.0,1447612000.0,1617001000.0,0.0,212173000.0,519140000.0,0.029,0.8,1454898000.0,1667071000.0,0.387,1667071000.0,1454898000.0,1420855000.0,1.407,1.353,1.407,5684384000.0,5346635250.0,5684384000.0,19703980768.0,14.0,11.82,775063000.0,1.027,1.0,4310098000.0,1.0,2047444000.0,34043000.0,4459428000.0,4019690750.0,0.0,2133323000.0,873176000.0,1260147000.0,3133436000.0,851897000.0,2281539000.0,21125644768.0,234971000.0,-37000.0,-39484000.0,241102000.0,-598659000.0,-357458000.0,-257559000.0,-182597000.0,849988000.0,0.0,1057631000.0,1057631000.0,1057631000.0,0.0,0.0,0.245,2899252000.0,1410846000.0,205853000.0,0.569,3.716,19.974,19.891,489366000.0,0.0,27.987,4.901,4.901,549203000.0,5206485000.0,4310098000.0,4310098000.0,0.0,0.122,0.198,0.362,0.338,0.0,2700594000.0,1.0,754846764.0,754846764.0,,5.71,6846483000.0,121891000.0,363224000.0,260735000.0,9.07,3768691000.0
16,BEN,MRY,2004-12-31,2004-09-30,2004-09-30,2021-09-07,75175000.0,8227768000.0,7892559000.0,4043845000.0,4183923000.0,0.436,6.826,-21256000.0,2917188000.0,2917188000.0,0.0,706664000.0,4.392,0.596,1366042000.0,169633000.0,1196409000.0,1366042000.0,0.0,183437000.0,555746000.0,0.007,0.138,1029303000.0,1212740000.0,0.353,1212740000.0,1029303000.0,998645000.0,0.947,0.917,0.947,5106784000.0,4852883750.0,5106784000.0,12769453590.0,12.0,10.529,908409000.0,1.214,1.0,3438208000.0,1.0,2053257000.0,30658000.0,3702617000.0,4055147500.0,0.0,1761840000.0,689994000.0,1071846000.0,3044895000.0,920748000.0,2124147000.0,13905674590.0,1863493000.0,-68255000.0,61326000.0,76999000.0,-82006000.0,92420000.0,841408000.0,898432000.0,929665000.0,0.0,706664000.0,706664000.0,706664000.0,0.0,0.0,0.206,2408490000.0,1029718000.0,287573000.0,0.146,2.723,19.678,19.627,470578000.0,0.0,18.587,4.044,4.044,444031000.0,4751504000.0,3438208000.0,3438208000.0,0.0,0.09,0.146,0.254,0.299,110555000.0,2190106000.0,1.0,748153224.0,748153224.0,,4.596,6174511000.0,133420000.0,291981000.0,312988000.0,8.253,3123097000.0
17,BEN,MRY,2003-12-31,2003-09-30,2003-09-30,2021-09-07,47847000.0,6970749000.0,6768372750.0,2968827000.0,4001922000.0,0.389,5.724,-50159000.0,1053695000.0,1053695000.0,0.0,502830000.0,6.077,0.611,1109168000.0,287000.0,1108881000.0,1109168000.0,0.0,177420000.0,633983000.0,0.007,0.098,720113000.0,897533000.0,0.341,897533000.0,720113000.0,700203000.0,0.66,0.65,0.66,4310108000.0,4349421750.0,4310108000.0,10766463397.0,15.0,11.996,486255000.0,0.646,1.0,2632124000.0,1.0,2019798000.0,19910000.0,4517898000.0,4093566500.0,0.0,2631348000.0,1521933000.0,1109415000.0,2635297000.0,488526000.0,2146771000.0,11096048397.0,73091000.0,0.0,-530246000.0,500409000.0,-75441000.0,-203531000.0,-259792000.0,-220276000.0,536414000.0,0.0,502830000.0,502830000.0,502830000.0,0.0,0.0,0.191,1910547000.0,721577000.0,215494000.0,0.148,2.574,22.067,22.328,356772000.0,0.0,14.737,4.216,4.216,441156000.0,4129644000.0,2632124000.0,2632124000.0,0.0,0.074,0.116,0.176,0.274,0.0,1796129000.0,1.0,752955105.0,752955105.0,,3.496,4950951000.0,91579000.0,197373000.0,246998000.0,6.575,2480301000.0
18,BEN,MRY,2002-12-31,2002-09-30,2002-09-30,2021-09-07,-59742000.0,6422738000.0,6363921250.0,2362059000.0,4060679000.0,0.396,5.472,-43493000.0,980604000.0,980604000.0,0.0,432723000.0,5.191,0.505,602978000.0,7830000.0,595148000.0,602978000.0,0.0,183121000.0,733571000.0,0.009,0.092,590577000.0,773698000.0,0.307,773698000.0,590577000.0,578275000.0,0.553,0.55,0.553,4266946000.0,4222449250.0,4266946000.0,7743943067.0,13.0,10.009,691740000.0,0.887,1.0,2522858000.0,1.0,2019185000.0,12302000.0,3570908000.0,3593433750.0,0.0,2261357000.0,1121011000.0,1140346000.0,2155792000.0,455019000.0,1700773000.0,8083362067.0,384397000.0,-51779000.0,-107884000.0,27935000.0,-71778000.0,-135705000.0,-215131000.0,-148421000.0,735233000.0,0.0,432723000.0,432723000.0,432723000.0,0.0,0.0,0.172,1869748000.0,653110000.0,217951000.0,0.166,1.894,18.68,18.746,394172000.0,0.0,10.367,3.204,3.204,393030000.0,3702636000.0,2522858000.0,2522858000.0,0.0,0.068,0.102,0.164,0.234,0.0,1766702000.0,1.0,779745537.0,779745537.0,,3.235,4403553000.0,0.0,145552000.0,187686000.0,5.647,1907040000.0
19,BEN,MRY,2001-12-31,2001-09-30,2001-09-30,2021-09-07,-49041000.0,6265650000.0,5062168000.0,1825994000.0,4439656000.0,0.465,5.068,-96934000.0,596207000.0,596207000.0,0.0,484721000.0,3.992,0.575,574374000.0,8361000.0,566013000.0,574374000.0,0.0,223846000.0,723608000.0,0.006,0.065,648346000.0,872192000.0,0.37,872192000.0,648346000.0,637790000.0,0.64,0.637,0.64,3977896000.0,3543256500.0,3977896000.0,8756007870.0,14.0,10.039,456253000.0,0.581,1.0,2354843000.0,1.0,1988820000.0,10556000.0,3797564000.0,2599885000.0,0.0,2179167000.0,923693000.0,1255474000.0,2287754000.0,457433000.0,1830321000.0,9071090870.0,-149798000.0,-99058000.0,-169955000.0,215527000.0,-63471000.0,49398000.0,-752383000.0,-556391000.0,553187000.0,0.0,484721000.0,484721000.0,484721000.0,0.0,0.0,0.206,1773871000.0,580972000.0,435132000.0,0.102,2.28,18.714,18.057,449626000.0,0.0,11.557,3.852,3.852,603379000.0,3342979000.0,2354843000.0,2354843000.0,0.0,0.096,0.137,0.249,0.275,0.0,1621707000.0,1.0,784922775.0,784922775.0,,3.0,4276830000.0,0.0,153069000.0,164412000.0,5.449,1368561000.0
20,BEN,MRY,2000-12-31,2000-09-30,2000-09-30,2021-09-07,12376000.0,4042443000.0,3825949000.0,1656294000.0,2386149000.0,0.612,4.059,-104344000.0,746005000.0,746005000.0,0.0,562089000.0,3.383,0.363,362866000.0,68776000.0,294090000.0,362866000.0,0.0,199639000.0,54846000.0,0.005,0.08,753551000.0,953190000.0,0.407,953190000.0,753551000.0,739591000.0,0.76,0.76,0.76,2965493000.0,2807107250.0,2965493000.0,10113476389.0,13.0,10.61,597369000.0,0.818,1.0,2340140000.0,1.0,1169485000.0,13960000.0,2000260000.0,1672037750.0,0.0,1160368000.0,877101000.0,283267000.0,1076950000.0,489559000.0,587391000.0,10820722389.0,-73239000.0,0.0,-248900000.0,-28888000.0,-57953000.0,-339113000.0,-435839000.0,-331495000.0,701713000.0,0.0,562089000.0,562089000.0,562089000.0,0.0,0.0,0.24,1593070000.0,747070000.0,241142000.0,0.105,3.649,19.251,19.487,444694000.0,0.0,14.81,4.624,4.624,168496000.0,2932166000.0,2340140000.0,2340140000.0,0.0,0.147,0.2,0.451,0.322,0.0,1473720000.0,1.0,730636218.0,730636218.0,,3.203,2872958000.0,0.0,177502000.0,61661000.0,3.932,1166735000.0
21,BEN,MRY,1999-12-31,1999-09-30,1999-09-30,2021-09-07,-254000.0,3666790000.0,3524713500.0,1485889000.0,2180901000.0,0.642,3.513,-131085000.0,819244000.0,819244000.0,0.0,426711000.0,3.054,0.38,403245000.0,108985000.0,294260000.0,403245000.0,0.0,200014000.0,58216000.0,0.007,0.073,595042000.0,795056000.0,0.351,795056000.0,595042000.0,574084000.0,0.563,0.563,0.563,2656994000.0,2508979250.0,2656994000.0,7417214760.0,12.0,9.329,453382000.0,0.599,1.0,2262497000.0,1.0,1202777000.0,20958000.0,1561524000.0,1628287250.0,0.0,823823000.0,617154000.0,206669000.0,1009796000.0,486490000.0,523306000.0,7705199760.0,263201000.0,0.0,-62878000.0,-201832000.0,-54279000.0,-348555000.0,27289000.0,158374000.0,584467000.0,0.0,426711000.0,426711000.0,426711000.0,0.0,0.0,0.189,1627441000.0,635056000.0,188114000.0,0.13,2.9,18.057,18.094,416395000.0,0.0,10.187,3.406,3.406,107148000.0,2566048000.0,2262497000.0,2262497000.0,0.0,0.121,0.17,0.365,0.263,0.0,1453614000.0,1.0,756400500.0,756400500.0,,2.991,2464013000.0,0.0,147373000.0,57968000.0,3.258,999399000.0
22,BEN,MRY,1998-12-31,1998-09-30,1998-09-30,2021-09-07,-28045000.0,3480049000.0,3392426500.0,1259989000.0,2220060000.0,0.76,3.005,-147664000.0,556043000.0,556043000.0,0.0,500450000.0,2.639,0.526,612415000.0,117956000.0,494459000.0,612415000.0,0.0,191374000.0,87781000.0,0.007,0.067,698819000.0,890193000.0,0.345,890193000.0,698819000.0,676284000.0,0.66,0.66,0.66,2280767000.0,2154846500.0,2280767000.0,7533226945.0,11.0,8.462,545999000.0,0.719,1.0,2577272000.0,1.0,1253713000.0,22535000.0,1805315000.0,1807173750.0,0.0,861812000.0,674891000.0,186921000.0,1199282000.0,477393000.0,721889000.0,7560574945.0,113302000.0,-64333000.0,-39701000.0,-2287000.0,-49274000.0,-101885000.0,-478476000.0,-266479000.0,693663000.0,0.0,500450000.0,500450000.0,500450000.0,0.0,0.0,0.194,1829771000.0,747501000.0,163715000.0,0.102,3.315,15.108,15.091,349229000.0,0.0,9.96,2.934,2.934,87282000.0,2194835000.0,2577272000.0,2577272000.0,0.0,0.148,0.232,0.387,0.271,0.0,1702381000.0,1.0,759093870.0,759093870.0,,3.395,2226336000.0,0.0,175834000.0,67319000.0,2.933,782596000.0
23,BEN,MRY,1997-12-31,1997-09-30,1997-09-30,2021-09-07,0.0,3095200000.0,2873601250.0,878439000.0,2216761000.0,0.753,2.451,-82973000.0,442741000.0,442741000.0,0.0,434063000.0,2.166,0.669,611616000.0,118372000.0,493244000.0,611616000.0,0.0,123908000.0,98404000.0,0.004,0.057,641046000.0,764954000.0,0.354,764954000.0,641046000.0,615713000.0,0.573,0.57,0.573,1854221000.0,1697615500.0,1854221000.0,11977785376.0,19.0,15.658,345556000.0,0.457,1.0,2163275000.0,1.0,1224019000.0,25333000.0,1634556000.0,1554426500.0,0.0,510094000.0,189674000.0,320420000.0,1240979000.0,405500000.0,835479000.0,11740186376.0,-59448000.0,-550742000.0,-17257000.0,195918000.0,-40387000.0,105460000.0,-593437000.0,40278000.0,428529000.0,0.0,434063000.0,434063000.0,434063000.0,0.0,0.0,0.201,1512347000.0,650928000.0,203787000.0,0.099,6.332,27.047,27.088,241224000.0,0.0,15.522,5.427,5.427,417334000.0,1757536000.0,2163275000.0,2163275000.0,0.0,0.151,0.256,0.412,0.296,0.0,1391440000.0,1.0,756374082.0,756374082.0,,2.86,1871181000.0,0.0,181650000.0,31908000.0,2.474,472939000.0
24,BEN,MRY,1996-12-31,1996-09-30,1996-09-30,2021-09-07,0.0,2374167000.0,,856263000.0,1517904000.0,,,-64419000.0,502189000.0,502189000.0,0.0,314730000.0,4.7,0.695,399889000.0,427000.0,399462000.0,399889000.0,0.0,64728000.0,131219000.0,0.007,0.049,467566000.0,532294000.0,0.35,532294000.0,467566000.0,456230000.0,0.433,0.417,0.433,1400591000.0,,1400591000.0,,,,295164000.0,,1.0,1519473000.0,1.0,641983000.0,11336000.0,1447683000.0,,0.0,544880000.0,174156000.0,370724000.0,973576000.0,182201000.0,791375000.0,,240490000.0,0.0,-52194000.0,-68706000.0,-34650000.0,-193705000.0,74612000.0,139031000.0,359583000.0,0.0,314730000.0,314730000.0,314730000.0,0.0,0.0,0.207,1078128000.0,441345000.0,236532000.0,0.113,,,17.034,161613000.0,0.0,7.376,,,369985000.0,1370513000.0,1519473000.0,1519473000.0,0.0,,,,0.308,0.0,1003412000.0,1.0,,,,,1732184000.0,0.0,141500000.0,27673000.0,,674062000.0
25,BEN,MRY,1995-12-31,1995-09-30,1995-09-30,2021-09-07,,,,,,,,-40365000.0,,,0.0,268945000.0,,,,,,,,46834000.0,,0.007,0.044,397814000.0,444648000.0,0.355,444648000.0,397814000.0,386655000.0,0.36,0.355,0.36,,,,,,,256089000.0,,1.0,1253264000.0,1.0,,11159000.0,,,,,,,,,,,51323000.0,0.0,-41374000.0,1422000.0,-31688000.0,-93165000.0,-151966000.0,-111601000.0,296454000.0,0.0,268945000.0,268945000.0,268945000.0,0.0,0.0,0.215,879229000.0,374035000.0,,0.122,,,17.787,,0.0,6.403,,,,,1253264000.0,1253264000.0,0.0,,,,0.317,0.0,810032000.0,1.0,,,,,,,117710000.0,,,
0,BEN,MRQ,2021-06-30,2021-06-30,2021-06-30,2021-09-07,-326100000.0,23129100000.0,,,,,21.564,-14100000.0,4361100000.0,4361100000.0,0.0,471600000.0,,0.979,7203300000.0,,,7203300000.0,0.0,104500000.0,0.0,0.043,0.28,547900000.0,652400000.0,0.3,652400000.0,547900000.0,522200000.0,0.86,0.86,0.86,10875200000.0,,10875200000.0,17586382725.0,10.0,8.222,219800000.0,0.436,1.0,2172900000.0,1.0,9268100000.0,25700000.0,16703200000.0,,0.0,6598000000.0,,,10645600000.0,,,16133282725.0,-35900000.0,5000000.0,-45400000.0,868300000.0,-141800000.0,883000000.0,-1163000000.0,-1153900000.0,233900000.0,10200000.0,438400000.0,438400000.0,438400000.0,0.0,33200000.0,0.202,1694800000.0,478100000.0,767800000.0,0.326,1.483,12.965,13.219,1227800000.0,0.0,31.99,2.049,2.049,1361100000.0,11151000000.0,2172900000.0,2172900000.0,0.0,,,,,40400000.0,1636800000.0,1.0,504322686.0,504322686.0,,4.309,13861000000.0,0.0,83800000.0,974200000.0,27.484,
1,BEN,MRQ,2021-03-31,2021-03-31,2021-03-31,2021-09-07,-348500000.0,21869800000.0,,,,,20.901,-7200000.0,4364700000.0,4364700000.0,0.0,485400000.0,,0.887,5817800000.0,,,5817800000.0,0.0,100300000.0,0.0,0.037,0.28,525800000.0,626100000.0,0.302,626100000.0,525800000.0,509900000.0,0.74,0.74,0.74,10563400000.0,,10563400000.0,16279951059.0,11.0,8.852,208200000.0,0.412,1.0,2076500000.0,1.0,9326200000.0,15900000.0,13996700000.0,,0.0,5341600000.0,,,9372800000.0,,,14959951059.0,-54800000.0,7800000.0,-34300000.0,24500000.0,-142000000.0,-6200000.0,-251200000.0,-251800000.0,215400000.0,-12800000.0,381800000.0,381800000.0,381800000.0,0.0,103600000.0,0.184,1620200000.0,456300000.0,759800000.0,0.378,1.416,13.645,13.832,1266000000.0,0.0,29.6,2.181,2.181,1294900000.0,10861500000.0,2076500000.0,2076500000.0,0.0,,,,,45200000.0,1562300000.0,1.0,505403752.0,505403752.0,,4.109,12543600000.0,0.0,128100000.0,954200000.0,24.819,
2,BEN,MRQ,2020-12-31,2020-12-31,2020-12-31,2021-09-07,-314700000.0,21229600000.0,,,,,20.613,-13600000.0,4419500000.0,4419500000.0,0.0,394800000.0,,0.884,5739500000.0,,,5739500000.0,0.0,99000000.0,0.0,0.044,0.28,517500000.0,616500000.0,0.309,616500000.0,517500000.0,487800000.0,0.67,0.67,0.67,10400900000.0,,10400900000.0,13623743934.0,12.0,9.84,276400000.0,0.548,1.0,1995100000.0,1.0,9382600000.0,29700000.0,13167000000.0,,0.0,4577600000.0,,,9193400000.0,,,12609743934.0,462000000.0,2800000.0,-45100000.0,746300000.0,-134800000.0,666100000.0,-521800000.0,-511000000.0,290000000.0,27700000.0,345300000.0,345300000.0,345300000.0,0.0,49500000.0,0.173,1586000000.0,409100000.0,609100000.0,0.418,1.212,15.887,16.019,1324600000.0,0.0,24.99,2.069,2.069,1230100000.0,10665100000.0,1995100000.0,1995100000.0,0.0,,,,,41000000.0,1527800000.0,1.0,504591594.0,504591594.0,,3.954,11847000000.0,0.0,142500000.0,1137200000.0,23.478,
3,BEN,MRQ,2020-09-30,2020-09-30,2020-09-30,2021-09-07,-407600000.0,21684500000.0,,,,,20.419,-18400000.0,3989800000.0,3989800000.0,0.0,126500000.0,,1.016,6438700000.0,,,6438700000.0,0.0,76300000.0,0.0,0.053,0.54,167700000.0,244000000.0,0.15,244000000.0,167700000.0,152000000.0,0.15,0.15,0.15,10114500000.0,,10114500000.0,4788007095.0,5.0,3.764,356400000.0,0.719,1.0,1627400000.0,1.0,9415000000.0,15700000.0,14718400000.0,,0.0,5378500000.0,,,10273500000.0,,,10080507095.0,-3018400000.0,-3739600000.0,-21400000.0,288800000.0,-134100000.0,97800000.0,-3512200000.0,245800000.0,374800000.0,21200000.0,78900000.0,78900000.0,78900000.0,0.0,47600000.0,0.048,1581000000.0,46400000.0,1038100000.0,3.6,0.997,12.618,12.799,1348600000.0,0.0,20.35,1.811,1.811,1233100000.0,10472600000.0,1627400000.0,1627400000.0,0.0,,,,,35400000.0,1527000000.0,1.0,495356614.0,495356614.0,,3.285,12269500000.0,0.0,73100000.0,1008600000.0,24.769,
4,BEN,MRQ,2020-06-30,2020-06-30,2020-06-30,2021-09-07,-450100000.0,15617000000.0,,,,,20.42,-11800000.0,6975900000.0,6975900000.0,0.0,253700000.0,,0.386,1683400000.0,,,1683400000.0,0.0,40800000.0,0.0,0.038,0.0,311700000.0,352500000.0,0.304,352500000.0,311700000.0,306500000.0,0.58,0.58,0.58,10114200000.0,,10114200000.0,5970672775.0,5.0,4.049,549800000.0,1.11,1.0,1161100000.0,1.0,3094800000.0,5200000.0,7229700000.0,,0.0,3409300000.0,,,3899500000.0,,,10386572775.0,745400000.0,-62000000.0,-900000.0,635100000.0,-133900000.0,643100000.0,-470300000.0,-396500000.0,561600000.0,11000000.0,290400000.0,290400000.0,290400000.0,0.0,-36700000.0,0.25,928600000.0,232500000.0,341900000.0,0.0,1.027,10.119,10.229,963700000.0,0.0,20.97,1.994,1.994,927800000.0,10514800000.0,1161100000.0,1161100000.0,0.0,,,,,29100000.0,923900000.0,1.0,495306284.0,495306284.0,,2.344,12522200000.0,0.0,16100000.0,824500000.0,25.282,
5,BEN,MRQ,2020-03-31,2020-03-31,2020-03-31,2021-09-07,-476100000.0,14666200000.0,,,,,19.93,-47800000.0,6035800000.0,6035800000.0,0.0,58800000.0,,0.374,1619900000.0,,,1619900000.0,0.0,44600000.0,0.0,0.064,0.27,126900000.0,171500000.0,0.131,171500000.0,126900000.0,123200000.0,0.16,0.16,0.16,9903400000.0,,9903400000.0,3431220143.0,2.0,2.174,61500000.0,0.124,1.0,1311200000.0,1.0,3018600000.0,3700000.0,7231700000.0,,0.0,3753900000.0,,,3703600000.0,,,8293220143.0,59500000.0,-18800000.0,-53900000.0,20500000.0,-134600000.0,-54800000.0,35700000.0,102300000.0,109300000.0,-30700000.0,79100000.0,79100000.0,79100000.0,0.0,-20300000.0,0.06,971300000.0,339900000.0,315500000.0,1.688,0.837,8.446,8.559,975200000.0,0.0,16.69,1.501,1.501,675200000.0,10330000000.0,1311200000.0,1311200000.0,0.0,,,,,29800000.0,966900000.0,1.0,496897552.0,496897552.0,,2.639,11647600000.0,0.0,44100000.0,821300000.0,23.441,
6,BEN,MRQ,2019-12-31,2019-12-31,2019-12-31,2021-09-07,-376200000.0,15001800000.0,,,,,20.241,-25700000.0,5976300000.0,5976300000.0,0.0,348100000.0,,0.335,1114300000.0,,,1114300000.0,0.0,47100000.0,0.0,0.04,0.27,454100000.0,501200000.0,0.361,501200000.0,454100000.0,448000000.0,0.7,0.7,0.7,10081600000.0,,10081600000.0,7729966888.0,4.0,4.004,6000000.0,0.012,1.0,1389200000.0,1.0,3032200000.0,6100000.0,7107600000.0,,0.0,4044900000.0,,,3377000000.0,,,12939866888.0,18700000.0,-1000000.0,-121400000.0,49400000.0,-130600000.0,-9300000.0,-29600000.0,-2900000.0,31700000.0,25900000.0,350500000.0,350500000.0,350500000.0,0.0,-2400000.0,0.252,1016300000.0,372900000.0,253000000.0,0.386,1.284,10.186,10.351,967200000.0,0.0,25.98,2.291,2.291,787500000.0,10408000000.0,1389200000.0,1389200000.0,0.0,,,,,28000000.0,1011500000.0,1.0,498070319.0,498070319.0,,2.789,11969600000.0,0.0,97500000.0,1019300000.0,24.032,
7,BEN,MRQ,2019-09-30,2019-09-30,2019-09-30,2021-09-07,-431600000.0,14532200000.0,,,,,19.669,-31100000.0,5957600000.0,5957600000.0,0.0,309300000.0,,0.319,747700000.0,,,747700000.0,0.0,51700000.0,0.0,0.036,0.26,397600000.0,449300000.0,0.333,449300000.0,397600000.0,392900000.0,0.61,0.61,0.61,9906500000.0,,9906500000.0,9507017585.0,6.0,5.168,1200000.0,0.002,1.0,1347400000.0,1.0,2994500000.0,4700000.0,6327800000.0,,0.0,3859700000.0,,,3161300000.0,,,14535817585.0,200000000.0,0.0,-154200000.0,18600000.0,-131100000.0,261500000.0,-68300000.0,-37200000.0,32300000.0,-25500000.0,306400000.0,306400000.0,306400000.0,0.0,2900000.0,0.227,1046400000.0,301000000.0,304400000.0,0.426,1.467,12.157,12.281,683700000.0,0.0,28.86,2.564,2.564,839000000.0,10288200000.0,1347400000.0,1347400000.0,0.0,,,,,23400000.0,1031700000.0,1.0,503666583.0,503666583.0,,2.675,11537700000.0,0.0,86500000.0,944800000.0,22.907,
8,BEN,MRQ,2019-06-30,2019-06-30,2019-06-30,2021-09-07,-380900000.0,14463300000.0,,,,,19.527,-130400000.0,5757600000.0,5757600000.0,0.0,254600000.0,,0.312,728800000.0,,,728800000.0,0.0,45900000.0,0.0,0.029,0.26,410400000.0,456300000.0,0.309,456300000.0,410400000.0,404800000.0,0.48,0.48,0.48,9911000000.0,,9911000000.0,12447779022.0,7.0,6.413,-405300000.0,-0.799,1.0,1476700000.0,1.0,3013400000.0,5600000.0,6421100000.0,,0.0,3973100000.0,,,3091000000.0,,,17663079022.0,-188400000.0,0.0,-120400000.0,-2200000.0,-132100000.0,360800000.0,-274600000.0,-144200000.0,-274900000.0,300000.0,245900000.0,245900000.0,245900000.0,0.0,8700000.0,0.167,1101800000.0,374900000.0,260400000.0,0.542,1.782,12.691,12.985,684800000.0,0.0,34.8,3.08,3.08,850200000.0,10241500000.0,1476700000.0,1476700000.0,0.0,,,,,28700000.0,1101800000.0,1.0,507559742.0,507559742.0,,2.909,11449900000.0,0.0,158900000.0,969000000.0,22.559,
9,BEN,MRQ,2019-03-31,2019-03-31,2019-03-31,2021-09-07,-386500000.0,14239000000.0,,,,,19.399,-46500000.0,5946000000.0,5946000000.0,0.0,381600000.0,,0.295,730700000.0,,,730700000.0,0.0,39600000.0,0.0,0.03,0.26,484100000.0,523700000.0,0.365,523700000.0,484100000.0,478400000.0,0.72,0.72,0.72,9883800000.0,,9883800000.0,10956676180.0,6.0,5.368,142900000.0,0.28,1.0,1433800000.0,1.0,3027900000.0,5700000.0,5995800000.0,,0.0,3655100000.0,,,2920600000.0,,,16885176180.0,-712900000.0,-684200000.0,-135200000.0,0.0,-133100000.0,-266700000.0,-635100000.0,95600000.0,189400000.0,-11800000.0,367500000.0,367500000.0,367500000.0,0.0,14100000.0,0.256,1054300000.0,379500000.0,255000000.0,0.361,1.708,10.908,11.234,576600000.0,0.0,33.14,2.903,2.903,841000000.0,10219500000.0,1433800000.0,1433800000.0,0.0,,,,,28200000.0,1054300000.0,1.0,509510446.0,509510446.0,,2.814,11211100000.0,0.0,110900000.0,1046100000.0,22.004,
10,BEN,MRQ,2018-12-31,2018-12-31,2018-12-31,2021-09-07,-393600000.0,13950600000.0,,,,,18.993,-25700000.0,6658900000.0,6658900000.0,0.0,260000000.0,,0.302,730400000.0,,,730400000.0,0.0,42000000.0,0.0,0.133,0.26,368300000.0,410300000.0,0.291,410300000.0,368300000.0,361900000.0,0.54,0.54,0.54,9745400000.0,,9745400000.0,9036294378.0,5.0,4.184,229100000.0,0.447,1.0,1411500000.0,1.0,2326200000.0,6400000.0,5695900000.0,,0.0,3426100000.0,,,2941600000.0,,,15218394378.0,-251700000.0,0.0,-321400000.0,1700000.0,-122300000.0,-396100000.0,-99100000.0,-73400000.0,254800000.0,0.0,275900000.0,275900000.0,275900000.0,0.0,-15900000.0,0.195,1000000000.0,411500000.0,209400000.0,0.481,1.562,9.373,9.821,541300000.0,0.0,29.66,2.536,2.536,805600000.0,10087900000.0,1411500000.0,1411500000.0,0.0,,,,,31200000.0,1000000000.0,1.0,513094888.0,513094888.0,,2.751,11624400000.0,0.0,86000000.0,1204500000.0,22.655,
11,BEN,MRQ,2018-09-30,2018-09-30,2018-09-30,2021-09-07,-370600000.0,14383500000.0,,,,,18.782,-35000000.0,6910600000.0,6910600000.0,0.0,476300000.0,,0.316,728500000.0,,,728500000.0,0.0,37900000.0,0.0,0.129,0.23,512900000.0,550800000.0,0.39,550800000.0,512900000.0,509500000.0,0.94,0.94,0.94,9899200000.0,,9899200000.0,10103441474.0,4.0,4.14,686200000.0,1.302,1.0,1412600000.0,1.0,2333400000.0,3400000.0,5868000000.0,,0.0,3535900000.0,,,3132000000.0,,,16027841474.0,256400000.0,10200000.0,-357600000.0,-1400000.0,-122000000.0,-445000000.0,-17600000.0,7200000.0,721200000.0,-16700000.0,502500000.0,502500000.0,502500000.0,0.0,-26200000.0,0.356,1024300000.0,388300000.0,226900000.0,0.245,1.619,20.968,21.878,535000000.0,0.0,30.41,2.583,2.583,847900000.0,10217900000.0,1412600000.0,1412600000.0,0.0,,,,,28300000.0,1022500000.0,1.0,527058253.0,527058253.0,,2.68,12050100000.0,0.0,7000000.0,1161300000.0,22.863,
12,BEN,MRQ,2018-06-30,2018-06-30,2018-06-30,2021-09-07,-342900000.0,15528000000.0,,,,,18.259,-27800000.0,6654200000.0,6654200000.0,0.0,355400000.0,,0.335,729800000.0,,,729800000.0,0.0,40400000.0,0.0,0.121,0.23,515900000.0,556300000.0,0.357,556300000.0,515900000.0,493800000.0,0.75,0.75,0.75,9863500000.0,,9863500000.0,9665975182.0,4.0,3.796,583700000.0,1.081,1.0,1558600000.0,1.0,2352900000.0,22100000.0,7250700000.0,,0.0,4840600000.0,,,3306000000.0,,,17313675182.0,-2072300000.0,-87300000.0,-436600000.0,-361900000.0,-1755900000.0,-2552200000.0,-91300000.0,23800000.0,611500000.0,0.0,402000000.0,402000000.0,402000000.0,0.0,-46600000.0,0.258,1055500000.0,503100000.0,253800000.0,0.307,1.755,25.198,25.847,522400000.0,0.0,32.05,2.702,2.702,946900000.0,10153500000.0,1558600000.0,1558600000.0,0.0,,,,,28300000.0,1055500000.0,1.0,540208274.0,540208274.0,,2.885,13175100000.0,0.0,91800000.0,1304200000.0,24.389,
13,BEN,MRQ,2018-03-31,2018-03-31,2018-03-31,2021-09-07,-259700000.0,17690000000.0,,,,,18.232,-24500000.0,8726500000.0,8726500000.0,0.0,482900000.0,,0.517,1078800000.0,,,1078800000.0,0.0,38800000.0,0.0,0.111,3.23,603400000.0,642200000.0,0.397,642200000.0,603400000.0,593400000.0,0.79,0.78,0.79,10058400000.0,,10058400000.0,11258179079.0,5.0,4.268,552100000.0,1.001,1.0,1617800000.0,1.0,2242300000.0,10000000.0,7800000000.0,,0.0,5108300000.0,,,5203400000.0,,,19133079079.0,-243900000.0,-9700000.0,-407100000.0,-17200000.0,-127300000.0,-713400000.0,-122900000.0,-88700000.0,576600000.0,0.0,443200000.0,443200000.0,443200000.0,0.0,39700000.0,0.274,1062100000.0,555700000.0,262500000.0,4.089,1.902,27.502,28.426,517700000.0,0.0,34.68,2.96,2.96,899000000.0,10263900000.0,1617800000.0,1617800000.0,0.0,,,,,30900000.0,1062100000.0,1.0,551703549.0,551703549.0,,2.932,15447700000.0,0.0,150200000.0,1308200000.0,28.0,
14,BEN,MRQ,2017-12-31,2017-12-31,2017-12-31,2021-09-07,-266600000.0,18074400000.0,,,,,21.228,-19200000.0,8970400000.0,8970400000.0,0.0,-571900000.0,,0.322,1095500000.0,,,1095500000.0,0.0,40000000.0,0.0,0.019,0.23,651000000.0,691000000.0,0.428,691000000.0,651000000.0,640200000.0,-1.06,-1.06,-1.06,11758100000.0,,11758100000.0,16348734637.0,7.0,6.147,301200000.0,0.544,1.0,1615500000.0,1.0,2235100000.0,10800000.0,7964400000.0,,0.0,5062700000.0,,,3785800000.0,,,24000834637.0,220700000.0,0.0,-198700000.0,-2400000.0,-111700000.0,-51100000.0,-58600000.0,-39400000.0,320400000.0,0.0,-583300000.0,-583300000.0,-583300000.0,0.0,11400000.0,-0.361,1034400000.0,581100000.0,380900000.0,-0.217,2.041,35.652,37.034,516600000.0,0.0,43.33,3.723,3.723,1098500000.0,11969500000.0,1615500000.0,1615500000.0,0.0,,,,,30300000.0,1034400000.0,1.0,553908023.0,553908023.0,,2.917,15839300000.0,0.0,1223500000.0,1432000000.0,28.596,
15,BEN,MRQ,2017-09-30,2017-09-30,2017-09-30,2021-09-07,-284800000.0,17534000000.0,,,,,22.629,-25900000.0,8749700000.0,8749700000.0,0.0,476500000.0,,0.21,1097600000.0,,,1097600000.0,0.0,37100000.0,0.0,0.018,0.2,619800000.0,656900000.0,0.406,656900000.0,619800000.0,607100000.0,0.76,0.76,0.76,12620000000.0,,12620000000.0,17464889047.0,7.0,6.566,151200000.0,0.271,1.0,1616900000.0,1.0,2227700000.0,12700000.0,7654200000.0,,0.0,4861000000.0,,,2656300000.0,,,24823289047.0,-36500000.0,0.0,-152800000.0,-331500000.0,-111800000.0,-225200000.0,-12900000.0,13000000.0,177100000.0,35000000.0,425200000.0,425200000.0,425200000.0,0.0,51300000.0,0.263,1059200000.0,557700000.0,291500000.0,0.263,1.967,14.63,14.787,517200000.0,0.0,44.51,3.883,3.883,1001900000.0,12849300000.0,1616900000.0,1616900000.0,0.0,,,,,29300000.0,1059200000.0,1.0,557701394.0,557701394.0,,2.899,15306300000.0,0.0,181900000.0,245300000.0,27.445,
16,BEN,MRQ,2017-06-30,2017-06-30,2017-06-30,2021-09-07,-321000000.0,17476200000.0,,,,,22.091,-20200000.0,8786200000.0,8786200000.0,0.0,459400000.0,,0.237,1427800000.0,,,1427800000.0,0.0,40300000.0,0.0,0.017,0.2,607600000.0,647900000.0,0.401,647900000.0,607600000.0,594700000.0,0.73,0.73,0.73,12400000000.0,,12400000000.0,18045466259.0,7.0,6.707,323800000.0,0.577,1.0,1613900000.0,1.0,2228000000.0,12900000.0,7889800000.0,,0.0,4828700000.0,,,2940500000.0,,,25141366259.0,10100000.0,0.0,-175500000.0,-243600000.0,-112700000.0,-369000000.0,-9200000.0,11000000.0,344000000.0,0.0,410600000.0,410600000.0,410600000.0,0.0,48800000.0,0.254,1049700000.0,564200000.0,275000000.0,0.274,2.028,14.419,14.637,508800000.0,0.0,44.79,3.936,3.936,978600000.0,12665200000.0,1613900000.0,1613900000.0,0.0,,,,,31700000.0,1049700000.0,1.0,561316505.0,561316505.0,,2.875,15248200000.0,0.0,184100000.0,156500000.0,27.165,
17,BEN,MRQ,2017-03-31,2017-03-31,2017-03-31,2021-09-07,-373200000.0,17210100000.0,,,,,21.569,-16000000.0,8776100000.0,8776100000.0,0.0,435000000.0,,0.252,1680200000.0,,,1680200000.0,0.0,37900000.0,0.0,0.018,0.2,625800000.0,663700000.0,0.415,663700000.0,625800000.0,613200000.0,0.74,0.74,0.74,12193600000.0,,12193600000.0,17102337896.0,7.0,6.267,152100000.0,0.269,1.0,1600600000.0,1.0,2224000000.0,12600000.0,7890200000.0,,0.0,4535900000.0,,,3077100000.0,,,23822637896.0,321300000.0,-14000000.0,-155900000.0,-63700000.0,-113300000.0,4100000.0,132500000.0,162500000.0,168100000.0,0.0,420700000.0,420700000.0,420700000.0,0.0,14300000.0,0.263,1045100000.0,555500000.0,259300000.0,0.27,1.954,13.388,13.594,509800000.0,0.0,42.14,3.718,3.718,1023500000.0,12510600000.0,1600600000.0,1600600000.0,0.0,,,,,32900000.0,1045100000.0,1.0,565321260.0,565321260.0,,2.831,14986100000.0,0.0,192500000.0,159800000.0,26.509,
18,BEN,MRQ,2016-12-31,2016-12-31,2016-12-31,2021-09-07,-417800000.0,16210300000.0,,,,,21.035,-12800000.0,8454800000.0,8454800000.0,0.0,418800000.0,,0.261,1734500000.0,,,1734500000.0,0.0,37000000.0,0.0,0.019,0.2,654400000.0,691400000.0,0.443,691400000.0,654400000.0,641100000.0,0.77,0.77,0.77,11964800000.0,,11964800000.0,16113421769.0,6.0,6.063,433400000.0,0.762,1.0,1560800000.0,1.0,2200400000.0,13300000.0,7289600000.0,,0.0,3968900000.0,,,3122100000.0,,,22513321769.0,-28500000.0,0.0,-256200000.0,-2800000.0,-103400000.0,-365900000.0,-58400000.0,3600000.0,446200000.0,0.0,440200000.0,440200000.0,440200000.0,0.0,-21400000.0,0.282,973900000.0,586900000.0,214800000.0,0.26,1.882,13.096,13.327,512500000.0,0.0,39.58,3.506,3.506,930000000.0,12326000000.0,1560800000.0,1560800000.0,0.0,,,,,30400000.0,973900000.0,1.0,568805502.0,568805502.0,,2.744,14009900000.0,0.0,200900000.0,343400000.0,24.63,
19,BEN,MRQ,2016-09-30,2016-09-30,2016-09-30,2021-09-07,-347400000.0,16098800000.0,,,,,20.718,-36200000.0,8483300000.0,8483300000.0,0.0,473000000.0,,0.294,2083400000.0,,,2083400000.0,0.0,38700000.0,0.0,0.02,0.18,648800000.0,687500000.0,0.427,687500000.0,648800000.0,635400000.0,0.82,0.82,0.82,11935800000.0,,11935800000.0,14414337095.0,6.0,5.376,526100000.0,0.913,1.0,1611800000.0,1.0,2211300000.0,13400000.0,7487600000.0,,0.0,3930000000.0,,,3509500000.0,,,20492637095.0,241200000.0,-143800000.0,-240400000.0,-90700000.0,-104100000.0,-425000000.0,100200000.0,280200000.0,562300000.0,3700000.0,472100000.0,472100000.0,472100000.0,0.0,900000.0,0.293,1032400000.0,579400000.0,233300000.0,0.22,1.717,11.868,12.099,523200000.0,0.0,35.57,3.097,3.097,794300000.0,12226200000.0,1611800000.0,1611800000.0,0.0,,,,,28900000.0,1032400000.0,1.0,576121369.0,576121369.0,,2.798,13887500000.0,0.0,163300000.0,161500000.0,24.105,
20,BEN,MRQ,2016-06-30,2016-06-30,2016-06-30,2021-09-07,-352500000.0,15997500000.0,,,,,20.143,-26300000.0,8242100000.0,8242100000.0,0.0,461500000.0,,0.304,2163800000.0,,,2163800000.0,0.0,40300000.0,0.0,0.021,0.18,646100000.0,686400000.0,0.42,686400000.0,646100000.0,633800000.0,0.77,0.77,0.77,11782100000.0,,11782100000.0,13644562653.0,6.0,5.19,709400000.0,1.213,1.0,1634300000.0,1.0,2213500000.0,12300000.0,7705700000.0,,0.0,4071000000.0,,,3586600000.0,,,19519162653.0,201100000.0,91700000.0,-322700000.0,-27200000.0,-105700000.0,-509200000.0,-7000000.0,-72400000.0,735700000.0,-18400000.0,446400000.0,446400000.0,446400000.0,0.0,15100000.0,0.273,1038900000.0,595400000.0,193000000.0,0.234,1.657,12.103,12.314,508400000.0,0.0,33.37,2.837,2.837,812600000.0,12076900000.0,1634300000.0,1634300000.0,0.0,,,,,33400000.0,1038900000.0,1.0,584931455.0,584931455.0,,2.794,13784000000.0,0.0,187400000.0,140800000.0,23.565,
21,BEN,MRQ,2016-03-31,2016-03-31,2016-03-31,2021-09-07,-317800000.0,15890900000.0,,,,,19.861,-16000000.0,8041000000.0,8041000000.0,0.0,360800000.0,,0.293,2166400000.0,,,2166400000.0,0.0,37900000.0,0.0,0.017,0.18,554300000.0,592200000.0,0.367,592200000.0,554300000.0,542100000.0,0.61,0.61,0.61,11770400000.0,,11770400000.0,16994125597.0,7.0,6.227,118500000.0,0.2,1.0,1613900000.0,1.0,2221600000.0,12200000.0,7794700000.0,,0.0,4170600000.0,,,3450400000.0,,,23142825597.0,-228000000.0,39000000.0,-339300000.0,51000000.0,-107400000.0,-403100000.0,9800000.0,-13200000.0,134500000.0,10700000.0,360400000.0,360400000.0,360400000.0,0.0,400000.0,0.223,1076600000.0,537300000.0,173800000.0,0.295,1.966,13.853,14.149,504400000.0,0.0,39.05,3.194,3.194,798000000.0,12029600000.0,1613900000.0,1613900000.0,0.0,,,,,36000000.0,1076600000.0,1.0,592645982.0,592645982.0,,2.723,13669300000.0,0.0,181700000.0,128100000.0,23.065,
22,BEN,MRQ,2015-12-31,2015-12-31,2015-12-31,2021-09-07,-343100000.0,16155500000.0,,,,,19.587,-19100000.0,8269000000.0,8269000000.0,0.0,462400000.0,,0.312,2120300000.0,,,2120300000.0,0.0,45400000.0,0.0,0.017,0.18,669500000.0,714900000.0,0.407,714900000.0,669500000.0,657500000.0,0.74,0.74,0.74,11781200000.0,,11781200000.0,15934042470.0,6.0,5.25,276100000.0,0.459,1.0,1758000000.0,1.0,2247700000.0,12000000.0,7759100000.0,,0.0,4028400000.0,,,3681400000.0,,,22146842470.0,-99100000.0,13100000.0,-381500000.0,-26900000.0,-91500000.0,-463400000.0,89200000.0,95200000.0,295200000.0,0.0,447800000.0,447800000.0,447800000.0,0.0,14600000.0,0.255,1104400000.0,653600000.0,229200000.0,0.243,1.88,11.555,11.764,507100000.0,0.0,36.82,2.898,2.898,863700000.0,12064800000.0,1758000000.0,1758000000.0,0.0,,,,,34000000.0,1104400000.0,1.0,601489475.0,601489475.0,,2.923,13907800000.0,100400000.0,209700000.0,430500000.0,23.122,
23,BEN,MRQ,2015-09-30,2015-09-30,2015-09-30,2021-09-07,-314200000.0,16335700000.0,,,,,19.291,-25300000.0,8368100000.0,8368100000.0,0.0,381500000.0,,0.319,2155300000.0,,,2155300000.0,0.0,50400000.0,0.0,0.016,0.15,585300000.0,635700000.0,0.339,635700000.0,585300000.0,572400000.0,0.59,0.59,0.59,11841000000.0,,11841000000.0,16647959761.0,6.0,5.188,411800000.0,0.671,1.0,1873800000.0,1.0,2257000000.0,12900000.0,7865900000.0,,0.0,4109100000.0,,,3780300000.0,,,22870859761.0,-58300000.0,205000000.0,-488400000.0,-42900000.0,-92400000.0,-515000000.0,13600000.0,-166100000.0,437100000.0,6000000.0,358200000.0,358200000.0,358200000.0,0.0,23300000.0,0.191,1155700000.0,718100000.0,232100000.0,0.254,1.931,11.237,11.325,510100000.0,0.0,37.26,2.877,2.877,838000000.0,12094800000.0,1873800000.0,1873800000.0,0.0,,,,,33500000.0,1155700000.0,1.0,613818029.0,613818029.0,,3.053,14078700000.0,0.0,214200000.0,241400000.0,22.936,
24,BEN,MRQ,2015-06-30,2015-06-30,2015-06-30,2021-09-07,-255600000.0,16670300000.0,,,,,19.538,-13800000.0,8426400000.0,8426400000.0,0.0,534000000.0,,0.321,2203500000.0,,,2203500000.0,0.0,51000000.0,0.0,0.012,0.15,735300000.0,786300000.0,0.393,786300000.0,735300000.0,721600000.0,0.82,0.82,0.82,12085500000.0,,12085500000.0,24683661547.0,7.0,6.986,679700000.0,1.099,1.0,2000800000.0,1.0,2285800000.0,13700000.0,8161600000.0,,0.0,4285100000.0,,,3884700000.0,,,30327961547.0,304100000.0,0.0,-218300000.0,-280600000.0,-93000000.0,-552200000.0,128200000.0,142000000.0,693500000.0,34600000.0,504200000.0,504200000.0,504200000.0,0.0,29800000.0,0.252,1231000000.0,769800000.0,225700000.0,0.183,2.509,13.085,13.145,510100000.0,0.0,49.03,3.685,3.685,899000000.0,12279600000.0,2000800000.0,2000800000.0,0.0,,,,,33700000.0,1231000000.0,1.0,618559281.0,618559281.0,,3.235,14384500000.0,106300000.0,217400000.0,261100000.0,23.255,
25,BEN,MRQ,2015-03-31,2015-03-31,2015-03-31,2021-09-07,-289000000.0,16491100000.0,,,,,19.011,-13600000.0,8122300000.0,8122300000.0,0.0,622900000.0,,0.339,2478000000.0,,,2478000000.0,0.0,53700000.0,0.0,0.011,0.15,844200000.0,897900000.0,0.447,897900000.0,844200000.0,842500000.0,0.98,0.98,0.98,11821500000.0,,11821500000.0,26126450965.0,8.0,7.175,535400000.0,0.861,1.0,2009800000.0,1.0,2287600000.0,1700000.0,8559200000.0,,0.0,4383800000.0,,,4007200000.0,,,31912150965.0,237100000.0,100000.0,-176400000.0,368900000.0,-405200000.0,-217100000.0,16600000.0,30100000.0,549000000.0,-157200000.0,606500000.0,606500000.0,606500000.0,0.0,16400000.0,0.302,1252100000.0,757700000.0,220000000.0,0.153,2.7,13.339,13.399,516900000.0,0.0,51.32,3.817,3.817,919100000.0,12048600000.0,2009800000.0,2009800000.0,0.0,,,,,39300000.0,1252100000.0,1.0,621826792.0,621826792.0,,3.232,14203500000.0,95600000.0,236000000.0,258000000.0,22.842,
26,BEN,MRQ,2014-12-31,2014-12-31,2014-12-31,2021-09-07,-178400000.0,16296800000.0,,,,,18.567,-16100000.0,7885200000.0,7885200000.0,0.0,566300000.0,,0.352,2099500000.0,,,2099500000.0,0.0,55100000.0,0.0,0.009,0.15,833800000.0,888900000.0,0.431,888900000.0,833800000.0,822500000.0,0.91,0.91,0.91,11555800000.0,,11555800000.0,29013710453.0,9.0,8.031,556300000.0,0.894,1.0,2064300000.0,1.0,2307900000.0,11300000.0,8203200000.0,,0.0,4404000000.0,,,4068300000.0,,,34460710453.0,289200000.0,-100000.0,-151200000.0,-60100000.0,-75800000.0,-327900000.0,90500000.0,106700000.0,572400000.0,0.0,566400000.0,566400000.0,566400000.0,0.0,-100000.0,0.274,1282300000.0,782000000.0,194200000.0,0.165,2.982,14.684,14.805,523400000.0,0.0,55.37,4.08,4.08,926700000.0,11672000000.0,2064300000.0,2064300000.0,0.0,,,,,33500000.0,1282300000.0,1.0,622371509.0,622371509.0,,3.317,13988900000.0,77600000.0,256100000.0,452300000.0,22.477,
27,BEN,MRQ,2014-09-30,2014-09-30,2014-09-30,2021-09-07,-117700000.0,16357100000.0,,,,,18.526,-14900000.0,7596000000.0,7596000000.0,0.0,630800000.0,,0.338,2149000000.0,,,2149000000.0,0.0,52300000.0,0.0,0.009,0.12,908100000.0,960400000.0,0.446,960400000.0,908100000.0,895600000.0,1.02,1.02,1.02,11584100000.0,,11584100000.0,28639747681.0,8.0,7.842,712200000.0,1.139,1.0,2155500000.0,1.0,2325900000.0,12500000.0,8584200000.0,,0.0,4678200000.0,,,3909900000.0,,,34147147681.0,-101600000.0,150800000.0,-165600000.0,-49100000.0,-75100000.0,-863000000.0,106300000.0,-29600000.0,727100000.0,-72000000.0,640600000.0,640600000.0,640600000.0,0.0,-9800000.0,0.297,1320200000.0,835300000.0,237500000.0,0.118,2.948,14.322,14.409,530700000.0,0.0,54.61,4.021,4.021,950000000.0,11639500000.0,2155500000.0,2155500000.0,0.0,,,,,30800000.0,1320200000.0,1.0,625291113.0,625291113.0,,3.447,14031200000.0,98100000.0,255000000.0,259300000.0,22.439,
28,BEN,MRQ,2014-06-30,2014-06-30,2014-06-30,2021-09-07,24200000.0,16691900000.0,,,,,17.995,-9800000.0,7697600000.0,7697600000.0,0.0,632100000.0,,0.406,2190200000.0,,,2190200000.0,0.0,53000000.0,664200000.0,0.008,0.12,841200000.0,894200000.0,0.42,894200000.0,841200000.0,830300000.0,0.92,0.92,0.92,11295300000.0,,11295300000.0,31624067389.0,10.0,9.079,761700000.0,1.213,1.0,2130500000.0,1.0,2348800000.0,10900000.0,8835700000.0,,0.0,4805800000.0,,,4587300000.0,,,36305567389.0,786700000.0,-1900000.0,-128500000.0,-47000000.0,-75400000.0,-268900000.0,282400000.0,294100000.0,771500000.0,1700000.0,578900000.0,578900000.0,578900000.0,0.0,53200000.0,0.272,1343700000.0,786800000.0,302600000.0,0.13,3.214,16.116,16.202,542100000.0,0.0,57.84,4.363,4.363,999100000.0,11208600000.0,2130500000.0,2130500000.0,0.0,,,,,32600000.0,1343700000.0,1.0,627689616.0,627689616.0,,3.394,14343100000.0,129200000.0,251400000.0,265000000.0,22.851,
29,BEN,MRQ,2014-03-31,2014-03-31,2014-03-31,2021-09-07,4400000.0,16137400000.0,,,,,17.223,-13400000.0,6910900000.0,6910900000.0,0.0,552800000.0,,0.413,2229400000.0,,,2229400000.0,0.0,57800000.0,674100000.0,0.008,0.12,811200000.0,869000000.0,0.415,869000000.0,811200000.0,799800000.0,0.89,0.89,0.89,10865200000.0,,10865200000.0,29736695591.0,9.0,8.695,301300000.0,0.478,1.0,2095900000.0,1.0,2346700000.0,11400000.0,9109200000.0,,0.0,5050400000.0,,,4491000000.0,,,34179195591.0,211200000.0,-114900000.0,-165600000.0,-37400000.0,-75800000.0,9100000.0,-113900000.0,14400000.0,314700000.0,1300000.0,561000000.0,561000000.0,561000000.0,0.0,-8200000.0,0.268,1309900000.0,786000000.0,261500000.0,0.135,3.146,15.354,15.392,553500000.0,0.0,54.18,4.13,4.13,987600000.0,10798000000.0,2095900000.0,2095900000.0,0.0,,,,,33400000.0,1309900000.0,1.0,630845249.0,630845249.0,,3.322,13790700000.0,118800000.0,238800000.0,266300000.0,21.861,
30,BEN,MRQ,2013-12-31,2013-12-31,2013-12-31,2021-09-07,0.0,15909300000.0,,,,,17.815,-15000000.0,6699700000.0,6699700000.0,0.0,596000000.0,,0.416,2257200000.0,,,2257200000.0,0.0,59300000.0,654400000.0,0.007,0.12,869100000.0,928400000.0,0.44,928400000.0,869100000.0,856500000.0,0.96,0.96,0.96,11238200000.0,,11238200000.0,32390173422.0,10.0,9.479,309700000.0,0.491,1.0,2109500000.0,1.0,2351000000.0,12600000.0,9115800000.0,,0.0,4957400000.0,,,4671100000.0,,,36418173422.0,376600000.0,-34000000.0,-129900000.0,-46500000.0,-64100000.0,-72500000.0,115800000.0,164800000.0,324700000.0,8600000.0,603800000.0,603800000.0,603800000.0,0.0,-7800000.0,0.286,1296400000.0,813100000.0,260800000.0,0.125,3.241,16.273,16.354,559400000.0,0.0,57.73,4.445,4.445,1049600000.0,,2109500000.0,2109500000.0,0.0,,,,,30900000.0,1296400000.0,1.0,630836193.0,630836193.0,,3.344,13558300000.0,118700000.0,252700000.0,483400000.0,21.493,
31,BEN,MRQ,2013-09-30,2013-09-30,2013-09-30,2021-09-07,6100000.0,15390300000.0,,,,,15.858,-20600000.0,6323100000.0,6323100000.0,0.0,510500000.0,,0.455,2295100000.0,,,2295100000.0,0.0,58200000.0,586800000.0,0.027,0.1,733500000.0,791700000.0,0.399,791700000.0,733500000.0,722000000.0,0.8,0.8,0.8,10073100000.0,,10073100000.0,28266857157.0,9.0,8.606,487500000.0,0.767,1.0,1984800000.0,1.0,2359200000.0,11500000.0,9003100000.0,,0.0,4813200000.0,,,4583000000.0,,,32109457157.0,91000000.0,-13700000.0,-252100000.0,-91400000.0,-61600000.0,-510300000.0,55300000.0,89600000.0,508100000.0,37900000.0,509000000.0,509000000.0,509000000.0,0.0,1500000.0,0.256,1249700000.0,735100000.0,273700000.0,0.125,3.188,14.933,15.0,564100000.0,0.0,50.55,4.021,4.021,1038900000.0,10003900000.0,1984800000.0,1984800000.0,0.0,,,,,27200000.0,1249700000.0,1.0,635201922.0,635201922.0,,3.125,13031100000.0,112400000.0,213000000.0,272500000.0,20.515,
32,BEN,MRQ,2013-06-30,2013-06-30,2013-06-30,2021-09-07,-48400000.0,15317200000.0,,,,,15.333,-13400000.0,6232100000.0,6232100000.0,0.0,562100000.0,,0.49,2389500000.0,,,2389500000.0,0.0,58700000.0,714200000.0,0.03,0.097,772200000.0,830900000.0,0.399,830900000.0,772200000.0,762200000.0,0.87,0.86,0.87,9779800000.0,,9779800000.0,25786325419.0,9.0,8.015,742400000.0,1.164,1.0,2084800000.0,1.0,2358800000.0,10000000.0,9115800000.0,,0.0,4947500000.0,,,4794100000.0,,,28919125419.0,676300000.0,-600000.0,-103600000.0,-54100000.0,-61800000.0,-157900000.0,79600000.0,93600000.0,755800000.0,-1200000.0,552300000.0,552300000.0,552300000.0,0.0,9800000.0,0.265,1313100000.0,771700000.0,272700000.0,0.111,2.957,13.556,13.534,563200000.0,0.0,45.34,3.7,3.7,947600000.0,9764600000.0,2084800000.0,2084800000.0,0.0,,,,,29100000.0,1313100000.0,1.0,637828086.0,637828086.0,,3.269,12958400000.0,103100000.0,209900000.0,284600000.0,20.316,
33,BEN,MRQ,2013-03-31,2013-03-31,2013-03-31,2021-09-07,8700000.0,14810200000.0,,,,,14.775,-15900000.0,5555800000.0,5555800000.0,0.0,593400000.0,,0.494,2423000000.0,,,2423000000.0,0.0,60700000.0,674200000.0,0.027,0.097,805300000.0,866000000.0,0.43,866000000.0,805300000.0,794400000.0,0.9,0.9,0.9,9420000000.0,,9420000000.0,29271164118.0,10.0,9.471,469500000.0,0.736,1.0,2013600000.0,1.0,2380900000.0,10900000.0,9296500000.0,,0.0,5035700000.0,,,4651800000.0,,,32051364118.0,313100000.0,200000.0,-7400000.0,-65400000.0,-1400000.0,-209500000.0,63500000.0,79200000.0,485400000.0,-26300000.0,572800000.0,572800000.0,572800000.0,0.0,20600000.0,0.284,1284200000.0,729400000.0,246600000.0,0.108,3.402,15.74,15.759,573900000.0,0.0,50.27,4.265,4.265,994600000.0,9390000000.0,2013600000.0,2013600000.0,0.0,,,,,29500000.0,1284200000.0,1.0,637584327.0,637584327.0,,3.158,12429300000.0,100300000.0,221600000.0,281200000.0,19.494,
34,BEN,MRQ,2012-12-31,2012-12-31,2012-12-31,2021-09-07,63800000.0,14354200000.0,,,,,14.049,-12300000.0,5242700000.0,5242700000.0,0.0,504700000.0,,0.531,2462500000.0,,,2462500000.0,0.0,53900000.0,885200000.0,0.033,1.097,742000000.0,795900000.0,0.418,795900000.0,742000000.0,727500000.0,0.81,0.81,0.81,8947800000.0,,8947800000.0,23411101372.0,8.0,7.816,274100000.0,0.43,1.0,1901800000.0,1.0,2392300000.0,14500000.0,9181700000.0,,0.0,4970900000.0,,,4753200000.0,,,26685301372.0,-808700000.0,8300000.0,-86600000.0,-533000000.0,-757900000.0,-1140400000.0,34500000.0,38500000.0,286400000.0,10800000.0,516100000.0,516100000.0,516100000.0,0.0,-11400000.0,0.271,1216700000.0,685100000.0,194100000.0,1.354,2.982,13.569,13.662,578000000.0,0.0,41.9,3.655,3.655,908000000.0,8862700000.0,1901800000.0,1901800000.0,0.0,,,,,27600000.0,1216700000.0,1.0,636880701.0,636880701.0,,2.986,11961900000.0,94700000.0,211400000.0,414000000.0,18.782,
35,BEN,MRQ,2012-09-30,2012-09-30,2012-09-30,2021-09-07,62000000.0,14751500000.0,,,,,14.426,-16500000.0,6051400000.0,6051400000.0,0.0,504000000.0,,0.54,2777200000.0,,,2777200000.0,0.0,49500000.0,671700000.0,0.025,0.09,674900000.0,724400000.0,0.399,724400000.0,674900000.0,666500000.0,0.77,0.76,0.77,9201300000.0,,9201300000.0,23151608832.0,8.0,7.867,163900000.0,0.257,1.0,1816200000.0,1.0,2141900000.0,8400000.0,9335400000.0,,0.0,4868900000.0,,,4964300000.0,,,26590251832.0,666300000.0,169600000.0,-80800000.0,582800000.0,-57500000.0,205800000.0,263700000.0,110600000.0,180400000.0,16400000.0,492100000.0,492100000.0,492100000.0,0.0,11900000.0,0.271,1193500000.0,622700000.0,241600000.0,0.117,2.89,13.767,13.943,582700000.0,0.0,41.69,3.745,3.745,850200000.0,9075600000.0,1816200000.0,1816200000.0,0.0,,,,,4200000.0,1193500000.0,1.0,637808871.0,637808871.0,,2.848,12609600000.0,94900000.0,174400000.0,276300000.0,19.77,
36,BEN,MRQ,2012-06-30,2012-06-30,2012-06-30,2021-09-07,-8546000.0,13634313000.0,,7341652000.0,6292661000.0,,13.553,-16600000.0,5385052000.0,5385052000.0,0.0,430000000.0,5.297,0.491,1946409000.0,320840000.0,1625569000.0,1946409000.0,0.0,54100000.0,925571000.0,0.028,0.09,650300000.0,704400000.0,0.395,704400000.0,650300000.0,640200000.0,0.71,0.71,0.71,8749329000.0,,8749329000.0,20797148328.0,8.0,7.144,390900000.0,0.606,1.0,1783600000.0,1.0,2127488000.0,10100000.0,6682206000.0,,0.0,4478259000.0,1691192000.0,2787067000.0,4297694000.0,1385976000.0,2911718000.0,23883423328.0,306000000.0,0.0,-278900000.0,-57000000.0,-58100000.0,-244000000.0,168100000.0,184700000.0,407500000.0,-25600000.0,455300000.0,455300000.0,455300000.0,0.0,-25300000.0,0.255,1140600000.0,643000000.0,278109000.0,0.127,2.73,12.873,12.936,585173000.0,0.0,36.997,3.354,3.354,793914000.0,8736616000.0,1783600000.0,1783600000.0,0.0,,,,,27100000.0,1140600000.0,1.0,645556086.0,645556086.0,,2.763,11506825000.0,96639000.0,184900000.0,303200000.0,17.825,5955676000.0
37,BEN,MRQ,2012-03-31,2012-03-31,2012-03-31,2021-09-07,76343000.0,13662808000.0,,7568629000.0,6094179000.0,,13.414,-18500000.0,5079141000.0,5079141000.0,0.0,487800000.0,6.778,0.493,1992866000.0,45658000.0,1947208000.0,1992866000.0,0.0,55800000.0,837068000.0,0.025,0.09,714900000.0,770700000.0,0.428,770700000.0,714900000.0,705300000.0,0.777,0.773,0.777,8689779000.0,,8689779000.0,23930759647.0,9.0,8.011,292100000.0,0.451,1.0,1799300000.0,1.0,2145359000.0,9600000.0,7314470000.0,,0.0,4728738000.0,1982216000.0,2746522000.0,4286559000.0,1116704000.0,3169855000.0,26783364647.0,167200000.0,0.0,-110500000.0,-98400000.0,-500000.0,-365300000.0,205200000.0,223700000.0,310600000.0,16700000.0,503200000.0,503200000.0,503200000.0,0.0,-15400000.0,0.28,1182200000.0,617100000.0,341475000.0,0.116,3.082,14.072,14.222,594797000.0,0.0,41.343,3.724,3.724,850370000.0,8591923000.0,1799300000.0,1799300000.0,0.0,,,,,24600000.0,1182200000.0,1.0,647827896.0,647827896.0,,2.777,11517449000.0,102784000.0,202100000.0,332267000.0,17.779,6451925000.0
38,BEN,MRQ,2011-12-31,2011-12-31,2011-12-31,2021-09-07,12932000.0,13405487000.0,,7084056000.0,6321431000.0,,12.686,-26800000.0,4911858000.0,4911858000.0,0.0,493700000.0,6.806,0.537,2059253000.0,56513000.0,2002740000.0,2059253000.0,0.0,52600000.0,1028343000.0,0.031,0.757,690700000.0,743300000.0,0.437,743300000.0,690700000.0,682100000.0,0.737,0.733,0.737,8273643000.0,,8273643000.0,17853154937.0,7.0,6.007,140900000.0,0.216,1.0,1701900000.0,1.0,2142227000.0,8600000.0,7369731000.0,,0.0,4698935000.0,1844087000.0,2854848000.0,4445586000.0,1040924000.0,3404662000.0,20883330937.0,-286700000.0,0.0,-278100000.0,-114300000.0,-546900000.0,-681400000.0,236400000.0,263200000.0,167700000.0,-9400000.0,480800000.0,480800000.0,480800000.0,0.0,12900000.0,0.283,1069500000.0,632400000.0,206684000.0,1.027,2.524,10.972,11.106,594668000.0,0.0,32.02,2.924,2.924,781645000.0,8239116000.0,1701900000.0,1701900000.0,0.0,,,,,25700000.0,1069500000.0,1.0,652196469.0,652196469.0,,2.609,11263260000.0,106648000.0,201300000.0,484545000.0,17.27,6043132000.0
39,BEN,MRQ,2011-09-30,2011-09-30,2011-09-30,2021-09-07,40400000.0,13775800000.0,,7616768000.0,6159075000.0,,12.885,-46984000.0,5198600000.0,5198600000.0,0.0,356918000.0,5.805,0.546,2168500000.0,84511000.0,2083926000.0,2168500000.0,0.0,61835000.0,890200000.0,0.01,0.083,630983000.0,692818000.0,0.377,692818000.0,630983000.0,619898000.0,0.637,0.627,0.637,8524700000.0,,8524700000.0,18482182226.0,7.0,6.144,566217000.0,0.856,1.0,1837091000.0,1.0,2148200000.0,11085000.0,7285436000.0,,0.0,4742000000.0,1913517000.0,2849992000.0,4653300000.0,1312064000.0,3341309000.0,21092175226.0,478627000.0,24167000.0,-323461000.0,-80669000.0,-55107000.0,-98441000.0,3239000.0,26097000.0,613201000.0,-39372000.0,415996000.0,415996000.0,415996000.0,0.0,-59078000.0,0.226,1148704000.0,688387000.0,265900000.0,0.13,2.474,10.965,11.031,589700000.0,0.0,31.88,2.954,2.954,773200000.0,8462500000.0,1837091000.0,1837091000.0,0.0,,,,,20644000.0,1148704000.0,1.0,661611519.0,661611519.0,,2.777,11627600000.0,107900000.0,203902000.0,403200000.0,17.575,6304704000.0
40,BEN,MRQ,2011-06-30,2011-06-30,2011-06-30,2021-09-07,230980000.0,13150999000.0,,7585897000.0,5565102000.0,,13.051,-19568000.0,4719989000.0,4719989000.0,0.0,478200000.0,5.923,0.501,2109996000.0,80694000.0,2029302000.0,2109996000.0,0.0,58138000.0,689299000.0,0.007,0.083,722347000.0,780485000.0,0.421,780485000.0,722347000.0,712291000.0,0.757,0.753,0.757,8686499000.0,,8686499000.0,26618080281.0,10.0,9.05,500687000.0,0.752,1.0,1853033000.0,1.0,2093573000.0,10056000.0,7166778000.0,,0.0,4584191000.0,1992838000.0,2591353000.0,4352402000.0,1280655000.0,3071747000.0,29127814281.0,51546000.0,-461000.0,-196516000.0,-79431000.0,-55510000.0,-355938000.0,-121036000.0,-101007000.0,520255000.0,8265000.0,503347000.0,503347000.0,503347000.0,0.0,-25147000.0,0.272,1170336000.0,682697000.0,247410000.0,0.11,3.353,15.489,15.574,563921000.0,0.0,43.763,4.264,4.264,896675000.0,8433476000.0,1853033000.0,1853033000.0,0.0,,,,,21900000.0,1170336000.0,1.0,665575770.0,665575770.0,,2.784,11057426000.0,108656000.0,208944000.0,360152000.0,16.613,6305242000.0
41,BEN,MRQ,2011-03-31,2011-03-31,2011-03-31,2021-09-07,205533000.0,12827382000.0,,7104202000.0,5723180000.0,,12.573,-11145000.0,4668443000.0,4668443000.0,0.0,495565000.0,6.066,0.52,2158709000.0,77668000.0,2081041000.0,2158709000.0,0.0,61149000.0,785639000.0,0.008,0.083,694468000.0,755617000.0,0.432,755617000.0,694468000.0,686104000.0,0.753,0.75,0.753,8413508000.0,,8413508000.0,25786045719.0,10.0,9.443,231423000.0,0.346,1.0,1749563000.0,1.0,2080674000.0,8364000.0,7065875000.0,,0.0,4366177000.0,1759257000.0,2606920000.0,4377435000.0,1171099000.0,3206336000.0,27900999719.0,347413000.0,-57606000.0,-199148000.0,-87712000.0,-55920000.0,-221109000.0,309595000.0,378346000.0,242568000.0,16359000.0,503100000.0,503100000.0,503100000.0,0.0,-7535000.0,0.288,1120081000.0,629482000.0,265605000.0,0.11,3.316,16.057,16.141,561955000.0,0.0,41.693,4.284,4.284,859352000.0,8185791000.0,1749563000.0,1749563000.0,0.0,,,,,21728000.0,1120081000.0,1.0,669195708.0,669195708.0,,2.614,10746708000.0,98491000.0,183004000.0,283682000.0,16.059,5933103000.0
42,BEN,MRQ,2010-12-31,2010-12-31,2010-12-31,2021-09-07,186537000.0,12391955000.0,,6808499000.0,5583456000.0,,12.098,-54003000.0,4321030000.0,4321030000.0,0.0,490117000.0,6.143,0.521,2206076000.0,82983000.0,2123093000.0,2206076000.0,0.0,62478000.0,677358000.0,0.008,0.083,716602000.0,779080000.0,0.458,779080000.0,716602000.0,708707000.0,0.747,0.743,0.747,8129728000.0,,8129728000.0,21766482563.0,10.0,8.543,191773000.0,0.285,1.0,1700313000.0,1.0,2007401000.0,7895000.0,7161271000.0,,0.0,4385292000.0,1692278000.0,2693014000.0,4238432000.0,1108329000.0,3130103000.0,24910298563.0,197314000.0,0.0,-185475000.0,-92488000.0,-49763000.0,-292712000.0,244102000.0,252264000.0,245776000.0,148000.0,501157000.0,501157000.0,501157000.0,0.0,-11040000.0,0.295,1041079000.0,659234000.0,291012000.0,0.111,3.064,15.655,15.774,566672000.0,0.0,37.07,4.033,4.033,810236000.0,7920862000.0,1700313000.0,1700313000.0,0.0,,,,,9728000.0,1041079000.0,1.0,671979999.0,671979999.0,,2.53,10384554000.0,96114000.0,207550000.0,450860000.0,15.454,5700170000.0
43,BEN,MRQ,2010-09-30,2010-09-30,2010-09-30,2021-09-07,173716000.0,10708088000.0,,6362793000.0,4345295000.0,,11.443,-4413000.0,4123716000.0,4123716000.0,0.0,375858000.0,6.321,0.383,979900000.0,29997000.0,949903000.0,979900000.0,0.0,66596000.0,655748000.0,0.038,0.073,559408000.0,626004000.0,0.41,626004000.0,559408000.0,549422000.0,0.553,0.55,0.553,7726994000.0,,7726994000.0,21021324310.0,10.0,8.953,306650000.0,0.454,1.0,1528405000.0,1.0,2006629000.0,9986000.0,4551001000.0,,0.0,3077020000.0,1567899000.0,1509121000.0,2958109000.0,1006642000.0,1951467000.0,24062110310.0,133029000.0,0.0,-158603000.0,29974000.0,-49607000.0,-180280000.0,-23326000.0,-18913000.0,311063000.0,25572000.0,372917000.0,372917000.0,372917000.0,0.0,2941000.0,0.244,1019381000.0,509024000.0,244203000.0,0.132,3.114,16.644,16.808,548956000.0,0.0,35.633,4.111,4.111,684223000.0,7530877000.0,1528405000.0,1528405000.0,0.0,,,,,18327000.0,1019381000.0,1.0,675269700.0,675269700.0,,2.263,8701459000.0,89242000.0,176505000.0,337007000.0,12.886,5356151000.0
44,BEN,MRQ,2010-06-30,2010-06-30,2010-06-30,2021-09-07,59258000.0,10409814000.0,,6027564000.0,4382250000.0,,10.889,-25125000.0,3990622000.0,3990622000.0,0.0,359683000.0,6.074,0.397,949836000.0,0.0,949836000.0,949836000.0,0.0,69610000.0,669792000.0,0.045,0.073,500444000.0,570054000.0,0.372,570054000.0,500444000.0,495608000.0,0.53,0.527,0.53,7426502000.0,,7426502000.0,16922685051.0,8.0,7.432,618415000.0,0.907,1.0,1534071000.0,1.0,1999919000.0,4836000.0,4376787000.0,,0.0,2954177000.0,1383228000.0,1570949000.0,2951108000.0,992322000.0,1958786000.0,19594335051.0,967002000.0,0.0,-196842000.0,590914000.0,-50061000.0,319340000.0,21599000.0,46724000.0,643540000.0,-17477000.0,360495000.0,360495000.0,360495000.0,0.0,-812000.0,0.235,1012507000.0,521564000.0,342145000.0,0.138,2.638,13.606,13.701,538307000.0,0.0,28.73,3.522,3.522,680236000.0,7344705000.0,1534071000.0,1534071000.0,0.0,,,,,21720000.0,1012507000.0,1.0,682016535.0,682016535.0,,2.249,8409895000.0,78721000.0,135113000.0,290710000.0,12.331,5035242000.0
45,BEN,MRQ,2010-03-31,2010-03-31,2010-03-31,2021-09-07,143687000.0,9520582000.0,,5123003000.0,4397579000.0,,10.785,-18272000.0,3023620000.0,3023620000.0,0.0,358410000.0,5.177,0.285,351970000.0,285970000.0,66000000.0,351970000.0,0.0,65193000.0,709136000.0,0.035,0.073,507567000.0,572760000.0,0.405,572760000.0,507567000.0,506631000.0,0.52,0.517,0.52,7384276000.0,,7384276000.0,22782027513.0,12.0,10.538,361050000.0,0.527,1.0,1413113000.0,1.0,2012701000.0,936000.0,3846593000.0,,0.0,3072539000.0,1529301000.0,1543238000.0,2104016000.0,989638000.0,1114378000.0,25309678513.0,173312000.0,0.0,-112862000.0,29161000.0,-50862000.0,-93369000.0,-100122000.0,-81850000.0,379322000.0,-12295000.0,356685000.0,356685000.0,356685000.0,0.0,1725000.0,0.252,951978000.0,461135000.0,173036000.0,0.14,3.428,18.375,18.548,534785000.0,0.0,36.967,4.96,4.96,625866000.0,7217850000.0,1413113000.0,1413113000.0,0.0,,,,,19836000.0,951978000.0,1.0,684662178.0,684662178.0,,2.064,7507881000.0,75307000.0,149946000.0,270404000.0,10.966,4133365000.0
46,BEN,MRQ,2009-12-31,2009-12-31,2009-12-31,2021-09-07,125399000.0,9224129000.0,,5031628000.0,4192501000.0,,10.374,-9590000.0,2850308000.0,2850308000.0,0.0,357549000.0,5.18,0.288,322657000.0,256657000.0,66000000.0,322657000.0,0.0,66001000.0,689245000.0,0.037,1.143,513081000.0,579082000.0,0.42,579082000.0,513081000.0,512339000.0,0.517,0.513,0.517,7135051000.0,,7135051000.0,21168192289.0,13.0,11.684,307485000.0,0.447,1.0,1377411000.0,1.0,2007219000.0,742000.0,3717952000.0,,0.0,2953882000.0,1547225000.0,1406657000.0,2052739000.0,971307000.0,1081432000.0,24151487289.0,-254143000.0,0.0,-165693000.0,201451000.0,-732970000.0,-640591000.0,69149000.0,78739000.0,317075000.0,0.0,355603000.0,355603000.0,355603000.0,0.0,1946000.0,0.258,910434000.0,466977000.0,159905000.0,2.211,3.385,21.345,21.504,530926000.0,0.0,35.117,5.248,5.248,632517000.0,6986831000.0,1377411000.0,1377411000.0,0.0,,,,,10117000.0,910434000.0,1.0,687749994.0,687749994.0,,2.003,7216910000.0,70535000.0,156736000.0,351942000.0,10.494,4060321000.0
47,BEN,MRQ,2009-09-30,2009-09-30,2009-09-30,2021-09-07,103351000.0,9468463000.0,,5244420000.0,4224043000.0,,11.045,-12755000.0,3104451000.0,3104451000.0,0.0,378442000.0,7.228,0.232,121156000.0,64156000.0,57000000.0,121156000.0,0.0,51275000.0,664580000.0,0.008,0.0,503804000.0,555079000.0,0.448,555079000.0,503804000.0,503536000.0,0.53,0.527,0.53,7632173000.0,,7632173000.0,20981104334.0,16.0,14.31,139637000.0,0.202,1.0,1238927000.0,1.0,2004600000.0,268000.0,3755028000.0,,0.0,2982838000.0,1581846000.0,1400992000.0,1768902000.0,725540000.0,1043362000.0,23171019334.0,733786000.0,0.0,-148596000.0,-24048000.0,-48514000.0,-86055000.0,664106000.0,676861000.0,152392000.0,-13834000.0,367356000.0,367356000.0,367356000.0,0.0,11086000.0,0.297,957436000.0,281491000.0,174525000.0,0.0,3.036,25.838,25.995,535459000.0,0.0,33.533,5.525,5.525,581810000.0,7505890000.0,1238927000.0,1238927000.0,0.0,,,,,25910000.0,1065003000.0,1.0,690984672.0,690984672.0,,1.793,7463863000.0,67773000.0,136180000.0,247208000.0,10.802,4518880000.0
48,BEN,MRQ,2009-06-30,2009-06-30,2009-06-30,2021-09-07,21136000.0,9242906000.0,,5000404000.0,4242502000.0,,10.561,-4797000.0,2370665000.0,2370665000.0,0.0,306848000.0,6.969,0.247,180750000.0,1435000.0,179315000.0,180750000.0,0.0,40854000.0,646607000.0,0.012,0.07,414131000.0,454985000.0,0.424,454985000.0,414131000.0,413920000.0,0.427,0.427,0.427,7343517000.0,,7343517000.0,14477717597.0,12.0,10.169,237604000.0,0.342,1.0,1073558000.0,1.0,1997521000.0,211000.0,4337997000.0,,0.0,3492757000.0,2090475000.0,1402282000.0,1812660000.0,717473000.0,1095187000.0,16690337597.0,-73671000.0,0.0,-104912000.0,-40588000.0,-48795000.0,-162510000.0,-192142000.0,-187345000.0,242401000.0,0.0,297716000.0,297716000.0,297716000.0,0.0,9132000.0,0.277,714507000.0,359051000.0,296215000.0,0.164,2.273,20.111,20.342,535265000.0,0.0,24.003,3.903,3.903,595437000.0,7299342000.0,1073558000.0,1073558000.0,0.0,,,,,21918000.0,677709000.0,1.0,695334159.0,695334159.0,,1.544,7245385000.0,51322000.0,116204000.0,181138000.0,10.42,4282931000.0
49,BEN,MRQ,2009-03-31,2009-03-31,2009-03-31,2021-09-07,-108829000.0,8830436000.0,,4625611000.0,4204825000.0,,10.088,-5847000.0,2444336000.0,2444336000.0,0.0,109072000.0,7.395,0.247,231716000.0,24996000.0,206720000.0,231716000.0,0.0,42463000.0,645999000.0,0.015,0.07,180057000.0,222520000.0,0.244,222520000.0,180057000.0,177965000.0,0.16,0.157,0.16,7048825000.0,,7048825000.0,9968839489.0,7.0,6.319,198817000.0,0.285,1.0,912272000.0,1.0,1985239000.0,2092000.0,4007082000.0,,0.0,3044864000.0,1700891000.0,1343973000.0,1741691000.0,625495000.0,1116196000.0,12547358489.0,-392461000.0,0.0,-61449000.0,-19714000.0,-48935000.0,-244114000.0,-342130000.0,-336283000.0,204664000.0,0.0,110806000.0,110806000.0,110806000.0,0.0,-1734000.0,0.121,655196000.0,257076000.0,275421000.0,0.438,1.78,13.412,13.532,538492000.0,0.0,17.957,2.656,2.656,531007000.0,7134454000.0,912272000.0,912272000.0,0.0,,,,,20908000.0,622364000.0,1.0,698757666.0,698757666.0,,1.306,6845197000.0,83133000.0,67159000.0,147674000.0,9.796,4000116000.0
50,BEN,MRQ,2008-12-31,2008-12-31,2008-12-31,2021-09-07,-83477000.0,8987352000.0,,4550273000.0,4437079000.0,,10.082,-21784000.0,2836797000.0,2836797000.0,0.0,109929000.0,7.031,0.269,258278000.0,36176000.0,222102000.0,258278000.0,0.0,46680000.0,776606000.0,0.013,0.137,186871000.0,233551000.0,0.241,233551000.0,186871000.0,185671000.0,0.173,0.173,0.173,7038246000.0,,7038246000.0,12583647535.0,7.0,6.509,20161000.0,0.029,1.0,969330000.0,1.0,1995861000.0,1200000.0,3765801000.0,,0.0,2793439000.0,1483843000.0,1309596000.0,1894075000.0,647171000.0,1246904000.0,14841928535.0,309245000.0,533000.0,-37594000.0,4514000.0,-46540000.0,152071000.0,160105000.0,181356000.0,41945000.0,0.0,120900000.0,120900000.0,120900000.0,0.0,-10971000.0,0.125,664354000.0,304976000.0,224329000.0,0.792,2.109,12.464,12.632,553477000.0,0.0,21.26,2.792,2.792,555882000.0,7098431000.0,969330000.0,969330000.0,0.0,,,,,15707000.0,626417000.0,1.0,698115171.0,698115171.0,,1.388,6991491000.0,57421000.0,64771000.0,201257000.0,10.015,3903102000.0
51,BEN,MRQ,2008-09-30,2008-09-30,2008-09-30,2021-09-07,6354000.0,9176520000.0,,4849632000.0,4326888000.0,,10.066,-5889000.0,2527552000.0,2527552000.0,0.0,312095000.0,5.182,0.286,269271000.0,13287000.0,255984000.0,269271000.0,0.0,58405000.0,570279000.0,0.009,0.0,454227000.0,512632000.0,0.388,512632000.0,454227000.0,453749000.0,0.42,0.413,0.42,7074364000.0,,7074364000.0,17986229343.0,8.0,7.289,-8126000.0,-0.012,1.0,1321454000.0,1.0,2017665000.0,478000.0,3964684000.0,,0.0,3113499000.0,1793211000.0,1320288000.0,2024994000.0,935890000.0,1089104000.0,20645544343.0,-516562000.0,-6717000.0,-219900000.0,-104228000.0,-47012000.0,140980000.0,-591490000.0,-578884000.0,-2237000.0,0.0,300489000.0,300489000.0,300489000.0,0.0,11606000.0,0.227,861287000.0,460167000.0,289985000.0,0.0,2.918,12.999,13.191,554706000.0,0.0,29.377,3.422,3.422,690351000.0,7044732000.0,1321454000.0,1321454000.0,0.0,,,,,22642000.0,809144000.0,1.0,702787167.0,702787167.0,,1.88,7158855000.0,17308000.0,153260000.0,212521000.0,10.186,3913742000.0
52,BEN,MRQ,2008-06-30,2008-06-30,2008-06-30,2021-09-07,161238000.0,9344564000.0,,4979786000.0,4364778000.0,,10.091,-23237000.0,3044114000.0,3044114000.0,0.0,403312000.0,4.888,0.299,384799000.0,158384000.0,226415000.0,384799000.0,0.0,51709000.0,545315000.0,0.008,0.067,557179000.0,608888000.0,0.4,608888000.0,557179000.0,553892000.0,0.573,0.57,0.573,7155729000.0,,7155729000.0,19295883604.0,8.0,7.391,911135000.0,1.285,1.0,1521649000.0,1.0,2036653000.0,3287000.0,3629913000.0,,0.0,2592857000.0,1259020000.0,1333837000.0,2140999000.0,1018683000.0,1122316000.0,21663424604.0,-619593000.0,6717000.0,-173681000.0,-927395000.0,-47274000.0,-1078066000.0,-472050000.0,-455530000.0,934372000.0,0.0,403312000.0,403312000.0,403312000.0,0.0,0.0,0.265,947499000.0,574150000.0,262072000.0,0.117,3.027,12.561,12.729,568056000.0,0.0,30.55,3.417,3.417,755648000.0,6971027000.0,1521649000.0,1521649000.0,0.0,,,,,20522000.0,901317000.0,1.0,709113735.0,709113735.0,,2.146,7307911000.0,93288000.0,150580000.0,240755000.0,10.306,3961103000.0
53,BEN,MRQ,2008-03-31,2008-03-31,2008-03-31,2021-09-07,192331000.0,9944722000.0,,5179464000.0,4765258000.0,,9.77,-19825000.0,3663707000.0,3663707000.0,0.0,366096000.0,3.582,0.417,1296166000.0,718991000.0,577175000.0,1296166000.0,0.0,52824000.0,528714000.0,0.007,0.067,525416000.0,578240000.0,0.385,578240000.0,525416000.0,519468000.0,0.517,0.513,0.517,6984109000.0,,6984109000.0,21140130220.0,8.0,7.826,253273000.0,0.354,1.0,1503692000.0,1.0,2047701000.0,5948000.0,4083434000.0,,0.0,2549540000.0,1002022000.0,1547518000.0,2914469000.0,1446046000.0,1468423000.0,23110525220.0,781434000.0,0.0,-358400000.0,419603000.0,-47956000.0,199935000.0,302519000.0,322344000.0,273098000.0,0.0,366096000.0,366096000.0,366096000.0,0.0,0.0,0.243,941283000.0,562409000.0,211667000.0,0.13,3.309,12.913,13.158,567541000.0,0.0,32.33,3.578,3.578,738474000.0,6768142000.0,1503692000.0,1503692000.0,0.0,,,,,19937000.0,893463000.0,1.0,714832206.0,714832206.0,,2.104,7897021000.0,90197000.0,153372000.0,217146000.0,11.047,3733418000.0
54,BEN,MRQ,2007-12-31,2007-12-31,2007-12-31,2021-09-07,221362000.0,9672751000.0,,4917609000.0,4755142000.0,,9.541,-14547000.0,2882273000.0,2882273000.0,0.0,518316000.0,3.937,0.374,911878000.0,420000000.0,491878000.0,911878000.0,0.0,52284000.0,516336000.0,0.006,0.117,715525000.0,767809000.0,0.456,767809000.0,715525000.0,709480000.0,0.717,0.707,0.717,7012891000.0,,7012891000.0,25275853541.0,10.0,9.05,189461000.0,0.258,1.0,1685591000.0,1.0,2056499000.0,6045000.0,4396865000.0,,0.0,2967818000.0,1475839000.0,1491979000.0,2621858000.0,1248992000.0,1372866000.0,28037138541.0,-701910000.0,0.0,-778013000.0,99484000.0,-36791000.0,-562824000.0,-335101000.0,-320554000.0,204008000.0,0.0,518316000.0,518316000.0,518316000.0,0.0,0.0,0.307,1005311000.0,680280000.0,257046000.0,0.163,3.998,15.038,15.118,561006000.0,0.0,38.143,4.338,4.338,832266000.0,6767556000.0,1685591000.0,1685591000.0,0.0,,,,,-10301000.0,959141000.0,1.0,735046890.0,735046890.0,,2.293,7616252000.0,86894000.0,191164000.0,323773000.0,10.362,3668617000.0
55,BEN,MRQ,2007-09-30,2007-09-30,2007-09-30,2021-09-07,258311000.0,9932272000.0,,5456726000.0,4475546000.0,,9.938,-24722000.0,3584183000.0,3584183000.0,0.0,436908000.0,3.801,0.349,822898000.0,420000000.0,402898000.0,822898000.0,0.0,31261000.0,442011000.0,0.004,0.0,624703000.0,655964000.0,0.403,655964000.0,624703000.0,619732000.0,0.593,0.59,0.593,7332275000.0,,7332275000.0,28541512152.0,11.0,10.622,115059000.0,0.156,1.0,1629137000.0,1.0,2058244000.0,4971000.0,3677100000.0,,0.0,2490866000.0,1205019000.0,1285847000.0,2558593000.0,1435643000.0,1122950000.0,31357976152.0,8137000.0,-3182000.0,-138586000.0,130587000.0,-36884000.0,15492000.0,-199966000.0,-172062000.0,139781000.0,0.0,436908000.0,436908000.0,436908000.0,0.0,0.0,0.268,1041814000.0,587323000.0,272248000.0,0.0,4.277,17.687,17.932,559483000.0,0.0,42.5,5.053,5.053,865128000.0,7049417000.0,1629137000.0,1629137000.0,0.0,,,,,35182000.0,983675000.0,1.0,737834733.0,737834733.0,,2.208,7874028000.0,82084000.0,182824000.0,334178000.0,10.672,4021083000.0
56,BEN,MRQ,2007-06-30,2007-06-30,2007-06-30,2021-09-07,229625000.0,9454741000.0,,5157546000.0,4297195000.0,,9.363,-25728000.0,3576046000.0,3576046000.0,0.0,468364000.0,3.775,0.339,759582000.0,484414000.0,275168000.0,759582000.0,0.0,58559000.0,439348000.0,0.004,0.05,640658000.0,699217000.0,0.426,699217000.0,640658000.0,634521000.0,0.63,0.62,0.63,7012072000.0,,7012072000.0,30101724733.0,13.0,11.647,644987000.0,0.861,1.0,1639811000.0,1.0,2054349000.0,6137000.0,3217598000.0,,0.0,2042000000.0,923405000.0,1118595000.0,2373898000.0,1366330000.0,1007568000.0,33068603733.0,-403122000.0,-86711000.0,-510691000.0,-254882000.0,-37439000.0,-785700000.0,-288137000.0,-175698000.0,670715000.0,0.0,468364000.0,468364000.0,468364000.0,0.0,0.0,0.286,1079988000.0,559823000.0,218226000.0,0.079,4.716,19.252,19.367,537391000.0,0.0,44.157,5.63,5.63,830094000.0,6757861000.0,1639811000.0,1639811000.0,0.0,,,,,17575000.0,1003514000.0,1.0,748892664.0,748892664.0,,2.19,7400392000.0,82478000.0,166157000.0,319185000.0,9.882,3791216000.0
57,BEN,MRQ,2007-03-31,2007-03-31,2007-03-31,2021-09-07,181660000.0,9616910000.0,,5335134000.0,4281776000.0,,9.239,-26105000.0,3979168000.0,3979168000.0,0.0,440866000.0,5.714,0.352,1012289000.0,168070000.0,844219000.0,1012289000.0,0.0,56260000.0,442655000.0,0.004,0.05,613695000.0,669955000.0,0.444,669955000.0,613695000.0,607705000.0,0.583,0.577,0.583,7030981000.0,,7030981000.0,27543007148.0,12.0,11.315,285761000.0,0.376,1.0,1509006000.0,1.0,1975824000.0,5990000.0,3740558000.0,,0.0,1995152000.0,815002000.0,1180150000.0,2473502000.0,933649000.0,1539853000.0,30649369148.0,-26881000.0,0.0,-515972000.0,112572000.0,-38038000.0,-497323000.0,158576000.0,184681000.0,311866000.0,0.0,440866000.0,440866000.0,440866000.0,0.0,0.0,0.292,972308000.0,536698000.0,182950000.0,0.086,4.359,18.911,18.909,525103000.0,0.0,40.277,5.521,5.521,708498000.0,6824363000.0,1509006000.0,1509006000.0,0.0,,,,,22509000.0,922405000.0,1.0,760970847.0,760970847.0,,1.983,7641086000.0,109775000.0,166839000.0,275793000.0,10.041,4401485000.0
58,BEN,MRQ,2006-12-31,2006-12-31,2006-12-31,2021-09-07,193560000.0,9663476000.0,,5466571000.0,4196905000.0,,9.357,-17589000.0,4006049000.0,4006049000.0,0.0,426800000.0,5.845,0.343,899687000.0,168099000.0,731588000.0,899687000.0,0.0,52539000.0,531243000.0,0.005,0.09,609465000.0,662004000.0,0.464,662004000.0,609465000.0,603343000.0,0.563,0.557,0.563,7117337000.0,,7117337000.0,25347447333.0,13.0,11.313,533682000.0,0.702,1.0,1427815000.0,1.0,1976203000.0,6122000.0,3645640000.0,,0.0,2060568000.0,1002931000.0,1057637000.0,2439794000.0,935271000.0,1504523000.0,27932270333.0,392914000.0,-2414000.0,-57277000.0,-128381000.0,-30386000.0,-181716000.0,23359000.0,43362000.0,551271000.0,0.0,426800000.0,426800000.0,426800000.0,0.0,0.0,0.299,885998000.0,541817000.0,188941000.0,0.16,3.925,20.294,20.402,511659000.0,0.0,36.723,5.273,5.273,689187000.0,6719961000.0,1427815000.0,1427815000.0,0.0,,,,,-18638000.0,838991000.0,1.0,760613697.0,760613697.0,,1.877,7687273000.0,91186000.0,176543000.0,335022000.0,10.107,4531300000.0
59,BEN,MRQ,2006-09-30,2006-09-30,2006-09-30,2021-09-07,139977000.0,9499859000.0,,4969601000.0,4530258000.0,,8.822,-32501000.0,3613135000.0,3613135000.0,0.0,381669000.0,5.165,0.407,1028312000.0,168063000.0,860249000.0,1028312000.0,0.0,54427000.0,548907000.0,0.003,0.0,498979000.0,553406000.0,0.427,553406000.0,498979000.0,492753000.0,0.503,0.497,0.503,6684728000.0,,6684728000.0,24251884698.0,13.0,11.659,146316000.0,0.193,1.0,1297229000.0,1.0,1981458000.0,6226000.0,3971382000.0,,0.0,2222553000.0,934264000.0,1288289000.0,2719335000.0,962196000.0,1757139000.0,26679959698.0,199939000.0,-154000.0,-30823000.0,43562000.0,-30361000.0,83522000.0,-62400000.0,-29745000.0,178817000.0,0.0,381669000.0,381669000.0,381669000.0,0.0,0.0,0.294,835935000.0,461294000.0,263019000.0,0.0,3.991,21.048,21.249,506291000.0,0.0,35.21,5.282,5.282,711141000.0,6333843000.0,1297229000.0,1297229000.0,0.0,,,,,10242000.0,790415000.0,1.0,757738134.0,757738134.0,,1.712,7518401000.0,95980000.0,111084000.0,309524000.0,9.922,4007405000.0
60,BEN,MRQ,2006-06-30,2006-06-30,2006-06-30,2021-09-07,125547000.0,8974743000.0,,4789344000.0,4185399000.0,,8.086,-10823000.0,3413196000.0,3413196000.0,0.0,371414000.0,4.804,0.406,985121000.0,167981000.0,817140000.0,985121000.0,0.0,52903000.0,476811000.0,0.005,0.04,495905000.0,548808000.0,0.417,548808000.0,495905000.0,489223000.0,0.48,0.47,0.48,6306330000.0,,6306330000.0,19940192697.0,11.0,9.87,327704000.0,0.42,1.0,1317275000.0,1.0,1984031000.0,6682000.0,3565632000.0,,0.0,2001635000.0,868702000.0,1132933000.0,2557303000.0,997005000.0,1560298000.0,22567868697.0,-337241000.0,3949000.0,-843131000.0,78671000.0,-31122000.0,-712132000.0,36364000.0,43238000.0,338527000.0,0.0,371414000.0,371414000.0,371414000.0,0.0,0.0,0.282,833775000.0,483500000.0,270550000.0,0.083,3.579,18.492,18.119,487335000.0,0.0,28.937,4.59,4.59,642477000.0,5983101000.0,1317275000.0,1317275000.0,0.0,,,,,14649000.0,788804000.0,1.0,779905611.0,779905611.0,,1.689,6990712000.0,106640000.0,117809000.0,302550000.0,8.964,3792339000.0
61,BEN,MRQ,2006-03-31,2006-03-31,2006-03-31,2021-09-07,112774000.0,9164961000.0,,5106378000.0,4058583000.0,,8.432,-14690000.0,3750437000.0,3750437000.0,0.0,196516000.0,5.843,0.387,1122761000.0,168311000.0,954450000.0,1122761000.0,0.0,54174000.0,413752000.0,0.005,0.04,422137000.0,476311000.0,0.38,476311000.0,422137000.0,415012000.0,0.253,0.247,0.253,6543017000.0,,6543017000.0,21831513686.0,13.0,11.535,199239000.0,0.257,1.0,1254770000.0,1.0,1983171000.0,7125000.0,3680249000.0,,0.0,1885760000.0,845855000.0,1039905000.0,2529153000.0,873865000.0,1655288000.0,24375722686.0,124084000.0,0.0,-6241000.0,69938000.0,-30979000.0,-4697000.0,-85148000.0,-70458000.0,213929000.0,0.0,196516000.0,196516000.0,196516000.0,0.0,0.0,0.157,872898000.0,381872000.0,160289000.0,0.158,3.725,21.943,21.472,489264000.0,0.0,31.413,5.176,5.176,567672000.0,5653306000.0,1254770000.0,1254770000.0,0.0,,,,,108333000.0,754448000.0,1.0,775967403.0,775967403.0,,1.617,7181790000.0,104000000.0,218496000.0,355666000.0,9.255,4232513000.0
62,BEN,MRQ,2005-12-31,2005-12-31,2005-12-31,2021-09-07,96792000.0,8891826000.0,,4712591000.0,4179235000.0,,8.266,-11036000.0,3626353000.0,3626353000.0,0.0,317969000.0,6.144,0.401,1082144000.0,169339000.0,912805000.0,1082144000.0,0.0,53767000.0,535240000.0,0.026,0.04,447766000.0,501533000.0,0.425,501533000.0,447766000.0,438578000.0,0.42,0.403,0.42,6293114000.0,,6293114000.0,22321341638.0,14.0,12.566,535581000.0,0.704,1.0,1181452000.0,1.0,2041852000.0,9188000.0,3538752000.0,,0.0,1718213000.0,745948000.0,972265000.0,2521535000.0,767013000.0,1754522000.0,23856499638.0,474194000.0,0.0,-7422000.0,-240873000.0,-25268000.0,-220131000.0,147708000.0,158744000.0,546617000.0,0.0,317969000.0,317969000.0,317969000.0,0.0,0.0,0.269,744864000.0,436588000.0,177128000.0,0.095,3.791,21.008,20.849,487491000.0,0.0,31.337,5.295,5.295,538317000.0,5488743000.0,1181452000.0,1181452000.0,0.0,,,,,-106464000.0,702789000.0,1.0,761296659.0,761296659.0,,1.552,6849974000.0,96327000.0,120609000.0,288762000.0,8.998,3945578000.0
63,BEN,MRQ,2005-09-30,2005-09-30,2005-09-30,2021-09-07,99723000.0,8893927000.0,,4620588000.0,4273339000.0,,7.531,-17052000.0,3152159000.0,3152159000.0,0.0,334495000.0,5.424,0.551,1617001000.0,169389000.0,1447612000.0,1617001000.0,0.0,65449000.0,519140000.0,0.029,0.033,428227000.0,493676000.0,0.424,493676000.0,428227000.0,419429000.0,0.443,0.427,0.443,5684384000.0,,5684384000.0,19703980768.0,14.0,11.82,34486000.0,0.046,1.0,1163161000.0,1.0,2047444000.0,8798000.0,4459428000.0,,0.0,2133323000.0,873176000.0,1260147000.0,3133436000.0,851897000.0,2281539000.0,21125644768.0,199713000.0,0.0,14481000.0,229569000.0,-25290000.0,228911000.0,-80736000.0,-63684000.0,51538000.0,0.0,334495000.0,334495000.0,334495000.0,0.0,0.0,0.288,763515000.0,399646000.0,205853000.0,0.074,3.716,19.974,19.891,489366000.0,0.0,27.987,4.901,4.901,549203000.0,5206485000.0,1163161000.0,1163161000.0,0.0,,,,,-37437000.0,715825000.0,1.0,754846764.0,754846764.0,,1.541,6846483000.0,121891000.0,84934000.0,260735000.0,9.07,3768691000.0
64,BEN,MRQ,2005-06-30,2005-06-30,2005-06-30,2021-09-07,88894000.0,8528563000.0,,4285148000.0,4243415000.0,,7.045,-14083000.0,2952446000.0,2952446000.0,0.0,261873000.0,4.833,0.592,1530782000.0,169418000.0,1361364000.0,1530782000.0,0.0,48342000.0,533987000.0,0.032,0.033,372730000.0,421072000.0,0.379,421072000.0,372730000.0,363713000.0,0.347,0.333,0.347,5301538000.0,,5301538000.0,17554841861.0,14.0,11.789,416523000.0,0.554,1.0,1109734000.0,1.0,2046703000.0,9017000.0,4173507000.0,,0.0,2002837000.0,846126000.0,1156711000.0,3136841000.0,886689000.0,2250152000.0,19309412861.0,-244647000.0,0.0,4847000.0,-9709000.0,-527080000.0,-633777000.0,-41476000.0,-27393000.0,430606000.0,0.0,261873000.0,261873000.0,261873000.0,0.0,0.0,0.236,733894000.0,375840000.0,246032000.0,0.095,3.642,21.2,21.154,487005000.0,0.0,25.66,4.793,4.793,496386000.0,4897264000.0,1109734000.0,1109734000.0,0.0,,,,,51393000.0,702726000.0,1.0,752510244.0,752510244.0,,1.475,6481860000.0,131522000.0,101840000.0,271395000.0,8.614,3398459000.0
65,BEN,MRQ,2005-03-31,2005-03-31,2005-03-31,2021-09-07,102319000.0,8699455000.0,,4378228000.0,4321227000.0,,6.738,-38995000.0,3197093000.0,3197093000.0,0.0,221274000.0,3.377,0.701,1442522000.0,170000000.0,1272522000.0,1442522000.0,0.0,49678000.0,639656000.0,0.035,0.7,310305000.0,359983000.0,0.342,359983000.0,310305000.0,302064000.0,0.293,0.283,0.293,5061287000.0,,5061287000.0,15469136515.0,13.0,11.332,106424000.0,0.142,1.0,1051181000.0,1.0,2051029000.0,8241000.0,3597233000.0,,0.0,1872316000.0,822194000.0,1050122000.0,3548510000.0,1296622000.0,2251888000.0,17188572515.0,91883000.0,-37000.0,17786000.0,4243000.0,-25089000.0,28737000.0,-82273000.0,-43241000.0,145419000.0,0.0,221274000.0,221274000.0,221274000.0,0.0,0.0,0.211,747283000.0,303898000.0,192459000.0,2.389,3.396,20.889,20.803,490777000.0,0.0,22.883,4.539,4.539,484497000.0,4660516000.0,1051181000.0,1051181000.0,0.0,,,,,43776000.0,666201000.0,1.0,751139367.0,751139367.0,,1.399,6648426000.0,140981000.0,80790000.0,249173000.0,8.851,3081606000.0
66,BEN,MRQ,2004-12-31,2004-12-31,2004-12-31,2021-09-07,120753000.0,8451248000.0,,4245654000.0,4205594000.0,,7.081,-4795000.0,3105210000.0,3105210000.0,0.0,239989000.0,5.145,0.565,1385774000.0,170000000.0,1215774000.0,1385774000.0,0.0,48704000.0,637750000.0,0.005,0.033,343636000.0,392340000.0,0.398,392340000.0,343636000.0,335649000.0,0.32,0.307,0.32,5339332000.0,,5339332000.0,15955948117.0,14.0,12.159,217630000.0,0.289,1.0,986022000.0,1.0,2057950000.0,7987000.0,3848595000.0,,0.0,1774528000.0,756224000.0,1018304000.0,3019346000.0,825267000.0,2194079000.0,17506727117.0,188022000.0,0.0,-76598000.0,16999000.0,-21200000.0,18671000.0,-53074000.0,-48279000.0,222425000.0,0.0,239989000.0,239989000.0,239989000.0,0.0,0.0,0.243,654560000.0,331462000.0,202071000.0,0.103,3.279,22.608,22.388,463894000.0,0.0,23.217,4.843,4.843,439248000.0,4966489000.0,986022000.0,986022000.0,0.0,,,,,-57732000.0,615842000.0,1.0,754058598.0,754058598.0,,1.308,6393298000.0,143906000.0,95660000.0,352900000.0,8.479,3420387000.0
67,BEN,MRQ,2004-09-30,2004-09-30,2004-09-30,2021-09-07,75175000.0,8227768000.0,,4043845000.0,4183923000.0,,6.826,-9321000.0,2917188000.0,2917188000.0,0.0,187681000.0,4.392,0.596,1366042000.0,169633000.0,1196409000.0,1366042000.0,0.0,45982000.0,555746000.0,0.007,0.057,269675000.0,315657000.0,0.358,315657000.0,269675000.0,261759000.0,0.253,0.243,0.253,5106784000.0,,5106784000.0,12769453590.0,12.0,10.529,695740000.0,0.93,1.0,881732000.0,1.0,2053257000.0,7916000.0,3702617000.0,,0.0,1761840000.0,689994000.0,1071846000.0,3044895000.0,920748000.0,2124147000.0,13905674590.0,436772000.0,0.0,-5326000.0,14291000.0,-21159000.0,98901000.0,-367190000.0,-357869000.0,705061000.0,0.0,187681000.0,187681000.0,187681000.0,0.0,0.0,0.213,613203000.0,268529000.0,287573000.0,0.225,2.723,19.678,19.627,470578000.0,0.0,18.587,4.044,4.044,444031000.0,4751504000.0,881732000.0,881732000.0,0.0,,,,,110555000.0,551365000.0,1.0,748153224.0,748153224.0,,1.179,6174511000.0,133420000.0,74078000.0,312988000.0,8.253,3123097000.0
68,BEN,MRQ,2004-06-30,2004-06-30,2004-06-30,2021-09-07,64908000.0,8074586000.0,,3699501000.0,4375085000.0,,6.541,-4490000.0,2480416000.0,2480416000.0,0.0,173896000.0,4.32,0.631,1344195000.0,164935000.0,1179260000.0,1344195000.0,0.0,45324000.0,558989000.0,0.005,0.0,251823000.0,297147000.0,0.342,297147000.0,251823000.0,243991000.0,0.233,0.223,0.233,4905269000.0,,4905269000.0,11292631124.0,12.0,9.708,-23054000.0,-0.031,1.0,867815000.0,1.0,2051822000.0,7832000.0,4030276000.0,,0.0,1944749000.0,768019000.0,1176730000.0,3093537000.0,856267000.0,2237270000.0,12519483124.0,-69164000.0,0.0,-30273000.0,18969000.0,-21239000.0,-158943000.0,108343000.0,112833000.0,-18564000.0,0.0,173896000.0,173896000.0,173896000.0,0.0,0.0,0.2,602141000.0,265674000.0,427893000.0,0.0,2.552,18.656,18.548,475370000.0,0.0,16.693,3.81,3.81,588803000.0,4584933000.0,867815000.0,867815000.0,0.0,,,,,0.0,544385000.0,1.0,749969037.0,749969037.0,,1.157,6022764000.0,0.0,70095000.0,289788000.0,8.031,2843234000.0
69,BEN,MRQ,2004-03-31,2004-03-31,2004-03-31,2021-09-07,82954000.0,7850480000.0,,3504955000.0,4345525000.0,,6.416,302000.0,2549580000.0,2549580000.0,0.0,172791000.0,4.805,0.622,1322728000.0,164900000.0,1157828000.0,1322728000.0,0.0,47117000.0,685389000.0,0.006,0.028,259975000.0,307092000.0,0.349,307092000.0,259975000.0,252176000.0,0.23,0.223,0.23,4800853000.0,,4800853000.0,13835134741.0,15.0,12.549,148736000.0,0.199,1.0,878995000.0,1.0,2061078000.0,7799000.0,3833164000.0,,0.0,1686862000.0,577299000.0,1109563000.0,2987587000.0,729386000.0,2258201000.0,13887221741.0,1196804000.0,-27489000.0,31414000.0,19609000.0,-21123000.0,81516000.0,966854000.0,961554000.0,148434000.0,0.0,172791000.0,172791000.0,172791000.0,0.0,0.0,0.197,628788000.0,250207000.0,278263000.0,0.122,2.893,22.094,22.095,486644000.0,0.0,18.56,4.477,4.477,536951000.0,4432393000.0,878995000.0,878995000.0,0.0,,,,,0.0,565544000.0,1.0,748233930.0,748233930.0,,1.175,5789402000.0,0.0,79385000.0,274082000.0,7.737,2775569000.0
70,BEN,MRQ,2003-12-31,2003-12-31,2003-12-31,2021-09-07,77730000.0,7417402000.0,,3311870000.0,4105532000.0,,6.169,-7747000.0,1352776000.0,1352776000.0,0.0,172296000.0,5.096,0.599,1300689000.0,164900000.0,1135789000.0,1300689000.0,0.0,45014000.0,633772000.0,0.006,0.053,247830000.0,292844000.0,0.362,292844000.0,247830000.0,240719000.0,0.233,0.223,0.233,4598629000.0,,4598629000.0,12990981389.0,16.0,13.055,86987000.0,0.117,1.0,809666000.0,1.0,2060936000.0,7111000.0,4654533000.0,,0.0,2604226000.0,1565773000.0,1038453000.0,2755853000.0,649846000.0,2106007000.0,12935508389.0,299081000.0,-40766000.0,65511000.0,24130000.0,-18485000.0,70946000.0,133401000.0,181914000.0,94734000.0,0.0,172296000.0,172296000.0,172296000.0,0.0,0.0,0.213,564358000.0,245308000.0,138920000.0,0.227,2.813,22.88,23.046,504013000.0,0.0,17.353,4.561,4.561,392994000.0,4280246000.0,809666000.0,809666000.0,0.0,,,,,0.0,528812000.0,1.0,745419231.0,745419231.0,,1.086,5356466000.0,0.0,68423000.0,301993000.0,7.186,2662024000.0
71,BEN,MRQ,2003-09-30,2003-09-30,2003-09-30,2021-09-07,47847000.0,6970749000.0,,2968827000.0,4001922000.0,,5.724,-6610000.0,1053695000.0,1053695000.0,0.0,152079000.0,6.077,0.611,1109168000.0,287000.0,1108881000.0,1109168000.0,0.0,44808000.0,633983000.0,0.007,0.0,221301000.0,266109000.0,0.365,266109000.0,221301000.0,214196000.0,0.203,0.193,0.203,4310108000.0,,4310108000.0,10766463397.0,15.0,11.996,135236000.0,0.18,1.0,729631000.0,1.0,2019798000.0,7105000.0,4517898000.0,,0.0,2631348000.0,1521933000.0,1109415000.0,2635297000.0,488526000.0,2146771000.0,11096048397.0,-359720000.0,0.0,-227599000.0,22906000.0,-18062000.0,-277378000.0,-224188000.0,-217578000.0,141846000.0,0.0,152079000.0,152079000.0,152079000.0,0.0,0.0,0.208,508834000.0,220797000.0,215494000.0,0.0,2.574,22.067,22.328,356772000.0,0.0,14.737,4.216,4.216,441156000.0,4129644000.0,729631000.0,729631000.0,0.0,,,,,0.0,480377000.0,1.0,752955105.0,752955105.0,,0.969,4950951000.0,91579000.0,62117000.0,246998000.0,6.575,2480301000.0
72,BEN,MRQ,2003-06-30,2003-06-30,2003-06-30,2021-09-07,6740000.0,6977110000.0,,3029026000.0,3948084000.0,,5.735,-11640000.0,1413415000.0,1413415000.0,0.0,131388000.0,6.732,0.6,1083830000.0,2134000.0,1081696000.0,1083830000.0,0.0,44686000.0,688604000.0,0.009,0.025,191790000.0,236476000.0,0.346,236476000.0,191790000.0,185054000.0,0.173,0.173,0.173,4361291000.0,,4361291000.0,9718438461.0,16.0,12.609,132467000.0,0.174,1.0,683907000.0,1.0,2022419000.0,6736000.0,4175192000.0,,0.0,2371532000.0,1406508000.0,965024000.0,2615819000.0,449914000.0,2165905000.0,9903022461.0,588529000.0,0.0,-170054000.0,441108000.0,-19975000.0,217969000.0,226453000.0,227450000.0,144107000.0,0.0,131388000.0,131388000.0,131388000.0,0.0,0.0,0.192,495373000.0,188534000.0,192920000.0,0.145,2.271,23.62,23.679,369905000.0,0.0,13.023,3.937,3.937,366612000.0,3996009000.0,683907000.0,683907000.0,0.0,,,,,0.0,463041000.0,1.0,760406127.0,760406127.0,,0.899,4954691000.0,0.0,53666000.0,211005000.0,6.516,2579112000.0
73,BEN,MRQ,2003-03-31,2003-03-31,2003-03-31,2021-09-07,-45366000.0,6606305000.0,,2369499000.0,4236806000.0,,5.657,-16074000.0,824886000.0,824886000.0,0.0,109603000.0,5.843,0.512,640302000.0,4216000.0,636086000.0,640302000.0,0.0,44431000.0,720188000.0,0.009,0.025,155264000.0,199695000.0,0.326,199695000.0,155264000.0,152227000.0,0.143,0.143,0.143,4368487000.0,,4368487000.0,8040762584.0,14.0,10.671,152767000.0,0.198,1.0,613135000.0,1.0,2018061000.0,3037000.0,3998149000.0,,0.0,2535545000.0,1286326000.0,1249219000.0,2237818000.0,405511000.0,1832307000.0,8471413584.0,-226227000.0,0.0,-86844000.0,21073000.0,-19341000.0,-171104000.0,-223964000.0,-207890000.0,168841000.0,0.0,109603000.0,109603000.0,109603000.0,0.0,0.0,0.179,456389000.0,156746000.0,308710000.0,0.175,1.939,20.484,20.428,379571000.0,0.0,10.97,3.392,3.392,469794000.0,3883497000.0,613135000.0,613135000.0,0.0,,,,,0.0,429507000.0,1.0,772234602.0,772234602.0,,0.794,4588244000.0,0.0,42624000.0,201632000.0,5.942,1963988000.0
74,BEN,MRQ,2002-12-31,2002-12-31,2002-12-31,2021-09-07,-44201000.0,6519327000.0,,2425889000.0,4093438000.0,,5.633,-15835000.0,1051113000.0,1051113000.0,0.0,109760000.0,6.223,0.496,620462000.0,6015000.0,614447000.0,620462000.0,0.0,43495000.0,806748000.0,0.008,0.048,151758000.0,195253000.0,0.322,195253000.0,151758000.0,148726000.0,0.143,0.143,0.143,4357801000.0,,4357801000.0,8410889502.0,14.0,11.033,65785000.0,0.085,1.0,605451000.0,1.0,2015833000.0,3032000.0,3683027000.0,,0.0,2340066000.0,1190353000.0,1149713000.0,2161526000.0,389816000.0,1771710000.0,8788515502.0,70509000.0,0.0,-45749000.0,15322000.0,-18063000.0,26982000.0,-38093000.0,-22258000.0,81620000.0,0.0,109760000.0,109760000.0,109760000.0,0.0,0.0,0.181,449951000.0,155500000.0,174931000.0,0.336,2.017,20.729,20.768,386785000.0,0.0,11.36,3.501,3.501,350940000.0,3793053000.0,605451000.0,605451000.0,0.0,,,,,0.0,423204000.0,1.0,773636928.0,773636928.0,,0.783,4503494000.0,0.0,38966000.0,215663000.0,5.821,2036073000.0
75,BEN,MRQ,2002-09-30,2002-09-30,2002-09-30,2021-09-07,-59742000.0,6422738000.0,,2362059000.0,4060679000.0,,5.472,-18419000.0,980604000.0,980604000.0,0.0,68518000.0,5.191,0.505,602978000.0,7830000.0,595148000.0,602978000.0,0.0,44616000.0,733571000.0,0.009,0.023,94713000.0,139329000.0,0.227,139329000.0,94713000.0,91545000.0,0.09,0.087,0.09,4266946000.0,,4266946000.0,7743943067.0,13.0,10.009,182776000.0,0.234,1.0,612633000.0,1.0,2019185000.0,3168000.0,3570908000.0,,0.0,2261357000.0,1121011000.0,1140346000.0,2155792000.0,455019000.0,1700773000.0,8083362067.0,-68270000.0,-51779000.0,-116672000.0,14019000.0,-18528000.0,-140462000.0,-129003000.0,-58805000.0,201195000.0,0.0,68518000.0,68518000.0,68518000.0,0.0,0.0,0.112,455726000.0,156907000.0,217951000.0,0.256,1.894,18.68,18.746,394172000.0,0.0,10.367,3.204,3.204,393030000.0,3702636000.0,612633000.0,612633000.0,0.0,,,,,0.0,433507000.0,1.0,779745537.0,779745537.0,,0.786,4403553000.0,0.0,23027000.0,187686000.0,5.647,1907040000.0
76,BEN,MRQ,2002-06-30,2002-06-30,2002-06-30,2021-09-07,-62199000.0,6448764000.0,,2533545000.0,3915219000.0,,5.494,-6616000.0,923538000.0,923538000.0,0.0,125690000.0,5.276,0.494,584119000.0,8685000.0,575434000.0,584119000.0,0.0,47371000.0,758017000.0,0.006,0.0,171869000.0,219240000.0,0.329,219240000.0,171869000.0,168711000.0,0.16,0.16,0.16,4316281000.0,,4316281000.0,10690963351.0,18.0,13.201,109794000.0,0.14,1.0,666050000.0,1.0,1976323000.0,3158000.0,3652810000.0,,0.0,2462140000.0,1487771000.0,974369000.0,2132483000.0,480212000.0,1652271000.0,11167243351.0,-341571000.0,0.0,4848000.0,-25737000.0,-18121000.0,-76964000.0,-381017000.0,-402963000.0,116410000.0,0.0,125690000.0,125690000.0,125690000.0,0.0,0.0,0.189,494521000.0,171529000.0,193508000.0,0.0,2.587,24.923,25.068,401080000.0,0.0,14.213,4.442,4.442,65545000.0,3652217000.0,666050000.0,666050000.0,0.0,,,,,0.0,463997000.0,1.0,785687853.0,785687853.0,,0.848,4472441000.0,0.0,43021000.0,48517000.0,5.692,2053333000.0
77,BEN,MRQ,2002-03-31,2002-03-31,2002-03-31,2021-09-07,-51712000.0,6494580000.0,,2228926000.0,4265654000.0,,5.374,-8802000.0,1089826000.0,1089826000.0,0.0,119996000.0,5.424,0.541,613546000.0,8279000.0,605267000.0,613546000.0,0.0,45735000.0,795970000.0,0.006,0.023,162801000.0,208536000.0,0.333,208536000.0,162801000.0,159993000.0,0.153,0.153,0.153,4214453000.0,,4214453000.0,10761053067.0,18.0,13.307,182781000.0,0.233,1.0,625968000.0,1.0,1980560000.0,2808000.0,3626802000.0,,0.0,2176987000.0,1023876000.0,1153111000.0,2280127000.0,410938000.0,1869189000.0,10957313067.0,418190000.0,0.0,9619000.0,21149000.0,-18238000.0,113259000.0,113348000.0,122150000.0,191583000.0,0.0,119996000.0,119996000.0,119996000.0,0.0,0.0,0.192,460902000.0,165066000.0,328423000.0,0.15,2.6,24.785,24.952,418561000.0,0.0,13.973,4.459,4.459,193045000.0,3544866000.0,625968000.0,625968000.0,0.0,,,,,0.0,435769000.0,1.0,784158855.0,784158855.0,,0.798,4514020000.0,0.0,39997000.0,19394000.0,5.757,1817988000.0
78,BEN,MRQ,2001-12-31,2001-12-31,2001-12-31,2021-09-07,-53105000.0,6089603000.0,,2218362000.0,3871241000.0,,5.22,-9656000.0,788328000.0,788328000.0,0.0,118519000.0,5.752,0.488,592068000.0,8275000.0,583793000.0,592068000.0,0.0,45399000.0,695241000.0,0.007,0.045,161194000.0,206593000.0,0.334,206593000.0,161194000.0,158026000.0,0.15,0.15,0.15,4092117000.0,,4092117000.0,9221352559.0,15.0,11.117,216389000.0,0.276,1.0,618207000.0,1.0,1984445000.0,3168000.0,3523215000.0,,0.0,2246272000.0,1345842000.0,900430000.0,1997486000.0,385683000.0,1611803000.0,9215955559.0,376048000.0,0.0,-5679000.0,18504000.0,-16891000.0,-31538000.0,181541000.0,191197000.0,226045000.0,0.0,118519000.0,118519000.0,118519000.0,0.0,0.0,0.192,458599000.0,159608000.0,191317000.0,0.3,2.252,20.31,20.028,435275000.0,0.0,11.757,3.826,3.826,60854000.0,3443156000.0,618207000.0,618207000.0,0.0,,,,,0.0,433429000.0,1.0,783891882.0,783891882.0,,0.789,4105158000.0,0.0,39507000.0,14421000.0,5.237,1832679000.0
79,BEN,MRQ,2001-09-30,2001-09-30,2001-09-30,2021-09-07,-49041000.0,6265650000.0,,1825994000.0,4439656000.0,,5.068,-15015000.0,596207000.0,596207000.0,0.0,83869000.0,3.992,0.575,574374000.0,8361000.0,566013000.0,574374000.0,0.0,62016000.0,723608000.0,0.006,0.022,113491000.0,175507000.0,0.291,175507000.0,113491000.0,110353000.0,0.103,0.103,0.103,3977896000.0,,3977896000.0,8756007870.0,14.0,10.039,107154000.0,0.137,1.0,603883000.0,1.0,1988820000.0,3138000.0,3797564000.0,,0.0,2179167000.0,923693000.0,1255474000.0,2287754000.0,457433000.0,1830321000.0,9071090870.0,-278906000.0,1000000.0,-34629000.0,13525000.0,-17105000.0,-12328000.0,-388747000.0,-374732000.0,122169000.0,0.0,83869000.0,83869000.0,83869000.0,0.0,0.0,0.139,493234000.0,110649000.0,435132000.0,0.214,2.28,18.714,18.057,449626000.0,0.0,11.557,3.852,3.852,603379000.0,3342979000.0,603883000.0,603883000.0,0.0,,,,,0.0,440357000.0,1.0,784922775.0,784922775.0,,0.769,4276830000.0,0.0,26484000.0,164412000.0,5.449,1368561000.0
80,BEN,MRQ,2001-06-30,2001-06-30,2001-06-30,2021-09-07,-43947000.0,5934863000.0,,1816099000.0,4118764000.0,,4.959,-37254000.0,875113000.0,875113000.0,0.0,119703000.0,4.587,0.508,560030000.0,8703000.0,551327000.0,560030000.0,0.0,58617000.0,697728000.0,0.004,0.0,159394000.0,218011000.0,0.358,218011000.0,159394000.0,157505000.0,0.153,0.153,0.153,3935136000.0,,3935136000.0,11389959216.0,16.0,12.167,163608000.0,0.206,1.0,609473000.0,1.0,2018236000.0,1889000.0,3205605000.0,,0.0,1893105000.0,887652000.0,1005453000.0,1999727000.0,395939000.0,1603788000.0,12107258216.0,-113542000.0,-5575000.0,-128653000.0,312187000.0,-15894000.0,216489000.0,-530893000.0,-488064000.0,200862000.0,0.0,119703000.0,119703000.0,119703000.0,0.0,0.0,0.196,468416000.0,141057000.0,285396000.0,0.0,3.077,22.352,20.986,472950000.0,0.0,15.257,5.165,5.165,182670000.0,3309080000.0,609473000.0,609473000.0,0.0,,,,,0.0,428510000.0,1.0,793571655.0,793571655.0,,0.768,3916627000.0,0.0,37802000.0,17618000.0,4.935,1420160000.0
81,BEN,MRQ,2001-03-31,2001-03-31,2001-03-31,2021-09-07,-46771000.0,3955782000.0,,1659847000.0,2295935000.0,,4.344,-26610000.0,988655000.0,988655000.0,0.0,131684000.0,5.293,0.243,271356000.0,16777000.0,254579000.0,271356000.0,0.0,52880000.0,47412000.0,0.006,0.022,176527000.0,229407000.0,0.397,229407000.0,176527000.0,173268000.0,0.18,0.18,0.18,3181702000.0,,3181702000.0,8818680580.0,12.0,9.223,85468000.0,0.117,1.0,577413000.0,1.0,1238681000.0,3259000.0,1686208000.0,,0.0,828761000.0,605727000.0,223034000.0,774080000.0,313594000.0,460486000.0,9547871580.0,-95090000.0,0.0,213000.0,-102111000.0,-15849000.0,-125838000.0,-81330000.0,-54720000.0,112078000.0,0.0,131684000.0,131684000.0,131684000.0,0.0,0.0,0.228,415361000.0,162052000.0,179873000.0,0.122,3.001,16.979,16.997,442732000.0,0.0,13.037,4.145,4.145,93461000.0,3206303000.0,577413000.0,577413000.0,0.0,,,,,0.0,326641000.0,1.0,732385956.0,732385956.0,,0.788,2717101000.0,0.0,41584000.0,24563000.0,3.71,1346253000.0
82,BEN,MRQ,2000-12-31,2000-12-31,2000-12-31,2021-09-07,-27413000.0,4092377000.0,,1568222000.0,2524155000.0,,4.212,-18055000.0,1083745000.0,1083745000.0,0.0,149465000.0,3.878,0.329,354554000.0,68794000.0,285760000.0,354554000.0,0.0,50333000.0,55503000.0,0.006,0.022,198934000.0,249267000.0,0.442,249267000.0,198934000.0,196664000.0,0.203,0.203,0.203,3078292000.0,,3078292000.0,8898722192.0,12.0,9.18,100023000.0,0.137,1.0,564074000.0,1.0,1248627000.0,2270000.0,1710163000.0,,0.0,772014000.0,454063000.0,317951000.0,1014085000.0,404396000.0,609689000.0,9281861192.0,337740000.0,-94483000.0,-6886000.0,-8074000.0,-14623000.0,-28925000.0,248587000.0,361125000.0,118078000.0,0.0,149465000.0,149465000.0,149465000.0,0.0,0.0,0.265,396860000.0,167214000.0,281812000.0,0.108,3.015,16.17,16.282,440720000.0,0.0,12.7,3.969,3.969,198778000.0,3084102000.0,564074000.0,564074000.0,0.0,,,,,0.0,367197000.0,1.0,730855212.0,730855212.0,,0.772,2843750000.0,0.0,47199000.0,71964000.0,3.891,1163826000.0
83,BEN,MRQ,2000-09-30,2000-09-30,2000-09-30,2021-09-07,12376000.0,4042443000.0,,1656294000.0,2386149000.0,,4.059,-23520000.0,746005000.0,746005000.0,0.0,140823000.0,3.383,0.363,362866000.0,68776000.0,294090000.0,362866000.0,0.0,50746000.0,54846000.0,0.005,0.02,188740000.0,239486000.0,0.404,239486000.0,188740000.0,185322000.0,0.19,0.193,0.19,2965493000.0,,2965493000.0,10113476389.0,13.0,10.61,150640000.0,0.206,1.0,593050000.0,1.0,1169485000.0,3418000.0,2000260000.0,,0.0,1160368000.0,877101000.0,283267000.0,1076950000.0,489559000.0,587391000.0,10820722389.0,-364684000.0,0.0,257000.0,-36038000.0,-14613000.0,-52594000.0,-486250000.0,-462730000.0,174160000.0,0.0,140823000.0,140823000.0,140823000.0,0.0,0.0,0.237,354524000.0,238526000.0,241142000.0,0.105,3.649,19.251,19.487,444694000.0,0.0,14.81,4.624,4.624,168496000.0,2932166000.0,593050000.0,593050000.0,0.0,,,,,0.0,538718000.0,1.0,730636218.0,730636218.0,,0.812,2872958000.0,0.0,44499000.0,61661000.0,3.932,1166735000.0
84,BEN,MRQ,2000-06-30,2000-06-30,2000-06-30,2021-09-07,10700000.0,3850572000.0,,1574949000.0,2275623000.0,,3.874,-29600000.0,1110689000.0,1110689000.0,0.0,140370000.0,3.763,0.36,403443000.0,68913000.0,334530000.0,403443000.0,0.0,49343000.0,57044000.0,0.008,0.02,188668000.0,238011000.0,0.418,238011000.0,188668000.0,184670000.0,0.193,0.193,0.193,2830375000.0,,2830375000.0,6762264968.0,9.0,7.17,170219000.0,0.233,1.0,568897000.0,1.0,1174928000.0,3998000.0,1549896000.0,,0.0,674038000.0,440806000.0,233232000.0,1020197000.0,418502000.0,601695000.0,7398892968.0,33723000.0,0.0,-140000.0,-34028000.0,-14615000.0,-47292000.0,-118804000.0,-89204000.0,199819000.0,0.0,140370000.0,140370000.0,140370000.0,0.0,0.0,0.247,400065000.0,168832000.0,191936000.0,0.104,2.614,13.362,13.629,441786000.0,0.0,10.127,3.188,3.188,128327000.0,2799334000.0,568897000.0,568897000.0,0.0,,,,,0.0,301088000.0,1.0,730634592.0,730634592.0,,0.779,2675644000.0,0.0,44300000.0,55224000.0,3.662,1156447000.0
85,BEN,MRQ,2000-03-31,2000-03-31,2000-03-31,2021-09-07,14691000.0,3661489000.0,,1544892000.0,2116597000.0,,3.63,-28728000.0,1076966000.0,1076966000.0,0.0,143374000.0,4.228,0.352,440338000.0,59097000.0,381241000.0,440338000.0,0.0,50788000.0,55553000.0,0.007,0.02,191829000.0,242617000.0,0.396,242617000.0,191829000.0,188649000.0,0.193,0.193,0.193,2708171000.0,,2708171000.0,7791147438.0,11.0,8.564,164861000.0,0.221,1.0,612526000.0,1.0,1184212000.0,3180000.0,1475226000.0,,0.0,627495000.0,439825000.0,187670000.0,953318000.0,365423000.0,587895000.0,8314951438.0,116649000.0,0.0,-150860000.0,6229000.0,-14926000.0,-159587000.0,82647000.0,111375000.0,193589000.0,0.0,143374000.0,143374000.0,143374000.0,0.0,0.0,0.234,418849000.0,193677000.0,145775000.0,0.104,3.07,15.494,15.633,430540000.0,0.0,11.147,3.586,3.586,78812000.0,2673329000.0,612526000.0,612526000.0,0.0,,,,,0.0,337352000.0,1.0,745958562.0,745958562.0,,0.821,2477277000.0,0.0,45275000.0,43710000.0,3.321,1179469000.0
86,BEN,MRQ,1999-12-31,1999-12-31,1999-12-31,2021-09-07,14963000.0,3749292000.0,,1477746000.0,2271546000.0,,3.629,-22496000.0,960317000.0,960317000.0,0.0,137522000.0,4.002,0.376,436513000.0,59134000.0,377379000.0,436513000.0,0.0,48762000.0,55583000.0,0.007,0.02,184314000.0,233076000.0,0.412,233076000.0,184314000.0,180950000.0,0.183,0.183,0.183,2724390000.0,,2724390000.0,7607470290.0,11.0,8.691,111649000.0,0.149,1.0,565667000.0,1.0,1193494000.0,3364000.0,1662769000.0,,0.0,737243000.0,484618000.0,252625000.0,1024902000.0,369225000.0,655677000.0,8023469290.0,141073000.0,0.0,-98157000.0,34949000.0,-13799000.0,-79640000.0,86568000.0,109064000.0,134145000.0,0.0,137522000.0,137522000.0,137522000.0,0.0,0.0,0.243,377401000.0,188266000.0,236156000.0,0.109,2.945,16.185,16.266,420900000.0,0.0,10.687,3.549,3.549,154860000.0,2688649000.0,565667000.0,565667000.0,0.0,,,,,0.0,348193000.0,1.0,750792510.0,750792510.0,,0.753,2555798000.0,0.0,43428000.0,63183000.0,3.404,1108521000.0
87,BEN,MRQ,1999-09-30,1999-09-30,1999-09-30,2021-09-07,-254000.0,3666790000.0,,1485889000.0,2180901000.0,,3.513,-38876000.0,819244000.0,819244000.0,0.0,132441000.0,3.054,0.38,403245000.0,108985000.0,294260000.0,403245000.0,0.0,50036000.0,58216000.0,0.007,0.018,179398000.0,229434000.0,0.4,229434000.0,179398000.0,174265000.0,0.173,0.177,0.173,2656994000.0,,2656994000.0,7417214760.0,12.0,9.329,158202000.0,0.209,1.0,573972000.0,1.0,1202777000.0,5133000.0,1561524000.0,,0.0,823823000.0,617154000.0,206669000.0,1009796000.0,486490000.0,523306000.0,7705199760.0,76668000.0,0.0,-39539000.0,-49357000.0,-13942000.0,-108174000.0,-12236000.0,29275000.0,197078000.0,0.0,132441000.0,132441000.0,132441000.0,0.0,0.0,0.231,388889000.0,185083000.0,188114000.0,0.104,2.9,18.057,18.094,416395000.0,0.0,10.187,3.406,3.406,107148000.0,2566048000.0,573972000.0,573972000.0,0.0,,,,,0.0,362035000.0,1.0,756400500.0,756400500.0,,0.759,2464013000.0,0.0,41824000.0,57968000.0,3.258,999399000.0
88,BEN,MRQ,1999-06-30,1999-06-30,1999-06-30,2021-09-07,-7005000.0,3575104000.0,,1465910000.0,2109194000.0,,3.393,-44370000.0,742576000.0,742576000.0,0.0,123307000.0,3.421,0.393,454591000.0,58925000.0,395666000.0,454591000.0,0.0,35904000.0,63552000.0,0.005,0.018,168733000.0,204637000.0,0.361,204637000.0,168733000.0,163857000.0,0.163,0.163,0.163,2566163000.0,,2566163000.0,10062111466.0,18.0,12.979,138089000.0,0.183,1.0,566775000.0,1.0,1212059000.0,4876000.0,1646593000.0,,0.0,634352000.0,466203000.0,168149000.0,1008941000.0,428467000.0,580474000.0,10243433466.0,111256000.0,0.0,-356000.0,5946000.0,-13864000.0,-10234000.0,-60969000.0,-16599000.0,182459000.0,0.0,123307000.0,123307000.0,123307000.0,0.0,0.0,0.218,386669000.0,180106000.0,62748000.0,0.11,3.992,25.198,25.22,390307000.0,0.0,13.543,4.479,4.479,284164000.0,2447487000.0,566775000.0,566775000.0,0.0,,,,,0.0,358382000.0,1.0,756345075.0,756345075.0,,0.749,2363045000.0,0.0,40550000.0,56791000.0,3.124,1037443000.0
89,BEN,MRQ,1999-03-31,1999-03-31,1999-03-31,2021-09-07,-16627000.0,3458807000.0,,1256665000.0,2202142000.0,,3.227,-16357000.0,631320000.0,631320000.0,0.0,102471000.0,3.436,0.414,449998000.0,58730000.0,391268000.0,449998000.0,0.0,62521000.0,65512000.0,0.007,0.018,145610000.0,208131000.0,0.376,208131000.0,145610000.0,140834000.0,0.137,0.137,0.137,2445943000.0,,2445943000.0,6927686624.0,12.0,8.607,133014000.0,0.175,1.0,554071000.0,1.0,1221342000.0,4776000.0,1690360000.0,,0.0,613506000.0,379854000.0,233652000.0,1012864000.0,365783000.0,647081000.0,7107107624.0,-19850000.0,0.0,-16346000.0,-20578000.0,-13886000.0,-65514000.0,-103707000.0,-89985000.0,149371000.0,0.0,102471000.0,102471000.0,102471000.0,0.0,0.0,0.185,399988000.0,154083000.0,137774000.0,0.131,2.906,17.157,17.142,363934000.0,0.0,9.377,2.97,2.97,347400000.0,2338044000.0,554071000.0,554071000.0,0.0,,,,,0.0,359620000.0,1.0,757956732.0,757956732.0,,0.731,2237465000.0,0.0,38363000.0,33317000.0,2.952,890882000.0
90,BEN,MRQ,1998-12-31,1998-12-31,1998-12-31,2021-09-07,-19391000.0,3398153000.0,,1177068000.0,2221085000.0,,3.137,-31482000.0,651170000.0,651170000.0,0.0,68492000.0,3.272,0.436,471749000.0,58516000.0,413233000.0,471749000.0,0.0,51553000.0,80216000.0,0.006,0.018,101301000.0,152854000.0,0.269,152854000.0,101301000.0,95128000.0,0.09,0.09,0.09,2366817000.0,,2366817000.0,8104840384.0,13.0,9.906,24077000.0,0.032,1.0,567679000.0,1.0,1244340000.0,6173000.0,1614672000.0,,0.0,486667000.0,271815000.0,214852000.0,1031336000.0,359720000.0,671616000.0,8048468384.0,95127000.0,0.0,-6637000.0,-137843000.0,-12587000.0,-164633000.0,204201000.0,235683000.0,55559000.0,0.0,68492000.0,68492000.0,68492000.0,0.0,0.0,0.121,451895000.0,115784000.0,112989000.0,0.2,3.401,18.358,18.486,365093000.0,0.0,10.667,3.203,3.203,325083000.0,2249443000.0,567679000.0,567679000.0,0.0,,,,,0.0,373577000.0,1.0,754543911.0,754543911.0,,0.752,2153813000.0,0.0,26636000.0,37386000.0,2.854,817348000.0
91,BEN,MRQ,1998-09-30,1998-09-30,1998-09-30,2021-09-07,-28045000.0,3480049000.0,,1259989000.0,2220060000.0,,3.005,-37385000.0,556043000.0,556043000.0,0.0,112253000.0,2.639,0.526,612415000.0,117956000.0,494459000.0,612415000.0,0.0,51896000.0,87781000.0,0.007,0.017,157728000.0,209624000.0,0.35,209624000.0,157728000.0,151694000.0,0.147,0.15,0.147,2280767000.0,,2280767000.0,7533226945.0,11.0,8.462,172303000.0,0.227,1.0,598586000.0,1.0,1253713000.0,6034000.0,1805315000.0,,0.0,861812000.0,674891000.0,186921000.0,1199282000.0,477393000.0,721889000.0,7560574945.0,-151265000.0,-64333000.0,-39605000.0,-64168000.0,-12647000.0,-119551000.0,-241402000.0,-204017000.0,209688000.0,0.0,112253000.0,112253000.0,112253000.0,0.0,0.0,0.188,428344000.0,170242000.0,163715000.0,0.116,3.315,15.108,15.091,349229000.0,0.0,9.96,2.934,2.934,87282000.0,2194835000.0,598586000.0,598586000.0,0.0,,,,,0.0,393123000.0,1.0,759093870.0,759093870.0,,0.789,2226336000.0,0.0,39441000.0,67319000.0,2.933,782596000.0
92,BEN,MRQ,1998-06-30,1998-06-30,1998-06-30,2021-09-07,0.0,3575419000.0,,1146032000.0,2429387000.0,,2.943,-44443000.0,707308000.0,707308000.0,0.0,131013000.0,2.588,0.601,679960000.0,131279000.0,548681000.0,679960000.0,0.0,50588000.0,90913000.0,0.004,0.017,183654000.0,234242000.0,0.348,234242000.0,183654000.0,177131000.0,0.173,0.173,0.173,2233801000.0,,2233801000.0,13745413206.0,19.0,15.287,197113000.0,0.26,1.0,672596000.0,1.0,1262336000.0,6523000.0,1842948000.0,,0.0,501447000.0,187184000.0,314263000.0,1341618000.0,442787000.0,898831000.0,13660336206.0,161826000.0,0.0,55000.0,53786000.0,-12648000.0,40799000.0,-120529000.0,-13178000.0,241556000.0,0.0,131013000.0,131013000.0,131013000.0,0.0,0.0,0.195,476624000.0,195972000.0,206943000.0,0.098,6.115,26.606,26.588,325959000.0,0.0,18.0,5.229,5.229,432179000.0,2095169000.0,672596000.0,672596000.0,0.0,,,,,0.0,444442000.0,1.0,758907567.0,758907567.0,,0.886,2313083000.0,0.0,46118000.0,44957000.0,3.048,703245000.0
93,BEN,MRQ,1998-03-31,1998-03-31,1998-03-31,2021-09-07,0.0,3346690000.0,,998923000.0,2347767000.0,,2.797,-22295000.0,545482000.0,545482000.0,0.0,126669000.0,2.584,0.578,630559000.0,128931000.0,501628000.0,630559000.0,0.0,46442000.0,91308000.0,0.004,0.017,175020000.0,221462000.0,0.329,221462000.0,175020000.0,171194000.0,0.167,0.167,0.167,2120966000.0,,2120966000.0,13663563034.0,19.0,15.815,89798000.0,0.118,1.0,673691000.0,1.0,1207504000.0,3826000.0,1837703000.0,,0.0,507445000.0,192733000.0,314712000.0,1225724000.0,386560000.0,839164000.0,13523758034.0,92689000.0,0.0,1752000.0,27007000.0,-12634000.0,7365000.0,-26769000.0,-4473000.0,112093000.0,0.0,126669000.0,126669000.0,126669000.0,0.0,0.0,0.188,510267000.0,163424000.0,205886000.0,0.102,6.376,27.398,27.436,294230000.0,0.0,17.833,5.382,5.382,434353000.0,1976797000.0,673691000.0,673691000.0,0.0,,,,,0.0,452255000.0,1.0,758341572.0,758341572.0,,0.888,2139186000.0,0.0,44525000.0,33922000.0,2.821,612363000.0
94,BEN,MRQ,1997-12-31,1997-12-31,1997-12-31,2021-09-07,0.0,3167548000.0,,901334000.0,2266214000.0,,2.624,-43541000.0,452793000.0,452793000.0,0.0,130515000.0,2.589,0.597,592598000.0,93057000.0,499541000.0,592598000.0,0.0,42448000.0,100067000.0,0.004,0.017,182417000.0,224865000.0,0.356,224865000.0,182417000.0,176265000.0,0.173,0.173,0.173,1983852000.0,,1983852000.0,11125628473.0,16.0,,86785000.0,0.115,1.0,632399000.0,1.0,1216458000.0,6152000.0,1742729000.0,,0.0,546928000.0,234000000.0,312928000.0,1183696000.0,348166000.0,835530000.0,10956753473.0,10052000.0,0.0,-1903000.0,-18912000.0,-11345000.0,-30498000.0,-89776000.0,-44811000.0,130326000.0,0.0,130515000.0,130515000.0,130515000.0,0.0,0.0,0.206,441061000.0,191338000.0,199995000.0,0.098,5.523,23.394,23.485,258184000.0,0.0,14.49,4.647,4.647,400253000.0,1862780000.0,632399000.0,632399000.0,0.0,,,,,0.0,412561000.0,1.0,756159660.0,756159660.0,,0.836,1951090000.0,0.0,45750000.0,60122000.0,2.58,553168000.0
95,BEN,MRQ,1997-09-30,1997-09-30,1997-09-30,2021-09-07,0.0,3095200000.0,,878439000.0,2216761000.0,,2.451,-26438000.0,442741000.0,442741000.0,0.0,125235000.0,2.166,0.669,611616000.0,118372000.0,493244000.0,611616000.0,0.0,36819000.0,98404000.0,0.004,0.015,181769000.0,218588000.0,0.345,218588000.0,181769000.0,176100000.0,0.163,0.163,0.163,1854221000.0,,1854221000.0,11977785376.0,19.0,15.658,92715000.0,0.123,1.0,633907000.0,1.0,1224019000.0,5669000.0,1634556000.0,,0.0,510094000.0,189674000.0,320420000.0,1240979000.0,405500000.0,835479000.0,11740186376.0,109299000.0,-2000.0,-3779000.0,40575000.0,-11347000.0,15964000.0,-25818000.0,622000.0,119153000.0,0.0,125235000.0,125235000.0,125235000.0,0.0,0.0,0.198,448716000.0,185191000.0,203787000.0,0.092,6.332,27.047,27.088,241224000.0,0.0,15.522,5.427,5.427,417334000.0,1757536000.0,633907000.0,633907000.0,0.0,,,,,0.0,416933000.0,1.0,756374082.0,756374082.0,,0.838,1871181000.0,0.0,50865000.0,31908000.0,2.474,472939000.0
96,BEN,MRQ,1997-06-30,1997-06-30,1997-06-30,2021-09-07,0.0,2881753000.0,,732519000.0,2149234000.0,,2.304,-37672000.0,333442000.0,333442000.0,0.0,111188000.0,2.668,0.653,571041000.0,49585000.0,521456000.0,571041000.0,0.0,35055000.0,107890000.0,0.004,0.015,164009000.0,199064000.0,0.348,199064000.0,164009000.0,158274000.0,0.147,0.147,0.147,1742822000.0,,1742822000.0,9449695632.0,16.0,,62785000.0,0.083,1.0,572547000.0,1.0,1232964000.0,5735000.0,1611807000.0,,0.0,505452000.0,174788000.0,330664000.0,1138931000.0,274581000.0,864350000.0,9157139632.0,32086000.0,-23000.0,-7813000.0,-22871000.0,-10096000.0,-46491000.0,-21880000.0,15815000.0,100457000.0,0.0,111188000.0,111188000.0,111188000.0,0.0,0.0,0.194,398549000.0,173998000.0,245566000.0,0.102,5.254,23.281,22.711,199087000.0,0.0,12.105,4.777,4.777,393467000.0,1643645000.0,572547000.0,572547000.0,0.0,,,,,0.0,365961000.0,1.0,756475806.0,756475806.0,,0.757,1648789000.0,0.0,47086000.0,21038000.0,2.18,457938000.0
97,BEN,MRQ,1997-03-31,1997-03-31,1997-03-31,2021-09-07,0.0,2790698000.0,,702562000.0,2088136000.0,,2.174,,301356000.0,301356000.0,0.0,101411000.0,1.997,0.696,593912000.0,150420000.0,443492000.0,593912000.0,0.0,,113601000.0,0.006,0.013,150111000.0,,,,150111000.0,144355000.0,0.133,0.133,0.133,1645175000.0,,1645175000.0,6770908982.0,13.0,10.608,,,1.0,519196000.0,1.0,1241874000.0,5756000.0,1489634000.0,,0.0,530000000.0,192641000.0,337359000.0,1145523000.0,351746000.0,793777000.0,6432419982.0,,,,,,,,,,,101411000.0,101411000.0,101411000.0,0.0,0.0,0.195,363642000.0,155554000.0,246087000.0,0.098,3.91,17.71,17.172,168561000.0,0.0,8.5,3.697,3.697,377509000.0,1542564000.0,519196000.0,519196000.0,0.0,,,,,,332222000.0,1.0,756755292.0,756755292.0,,0.686,1548824000.0,0.0,42944000.0,33425000.0,2.047,350816000.0
98,BEN,MRQ,1996-12-31,1996-12-31,1996-12-31,2021-09-07,0.0,2726754000.0,,609758000.0,2116996000.0,,2.046,,280363000.0,280363000.0,0.0,96229000.0,1.832,0.761,618852000.0,150532000.0,468320000.0,618852000.0,0.0,,122938000.0,0.007,0.013,145157000.0,,,,145157000.0,136984000.0,0.127,0.127,0.127,1548244000.0,,1548244000.0,,,,,,1.0,437625000.0,1.0,1250757000.0,8173000.0,1481709000.0,,0.0,532174000.0,171075000.0,361099000.0,1178510000.0,332777000.0,845733000.0,5748817702.0,,,,,,,,,,,96229000.0,96229000.0,96229000.0,0.0,0.0,0.22,301440000.0,136185000.0,259445000.0,0.102,3.713,17.058,16.443,166038000.0,0.0,7.597,3.561,3.561,373877000.0,1452446000.0,437625000.0,437625000.0,0.0,,,,,,276324000.0,1.0,756755292.0,756755292.0,,0.578,1475997000.0,0.0,40755000.0,53759000.0,1.95,276981000.0
99,BEN,MRQ,1996-09-30,1996-09-30,1996-09-30,2021-09-07,0.0,2374167000.0,,856263000.0,1517904000.0,,,-24442000.0,502189000.0,502189000.0,0.0,84501000.0,4.7,0.695,399889000.0,427000.0,399462000.0,399889000.0,0.0,34766000.0,131219000.0,0.007,0.012,122238000.0,157004000.0,0.405,157004000.0,122238000.0,119726000.0,0.127,0.11,0.127,1400591000.0,,1400591000.0,,,,61684000.0,,1.0,387656000.0,1.0,641983000.0,2512000.0,1447683000.0,,0.0,544880000.0,174156000.0,370724000.0,973576000.0,182201000.0,791375000.0,,118863000.0,0.0,-2679000.0,20053000.0,-8824000.0,-5760000.0,38497000.0,62939000.0,86126000.0,0.0,84501000.0,84501000.0,84501000.0,0.0,0.0,0.218,254374000.0,133282000.0,236532000.0,0.094,,,17.034,161613000.0,0.0,7.376,,,369985000.0,1370513000.0,387656000.0,387656000.0,0.0,,,,,0.0,437856000.0,1.0,,,,,1732184000.0,0.0,35225000.0,27673000.0,,674062000.0
100,BEN,MRQ,1996-06-30,1996-06-30,1996-06-30,2021-09-07,,,,,,,,-19992000.0,,,0.0,81066000.0,,,,,,,,10123000.0,,0.007,0.012,123849000.0,133972000.0,0.339,133972000.0,123849000.0,121067000.0,0.108,0.108,0.108,,,,,,,100380000.0,,1.0,395402000.0,1.0,,2782000.0,,,,,,,,,,,45744000.0,0.0,158000.0,-71487000.0,-8853000.0,-83859000.0,9231000.0,29223000.0,120372000.0,0.0,81066000.0,81066000.0,81066000.0,0.0,0.0,0.205,288164000.0,107238000.0,,0.111,,,,,0.0,6.653,,,,,395402000.0,395402000.0,0.0,,,,,0.0,197925000.0,1.0,,,,,,,40001000.0,,,
101,BEN,MRQ,1996-03-31,1996-03-31,1996-03-31,2021-09-07,,,,,,,,,,,0.0,75212000.0,,,,,,,,,,0.007,0.012,111681000.0,,,,111681000.0,108262000.0,0.1,0.1,0.1,,,,,,,,,1.0,393801000.0,1.0,,3419000.0,,,,,,,,,,,,,,,,,,,,,75212000.0,75212000.0,75212000.0,0.0,0.0,0.191,292109000.0,101692000.0,,0.12,,,,,0.0,6.417,,,,,393801000.0,393801000.0,0.0,,,,,,205853000.0,1.0,,,,,,,33050000.0,,,
102,BEN,MRQ,1995-12-31,1995-12-31,1995-12-31,2021-09-07,,,,,,,,,,,0.0,73951000.0,,,,,,,,,,0.008,0.012,109798000.0,,,,109798000.0,107175000.0,0.098,0.098,0.098,,,,,,,,,1.0,342614000.0,1.0,,2623000.0,,,,,,,,,,,,,,,,,,,,,73951000.0,73951000.0,73951000.0,0.0,0.0,0.216,243481000.0,99133000.0,,0.122,,,,,0.0,5.598,,,,,342614000.0,342614000.0,0.0,,,,,,161778000.0,1.0,,,,,,,33224000.0,,,
0,BEN,MRT,2021-06-30,2021-06-30,2021-06-30,2021-09-07,-326100000.0,23129100000.0,21978250000.0,,,0.358,21.564,-53300000.0,4361100000.0,4361100000.0,0.0,1478300000.0,,0.979,7203300000.0,,,7203300000.0,0.0,380100000.0,0.0,0.043,1.38,1758900000.0,2139000000.0,0.272,2139000000.0,1758900000.0,1671900000.0,2.42,2.42,2.42,10875200000.0,10488500000.0,10875200000.0,17586382725.0,10.0,8.222,1060800000.0,2.103,1.0,7871900000.0,1.0,9268100000.0,87000000.0,16703200000.0,14646325000.0,0.0,6598000000.0,,,10645600000.0,,,16133282725.0,-2647100000.0,-3724000000.0,-146200000.0,1927900000.0,-552700000.0,1640700000.0,-5448200000.0,-1670900000.0,1114100000.0,46300000.0,1244400000.0,1244400000.0,1244400000.0,0.0,233900000.0,0.158,6482000000.0,1389900000.0,767800000.0,0.57,1.483,12.965,13.219,1227800000.0,0.0,31.99,2.049,2.049,1361100000.0,11151000000.0,7871900000.0,7871900000.0,0.0,0.057,0.119,0.12,0.223,162000000.0,6253900000.0,1.0,504322686.0,504322686.0,,15.609,13861000000.0,0.0,427500000.0,974200000.0,27.484,
1,BEN,MRT,2021-03-31,2021-03-31,2021-03-31,2021-09-07,-348500000.0,21869800000.0,20100225000.0,,,0.341,20.901,-51000000.0,4364700000.0,4364700000.0,0.0,1260400000.0,,0.887,5817800000.0,,,5817800000.0,0.0,316400000.0,0.0,0.037,1.1,1522700000.0,1839100000.0,0.268,1839100000.0,1522700000.0,1456200000.0,2.14,2.14,2.14,10563400000.0,10298250000.0,10563400000.0,16279951059.0,11.0,8.852,1390800000.0,2.752,1.0,6860100000.0,1.0,9326200000.0,66500000.0,13996700000.0,12277950000.0,0.0,5341600000.0,,,9372800000.0,,,14959951059.0,-1865800000.0,-3791000000.0,-101700000.0,1694700000.0,-544800000.0,1400800000.0,-4755500000.0,-913500000.0,1441800000.0,47100000.0,1096400000.0,1096400000.0,1096400000.0,0.0,164000000.0,0.16,5715800000.0,1144300000.0,759800000.0,0.514,1.416,13.645,13.832,1266000000.0,0.0,29.6,2.181,2.181,1294900000.0,10861500000.0,6860100000.0,6860100000.0,0.0,0.055,0.106,0.124,0.222,150700000.0,5541000000.0,1.0,505403752.0,505403752.0,,13.574,12543600000.0,0.0,359800000.0,954200000.0,24.819,
2,BEN,MRT,2020-12-31,2020-12-31,2020-12-31,2021-09-07,-314700000.0,21229600000.0,18299325000.0,,,0.333,20.613,-91600000.0,4419500000.0,4419500000.0,0.0,833800000.0,,0.884,5739500000.0,,,5739500000.0,0.0,260700000.0,0.0,0.044,1.09,1123800000.0,1384500000.0,0.227,1384500000.0,1123800000.0,1069500000.0,1.56,1.56,1.56,10400900000.0,10133250000.0,10400900000.0,13623743934.0,12.0,9.84,1244100000.0,2.466,1.0,6094800000.0,1.0,9382600000.0,54300000.0,13167000000.0,10586700000.0,0.0,4577600000.0,,,9193400000.0,,,12609743934.0,-1751500000.0,-3817600000.0,-121300000.0,1690700000.0,-537400000.0,1352200000.0,-4468600000.0,-559400000.0,1335700000.0,29200000.0,793700000.0,793700000.0,793700000.0,0.0,40100000.0,0.13,5066900000.0,1027900000.0,609100000.0,0.699,1.212,15.887,16.019,1324600000.0,0.0,24.99,2.069,2.069,1230100000.0,10665100000.0,6094800000.0,6094800000.0,0.0,0.043,0.078,0.106,0.184,135300000.0,4945600000.0,1.0,504591594.0,504591594.0,,12.079,11847000000.0,0.0,275800000.0,1137200000.0,23.478,
3,BEN,MRT,2020-09-30,2020-09-30,2020-09-30,2021-09-07,-407600000.0,21684500000.0,16742375000.0,,,0.332,20.419,-103700000.0,3989800000.0,3989800000.0,0.0,787100000.0,,1.016,6438700000.0,,,6438700000.0,0.0,208800000.0,0.0,0.053,1.08,1063100000.0,1271900000.0,0.228,1271900000.0,1063100000.0,1029700000.0,1.59,1.59,1.59,10114500000.0,10053425000.0,10114500000.0,4788007095.0,5.0,3.764,917700000.0,1.853,1.0,5566500000.0,1.0,9415000000.0,33400000.0,14718400000.0,9071850000.0,0.0,5378500000.0,,,10273500000.0,,,10080507095.0,-2000100000.0,-3821400000.0,-197600000.0,494100000.0,-533200000.0,194200000.0,-3243100000.0,682000000.0,1021400000.0,27400000.0,798900000.0,798900000.0,798900000.0,0.0,-11800000.0,0.144,4517600000.0,1048900000.0,1038100000.0,0.679,0.997,12.618,12.799,1348600000.0,0.0,20.35,1.811,1.811,1233100000.0,10472600000.0,5566500000.0,5566500000.0,0.0,0.048,0.079,0.117,0.191,122300000.0,4463600000.0,1.0,495356614.0,495356614.0,,11.237,12269500000.0,0.0,230800000.0,1008600000.0,24.769,
4,BEN,MRT,2020-06-30,2020-06-30,2020-06-30,2021-09-07,-450100000.0,15617000000.0,14954300000.0,,,0.348,20.42,-116400000.0,6975900000.0,6975900000.0,0.0,969900000.0,,0.386,1683400000.0,,,1683400000.0,0.0,184200000.0,0.0,0.038,0.8,1290300000.0,1474500000.0,0.283,1474500000.0,1290300000.0,1270600000.0,2.05,2.05,2.05,10114200000.0,10001425000.0,10114200000.0,5970672775.0,5.0,4.049,618500000.0,1.249,1.0,5208900000.0,1.0,3094800000.0,19700000.0,7229700000.0,6974200000.0,0.0,3409300000.0,,,3899500000.0,,,10386572775.0,1023600000.0,-81800000.0,-330400000.0,723600000.0,-530200000.0,840500000.0,-532500000.0,-334300000.0,734900000.0,-19300000.0,1026400000.0,1026400000.0,1026400000.0,0.0,-56500000.0,0.197,3962600000.0,1246300000.0,341900000.0,0.39,1.027,10.119,10.229,963700000.0,0.0,20.97,1.994,1.994,927800000.0,10514800000.0,5208900000.0,5208900000.0,0.0,0.069,0.103,0.185,0.248,110300000.0,3934000000.0,1.0,495306284.0,495306284.0,,10.517,12522200000.0,0.0,244200000.0,824500000.0,25.282,
5,BEN,MRT,2020-03-31,2020-03-31,2020-03-31,2021-09-07,-476100000.0,14666200000.0,14665875000.0,,,0.377,19.93,-235000000.0,6035800000.0,6035800000.0,0.0,970800000.0,,0.374,1619900000.0,,,1619900000.0,0.0,189300000.0,0.0,0.064,1.06,1389000000.0,1578300000.0,0.286,1578300000.0,1389000000.0,1368900000.0,1.95,1.95,1.95,9903400000.0,9950625000.0,9903400000.0,3431220143.0,2.0,2.174,-336600000.0,-0.677,1.0,5524500000.0,1.0,3018600000.0,20100000.0,7231700000.0,6772050000.0,0.0,3753900000.0,,,3703600000.0,,,8293220143.0,89800000.0,-19800000.0,-449900000.0,86300000.0,-528400000.0,558200000.0,-336800000.0,-82000000.0,-101600000.0,-30000000.0,981900000.0,981900000.0,981900000.0,0.0,-11100000.0,0.178,4135800000.0,1388700000.0,315500000.0,0.544,0.837,8.446,8.559,975200000.0,0.0,16.69,1.501,1.501,675200000.0,10330000000.0,5524500000.0,5524500000.0,0.0,0.067,0.099,0.205,0.251,109900000.0,4111900000.0,1.0,496897552.0,496897552.0,,11.118,11647600000.0,0.0,387000000.0,821300000.0,23.441,
6,BEN,MRT,2019-12-31,2019-12-31,2019-12-31,2021-09-07,-376200000.0,15001800000.0,14559075000.0,,,0.388,20.241,-233700000.0,5976300000.0,5976300000.0,0.0,1293600000.0,,0.335,1114300000.0,,,1114300000.0,0.0,184300000.0,0.0,0.04,1.05,1746200000.0,1930500000.0,0.342,1930500000.0,1746200000.0,1724100000.0,2.51,2.51,2.51,10081600000.0,9945725000.0,10081600000.0,7729966888.0,4.0,4.004,-255200000.0,-0.512,1.0,5647100000.0,1.0,3032200000.0,22100000.0,7107600000.0,6463075000.0,0.0,4044900000.0,,,3377000000.0,,,12939866888.0,-682600000.0,-685200000.0,-531200000.0,65800000.0,-526900000.0,346300000.0,-1007600000.0,-88700000.0,-21500000.0,-11100000.0,1270300000.0,1270300000.0,1270300000.0,0.0,23300000.0,0.225,4218800000.0,1428300000.0,253000000.0,0.418,1.284,10.186,10.351,967200000.0,0.0,25.98,2.291,2.291,787500000.0,10408000000.0,5647100000.0,5647100000.0,0.0,0.087,0.128,0.27,0.309,108300000.0,4199300000.0,1.0,498070319.0,498070319.0,,11.338,11969600000.0,0.0,453800000.0,1019300000.0,24.032,
7,BEN,MRT,2019-09-30,2019-09-30,2019-09-30,2021-09-07,-431600000.0,14532200000.0,14296275000.0,,,0.397,19.669,-233700000.0,5957600000.0,5957600000.0,0.0,1205500000.0,,0.319,747700000.0,,,747700000.0,0.0,179200000.0,0.0,0.036,1.04,1660400000.0,1839600000.0,0.324,1839600000.0,1660400000.0,1638000000.0,2.35,2.35,2.35,9906500000.0,9861675000.0,9906500000.0,9507017585.0,6.0,5.168,-32100000.0,-0.064,1.0,5669400000.0,1.0,2994500000.0,22400000.0,6327800000.0,6110150000.0,0.0,3859700000.0,,,3161300000.0,,,14535817585.0,-953000000.0,-684200000.0,-731200000.0,18100000.0,-518600000.0,-40500000.0,-1077100000.0,-159200000.0,201600000.0,-37000000.0,1195700000.0,1195700000.0,1195700000.0,0.0,9800000.0,0.211,4202500000.0,1466900000.0,304400000.0,0.443,1.467,12.157,12.281,683700000.0,0.0,28.86,2.564,2.564,839000000.0,10288200000.0,5669400000.0,5669400000.0,0.0,0.084,0.121,0.272,0.293,111500000.0,4187800000.0,1.0,503666583.0,503666583.0,,11.256,11537700000.0,0.0,442300000.0,944800000.0,22.907,
8,BEN,MRT,2019-06-30,2019-06-30,2019-06-30,2021-09-07,-380900000.0,14463300000.0,14259100000.0,,,0.402,19.527,-237600000.0,5757600000.0,5757600000.0,0.0,1372500000.0,,0.312,728800000.0,,,728800000.0,0.0,165400000.0,0.0,0.029,1.01,1775700000.0,1941100000.0,0.338,1941100000.0,1775700000.0,1754600000.0,2.68,2.68,2.68,9911000000.0,9859850000.0,9911000000.0,12447779022.0,7.0,6.413,652900000.0,1.286,1.0,5734600000.0,1.0,3013400000.0,21100000.0,6421100000.0,5995200000.0,0.0,3973100000.0,,,3091000000.0,,,17663079022.0,-896600000.0,-674000000.0,-934600000.0,-1900000.0,-509500000.0,-747000000.0,-1026400000.0,-114800000.0,890500000.0,-28200000.0,1391800000.0,1391800000.0,1391800000.0,0.0,-19300000.0,0.243,4180400000.0,1554200000.0,260400000.0,0.377,1.782,12.691,12.985,684800000.0,0.0,34.8,3.08,3.08,850200000.0,10241500000.0,5734600000.0,5734600000.0,0.0,0.098,0.141,0.296,0.31,116400000.0,4178600000.0,1.0,507559742.0,507559742.0,,11.298,11449900000.0,0.0,362800000.0,969000000.0,22.559,
9,BEN,MRT,2019-03-31,2019-03-31,2019-03-31,2021-09-07,-386500000.0,14239000000.0,14525275000.0,,,0.4,19.399,-135000000.0,5946000000.0,5946000000.0,0.0,1473300000.0,,0.295,730700000.0,,,730700000.0,0.0,159900000.0,0.0,0.03,0.98,1881200000.0,2041100000.0,0.351,2041100000.0,1881200000.0,1843600000.0,2.95,2.95,2.95,9883800000.0,9847975000.0,9883800000.0,10956676180.0,6.0,5.368,1641900000.0,3.223,1.0,5816500000.0,1.0,3027900000.0,37600000.0,5995800000.0,6202600000.0,0.0,3655100000.0,,,2920600000.0,,,16885176180.0,-2780500000.0,-761300000.0,-1250800000.0,-361600000.0,-2133300000.0,-3660000000.0,-843100000.0,53200000.0,1776900000.0,-28500000.0,1547900000.0,1547900000.0,1547900000.0,0.0,-74600000.0,0.266,4134100000.0,1682400000.0,255000000.0,0.332,1.708,10.908,11.234,576600000.0,0.0,33.14,2.903,2.903,841000000.0,10219500000.0,5816500000.0,5816500000.0,0.0,0.107,0.157,0.303,0.323,116000000.0,4132300000.0,1.0,509510446.0,509510446.0,,11.416,11211100000.0,0.0,295700000.0,1046100000.0,22.004,
10,BEN,MRT,2018-12-31,2018-12-31,2018-12-31,2021-09-07,-393600000.0,13950600000.0,15388025000.0,,,0.39,18.993,-113000000.0,6658900000.0,6658900000.0,0.0,1574600000.0,,0.302,730400000.0,,,730400000.0,0.0,159100000.0,0.0,0.133,3.95,2000500000.0,2159600000.0,0.36,2159600000.0,2000500000.0,1958600000.0,3.02,3.01,3.02,9745400000.0,9891625000.0,9745400000.0,9036294378.0,5.0,4.184,2051100000.0,3.998,1.0,6000500000.0,1.0,2326200000.0,41900000.0,5695900000.0,6653650000.0,0.0,3426100000.0,,,2941600000.0,,,15218394378.0,-2311500000.0,-86800000.0,-1522700000.0,-378800000.0,-2127500000.0,-4106700000.0,-330900000.0,-131100000.0,2164100000.0,-16700000.0,1623600000.0,1623600000.0,1623600000.0,0.0,-49000000.0,0.271,4141900000.0,1858600000.0,209400000.0,1.308,1.562,9.373,9.821,541300000.0,0.0,29.66,2.536,2.536,805600000.0,10087900000.0,6000500000.0,6000500000.0,0.0,0.106,0.164,0.301,0.333,118700000.0,4140100000.0,1.0,513094888.0,513094888.0,,11.695,11624400000.0,0.0,335000000.0,1204500000.0,22.655,
11,BEN,MRT,2018-09-30,2018-09-30,2018-09-30,2021-09-07,-370600000.0,14383500000.0,16418975000.0,,,0.378,18.782,-106500000.0,6910600000.0,6910600000.0,0.0,742700000.0,,0.316,728500000.0,,,728500000.0,0.0,157100000.0,0.0,0.129,3.92,2283200000.0,2440300000.0,0.393,2440300000.0,2283200000.0,2236900000.0,1.39,1.39,1.39,9899200000.0,10394800000.0,9899200000.0,10103441474.0,4.0,4.14,2123200000.0,4.028,1.0,6204500000.0,1.0,2333400000.0,46300000.0,5868000000.0,7220775000.0,0.0,3535900000.0,,,3132000000.0,,,16027841474.0,-1839100000.0,-86800000.0,-1400000000.0,-382900000.0,-2116900000.0,-3761700000.0,-290400000.0,-97100000.0,2229700000.0,-16700000.0,764400000.0,764400000.0,764400000.0,0.0,-21700000.0,0.123,4176300000.0,2028200000.0,226900000.0,2.82,1.619,20.968,21.878,535000000.0,0.0,30.41,2.583,2.583,847900000.0,10217900000.0,6204500000.0,6204500000.0,0.0,0.047,0.074,0.316,0.368,117800000.0,4174500000.0,1.0,527058253.0,527058253.0,,11.772,12050100000.0,0.0,1472500000.0,1161300000.0,22.863,
12,BEN,MRT,2018-06-30,2018-06-30,2018-06-30,2021-09-07,-342900000.0,15528000000.0,17206600000.0,,,0.372,18.259,-97400000.0,6654200000.0,6654200000.0,0.0,742900000.0,,0.335,729800000.0,,,729800000.0,0.0,156300000.0,0.0,0.121,3.89,2390100000.0,2546400000.0,0.397,2546400000.0,2390100000.0,2334500000.0,1.24,1.23,1.24,9863500000.0,11075000000.0,9863500000.0,9665975182.0,4.0,3.796,1588200000.0,2.94,1.0,6408800000.0,1.0,2352900000.0,55600000.0,7250700000.0,7667325000.0,0.0,4840600000.0,,,3306000000.0,,,17313675182.0,-2132000000.0,-97000000.0,-1195200000.0,-713000000.0,-2106700000.0,-3541900000.0,-285700000.0,-91300000.0,1685600000.0,35000000.0,687100000.0,687100000.0,687100000.0,0.0,55800000.0,0.107,4211200000.0,2197600000.0,253800000.0,3.137,1.755,25.198,25.847,522400000.0,0.0,32.05,2.702,2.702,946900000.0,10153500000.0,6408800000.0,6408800000.0,0.0,0.04,0.062,0.312,0.373,118800000.0,4211200000.0,1.0,540208274.0,540208274.0,,11.864,13175100000.0,0.0,1647400000.0,1304200000.0,24.389,
13,BEN,MRT,2018-03-31,2018-03-31,2018-03-31,2021-09-07,-259700000.0,17690000000.0,17693650000.0,,,0.365,18.232,-89800000.0,8726500000.0,8726500000.0,0.0,846900000.0,,0.517,1078800000.0,,,1078800000.0,0.0,156200000.0,0.0,0.111,3.86,2481800000.0,2638000000.0,0.408,2638000000.0,2481800000.0,2435400000.0,1.22,1.21,1.22,10058400000.0,11709125000.0,10058400000.0,11258179079.0,5.0,4.268,1328300000.0,2.408,1.0,6464100000.0,1.0,2242300000.0,46400000.0,7800000000.0,7827100000.0,0.0,5108300000.0,,,5203400000.0,,,19133079079.0,-49600000.0,-9700000.0,-934100000.0,-594700000.0,-463500000.0,-1358700000.0,-203600000.0,-104100000.0,1418100000.0,35000000.0,695700000.0,695700000.0,695700000.0,0.0,151200000.0,0.108,4205400000.0,2258700000.0,262500000.0,3.164,1.902,27.502,28.426,517700000.0,0.0,34.68,2.96,2.96,899000000.0,10263900000.0,6464100000.0,6464100000.0,0.0,0.039,0.059,0.317,0.384,122200000.0,4205400000.0,1.0,551703549.0,551703549.0,,11.717,15447700000.0,0.0,1739700000.0,1308200000.0,28.0,
14,BEN,MRT,2017-12-31,2017-12-31,2017-12-31,2021-09-07,-266600000.0,18074400000.0,17573675000.0,,,0.367,21.228,-81300000.0,8970400000.0,8970400000.0,0.0,799000000.0,,0.322,1095500000.0,,,1095500000.0,0.0,155300000.0,0.0,0.019,0.83,2504200000.0,2659500000.0,0.413,2659500000.0,2504200000.0,2455200000.0,1.17,1.17,1.17,11758100000.0,12242925000.0,11758100000.0,16348734637.0,7.0,6.147,928300000.0,1.676,1.0,6446900000.0,1.0,2235100000.0,49000000.0,7964400000.0,7849650000.0,0.0,5062700000.0,,,3785800000.0,,,24000834637.0,515600000.0,-14000000.0,-682900000.0,-641200000.0,-449500000.0,-641200000.0,51800000.0,147100000.0,1009600000.0,35000000.0,673200000.0,673200000.0,673200000.0,0.0,125800000.0,0.104,4188400000.0,2258500000.0,380900000.0,0.709,2.041,35.652,37.034,516600000.0,0.0,43.33,3.723,3.723,1098500000.0,11969500000.0,6446900000.0,6446900000.0,0.0,0.038,0.055,0.319,0.388,124200000.0,4188400000.0,1.0,553908023.0,553908023.0,,11.639,15839300000.0,0.0,1782000000.0,1432000000.0,28.596,
15,BEN,MRT,2017-09-30,2017-09-30,2017-09-30,2021-09-07,-284800000.0,17534000000.0,17107650000.0,,,0.374,22.629,-74900000.0,8749700000.0,8749700000.0,0.0,1789700000.0,,0.21,1097600000.0,,,1097600000.0,0.0,152300000.0,0.0,0.018,0.8,2507600000.0,2659900000.0,0.416,2659900000.0,2507600000.0,2456100000.0,3.01,3.01,3.01,12620000000.0,12294600000.0,12620000000.0,17464889047.0,7.0,6.566,1060500000.0,1.902,1.0,6392200000.0,1.0,2227700000.0,51500000.0,7654200000.0,7680950000.0,0.0,4861000000.0,,,2656300000.0,,,24823289047.0,266400000.0,-14000000.0,-740400000.0,-641600000.0,-441200000.0,-956000000.0,52000000.0,190100000.0,1135400000.0,35000000.0,1696700000.0,1696700000.0,1696700000.0,0.0,93000000.0,0.265,4127900000.0,2264300000.0,291500000.0,0.266,1.967,14.63,14.787,517200000.0,0.0,44.51,3.883,3.883,1001900000.0,12849300000.0,6392200000.0,6392200000.0,0.0,0.099,0.138,0.326,0.392,124300000.0,4127900000.0,1.0,557701394.0,557701394.0,,11.462,15306300000.0,0.0,759400000.0,245300000.0,27.445,
16,BEN,MRT,2017-06-30,2017-06-30,2017-06-30,2021-09-07,-321000000.0,17476200000.0,16748850000.0,,,0.381,22.091,-85200000.0,8786200000.0,8786200000.0,0.0,1786200000.0,,0.237,1427800000.0,,,1427800000.0,0.0,153900000.0,0.0,0.017,0.78,2536600000.0,2690500000.0,0.421,2690500000.0,2536600000.0,2484400000.0,3.06,3.06,3.06,12400000000.0,12123550000.0,12400000000.0,18045466259.0,7.0,6.707,1435400000.0,2.557,1.0,6387100000.0,1.0,2228000000.0,52200000.0,7889800000.0,7639300000.0,0.0,4828700000.0,,,2940500000.0,,,25141366259.0,544100000.0,-157800000.0,-828000000.0,-400800000.0,-433500000.0,-1155800000.0,165100000.0,457300000.0,1520600000.0,3700000.0,1743600000.0,1743600000.0,1743600000.0,0.0,42600000.0,0.273,4101100000.0,2286000000.0,275000000.0,0.255,2.028,14.419,14.637,508800000.0,0.0,44.79,3.936,3.936,978600000.0,12665200000.0,6387100000.0,6387100000.0,0.0,0.104,0.144,0.332,0.397,123900000.0,4101100000.0,1.0,561316505.0,561316505.0,,11.379,15248200000.0,0.0,740800000.0,156500000.0,27.165,
17,BEN,MRT,2017-03-31,2017-03-31,2017-03-31,2021-09-07,-373200000.0,17210100000.0,16379175000.0,,,0.391,21.569,-91300000.0,8776100000.0,8776100000.0,0.0,1788300000.0,,0.252,1680200000.0,,,1680200000.0,0.0,153900000.0,0.0,0.018,0.76,2575100000.0,2729000000.0,0.426,2729000000.0,2575100000.0,2523500000.0,3.1,3.1,3.1,12193600000.0,11969075000.0,12193600000.0,17102337896.0,7.0,6.267,1821000000.0,3.221,1.0,6407500000.0,1.0,2224000000.0,51600000.0,7890200000.0,7593275000.0,0.0,4535900000.0,,,3077100000.0,,,23822637896.0,735100000.0,-66100000.0,-975200000.0,-184400000.0,-426500000.0,-1296000000.0,167300000.0,373900000.0,1912300000.0,-14700000.0,1779400000.0,1779400000.0,1779400000.0,0.0,8900000.0,0.278,4090300000.0,2317200000.0,259300000.0,0.245,1.954,13.388,13.594,509800000.0,0.0,42.14,3.718,3.718,1023500000.0,12510600000.0,6407500000.0,6407500000.0,0.0,0.109,0.149,0.339,0.402,125600000.0,4090300000.0,1.0,565321260.0,565321260.0,,11.334,14986100000.0,0.0,744100000.0,159800000.0,26.509,
18,BEN,MRT,2016-12-31,2016-12-31,2016-12-31,2021-09-07,-417800000.0,16210300000.0,16049375000.0,,,0.4,21.035,-91300000.0,8454800000.0,8454800000.0,0.0,1714100000.0,,0.261,1734500000.0,,,1734500000.0,0.0,153900000.0,0.0,0.019,0.74,2503600000.0,2657500000.0,0.414,2657500000.0,2503600000.0,2452400000.0,2.97,2.97,2.97,11964800000.0,11863275000.0,11964800000.0,16113421769.0,6.0,6.063,1787400000.0,3.142,1.0,6420800000.0,1.0,2200400000.0,51200000.0,7289600000.0,7569400000.0,0.0,3968900000.0,,,3122100000.0,,,22513321769.0,185800000.0,-13100000.0,-1158600000.0,-69700000.0,-420600000.0,-1703200000.0,44600000.0,198200000.0,1878700000.0,-4000000.0,1719100000.0,1719100000.0,1719100000.0,0.0,-5000000.0,0.268,4121800000.0,2299000000.0,214800000.0,0.249,1.882,13.096,13.327,512500000.0,0.0,39.58,3.506,3.506,930000000.0,12326000000.0,6420800000.0,6420800000.0,0.0,0.107,0.145,0.331,0.39,128700000.0,4121800000.0,1.0,568805502.0,568805502.0,,11.288,14009900000.0,0.0,733300000.0,343400000.0,24.63,
19,BEN,MRT,2016-09-30,2016-09-30,2016-09-30,2021-09-07,-347400000.0,16098800000.0,16035675000.0,,,0.413,20.718,-97600000.0,8483300000.0,8483300000.0,0.0,1757700000.0,,0.294,2083400000.0,,,2083400000.0,0.0,162300000.0,0.0,0.02,0.72,2518700000.0,2681000000.0,0.405,2681000000.0,2518700000.0,2468800000.0,2.94,2.94,2.94,11935800000.0,11817375000.0,11935800000.0,14414337095.0,6.0,5.376,1630100000.0,2.829,1.0,6618000000.0,1.0,2211300000.0,49900000.0,7487600000.0,7686775000.0,0.0,3930000000.0,,,3509500000.0,,,20492637095.0,115200000.0,0.0,-1283900000.0,-93800000.0,-408700000.0,-1800700000.0,192200000.0,289800000.0,1727700000.0,-4000000.0,1726700000.0,1726700000.0,1726700000.0,0.0,31000000.0,0.261,4252300000.0,2365700000.0,233300000.0,0.245,1.717,11.868,12.099,523200000.0,0.0,35.57,3.097,3.097,794300000.0,12226200000.0,6618000000.0,6618000000.0,0.0,0.108,0.146,0.328,0.381,132300000.0,4252300000.0,1.0,576121369.0,576121369.0,,11.487,13887500000.0,0.0,742100000.0,161500000.0,24.105,
20,BEN,MRT,2016-06-30,2016-06-30,2016-06-30,2021-09-07,-352500000.0,15997500000.0,16094900000.0,,,0.427,20.143,-86700000.0,8242100000.0,8242100000.0,0.0,1666200000.0,,0.304,2163800000.0,,,2163800000.0,0.0,174000000.0,0.0,0.021,0.69,2455200000.0,2629200000.0,0.382,2629200000.0,2455200000.0,2405800000.0,2.71,2.71,2.71,11782100000.0,11793675000.0,11782100000.0,13644562653.0,6.0,5.19,1515800000.0,2.591,1.0,6880000000.0,1.0,2213500000.0,49400000.0,7705700000.0,7781350000.0,0.0,4071000000.0,,,3586600000.0,,,19519162653.0,-184300000.0,348800000.0,-1531900000.0,-46000000.0,-397000000.0,-1890700000.0,105600000.0,-156500000.0,1602500000.0,-1700000.0,1612800000.0,1612800000.0,1612800000.0,0.0,53400000.0,0.234,4375600000.0,2504400000.0,193000000.0,0.255,1.657,12.103,12.314,508400000.0,0.0,33.37,2.837,2.837,812600000.0,12076900000.0,6880000000.0,6880000000.0,0.0,0.1,0.137,0.316,0.357,136900000.0,4375600000.0,1.0,584931455.0,584931455.0,,11.762,13784000000.0,0.0,793000000.0,140800000.0,23.565,
21,BEN,MRT,2016-03-31,2016-03-31,2016-03-31,2021-09-07,-317800000.0,15890900000.0,16263100000.0,,,0.446,19.861,-74200000.0,8041000000.0,8041000000.0,0.0,1738700000.0,,0.293,2166400000.0,,,2166400000.0,0.0,184700000.0,0.0,0.017,0.66,2544400000.0,2729100000.0,0.377,2729100000.0,2544400000.0,2493600000.0,2.76,2.76,2.76,11770400000.0,11869525000.0,11770400000.0,16994125597.0,7.0,6.227,1486100000.0,2.508,1.0,7246500000.0,1.0,2221600000.0,50800000.0,7794700000.0,7895325000.0,0.0,4170600000.0,,,3450400000.0,,,23142825597.0,-81300000.0,257100000.0,-1427500000.0,-299400000.0,-384300000.0,-1933700000.0,240800000.0,57900000.0,1560300000.0,51300000.0,1670600000.0,1670600000.0,1670600000.0,0.0,68100000.0,0.231,4567700000.0,2678800000.0,173800000.0,0.239,1.966,13.853,14.149,504400000.0,0.0,39.05,3.194,3.194,798000000.0,12029600000.0,7246500000.0,7246500000.0,0.0,0.103,0.141,0.322,0.351,137200000.0,4567700000.0,1.0,592645982.0,592645982.0,,12.227,13669300000.0,0.0,823000000.0,128100000.0,23.065,
22,BEN,MRT,2015-12-31,2015-12-31,2015-12-31,2021-09-07,-343100000.0,16155500000.0,16413150000.0,,,0.466,19.587,-71800000.0,8269000000.0,8269000000.0,0.0,2000800000.0,,0.312,2120300000.0,,,2120300000.0,0.0,200500000.0,0.0,0.017,0.63,2834300000.0,3034800000.0,0.397,3034800000.0,2834300000.0,2794000000.0,3.13,3.13,3.13,11781200000.0,11882300000.0,11781200000.0,15934042470.0,6.0,5.25,1903000000.0,3.164,1.0,7642400000.0,1.0,2247700000.0,40300000.0,7759100000.0,8086450000.0,0.0,4028400000.0,,,3681400000.0,,,22146842470.0,383800000.0,218200000.0,-1264600000.0,18500000.0,-682100000.0,-1747700000.0,247600000.0,101200000.0,1974800000.0,-116600000.0,1916700000.0,1916700000.0,1916700000.0,0.0,84100000.0,0.251,4743200000.0,2899200000.0,229200000.0,0.201,1.88,11.555,11.764,507100000.0,0.0,36.82,2.898,2.898,863700000.0,12064800000.0,7642400000.0,7642400000.0,0.0,0.117,0.161,0.35,0.371,140500000.0,4743200000.0,1.0,601489475.0,601489475.0,,12.706,13907800000.0,100400000.0,877300000.0,430500000.0,23.122,
23,BEN,MRT,2015-09-30,2015-09-30,2015-09-30,2021-09-07,-314200000.0,16335700000.0,16448475000.0,,,0.483,19.291,-68800000.0,8368100000.0,8368100000.0,0.0,2104700000.0,,0.319,2155300000.0,,,2155300000.0,0.0,210200000.0,0.0,0.016,0.6,2998600000.0,3208800000.0,0.404,3208800000.0,2998600000.0,2959000000.0,3.29,3.29,3.29,11841000000.0,11825950000.0,11841000000.0,16647959761.0,6.0,5.188,2183200000.0,3.557,1.0,7948700000.0,1.0,2257000000.0,39600000.0,7865900000.0,8197475000.0,0.0,4109100000.0,,,3780300000.0,,,22870859761.0,772100000.0,205000000.0,-1034300000.0,-14700000.0,-666400000.0,-1612200000.0,248900000.0,112700000.0,2252000000.0,-116600000.0,2035300000.0,2035300000.0,2035300000.0,0.0,69400000.0,0.256,4921100000.0,3027600000.0,232100000.0,0.182,1.931,11.237,11.325,510100000.0,0.0,37.26,2.877,2.877,838000000.0,12094800000.0,7948700000.0,7948700000.0,0.0,0.124,0.172,0.366,0.377,140000000.0,4921100000.0,1.0,613818029.0,613818029.0,,12.95,14078700000.0,0.0,923700000.0,241400000.0,22.936,
24,BEN,MRT,2015-06-30,2015-06-30,2015-06-30,2021-09-07,-255600000.0,16670300000.0,16453825000.0,,,0.5,19.538,-58400000.0,8426400000.0,8426400000.0,0.0,2354000000.0,,0.321,2203500000.0,,,2203500000.0,0.0,212100000.0,0.0,0.012,0.57,3321400000.0,3533500000.0,0.429,3533500000.0,3321400000.0,3282200000.0,3.73,3.73,3.73,12085500000.0,11761725000.0,12085500000.0,24683661547.0,7.0,6.986,2483600000.0,4.015,1.0,8230400000.0,1.0,2285800000.0,39200000.0,8161600000.0,8377050000.0,0.0,4285100000.0,,,3884700000.0,,,30327961547.0,728800000.0,150800000.0,-711500000.0,-20900000.0,-649100000.0,-1960200000.0,341600000.0,249200000.0,2542000000.0,-194600000.0,2317700000.0,2317700000.0,2317700000.0,0.0,36300000.0,0.282,5085600000.0,3144800000.0,225700000.0,0.153,2.509,13.085,13.145,510100000.0,0.0,49.03,3.685,3.685,899000000.0,12279600000.0,8230400000.0,8230400000.0,0.0,0.141,0.197,0.396,0.404,137300000.0,5085600000.0,1.0,618559281.0,618559281.0,,13.306,14384500000.0,106300000.0,964500000.0,261100000.0,23.255,
25,BEN,MRT,2015-03-31,2015-03-31,2015-03-31,2021-09-07,-289000000.0,16491100000.0,16459225000.0,,,0.508,19.011,-54400000.0,8122300000.0,8122300000.0,0.0,2452100000.0,,0.339,2478000000.0,,,2478000000.0,0.0,214100000.0,0.0,0.011,0.54,3427300000.0,3641400000.0,0.436,3641400000.0,3427300000.0,3390900000.0,3.83,3.83,3.83,11821500000.0,11564175000.0,11821500000.0,26126450965.0,8.0,7.175,2565600000.0,4.126,1.0,8360100000.0,1.0,2287600000.0,36400000.0,8559200000.0,8545575000.0,0.0,4383800000.0,,,4007200000.0,,,31912150965.0,1211400000.0,148900000.0,-621700000.0,212700000.0,-631500000.0,-1676900000.0,495800000.0,401300000.0,2620000000.0,-227500000.0,2392400000.0,2392400000.0,2392400000.0,0.0,59700000.0,0.286,5198300000.0,3161800000.0,220000000.0,0.141,2.7,13.339,13.399,516900000.0,0.0,51.32,3.817,3.817,919100000.0,12048600000.0,8360100000.0,8360100000.0,0.0,0.145,0.207,0.401,0.41,136200000.0,5198300000.0,1.0,621826792.0,621826792.0,,13.444,14203500000.0,95600000.0,998500000.0,258000000.0,22.842,
26,BEN,MRT,2014-12-31,2014-12-31,2014-12-31,2021-09-07,-178400000.0,16296800000.0,16370800000.0,,,0.516,18.567,-54200000.0,7885200000.0,7885200000.0,0.0,2382000000.0,,0.352,2099500000.0,,,2099500000.0,0.0,218200000.0,0.0,0.009,0.51,3394300000.0,3612500000.0,0.428,3612500000.0,3394300000.0,3348200000.0,3.74,3.74,3.74,11555800000.0,11325100000.0,11555800000.0,29013710453.0,9.0,8.031,2331500000.0,3.746,1.0,8446200000.0,1.0,2307900000.0,46100000.0,8203200000.0,8683075000.0,0.0,4404000000.0,,,4068300000.0,,,34460710453.0,1185500000.0,33900000.0,-610900000.0,-193600000.0,-302100000.0,-1450700000.0,365300000.0,385600000.0,2385700000.0,-69000000.0,2346900000.0,2346900000.0,2346900000.0,0.0,35100000.0,0.278,5256100000.0,3190100000.0,194200000.0,0.136,2.982,14.684,14.805,523400000.0,0.0,55.37,4.08,4.08,926700000.0,11672000000.0,8446200000.0,8446200000.0,0.0,0.143,0.207,0.391,0.402,130300000.0,5256100000.0,1.0,622371509.0,622371509.0,,13.571,13988900000.0,77600000.0,1001300000.0,452300000.0,22.477,
27,BEN,MRT,2014-09-30,2014-09-30,2014-09-30,2021-09-07,-117700000.0,16357100000.0,16273925000.0,,,0.522,18.526,-53100000.0,7596000000.0,7596000000.0,0.0,2411700000.0,,0.338,2149000000.0,,,2149000000.0,0.0,222400000.0,0.0,0.009,0.48,3429600000.0,3652000000.0,0.43,3652000000.0,3429600000.0,3382200000.0,3.79,3.79,3.79,11584100000.0,11245700000.0,11584100000.0,28639747681.0,8.0,7.842,2084900000.0,3.334,1.0,8491400000.0,1.0,2325900000.0,47400000.0,8584200000.0,8911225000.0,0.0,4678200000.0,,,3909900000.0,,,34147147681.0,1272900000.0,0.0,-589600000.0,-180000000.0,-290400000.0,-1195300000.0,390600000.0,443700000.0,2138000000.0,-60400000.0,2384300000.0,2384300000.0,2384300000.0,0.0,27400000.0,0.281,5270200000.0,3221200000.0,237500000.0,0.127,2.948,14.322,14.409,530700000.0,0.0,54.61,4.021,4.021,950000000.0,11639500000.0,8491400000.0,8491400000.0,0.0,0.147,0.212,0.385,0.404,127700000.0,5270200000.0,1.0,625291113.0,625291113.0,,13.58,14031200000.0,98100000.0,997900000.0,259300000.0,22.439,
28,BEN,MRT,2014-06-30,2014-06-30,2014-06-30,2021-09-07,24200000.0,16691900000.0,16032225000.0,,,0.519,17.995,-58800000.0,7697600000.0,7697600000.0,0.0,2291400000.0,,0.406,2190200000.0,,,2190200000.0,0.0,228300000.0,664200000.0,0.008,0.46,3255000000.0,3483300000.0,0.419,3483300000.0,3255000000.0,3208600000.0,3.57,3.57,3.57,11295300000.0,10867950000.0,11295300000.0,31624067389.0,10.0,9.079,1860200000.0,2.964,1.0,8320700000.0,1.0,2348800000.0,46400000.0,8835700000.0,9015950000.0,0.0,4805800000.0,,,4587300000.0,,,36305567389.0,1465500000.0,-164500000.0,-676100000.0,-222300000.0,-276900000.0,-842600000.0,339600000.0,562900000.0,1919000000.0,49500000.0,2252700000.0,2252700000.0,2252700000.0,0.0,38700000.0,0.271,5199700000.0,3121000000.0,302600000.0,0.129,3.214,16.116,16.202,542100000.0,0.0,57.84,4.363,4.363,999100000.0,11208600000.0,8320700000.0,8320700000.0,0.0,0.141,0.207,0.361,0.391,124100000.0,5199700000.0,1.0,627689616.0,627689616.0,,13.256,14343100000.0,129200000.0,955900000.0,265000000.0,22.851,
29,BEN,MRT,2014-03-31,2014-03-31,2014-03-31,2021-09-07,4400000.0,16137400000.0,15688550000.0,,,0.527,17.223,-62400000.0,6910900000.0,6910900000.0,0.0,2221400000.0,,0.413,2229400000.0,,,2229400000.0,0.0,234000000.0,674100000.0,0.008,0.437,3186000000.0,3420000000.0,0.413,3420000000.0,3186000000.0,3140500000.0,3.52,3.51,3.52,10865200000.0,10489075000.0,10865200000.0,29736695591.0,9.0,8.695,1840900000.0,2.918,1.0,8275000000.0,1.0,2346700000.0,45500000.0,9109200000.0,9085975000.0,0.0,5050400000.0,,,4491000000.0,,,34179195591.0,1355100000.0,-163200000.0,-651200000.0,-229400000.0,-263300000.0,-731600000.0,136800000.0,362400000.0,1903300000.0,46600000.0,2226100000.0,2226100000.0,2226100000.0,0.0,-4700000.0,0.269,5169100000.0,3105900000.0,261500000.0,0.124,3.146,15.354,15.392,553500000.0,0.0,54.18,4.13,4.13,987600000.0,10798000000.0,8275000000.0,8275000000.0,0.0,0.142,0.212,0.351,0.385,120600000.0,5169100000.0,1.0,630845249.0,630845249.0,,13.117,13790700000.0,118800000.0,914400000.0,266300000.0,21.861,
30,BEN,MRT,2013-12-31,2013-12-31,2013-12-31,2021-09-07,0.0,15909300000.0,15356750000.0,,,0.533,17.815,-64900000.0,6699700000.0,6699700000.0,0.0,2262000000.0,,0.416,2257200000.0,,,2257200000.0,0.0,236900000.0,654400000.0,0.007,0.413,3180100000.0,3417000000.0,0.417,3417000000.0,3180100000.0,3135100000.0,3.53,3.52,3.53,11238200000.0,10127775000.0,11238200000.0,32390173422.0,10.0,9.479,2009100000.0,3.185,1.0,8192700000.0,1.0,2351000000.0,45000000.0,9115800000.0,9132800000.0,0.0,4957400000.0,,,4671100000.0,,,36418173422.0,1457000000.0,-48100000.0,-493000000.0,-257400000.0,-188900000.0,-950200000.0,314200000.0,427200000.0,2074000000.0,19000000.0,2237900000.0,2237900000.0,2237900000.0,0.0,24100000.0,0.273,5143400000.0,3049300000.0,260800000.0,0.117,3.241,16.273,16.354,559400000.0,0.0,57.73,4.445,4.445,1049600000.0,,8192700000.0,8192700000.0,0.0,0.146,0.221,0.348,0.388,116700000.0,5143400000.0,1.0,630836193.0,630836193.0,,12.987,13558300000.0,118700000.0,897200000.0,483400000.0,21.493,
31,BEN,MRT,2013-09-30,2013-09-30,2013-09-30,2021-09-07,6100000.0,15390300000.0,14967975000.0,,,0.533,15.858,-62200000.0,6323100000.0,6323100000.0,0.0,2170700000.0,,0.455,2295100000.0,,,2295100000.0,0.0,231500000.0,586800000.0,0.027,1.39,3053000000.0,3284500000.0,0.411,3284500000.0,3053000000.0,3006100000.0,3.37,3.37,3.37,10073100000.0,9555175000.0,10073100000.0,28266857157.0,9.0,8.606,1973500000.0,3.107,1.0,7985000000.0,1.0,2359200000.0,46900000.0,9003100000.0,9149275000.0,0.0,4813200000.0,,,4583000000.0,,,32109457157.0,271700000.0,-5800000.0,-449700000.0,-743900000.0,-882700000.0,-2018100000.0,232900000.0,300900000.0,2035700000.0,21200000.0,2150200000.0,2150200000.0,2150200000.0,0.0,20500000.0,0.269,5063700000.0,2921300000.0,273700000.0,0.412,3.188,14.933,15.0,564100000.0,0.0,50.55,4.021,4.021,1038900000.0,10003900000.0,7985000000.0,7985000000.0,0.0,0.144,0.225,0.334,0.382,113400000.0,5063700000.0,1.0,635201922.0,635201922.0,,12.571,13031100000.0,112400000.0,855900000.0,272500000.0,20.515,
32,BEN,MRT,2013-06-30,2013-06-30,2013-06-30,2021-09-07,-48400000.0,15317200000.0,14808275000.0,,,0.528,15.333,-58100000.0,6232100000.0,6232100000.0,0.0,2164200000.0,,0.49,2389500000.0,,,2389500000.0,0.0,222800000.0,714200000.0,0.03,1.38,2994400000.0,3217200000.0,0.412,3217200000.0,2994400000.0,2950600000.0,3.35,3.33,3.35,9779800000.0,9337225000.0,9779800000.0,25786325419.0,9.0,8.015,1649900000.0,2.587,1.0,7816400000.0,1.0,2358800000.0,43800000.0,9115800000.0,9232350000.0,0.0,4947500000.0,,,4794100000.0,,,28919125419.0,847000000.0,177500000.0,-278400000.0,-69700000.0,-878600000.0,-1302000000.0,441300000.0,321900000.0,1708000000.0,-300000.0,2133300000.0,2133300000.0,2133300000.0,0.0,30900000.0,0.273,5007500000.0,2808900000.0,272700000.0,0.412,2.957,13.556,13.534,563200000.0,0.0,45.34,3.7,3.7,947600000.0,9764600000.0,7816400000.0,7816400000.0,0.0,0.144,0.228,0.324,0.383,90400000.0,5007500000.0,1.0,637828086.0,637828086.0,,12.255,12958400000.0,103100000.0,817300000.0,284600000.0,20.316,
33,BEN,MRT,2013-03-31,2013-03-31,2013-03-31,2021-09-07,8700000.0,14810200000.0,14387553250.0,,,0.522,14.775,-61300000.0,5555800000.0,5555800000.0,0.0,2032100000.0,,0.494,2423000000.0,,,2423000000.0,0.0,218200000.0,674200000.0,0.027,1.373,2872500000.0,3090700000.0,0.411,3090700000.0,2872500000.0,2828600000.0,3.19,3.18,3.19,9420000000.0,9079607250.0,9420000000.0,29271164118.0,10.0,9.471,1298400000.0,2.036,1.0,7515200000.0,1.0,2380900000.0,43900000.0,9296500000.0,8623951500.0,0.0,5035700000.0,,,4651800000.0,,,32051364118.0,476700000.0,178100000.0,-453700000.0,-72600000.0,-874900000.0,-1388100000.0,529800000.0,413000000.0,1359700000.0,-24700000.0,2036300000.0,2036300000.0,2036300000.0,0.0,-4200000.0,0.271,4835000000.0,2680200000.0,246600000.0,0.43,3.402,15.74,15.759,573900000.0,0.0,50.27,4.265,4.265,994600000.0,9390000000.0,7515200000.0,7515200000.0,0.0,0.142,0.224,0.333,0.382,88400000.0,4835000000.0,1.0,637584327.0,637584327.0,,11.787,12429300000.0,100300000.0,792300000.0,281200000.0,19.494,
34,BEN,MRT,2012-12-31,2012-12-31,2012-12-31,2021-09-07,63800000.0,14354200000.0,14100705250.0,,,0.518,14.049,-63900000.0,5242700000.0,5242700000.0,0.0,1926500000.0,,0.531,2462500000.0,,,2462500000.0,0.0,213300000.0,885200000.0,0.033,1.367,2782100000.0,2995400000.0,0.41,2995400000.0,2782100000.0,2739500000.0,3.067,3.053,3.067,8947800000.0,8897052000.0,8947800000.0,23411101372.0,8.0,7.816,1121000000.0,1.76,1.0,7300900000.0,1.0,2392300000.0,42600000.0,9181700000.0,8128444000.0,0.0,4970900000.0,,,4753200000.0,,,26685301372.0,330800000.0,177900000.0,-556800000.0,-105600000.0,-874000000.0,-1543900000.0,671500000.0,557500000.0,1184900000.0,18300000.0,1966700000.0,1966700000.0,1966700000.0,0.0,-40200000.0,0.269,4733000000.0,2567900000.0,194100000.0,0.446,2.982,13.569,13.662,578000000.0,0.0,41.9,3.655,3.655,908000000.0,8862700000.0,7300900000.0,7300900000.0,0.0,0.139,0.221,0.342,0.381,83500000.0,4733000000.0,1.0,636880701.0,636880701.0,,11.464,11961900000.0,94700000.0,772800000.0,414000000.0,18.782,
35,BEN,MRT,2012-09-30,2012-09-30,2012-09-30,2021-09-07,62000000.0,14751500000.0,13863527000.0,,,0.512,14.426,-78400000.0,6051400000.0,6051400000.0,0.0,1915500000.0,,0.54,2777200000.0,,,2777200000.0,0.0,212000000.0,671700000.0,0.025,1.027,2730800000.0,2942800000.0,0.414,2942800000.0,2730800000.0,2694100000.0,2.99,2.98,2.99,9201300000.0,8728512750.0,9201300000.0,23151608832.0,8.0,7.867,987800000.0,1.549,1.0,7101000000.0,1.0,2141900000.0,36700000.0,9335400000.0,7675451750.0,0.0,4868900000.0,,,4964300000.0,,,26590251832.0,852800000.0,169600000.0,-748300000.0,313100000.0,-663000000.0,-1084900000.0,873400000.0,782200000.0,1066200000.0,-1900000.0,1931400000.0,1931400000.0,1931400000.0,0.0,-15900000.0,0.272,4585800000.0,2515200000.0,241600000.0,0.343,2.89,13.767,13.943,582700000.0,0.0,41.69,3.745,3.745,850200000.0,9075600000.0,7101000000.0,7101000000.0,0.0,0.139,0.221,0.356,0.385,81600000.0,4585800000.0,1.0,637808871.0,637808871.0,,11.133,12609600000.0,94900000.0,762700000.0,276300000.0,19.77,
36,BEN,MRT,2012-06-30,2012-06-30,2012-06-30,2021-09-07,-8546000.0,13634313000.0,13619602000.0,7341652000.0,6292661000.0,0.523,13.553,-108884000.0,5385052000.0,5385052000.0,0.0,1768418000.0,5.297,0.491,1946409000.0,320840000.0,1625569000.0,1946409000.0,0.0,224335000.0,925571000.0,0.028,1.02,2686883000.0,2911218000.0,0.409,2911218000.0,2686883000.0,2647498000.0,2.86,2.843,2.86,8749329000.0,8559362750.0,8749329000.0,20797148328.0,8.0,7.144,1390117000.0,2.153,1.0,7121891000.0,1.0,2127488000.0,39385000.0,6682206000.0,7162960750.0,0.0,4478259000.0,1691192000.0,2787067000.0,4297694000.0,1385976000.0,2911718000.0,23883423328.0,665127000.0,24167000.0,-990961000.0,-350369000.0,-660607000.0,-1389141000.0,612939000.0,697697000.0,1499001000.0,-57672000.0,1855296000.0,1855296000.0,1855296000.0,0.0,-86878000.0,0.261,4541004000.0,2580887000.0,278109000.0,0.357,2.73,12.873,12.936,585173000.0,0.0,36.997,3.354,3.354,793914000.0,8736616000.0,7121891000.0,7121891000.0,0.0,0.136,0.217,0.375,0.377,98044000.0,4541004000.0,1.0,645556086.0,645556086.0,,11.032,11506825000.0,96639000.0,792202000.0,303200000.0,17.825,5955676000.0
37,BEN,MRT,2012-03-31,2012-03-31,2012-03-31,2021-09-07,76343000.0,13662808000.0,13498773500.0,7568629000.0,6094179000.0,0.533,13.414,-111852000.0,5079141000.0,5079141000.0,0.0,1816618000.0,6.778,0.493,1992866000.0,45658000.0,1947208000.0,1992866000.0,0.0,228373000.0,837068000.0,0.025,1.013,2758930000.0,2987303000.0,0.415,2987303000.0,2758930000.0,2719589000.0,2.907,2.887,2.907,8689779000.0,8543655250.0,8689779000.0,23930759647.0,9.0,8.011,1499904000.0,2.315,1.0,7191324000.0,1.0,2145359000.0,39341000.0,7314470000.0,7284103750.0,0.0,4728738000.0,1982216000.0,2746522000.0,4286559000.0,1116704000.0,3169855000.0,26783364647.0,410673000.0,23706000.0,-908577000.0,-372800000.0,-658017000.0,-1501079000.0,323803000.0,411990000.0,1611756000.0,-23807000.0,1903343000.0,1903343000.0,1903343000.0,0.0,-86725000.0,0.265,4570740000.0,2620584000.0,341475000.0,0.348,3.082,14.072,14.222,594797000.0,0.0,41.343,3.724,3.724,850370000.0,8591923000.0,7191324000.0,7191324000.0,0.0,0.141,0.223,0.379,0.384,92844000.0,4570740000.0,1.0,647827896.0,647827896.0,,11.101,11517449000.0,102784000.0,816246000.0,332267000.0,17.779,6451925000.0
38,BEN,MRT,2011-12-31,2011-12-31,2011-12-31,2021-09-07,12932000.0,13405487000.0,13289917000.0,7084056000.0,6321431000.0,0.537,12.686,-104497000.0,4911858000.0,4911858000.0,0.0,1824383000.0,6.806,0.537,2059253000.0,56513000.0,2002740000.0,2059253000.0,0.0,233722000.0,1028343000.0,0.031,1.007,2738498000.0,2972220000.0,0.416,2972220000.0,2738498000.0,2700393000.0,2.883,2.863,2.883,8273643000.0,8474587500.0,8273643000.0,17853154937.0,7.0,6.007,1439227000.0,2.207,1.0,7141587000.0,1.0,2142227000.0,38105000.0,7369731000.0,7221955000.0,0.0,4698935000.0,1844087000.0,2854848000.0,4445586000.0,1040924000.0,3404662000.0,20883330937.0,590886000.0,-33900000.0,-997225000.0,-362112000.0,-713437000.0,-1356888000.0,428198000.0,566636000.0,1543724000.0,-24148000.0,1903243000.0,1903243000.0,1903243000.0,0.0,-78860000.0,0.267,4508621000.0,2632966000.0,206684000.0,0.349,2.524,10.972,11.106,594668000.0,0.0,32.02,2.924,2.924,781645000.0,8239116000.0,7141587000.0,7141587000.0,0.0,0.143,0.225,0.379,0.383,89972000.0,4508621000.0,1.0,652196469.0,652196469.0,,10.95,11263260000.0,106648000.0,797150000.0,484545000.0,17.27,6043132000.0
39,BEN,MRT,2011-09-30,2011-09-30,2011-09-30,2021-09-07,40400000.0,13775800000.0,13036534000.0,7616768000.0,6159075000.0,0.548,12.885,-131700000.0,5198600000.0,5198600000.0,0.0,1820800000.0,5.805,0.546,2168500000.0,84511000.0,2083926000.0,2168500000.0,0.0,243600000.0,890200000.0,0.01,0.333,2764400000.0,3008000000.0,0.421,3008000000.0,2764400000.0,2727000000.0,2.89,2.87,2.89,8524700000.0,8438608750.0,8524700000.0,18482182226.0,7.0,6.144,1490100000.0,2.252,1.0,7140000000.0,1.0,2148200000.0,37400000.0,7285436000.0,7169840000.0,0.0,4742000000.0,1913517000.0,2849992000.0,4653300000.0,1312064000.0,3341309000.0,21092175226.0,1074900000.0,-33900000.0,-904600000.0,-340300000.0,-216300000.0,-968200000.0,435900000.0,555700000.0,1621800000.0,-14600000.0,1923600000.0,1923600000.0,1923600000.0,0.0,-102800000.0,0.269,4480200000.0,2659800000.0,265900000.0,0.115,2.474,10.965,11.031,589700000.0,0.0,31.88,2.954,2.954,773200000.0,8462500000.0,7140000000.0,7140000000.0,0.0,0.148,0.228,0.386,0.387,74000000.0,4480200000.0,1.0,661611519.0,661611519.0,,10.792,11627600000.0,107900000.0,803400000.0,403200000.0,17.575,6304704000.0
40,BEN,MRT,2011-06-30,2011-06-30,2011-06-30,2021-09-07,230980000.0,13150999000.0,12269606000.0,7585897000.0,5565102000.0,0.557,13.051,-89129000.0,4719989000.0,4719989000.0,0.0,1839740000.0,5.923,0.501,2109996000.0,80694000.0,2029302000.0,2109996000.0,0.0,248361000.0,689299000.0,0.007,0.323,2692825000.0,2941186000.0,0.431,2941186000.0,2692825000.0,2656524000.0,2.81,2.797,2.81,8686499000.0,8239182250.0,8686499000.0,26618080281.0,10.0,9.05,1230533000.0,1.849,1.0,6831314000.0,1.0,2093573000.0,36301000.0,7166778000.0,6486231250.0,0.0,4584191000.0,1992838000.0,2591353000.0,4352402000.0,1280655000.0,3071747000.0,29127814281.0,729302000.0,-58067000.0,-739742000.0,-229657000.0,-210800000.0,-1050039000.0,409335000.0,510690000.0,1319662000.0,50344000.0,1880521000.0,1880521000.0,1880521000.0,0.0,-40781000.0,0.275,4350877000.0,2480437000.0,247410000.0,0.115,3.353,15.489,15.574,563921000.0,0.0,43.763,4.264,4.264,896675000.0,8433476000.0,6831314000.0,6831314000.0,0.0,0.153,0.228,0.415,0.394,71683000.0,4350877000.0,1.0,665575770.0,665575770.0,,10.264,11057426000.0,108656000.0,776003000.0,360152000.0,16.613,6305242000.0
41,BEN,MRT,2011-03-31,2011-03-31,2011-03-31,2021-09-07,205533000.0,12827382000.0,11584309750.0,7104202000.0,5723180000.0,0.562,12.573,-94686000.0,4668443000.0,4668443000.0,0.0,1721223000.0,6.066,0.52,2158709000.0,77668000.0,2081041000.0,2158709000.0,0.0,259833000.0,785639000.0,0.008,0.313,2470922000.0,2730755000.0,0.419,2730755000.0,2470922000.0,2439841000.0,2.583,2.57,2.583,8413508000.0,7924183000.0,8413508000.0,25786045719.0,10.0,9.443,1348261000.0,2.015,1.0,6512352000.0,1.0,2080674000.0,31081000.0,7065875000.0,5788733500.0,0.0,4366177000.0,1759257000.0,2606920000.0,4377435000.0,1171099000.0,3206336000.0,27900999719.0,1644758000.0,-57606000.0,-740068000.0,440688000.0,-205351000.0,-374761000.0,551970000.0,658421000.0,1442947000.0,24602000.0,1737669000.0,1737669000.0,1737669000.0,0.0,-16446000.0,0.267,4193048000.0,2319304000.0,265605000.0,0.121,3.316,16.057,16.141,561955000.0,0.0,41.693,4.284,4.284,859352000.0,8185791000.0,6512352000.0,6512352000.0,0.0,0.15,0.219,0.427,0.379,71503000.0,4193048000.0,1.0,669195708.0,669195708.0,,9.732,10746708000.0,98491000.0,702172000.0,283682000.0,16.059,5933103000.0
42,BEN,MRT,2010-12-31,2010-12-31,2010-12-31,2021-09-07,186537000.0,12391955000.0,10757609750.0,6808499000.0,5583456000.0,0.574,12.098,-101813000.0,4321030000.0,4321030000.0,0.0,1584068000.0,6.143,0.521,2206076000.0,82983000.0,2123093000.0,2206076000.0,0.0,263877000.0,677358000.0,0.008,0.303,2284021000.0,2547898000.0,0.413,2547898000.0,2284021000.0,2260368000.0,2.35,2.337,2.35,8129728000.0,7666875000.0,8129728000.0,21766482563.0,10.0,8.543,1477888000.0,2.199,1.0,6175902000.0,1.0,2007401000.0,23653000.0,7161271000.0,4983913000.0,0.0,4385292000.0,1692278000.0,2693014000.0,4238432000.0,1108329000.0,3130103000.0,24910298563.0,1470657000.0,0.0,-653782000.0,557561000.0,-200293000.0,-247021000.0,142253000.0,198225000.0,1579701000.0,-4052000.0,1591254000.0,1591254000.0,1591254000.0,0.0,-7186000.0,0.258,4024945000.0,2150957000.0,291012000.0,0.129,3.064,15.655,15.774,566672000.0,0.0,37.07,4.033,4.033,810236000.0,7920862000.0,6175902000.0,6175902000.0,0.0,0.148,0.208,0.458,0.37,69611000.0,4024945000.0,1.0,671979999.0,671979999.0,,9.191,10384554000.0,96114000.0,669114000.0,450860000.0,15.454,5700170000.0
43,BEN,MRT,2010-09-30,2010-09-30,2010-09-30,2021-09-07,173716000.0,10708088000.0,9965653250.0,6362793000.0,4345295000.0,0.587,11.443,-57400000.0,4123716000.0,4123716000.0,0.0,1451500000.0,6.321,0.383,979900000.0,29997000.0,949903000.0,979900000.0,0.0,267400000.0,655748000.0,0.038,1.363,2080500000.0,2347900000.0,0.401,2347900000.0,2080500000.0,2064000000.0,2.12,2.11,2.12,7726994000.0,7418205750.0,7726994000.0,21021324310.0,10.0,8.953,1593600000.0,2.36,1.0,5853000000.0,1.0,2006629000.0,16500000.0,4551001000.0,4123083250.0,0.0,3077020000.0,1567899000.0,1509121000.0,2958109000.0,1006642000.0,1951467000.0,24062110310.0,1019200000.0,0.0,-634000000.0,851500000.0,-883500000.0,-594900000.0,-32700000.0,24700000.0,1651000000.0,-4200000.0,1445700000.0,1445700000.0,1445700000.0,0.0,5800000.0,0.247,3894300000.0,1958700000.0,244203000.0,0.643,3.114,16.644,16.808,548956000.0,0.0,35.633,4.111,4.111,684223000.0,7530877000.0,5853000000.0,5853000000.0,0.0,0.145,0.195,0.505,0.355,70000000.0,3894300000.0,1.0,675269700.0,675269700.0,,8.668,8701459000.0,89242000.0,618300000.0,337007000.0,12.886,5356151000.0
44,BEN,MRT,2010-06-30,2010-06-30,2010-06-30,2021-09-07,59258000.0,10409814000.0,9655747000.0,6027564000.0,4382250000.0,0.576,10.889,-65742000.0,3990622000.0,3990622000.0,0.0,1454084000.0,6.074,0.397,949836000.0,0.0,949836000.0,949836000.0,0.0,252079000.0,669792000.0,0.045,1.29,2024896000.0,2276975000.0,0.409,2276975000.0,2024896000.0,2018114000.0,2.097,2.083,2.097,7426502000.0,7394500500.0,7426502000.0,16922685051.0,8.0,7.432,1426587000.0,2.092,1.0,5563522000.0,1.0,1999919000.0,6782000.0,4376787000.0,3924090000.0,0.0,2954177000.0,1383228000.0,1570949000.0,2951108000.0,992322000.0,1958786000.0,19594335051.0,1619957000.0,0.0,-623993000.0,797478000.0,-882407000.0,-500675000.0,654732000.0,720474000.0,1492329000.0,-43606000.0,1440139000.0,1440139000.0,1440139000.0,0.0,13945000.0,0.259,3832355000.0,1731167000.0,342145000.0,0.615,2.638,13.606,13.701,538307000.0,0.0,28.73,3.522,3.522,680236000.0,7344705000.0,5563522000.0,5563522000.0,0.0,0.149,0.195,0.516,0.364,77583000.0,3939922000.0,1.0,682016535.0,682016535.0,,8.157,8409895000.0,78721000.0,577975000.0,290710000.0,12.331,5035242000.0
45,BEN,MRT,2010-03-31,2010-03-31,2010-03-31,2021-09-07,143687000.0,9520582000.0,9364020000.0,5123003000.0,4397579000.0,0.545,10.785,-45414000.0,3023620000.0,3023620000.0,0.0,1401249000.0,5.177,0.285,351970000.0,285970000.0,66000000.0,351970000.0,0.0,223323000.0,709136000.0,0.035,1.287,1938583000.0,2161906000.0,0.424,2161906000.0,1938583000.0,1936426000.0,1.993,1.983,1.993,7384276000.0,7373754250.0,7384276000.0,22782027513.0,12.0,10.538,1045776000.0,1.527,1.0,5103009000.0,1.0,2012701000.0,2157000.0,3846593000.0,3914392500.0,0.0,3072539000.0,1529301000.0,1543238000.0,2104016000.0,989638000.0,1114378000.0,25309678513.0,579284000.0,0.0,-532063000.0,165976000.0,-881141000.0,-982525000.0,440991000.0,486405000.0,1091190000.0,-26129000.0,1377360000.0,1377360000.0,1377360000.0,0.0,23889000.0,0.27,3534355000.0,1568654000.0,173036000.0,0.646,3.428,18.375,18.548,534785000.0,0.0,36.967,4.96,4.96,625866000.0,7217850000.0,5103009000.0,5103009000.0,0.0,0.147,0.187,0.495,0.38,77781000.0,3605124000.0,1.0,684662178.0,684662178.0,,7.453,7507881000.0,75307000.0,559066000.0,270404000.0,10.966,4133365000.0
46,BEN,MRT,2009-12-31,2009-12-31,2009-12-31,2021-09-07,125399000.0,9224129000.0,9191483500.0,5031628000.0,4192501000.0,0.501,10.374,-32989000.0,2850308000.0,2850308000.0,0.0,1151911000.0,5.18,0.288,322657000.0,256657000.0,66000000.0,322657000.0,0.0,200593000.0,689245000.0,0.037,1.283,1611073000.0,1811666000.0,0.394,1811666000.0,1611073000.0,1607760000.0,1.633,1.623,1.633,7135051000.0,7289891500.0,7135051000.0,21168192289.0,13.0,11.684,883543000.0,1.285,1.0,4602168000.0,1.0,2007219000.0,3313000.0,3717952000.0,3954514750.0,0.0,2953882000.0,1547225000.0,1406657000.0,2052739000.0,971307000.0,1081432000.0,24151487289.0,13511000.0,0.0,-480650000.0,117101000.0,-879214000.0,-1133270000.0,198983000.0,231972000.0,916532000.0,-13834000.0,1131481000.0,1131481000.0,1131481000.0,0.0,20430000.0,0.246,3237573000.0,1364595000.0,159905000.0,0.786,3.385,21.345,21.504,530926000.0,0.0,35.117,5.248,5.248,632517000.0,6986831000.0,4602168000.0,4602168000.0,0.0,0.123,0.155,0.407,0.35,78853000.0,3275510000.0,1.0,687749994.0,687749994.0,,6.692,7216910000.0,70535000.0,476279000.0,351942000.0,10.494,4060321000.0
47,BEN,MRT,2009-09-30,2009-09-30,2009-09-30,2021-09-07,103351000.0,9468463000.0,9132289250.0,5244420000.0,4224043000.0,0.459,11.045,-45183000.0,3104451000.0,3104451000.0,0.0,904291000.0,7.228,0.232,121156000.0,64156000.0,57000000.0,121156000.0,0.0,181272000.0,664580000.0,0.008,0.277,1284863000.0,1466135000.0,0.35,1466135000.0,1284863000.0,1281092000.0,1.29,1.283,1.29,7632173000.0,7265690250.0,7632173000.0,20981104334.0,16.0,14.31,596219000.0,0.863,1.0,4194087000.0,1.0,2004600000.0,3771000.0,3755028000.0,3966477000.0,0.0,2982838000.0,1581846000.0,1400992000.0,1768902000.0,725540000.0,1043362000.0,23171019334.0,576899000.0,533000.0,-352551000.0,-79836000.0,-192784000.0,-340608000.0,289939000.0,334589000.0,641402000.0,-13834000.0,896778000.0,896778000.0,896778000.0,0.0,7513000.0,0.214,2991493000.0,1202594000.0,174525000.0,0.215,3.036,25.838,25.995,535459000.0,0.0,33.533,5.525,5.525,581810000.0,7505890000.0,4194087000.0,4194087000.0,0.0,0.098,0.123,0.324,0.306,84443000.0,2991493000.0,1.0,690984672.0,690984672.0,,6.07,7463863000.0,67773000.0,384314000.0,247208000.0,10.802,4518880000.0
48,BEN,MRT,2009-06-30,2009-06-30,2009-06-30,2021-09-07,21136000.0,9242906000.0,9059303500.0,5000404000.0,4242502000.0,0.472,10.561,-38317000.0,2370665000.0,2370665000.0,0.0,837944000.0,6.969,0.247,180750000.0,1435000.0,179315000.0,180750000.0,0.0,188402000.0,646607000.0,0.012,0.277,1235286000.0,1423688000.0,0.333,1423688000.0,1235286000.0,1231305000.0,1.18,1.17,1.18,7343517000.0,7126238000.0,7343517000.0,14477717597.0,12.0,10.169,448456000.0,0.645,1.0,4276614000.0,1.0,1997521000.0,3981000.0,4337997000.0,4018891000.0,0.0,3492757000.0,2090475000.0,1402282000.0,1812660000.0,717473000.0,1095187000.0,16690337597.0,-673449000.0,-6184000.0,-423855000.0,-160016000.0,-191282000.0,-113573000.0,-965657000.0,-921156000.0,486773000.0,0.0,829911000.0,829911000.0,829911000.0,0.0,8033000.0,0.194,2895344000.0,1381270000.0,296215000.0,0.235,2.273,20.111,20.342,535265000.0,0.0,24.003,3.903,3.903,595437000.0,7299342000.0,4276614000.0,4276614000.0,0.0,0.092,0.116,0.307,0.289,81175000.0,2735634000.0,1.0,695334159.0,695334159.0,,6.15,7245385000.0,51322000.0,401394000.0,181138000.0,10.42,4282931000.0
49,BEN,MRT,2009-03-31,2009-03-31,2009-03-31,2021-09-07,-108829000.0,8830436000.0,9084718000.0,4625611000.0,4204825000.0,0.52,10.088,-56757000.0,2444336000.0,2444336000.0,0.0,934408000.0,7.395,0.247,231716000.0,24996000.0,206720000.0,231716000.0,0.0,199257000.0,645999000.0,0.015,0.273,1378334000.0,1577591000.0,0.334,1577591000.0,1378334000.0,1371277000.0,1.327,1.313,1.327,7048825000.0,7079291000.0,7048825000.0,9968839489.0,7.0,6.319,1121987000.0,1.606,1.0,4724705000.0,1.0,1985239000.0,7057000.0,4007082000.0,3841870000.0,0.0,3044864000.0,1700891000.0,1343973000.0,1741691000.0,625495000.0,1116196000.0,12547358489.0,-1219371000.0,533000.0,-492624000.0,-1046823000.0,-189761000.0,-1029129000.0,-1245565000.0,-1189341000.0,1178744000.0,0.0,935507000.0,935507000.0,935507000.0,0.0,-1099000.0,0.198,3128336000.0,1596369000.0,275421000.0,0.206,1.78,13.412,13.532,538492000.0,0.0,17.957,2.656,2.656,531007000.0,7134454000.0,4724705000.0,4724705000.0,0.0,0.103,0.132,0.359,0.292,79779000.0,2959242000.0,1.0,698757666.0,698757666.0,,6.762,6845197000.0,83133000.0,435770000.0,147674000.0,9.796,4000116000.0
50,BEN,MRT,2008-12-31,2008-12-31,2008-12-31,2021-09-07,-83477000.0,8987352000.0,9363289500.0,4550273000.0,4437079000.0,0.568,10.082,-70735000.0,2836797000.0,2836797000.0,0.0,1191432000.0,7.031,0.269,258278000.0,36176000.0,222102000.0,258278000.0,0.0,209618000.0,776606000.0,0.013,0.27,1723693000.0,1933311000.0,0.364,1933311000.0,1723693000.0,1712780000.0,1.683,1.67,1.683,7038246000.0,7063112000.0,7038246000.0,12583647535.0,7.0,6.509,1176443000.0,1.685,1.0,5316125000.0,1.0,1995861000.0,10913000.0,3765801000.0,3860958000.0,0.0,2793439000.0,1483843000.0,1309596000.0,1894075000.0,647171000.0,1246904000.0,14841928535.0,-45476000.0,533000.0,-789575000.0,-607506000.0,-188782000.0,-585080000.0,-600916000.0,-530714000.0,1247178000.0,0.0,1190797000.0,1190797000.0,1190797000.0,0.0,635000.0,0.224,3414423000.0,1901702000.0,224329000.0,0.16,2.109,12.464,12.632,553477000.0,0.0,21.26,2.792,2.792,555882000.0,7098431000.0,5316125000.0,5316125000.0,0.0,0.127,0.169,0.446,0.324,78808000.0,3230341000.0,1.0,698115171.0,698115171.0,,7.615,6991491000.0,57421000.0,521983000.0,201257000.0,10.015,3903102000.0
51,BEN,MRT,2008-09-30,2008-09-30,2008-09-30,2021-09-07,6354000.0,9176520000.0,9534639250.0,4849632000.0,4326888000.0,0.633,10.066,-63498000.0,2527552000.0,2527552000.0,0.0,1599819000.0,5.182,0.286,269271000.0,13287000.0,255984000.0,269271000.0,0.0,215222000.0,570279000.0,0.009,0.25,2252347000.0,2467569000.0,0.409,2467569000.0,2252347000.0,2236589000.0,2.227,2.207,2.227,7074364000.0,7056773250.0,7074364000.0,17986229343.0,8.0,7.289,1345743000.0,1.915,1.0,6032386000.0,1.0,2017665000.0,15758000.0,3964684000.0,4018724000.0,0.0,3113499000.0,1793211000.0,1320288000.0,2024994000.0,935890000.0,1089104000.0,20645544343.0,-1056631000.0,0.0,-1529994000.0,-512536000.0,-179033000.0,-1299975000.0,-1096122000.0,-1032624000.0,1409241000.0,0.0,1588213000.0,1588213000.0,1588213000.0,0.0,11606000.0,0.263,3755380000.0,2277006000.0,289985000.0,0.112,2.918,12.999,13.191,554706000.0,0.0,29.377,3.422,3.422,690351000.0,7044732000.0,6032386000.0,6032386000.0,0.0,0.167,0.225,0.56,0.373,52800000.0,3563065000.0,1.0,702787167.0,702787167.0,,8.584,7158855000.0,17308000.0,648376000.0,212521000.0,10.186,3913742000.0
52,BEN,MRT,2008-06-30,2008-06-30,2008-06-30,2021-09-07,161238000.0,9344564000.0,9723577250.0,4979786000.0,4364778000.0,0.652,10.091,-82331000.0,3044114000.0,3044114000.0,0.0,1724632000.0,4.888,0.299,384799000.0,158384000.0,226415000.0,384799000.0,0.0,188078000.0,545315000.0,0.008,0.25,2422823000.0,2610901000.0,0.412,2610901000.0,2422823000.0,2402572000.0,2.4,2.38,2.4,7155729000.0,7121251000.0,7155729000.0,19295883604.0,8.0,7.391,1468928000.0,2.071,1.0,6340069000.0,1.0,2036653000.0,20251000.0,3629913000.0,3946828000.0,0.0,2592857000.0,1259020000.0,1333837000.0,2140999000.0,1018683000.0,1122316000.0,21663424604.0,-531932000.0,3535000.0,-1448680000.0,-277721000.0,-168905000.0,-1425463000.0,-704598000.0,-625802000.0,1551259000.0,0.0,1724632000.0,1724632000.0,1724632000.0,0.0,0.0,0.272,3935907000.0,2404162000.0,262072000.0,0.104,3.027,12.561,12.729,568056000.0,0.0,30.55,3.417,3.417,755648000.0,6971027000.0,6340069000.0,6340069000.0,0.0,0.177,0.242,0.614,0.382,65340000.0,3737596000.0,1.0,709113735.0,709113735.0,,8.941,7307911000.0,93288000.0,677940000.0,240755000.0,10.306,3961103000.0
53,BEN,MRT,2008-03-31,2008-03-31,2008-03-31,2021-09-07,192331000.0,9944722000.0,9751121500.0,5179464000.0,4765258000.0,0.662,9.77,-84822000.0,3663707000.0,3663707000.0,0.0,1789684000.0,3.582,0.417,1296166000.0,718991000.0,577175000.0,1296166000.0,0.0,194928000.0,528714000.0,0.007,0.233,2506302000.0,2701230000.0,0.418,2701230000.0,2506302000.0,2483201000.0,2.457,2.43,2.457,6984109000.0,7085336750.0,6984109000.0,21140130220.0,8.0,7.826,1202780000.0,1.683,1.0,6458231000.0,1.0,2047701000.0,23101000.0,4083434000.0,3843749250.0,0.0,2549540000.0,1002022000.0,1547518000.0,2914469000.0,1446046000.0,1468423000.0,23110525220.0,-315461000.0,-89893000.0,-1785690000.0,394792000.0,-159070000.0,-1133097000.0,-520685000.0,-345970000.0,1287602000.0,0.0,1789684000.0,1789684000.0,1789684000.0,0.0,0.0,0.277,4068396000.0,2389835000.0,211667000.0,0.095,3.309,12.913,13.158,567541000.0,0.0,32.33,3.578,3.578,738474000.0,6768142000.0,6458231000.0,6458231000.0,0.0,0.184,0.253,0.652,0.388,62393000.0,3839793000.0,1.0,714832206.0,714832206.0,,9.035,7897021000.0,90197000.0,693517000.0,217146000.0,11.047,3733418000.0
54,BEN,MRT,2007-12-31,2007-12-31,2007-12-31,2021-09-07,221362000.0,9672751000.0,9669168500.0,4917609000.0,4755142000.0,0.668,9.541,-91102000.0,2882273000.0,2882273000.0,0.0,1864454000.0,3.937,0.374,911878000.0,420000000.0,491878000.0,911878000.0,0.0,198364000.0,516336000.0,0.006,0.217,2594581000.0,2792945000.0,0.432,2792945000.0,2594581000.0,2571438000.0,2.523,2.493,2.523,7012891000.0,7097054750.0,7012891000.0,25275853541.0,10.0,9.05,1235268000.0,1.681,1.0,6463545000.0,1.0,2056499000.0,23143000.0,4396865000.0,3758030250.0,0.0,2967818000.0,1475839000.0,1491979000.0,2621858000.0,1248992000.0,1372866000.0,28037138541.0,-1123776000.0,-89893000.0,-1943262000.0,87761000.0,-149152000.0,-1830355000.0,-664628000.0,-483633000.0,1326370000.0,0.0,1864454000.0,1864454000.0,1864454000.0,0.0,0.0,0.288,4099421000.0,2364124000.0,257046000.0,0.086,3.998,15.038,15.118,561006000.0,0.0,38.143,4.338,4.338,832266000.0,6767556000.0,6463545000.0,6463545000.0,0.0,0.193,0.263,0.69,0.401,64965000.0,3868735000.0,1.0,735046890.0,735046890.0,,8.793,7616252000.0,86894000.0,706984000.0,323773000.0,10.362,3668617000.0
55,BEN,MRT,2007-09-30,2007-09-30,2007-09-30,2021-09-07,258311000.0,9932272000.0,9666849750.0,5456726000.0,4475546000.0,0.642,9.938,-94144000.0,3584183000.0,3584183000.0,0.0,1772938000.0,3.801,0.349,822898000.0,420000000.0,402898000.0,822898000.0,0.0,198619000.0,442011000.0,0.004,0.19,2488521000.0,2687140000.0,0.433,2687140000.0,2488521000.0,2465301000.0,2.37,2.343,2.37,7332275000.0,7123166250.0,7332275000.0,28541512152.0,11.0,10.622,1579489000.0,2.141,1.0,6205769000.0,1.0,2058244000.0,23220000.0,3677100000.0,3570224000.0,0.0,2490866000.0,1205019000.0,1285847000.0,2558593000.0,1435643000.0,1122950000.0,31357976152.0,-28952000.0,-92307000.0,-1222526000.0,-140104000.0,-142747000.0,-1449247000.0,-306168000.0,-119717000.0,1673633000.0,0.0,1772938000.0,1772938000.0,1772938000.0,0.0,0.0,0.286,3980108000.0,2225661000.0,272248000.0,0.08,4.277,17.687,17.932,559483000.0,0.0,42.5,5.053,5.053,865128000.0,7049417000.0,6205769000.0,6205769000.0,0.0,0.183,0.249,0.697,0.401,56628000.0,3748585000.0,1.0,737834733.0,737834733.0,,8.411,7874028000.0,82084000.0,692363000.0,334178000.0,10.672,4021083000.0
56,BEN,MRT,2007-06-30,2007-06-30,2007-06-30,2021-09-07,229625000.0,9454741000.0,9558746500.0,5157546000.0,4297195000.0,0.615,9.363,-101923000.0,3576046000.0,3576046000.0,0.0,1717699000.0,3.775,0.339,759582000.0,484414000.0,275168000.0,759582000.0,0.0,221785000.0,439348000.0,0.004,0.19,2362797000.0,2584582000.0,0.44,2584582000.0,2362797000.0,2338322000.0,2.28,2.25,2.28,7012072000.0,6961279500.0,7012072000.0,30101724733.0,13.0,11.647,1610746000.0,2.151,1.0,5873861000.0,1.0,2054349000.0,24475000.0,3217598000.0,3643794500.0,0.0,2042000000.0,923405000.0,1118595000.0,2373898000.0,1366330000.0,1007568000.0,33068603733.0,162850000.0,-89279000.0,-1114763000.0,-227129000.0,-136224000.0,-1381217000.0,-168602000.0,22600000.0,1712669000.0,0.0,1717699000.0,1717699000.0,1717699000.0,0.0,0.0,0.292,3774229000.0,2099632000.0,218226000.0,0.083,4.716,19.252,19.367,537391000.0,0.0,44.157,5.63,5.63,830094000.0,6757861000.0,5873861000.0,5873861000.0,0.0,0.18,0.247,0.648,0.402,31688000.0,3555325000.0,1.0,748892664.0,748892664.0,,7.843,7400392000.0,82478000.0,620623000.0,319185000.0,9.882,3791216000.0
57,BEN,MRT,2007-03-31,2007-03-31,2007-03-31,2021-09-07,181660000.0,9616910000.0,9438747000.0,5335134000.0,4281776000.0,0.588,9.239,-87018000.0,3979168000.0,3979168000.0,0.0,1620749000.0,5.714,0.352,1012289000.0,168070000.0,844219000.0,1012289000.0,0.0,216129000.0,442655000.0,0.004,0.18,2218044000.0,2434173000.0,0.438,2434173000.0,2218044000.0,2193024000.0,2.13,2.1,2.13,7030981000.0,6784844000.0,7030981000.0,27543007148.0,12.0,11.315,1293463000.0,1.7,1.0,5551325000.0,1.0,1975824000.0,25020000.0,3740558000.0,3730803000.0,0.0,1995152000.0,815002000.0,1180150000.0,2473502000.0,933649000.0,1539853000.0,30649369148.0,228731000.0,1381000.0,-1447203000.0,106424000.0,-129907000.0,-1307649000.0,155899000.0,241536000.0,1380481000.0,0.0,1620749000.0,1620749000.0,1620749000.0,0.0,0.0,0.292,3528016000.0,2023309000.0,182950000.0,0.085,4.359,18.911,18.909,525103000.0,0.0,40.277,5.521,5.521,708498000.0,6824363000.0,5551325000.0,5551325000.0,0.0,0.172,0.239,0.595,0.4,28762000.0,3340615000.0,1.0,760970847.0,760970847.0,,7.295,7641086000.0,109775000.0,572275000.0,275793000.0,10.041,4401485000.0
58,BEN,MRT,2006-12-31,2006-12-31,2006-12-31,2021-09-07,193560000.0,9663476000.0,9325759750.0,5466571000.0,4196905000.0,0.568,9.357,-75603000.0,4006049000.0,4006049000.0,0.0,1376399000.0,5.845,0.343,899687000.0,168099000.0,731588000.0,899687000.0,0.0,214043000.0,531243000.0,0.005,0.17,2026486000.0,2240529000.0,0.423,2240529000.0,2026486000.0,2000331000.0,1.8,1.77,1.8,7117337000.0,6662853000.0,7117337000.0,25347447333.0,13.0,11.313,1206941000.0,1.587,1.0,5297089000.0,1.0,1976203000.0,26155000.0,3645640000.0,3715725750.0,0.0,2060568000.0,1002931000.0,1057637000.0,2439794000.0,935271000.0,1504523000.0,27932270333.0,379696000.0,1381000.0,-937472000.0,63790000.0,-122848000.0,-815023000.0,-87825000.0,-13603000.0,1282544000.0,0.0,1376399000.0,1376399000.0,1376399000.0,0.0,0.0,0.26,3428606000.0,1868483000.0,188941000.0,0.094,3.925,20.294,20.402,511659000.0,0.0,36.723,5.273,5.273,689187000.0,6719961000.0,5297089000.0,5297089000.0,0.0,0.148,0.207,0.545,0.383,114586000.0,3172658000.0,1.0,760613697.0,760613697.0,,6.964,7687273000.0,91186000.0,623932000.0,335022000.0,10.107,4531300000.0
59,BEN,MRT,2006-09-30,2006-09-30,2006-09-30,2021-09-07,139977000.0,9499859000.0,9132847250.0,4969601000.0,4530258000.0,0.553,8.822,-69050000.0,3613135000.0,3613135000.0,0.0,1267568000.0,5.165,0.407,1028312000.0,168063000.0,860249000.0,1028312000.0,0.0,215271000.0,548907000.0,0.003,0.12,1864787000.0,2080058000.0,0.412,2080058000.0,1864787000.0,1835566000.0,1.657,1.62,1.657,6684728000.0,6456797250.0,6684728000.0,24251884698.0,13.0,11.659,1208840000.0,1.595,1.0,5050726000.0,1.0,1981458000.0,29221000.0,3971382000.0,3689003750.0,0.0,2222553000.0,934264000.0,1288289000.0,2719335000.0,962196000.0,1757139000.0,26679959698.0,460976000.0,3795000.0,-887617000.0,-48702000.0,-117730000.0,-853438000.0,36524000.0,101779000.0,1277890000.0,0.0,1267568000.0,1267568000.0,1267568000.0,0.0,0.0,0.251,3287472000.0,1763254000.0,263019000.0,0.072,3.991,21.048,21.249,506291000.0,0.0,35.21,5.282,5.282,711141000.0,6333843000.0,5050726000.0,5050726000.0,0.0,0.139,0.196,0.505,0.369,26760000.0,3036456000.0,1.0,757738134.0,757738134.0,,6.666,7518401000.0,95980000.0,567998000.0,309524000.0,9.922,4007405000.0
60,BEN,MRT,2006-06-30,2006-06-30,2006-06-30,2021-09-07,125547000.0,8974743000.0,8981364250.0,4789344000.0,4185399000.0,0.547,8.086,-53601000.0,3413196000.0,3413196000.0,0.0,1220394000.0,4.804,0.406,985121000.0,167981000.0,817140000.0,985121000.0,0.0,226293000.0,476811000.0,0.005,0.153,1794035000.0,2020328000.0,0.411,2020328000.0,1794035000.0,1762242000.0,1.597,1.547,1.597,6306330000.0,6206711250.0,6306330000.0,19940192697.0,11.0,9.87,1097010000.0,1.407,1.0,4916658000.0,1.0,1984031000.0,31793000.0,3565632000.0,3811015250.0,0.0,2001635000.0,868702000.0,1132933000.0,2557303000.0,997005000.0,1560298000.0,22567868697.0,460750000.0,3949000.0,-842313000.0,137305000.0,-112659000.0,-708049000.0,18188000.0,67840000.0,1150611000.0,0.0,1220394000.0,1220394000.0,1220394000.0,0.0,0.0,0.248,3215052000.0,1701606000.0,270550000.0,0.096,3.579,18.492,18.119,487335000.0,0.0,28.937,4.59,4.59,642477000.0,5983101000.0,4916658000.0,4916658000.0,0.0,0.136,0.197,0.471,0.365,-20919000.0,2961866000.0,1.0,779905611.0,779905611.0,,6.304,6990712000.0,106640000.0,541848000.0,302550000.0,8.964,3792339000.0
61,BEN,MRT,2006-03-31,2006-03-31,2006-03-31,2021-09-07,112774000.0,9164961000.0,8869819250.0,5106378000.0,4058583000.0,0.531,8.432,-56861000.0,3750437000.0,3750437000.0,0.0,1110853000.0,5.843,0.387,1122761000.0,168311000.0,954450000.0,1122761000.0,0.0,221732000.0,413752000.0,0.005,0.147,1670860000.0,1892592000.0,0.402,1892592000.0,1670860000.0,1636732000.0,1.463,1.41,1.463,6543017000.0,5955513250.0,6543017000.0,21831513686.0,13.0,11.535,1185829000.0,1.528,1.0,4709117000.0,1.0,1983171000.0,34128000.0,3680249000.0,3962984000.0,0.0,1885760000.0,845855000.0,1039905000.0,2529153000.0,873865000.0,1655288000.0,24375722686.0,553344000.0,0.0,5665000.0,48925000.0,-608617000.0,-629694000.0,-59652000.0,-2791000.0,1242690000.0,0.0,1110853000.0,1110853000.0,1110853000.0,0.0,0.0,0.236,3115171000.0,1593946000.0,160289000.0,0.1,3.725,21.943,21.472,489264000.0,0.0,31.413,5.176,5.176,567672000.0,5653306000.0,4709117000.0,4709117000.0,0.0,0.125,0.187,0.422,0.355,15825000.0,2875788000.0,1.0,775967403.0,775967403.0,,6.069,7181790000.0,104000000.0,525879000.0,355666000.0,9.255,4232513000.0
62,BEN,MRT,2005-12-31,2005-12-31,2005-12-31,2021-09-07,96792000.0,8891826000.0,8753442750.0,4712591000.0,4179235000.0,0.515,8.266,-81166000.0,3626353000.0,3626353000.0,0.0,1135611000.0,6.144,0.401,1082144000.0,169339000.0,912805000.0,1082144000.0,0.0,217236000.0,535240000.0,0.026,0.807,1559028000.0,1776264000.0,0.394,1776264000.0,1559028000.0,1523784000.0,1.503,1.447,1.503,6293114000.0,5585080750.0,6293114000.0,22321341638.0,14.0,12.566,1093014000.0,1.436,1.0,4505528000.0,1.0,2041852000.0,35244000.0,3538752000.0,3942230000.0,0.0,1718213000.0,745948000.0,972265000.0,2521535000.0,767013000.0,1754522000.0,23856499638.0,521143000.0,-37000.0,29692000.0,-16770000.0,-602727000.0,-596260000.0,-56777000.0,24426000.0,1174180000.0,0.0,1135611000.0,1135611000.0,1135611000.0,0.0,0.0,0.252,2989556000.0,1515972000.0,177128000.0,0.537,3.791,21.008,20.849,487491000.0,0.0,31.337,5.295,5.295,538317000.0,5488743000.0,4505528000.0,4505528000.0,0.0,0.13,0.203,0.395,0.346,-48732000.0,2787541000.0,1.0,761296659.0,761296659.0,,5.918,6849974000.0,96327000.0,388173000.0,288762000.0,8.998,3945578000.0
63,BEN,MRT,2005-09-30,2005-09-30,2005-09-30,2021-09-07,99723000.0,8893927000.0,8643298250.0,4620588000.0,4273339000.0,0.499,7.531,-74925000.0,3152159000.0,3152159000.0,0.0,1057631000.0,5.424,0.551,1617001000.0,169389000.0,1447612000.0,1617001000.0,0.0,212173000.0,519140000.0,0.029,0.8,1454898000.0,1667071000.0,0.387,1667071000.0,1454898000.0,1420855000.0,1.407,1.353,1.407,5684384000.0,5346635250.0,5684384000.0,19703980768.0,14.0,11.82,775063000.0,1.027,1.0,4310098000.0,1.0,2047444000.0,34043000.0,4459428000.0,4019690750.0,0.0,2133323000.0,873176000.0,1260147000.0,3133436000.0,851897000.0,2281539000.0,21125644768.0,234971000.0,-37000.0,-39484000.0,241102000.0,-598659000.0,-357458000.0,-257559000.0,-182597000.0,849988000.0,0.0,1057631000.0,1057631000.0,1057631000.0,0.0,0.0,0.245,2899252000.0,1410846000.0,205853000.0,0.569,3.716,19.974,19.891,489366000.0,0.0,27.987,4.901,4.901,549203000.0,5206485000.0,4310098000.0,4310098000.0,0.0,0.122,0.198,0.362,0.338,0.0,2700594000.0,1.0,754846764.0,754846764.0,,5.71,6846483000.0,121891000.0,363224000.0,260735000.0,9.07,3768691000.0
64,BEN,MRT,2005-06-30,2005-06-30,2005-06-30,2021-09-07,88894000.0,8528563000.0,8476758500.0,4285148000.0,4243415000.0,0.475,7.045,-67194000.0,2952446000.0,2952446000.0,0.0,910817000.0,4.833,0.592,1530782000.0,169418000.0,1361364000.0,1530782000.0,0.0,192706000.0,533987000.0,0.032,0.823,1296346000.0,1489052000.0,0.37,1489052000.0,1296346000.0,1263185000.0,1.213,1.167,1.213,5301538000.0,5202235250.0,5301538000.0,17554841861.0,14.0,11.789,1436317000.0,1.909,1.0,4028669000.0,1.0,2046703000.0,33161000.0,4173507000.0,3830488000.0,0.0,2002837000.0,846126000.0,1156711000.0,3136841000.0,886689000.0,2250152000.0,19309412861.0,472030000.0,-37000.0,-59291000.0,25824000.0,-594528000.0,-487468000.0,-544013000.0,-476782000.0,1503511000.0,0.0,910817000.0,910817000.0,910817000.0,0.0,0.0,0.226,2748940000.0,1279729000.0,246032000.0,0.678,3.642,21.2,21.154,487005000.0,0.0,25.66,4.793,4.793,496386000.0,4897264000.0,4028669000.0,4028669000.0,0.0,0.107,0.175,0.338,0.322,147992000.0,2536134000.0,1.0,752510244.0,752510244.0,,5.354,6481860000.0,131522000.0,352368000.0,271395000.0,8.614,3398459000.0
65,BEN,MRT,2005-03-31,2005-03-31,2005-03-31,2021-09-07,102319000.0,8699455000.0,8363264250.0,4378228000.0,4321227000.0,0.453,6.738,-57601000.0,3197093000.0,3197093000.0,0.0,822840000.0,3.377,0.701,1442522000.0,170000000.0,1272522000.0,1442522000.0,0.0,189688000.0,639656000.0,0.035,0.79,1175439000.0,1365127000.0,0.361,1365127000.0,1175439000.0,1143463000.0,1.1,1.057,1.1,5061287000.0,5103168000.0,5061287000.0,15469136515.0,13.0,11.332,996740000.0,1.327,1.0,3786750000.0,1.0,2051029000.0,31976000.0,3597233000.0,3794680250.0,0.0,1872316000.0,822194000.0,1050122000.0,3548510000.0,1296622000.0,2251888000.0,17188572515.0,647513000.0,-37000.0,-94411000.0,54502000.0,-88687000.0,-12634000.0,-394194000.0,-336556000.0,1054341000.0,0.0,822840000.0,822840000.0,822840000.0,0.0,0.0,0.217,2617187000.0,1169563000.0,192459000.0,0.718,3.396,20.889,20.803,490777000.0,0.0,22.883,4.539,4.539,484497000.0,4660516000.0,3786750000.0,3786750000.0,0.0,0.098,0.161,0.31,0.31,96599000.0,2377793000.0,1.0,751139367.0,751139367.0,,5.041,6648426000.0,140981000.0,320623000.0,249173000.0,8.851,3081606000.0
66,BEN,MRT,2004-12-31,2004-12-31,2004-12-31,2021-09-07,120753000.0,8451248000.0,8151020500.0,4245654000.0,4205594000.0,0.443,7.081,-18304000.0,3105210000.0,3105210000.0,0.0,774357000.0,5.145,0.565,1385774000.0,170000000.0,1215774000.0,1385774000.0,0.0,187127000.0,637750000.0,0.005,0.118,1125109000.0,1312236000.0,0.363,1312236000.0,1125109000.0,1093575000.0,1.037,0.997,1.037,5339332000.0,5038059500.0,5339332000.0,15955948117.0,14.0,12.159,1039052000.0,1.378,1.0,3614564000.0,1.0,2057950000.0,31534000.0,3848595000.0,3853663000.0,0.0,1774528000.0,756224000.0,1018304000.0,3019346000.0,825267000.0,2194079000.0,17506727117.0,1752434000.0,-27489000.0,-80783000.0,69868000.0,-84721000.0,40145000.0,654933000.0,668239000.0,1057356000.0,0.0,774357000.0,774357000.0,774357000.0,0.0,0.0,0.214,2498692000.0,1115872000.0,202071000.0,0.114,3.279,22.608,22.388,463894000.0,0.0,23.217,4.843,4.843,439248000.0,4966489000.0,3614564000.0,3614564000.0,0.0,0.095,0.154,0.292,0.311,52823000.0,2277136000.0,1.0,754058598.0,754058598.0,,4.793,6393298000.0,143906000.0,319218000.0,352900000.0,8.479,3420387000.0
67,BEN,MRT,2004-09-30,2004-09-30,2004-09-30,2021-09-07,75175000.0,8227768000.0,7892559000.0,4043845000.0,4183923000.0,0.436,6.826,-21256000.0,2917188000.0,2917188000.0,0.0,706664000.0,4.392,0.596,1366042000.0,169633000.0,1196409000.0,1366042000.0,0.0,183437000.0,555746000.0,0.007,0.138,1029303000.0,1212740000.0,0.353,1212740000.0,1029303000.0,998645000.0,0.947,0.917,0.947,5106784000.0,4852883750.0,5106784000.0,12769453590.0,12.0,10.529,908409000.0,1.214,1.0,3438208000.0,1.0,2053257000.0,30658000.0,3702617000.0,4055147500.0,0.0,1761840000.0,689994000.0,1071846000.0,3044895000.0,920748000.0,2124147000.0,13905674590.0,1863493000.0,-68255000.0,61326000.0,76999000.0,-82006000.0,92420000.0,841408000.0,898432000.0,929665000.0,0.0,706664000.0,706664000.0,706664000.0,0.0,0.0,0.206,2408490000.0,1029718000.0,287573000.0,0.146,2.723,19.678,19.627,470578000.0,0.0,18.587,4.044,4.044,444031000.0,4751504000.0,3438208000.0,3438208000.0,0.0,0.09,0.146,0.254,0.299,110555000.0,2190106000.0,1.0,748153224.0,748153224.0,,4.596,6174511000.0,133420000.0,291981000.0,312988000.0,8.253,3123097000.0
68,BEN,MRT,2004-06-30,2004-06-30,2004-06-30,2021-09-07,64908000.0,8074586000.0,7578304250.0,3699501000.0,4375085000.0,0.434,6.541,-18545000.0,2480416000.0,2480416000.0,0.0,671062000.0,4.32,0.631,1344195000.0,164935000.0,1179260000.0,1344195000.0,0.0,182263000.0,558989000.0,0.005,0.082,980929000.0,1163192000.0,0.354,1163192000.0,980929000.0,951082000.0,0.9,0.863,0.9,4905269000.0,4653714750.0,4905269000.0,11292631124.0,12.0,9.708,347905000.0,0.464,1.0,3286107000.0,1.0,2051822000.0,29847000.0,4030276000.0,4258967750.0,0.0,1944749000.0,768019000.0,1176730000.0,3093537000.0,856267000.0,2237270000.0,12519483124.0,1067001000.0,-68255000.0,-160947000.0,85614000.0,-78909000.0,-283859000.0,984410000.0,1038723000.0,366450000.0,0.0,671062000.0,671062000.0,671062000.0,0.0,0.0,0.204,2304121000.0,981986000.0,427893000.0,0.091,2.552,18.656,18.548,475370000.0,0.0,16.693,3.81,3.81,588803000.0,4584933000.0,3286107000.0,3286107000.0,0.0,0.089,0.144,0.23,0.299,0.0,2119118000.0,1.0,749969037.0,749969037.0,,4.382,6022764000.0,0.0,280020000.0,289788000.0,8.031,2843234000.0
69,BEN,MRT,2004-03-31,2004-03-31,2004-03-31,2021-09-07,82954000.0,7850480000.0,7303935250.0,3504955000.0,4345525000.0,0.425,6.416,-25695000.0,2549580000.0,2549580000.0,0.0,628554000.0,4.805,0.622,1322728000.0,164900000.0,1157828000.0,1322728000.0,0.0,181625000.0,685389000.0,0.006,0.107,920896000.0,1102521000.0,0.355,1102521000.0,920896000.0,892145000.0,0.84,0.813,0.84,4800853000.0,4517720250.0,4800853000.0,13835134741.0,15.0,12.549,503426000.0,0.673,1.0,3102199000.0,1.0,2061078000.0,28751000.0,3833164000.0,4295196750.0,0.0,1686862000.0,577299000.0,1109563000.0,2987587000.0,729386000.0,2258201000.0,13887221741.0,1724694000.0,-68255000.0,-300728000.0,507753000.0,-77645000.0,93053000.0,1102520000.0,1153340000.0,529121000.0,0.0,628554000.0,628554000.0,628554000.0,0.0,0.0,0.203,2197353000.0,904846000.0,278263000.0,0.127,2.893,22.094,22.095,486644000.0,0.0,18.56,4.477,4.477,536951000.0,4432393000.0,3102199000.0,3102199000.0,0.0,0.086,0.139,0.214,0.297,0.0,2037774000.0,1.0,748233930.0,748233930.0,,4.146,5789402000.0,0.0,263591000.0,274082000.0,7.737,2775569000.0
70,BEN,MRT,2003-12-31,2003-12-31,2003-12-31,2021-09-07,77730000.0,7417402000.0,6992891500.0,3311870000.0,4105532000.0,0.406,6.169,-42071000.0,1352776000.0,1352776000.0,0.0,565366000.0,5.096,0.599,1300689000.0,164900000.0,1135789000.0,1300689000.0,0.0,178939000.0,633772000.0,0.006,0.103,816185000.0,995124000.0,0.351,995124000.0,816185000.0,792196000.0,0.753,0.733,0.753,4598629000.0,4409628750.0,4598629000.0,12990981389.0,16.0,13.055,507457000.0,0.681,1.0,2836339000.0,1.0,2060936000.0,23989000.0,4654533000.0,4336443000.0,0.0,2604226000.0,1565773000.0,1038453000.0,2755853000.0,649846000.0,2106007000.0,12935508389.0,301663000.0,-40766000.0,-418986000.0,509217000.0,-75863000.0,-159567000.0,-88298000.0,-16104000.0,549528000.0,0.0,565366000.0,565366000.0,565366000.0,0.0,0.0,0.199,2024954000.0,811385000.0,138920000.0,0.137,2.813,22.88,23.046,504013000.0,0.0,17.353,4.561,4.561,392994000.0,4280246000.0,2836339000.0,2836339000.0,0.0,0.081,0.128,0.188,0.288,0.0,1901737000.0,1.0,745419231.0,745419231.0,,3.805,5356466000.0,0.0,226830000.0,301993000.0,7.186,2662024000.0
71,BEN,MRT,2003-09-30,2003-09-30,2003-09-30,2021-09-07,47847000.0,6970749000.0,6768372750.0,2968827000.0,4001922000.0,0.389,5.724,-50159000.0,1053695000.0,1053695000.0,0.0,502830000.0,6.077,0.611,1109168000.0,287000.0,1108881000.0,1109168000.0,0.0,177420000.0,633983000.0,0.007,0.098,720113000.0,897533000.0,0.341,897533000.0,720113000.0,700203000.0,0.66,0.65,0.66,4310108000.0,4349421750.0,4310108000.0,10766463397.0,15.0,11.996,486255000.0,0.646,1.0,2632124000.0,1.0,2019798000.0,19910000.0,4517898000.0,4093566500.0,0.0,2631348000.0,1521933000.0,1109415000.0,2635297000.0,488526000.0,2146771000.0,11096048397.0,73091000.0,0.0,-530246000.0,500409000.0,-75441000.0,-203531000.0,-259792000.0,-220276000.0,536414000.0,0.0,502830000.0,502830000.0,502830000.0,0.0,0.0,0.191,1910547000.0,721577000.0,215494000.0,0.148,2.574,22.067,22.328,356772000.0,0.0,14.737,4.216,4.216,441156000.0,4129644000.0,2632124000.0,2632124000.0,0.0,0.074,0.116,0.176,0.274,0.0,1796129000.0,1.0,752955105.0,752955105.0,,3.496,4950951000.0,91579000.0,197373000.0,246998000.0,6.575,2480301000.0
72,BEN,MRT,2003-06-30,2003-06-30,2003-06-30,2021-09-07,6740000.0,6977110000.0,6631370000.0,3029026000.0,3948084000.0,0.379,5.735,-61968000.0,1413415000.0,1413415000.0,0.0,419269000.0,6.732,0.6,1083830000.0,2134000.0,1081696000.0,1083830000.0,0.0,177228000.0,688604000.0,0.009,0.122,593525000.0,770753000.0,0.306,770753000.0,593525000.0,577552000.0,0.55,0.547,0.55,4361291000.0,4338631250.0,4361291000.0,9718438461.0,16.0,12.609,533795000.0,0.702,1.0,2515126000.0,1.0,2022419000.0,15973000.0,4175192000.0,3856819000.0,0.0,2371532000.0,1406508000.0,965024000.0,2615819000.0,449914000.0,2165905000.0,9903022461.0,364541000.0,-51779000.0,-419319000.0,491522000.0,-75907000.0,-66615000.0,-164607000.0,-61503000.0,595763000.0,0.0,419269000.0,419269000.0,419269000.0,0.0,0.0,0.167,1857439000.0,657687000.0,192920000.0,0.222,2.271,23.62,23.679,369905000.0,0.0,13.023,3.937,3.937,366612000.0,3996009000.0,2515126000.0,2515126000.0,0.0,0.063,0.097,0.154,0.236,0.0,1749259000.0,1.0,760406127.0,760406127.0,,3.308,4954691000.0,0.0,158283000.0,211005000.0,6.516,2579112000.0
73,BEN,MRT,2003-03-31,2003-03-31,2003-03-31,2021-09-07,-45366000.0,6606305000.0,6499283500.0,2369499000.0,4236806000.0,0.384,5.657,-56944000.0,824886000.0,824886000.0,0.0,413571000.0,5.843,0.512,640302000.0,4216000.0,636086000.0,640302000.0,0.0,179913000.0,720188000.0,0.009,0.097,573604000.0,753517000.0,0.302,753517000.0,573604000.0,561209000.0,0.537,0.533,0.537,4368487000.0,4327378750.0,4368487000.0,8040762584.0,14.0,10.671,511122000.0,0.662,1.0,2497269000.0,1.0,2018061000.0,12395000.0,3998149000.0,3726223500.0,0.0,2535545000.0,1286326000.0,1249219000.0,2237818000.0,405511000.0,1832307000.0,8471413584.0,-565559000.0,-51779000.0,-244417000.0,24677000.0,-74053000.0,-361548000.0,-772077000.0,-691916000.0,568066000.0,0.0,413571000.0,413571000.0,413571000.0,0.0,0.0,0.166,1856587000.0,640682000.0,308710000.0,0.181,1.939,20.484,20.428,379571000.0,0.0,10.97,3.392,3.392,469794000.0,3883497000.0,2497269000.0,2497269000.0,0.0,0.064,0.096,0.154,0.23,0.0,1750215000.0,1.0,772234602.0,772234602.0,,3.234,4588244000.0,0.0,147638000.0,201632000.0,5.942,1963988000.0
74,BEN,MRT,2002-12-31,2002-12-31,2002-12-31,2021-09-07,-44201000.0,6519327000.0,6471352250.0,2425889000.0,4093438000.0,0.388,5.633,-49672000.0,1051113000.0,1051113000.0,0.0,423964000.0,6.223,0.496,620462000.0,6015000.0,614447000.0,620462000.0,0.0,181217000.0,806748000.0,0.008,0.095,581141000.0,762358000.0,0.304,762358000.0,581141000.0,568975000.0,0.547,0.543,0.547,4357801000.0,4288870250.0,4357801000.0,8410889502.0,14.0,11.033,541136000.0,0.699,1.0,2510102000.0,1.0,2015833000.0,12166000.0,3683027000.0,3633386750.0,0.0,2340066000.0,1190353000.0,1149713000.0,2161526000.0,389816000.0,1771710000.0,8788515502.0,78858000.0,-51779000.0,-147954000.0,24753000.0,-72950000.0,-77185000.0,-434765000.0,-361876000.0,590808000.0,0.0,423964000.0,423964000.0,423964000.0,0.0,0.0,0.169,1861100000.0,649002000.0,174931000.0,0.174,2.017,20.729,20.768,386785000.0,0.0,11.36,3.501,3.501,350940000.0,3793053000.0,2510102000.0,2510102000.0,0.0,0.066,0.099,0.16,0.232,0.0,1756477000.0,1.0,773636928.0,773636928.0,,3.245,4503494000.0,0.0,145011000.0,215663000.0,5.821,2036073000.0
75,BEN,MRT,2002-09-30,2002-09-30,2002-09-30,2021-09-07,-59742000.0,6422738000.0,6363921250.0,2362059000.0,4060679000.0,0.396,5.472,-43493000.0,980604000.0,980604000.0,0.0,432723000.0,5.191,0.505,602978000.0,7830000.0,595148000.0,602978000.0,0.0,183121000.0,733571000.0,0.009,0.092,590577000.0,773698000.0,0.307,773698000.0,590577000.0,578275000.0,0.553,0.55,0.553,4266946000.0,4222449250.0,4266946000.0,7743943067.0,13.0,10.009,691740000.0,0.887,1.0,2522858000.0,1.0,2019185000.0,12302000.0,3570908000.0,3593433750.0,0.0,2261357000.0,1121011000.0,1140346000.0,2155792000.0,455019000.0,1700773000.0,8083362067.0,384397000.0,-51779000.0,-107884000.0,27935000.0,-71778000.0,-135705000.0,-215131000.0,-148421000.0,735233000.0,0.0,432723000.0,432723000.0,432723000.0,0.0,0.0,0.172,1869748000.0,653110000.0,217951000.0,0.166,1.894,18.68,18.746,394172000.0,0.0,10.367,3.204,3.204,393030000.0,3702636000.0,2522858000.0,2522858000.0,0.0,0.068,0.102,0.164,0.234,0.0,1766702000.0,1.0,779745537.0,779745537.0,,3.235,4403553000.0,0.0,145552000.0,187686000.0,5.647,1907040000.0
76,BEN,MRT,2002-06-30,2002-06-30,2002-06-30,2021-09-07,-62199000.0,6448764000.0,6324649250.0,2533545000.0,3915219000.0,0.398,5.494,-40089000.0,923538000.0,923538000.0,0.0,448074000.0,5.276,0.494,584119000.0,8685000.0,575434000.0,584119000.0,0.0,200521000.0,758017000.0,0.006,0.09,609355000.0,809876000.0,0.322,809876000.0,609355000.0,597083000.0,0.567,0.567,0.567,4316281000.0,4150186750.0,4316281000.0,10690963351.0,18.0,13.201,616118000.0,0.784,1.0,2514108000.0,1.0,1976323000.0,12272000.0,3652810000.0,3650097750.0,0.0,2462140000.0,1487771000.0,974369000.0,2132483000.0,480212000.0,1652271000.0,11167243351.0,173761000.0,1000000.0,-25841000.0,27441000.0,-70355000.0,-7571000.0,-474875000.0,-464348000.0,656207000.0,0.0,448074000.0,448074000.0,448074000.0,0.0,0.0,0.178,1907256000.0,606852000.0,193508000.0,0.159,2.587,24.923,25.068,401080000.0,0.0,14.213,4.442,4.442,65545000.0,3652217000.0,2514108000.0,2514108000.0,0.0,0.071,0.108,0.167,0.242,0.0,1773552000.0,1.0,785687853.0,785687853.0,,3.2,4472441000.0,0.0,149009000.0,48517000.0,5.692,2053333000.0
77,BEN,MRT,2002-03-31,2002-03-31,2002-03-31,2021-09-07,-51712000.0,6494580000.0,6196174000.0,2228926000.0,4265654000.0,0.397,5.374,-70727000.0,1089826000.0,1089826000.0,0.0,442087000.0,5.424,0.541,613546000.0,8279000.0,605267000.0,613546000.0,0.0,211767000.0,795970000.0,0.006,0.09,596880000.0,808647000.0,0.329,808647000.0,596880000.0,585877000.0,0.56,0.56,0.56,4214453000.0,4054900500.0,4214453000.0,10761053067.0,18.0,13.307,669932000.0,0.854,1.0,2457531000.0,1.0,1980560000.0,11003000.0,3626802000.0,3538296500.0,0.0,2176987000.0,1023876000.0,1153111000.0,2280127000.0,410938000.0,1869189000.0,10957313067.0,401790000.0,-4575000.0,-159342000.0,365365000.0,-68128000.0,285882000.0,-624751000.0,-549449000.0,740659000.0,0.0,442087000.0,442087000.0,442087000.0,0.0,0.0,0.18,1881151000.0,576380000.0,328423000.0,0.161,2.6,24.785,24.952,418561000.0,0.0,13.973,4.459,4.459,193045000.0,3544866000.0,2457531000.0,2457531000.0,0.0,0.071,0.109,0.169,0.243,0.0,1738065000.0,1.0,784158855.0,784158855.0,,3.134,4514020000.0,0.0,143790000.0,19394000.0,5.757,1817988000.0
78,BEN,MRT,2001-12-31,2001-12-31,2001-12-31,2021-09-07,-53105000.0,6089603000.0,5561474500.0,2218362000.0,3871241000.0,0.433,5.22,-88535000.0,788328000.0,788328000.0,0.0,453775000.0,5.752,0.488,592068000.0,8275000.0,583793000.0,592068000.0,0.0,218912000.0,695241000.0,0.007,0.088,610606000.0,829518000.0,0.344,829518000.0,610606000.0,599152000.0,0.587,0.587,0.587,4092117000.0,3796712750.0,4092117000.0,9221352559.0,15.0,11.117,572619000.0,0.73,1.0,2408976000.0,1.0,1984445000.0,11454000.0,3523215000.0,3053148000.0,0.0,2246272000.0,1345842000.0,900430000.0,1997486000.0,385683000.0,1611803000.0,9215955559.0,-111490000.0,-4575000.0,-168748000.0,242105000.0,-65739000.0,46785000.0,-819429000.0,-726319000.0,661154000.0,0.0,453775000.0,453775000.0,453775000.0,0.0,0.0,0.188,1835610000.0,573366000.0,191317000.0,0.15,2.252,20.31,20.028,435275000.0,0.0,11.757,3.826,3.826,60854000.0,3443156000.0,2408976000.0,2408976000.0,0.0,0.082,0.12,0.2,0.253,0.0,1628937000.0,1.0,783891882.0,783891882.0,,3.073,4105158000.0,0.0,145377000.0,14421000.0,5.237,1832679000.0
79,BEN,MRT,2001-09-30,2001-09-30,2001-09-30,2021-09-07,-49041000.0,6265650000.0,5062168000.0,1825994000.0,4439656000.0,0.465,5.068,-96934000.0,596207000.0,596207000.0,0.0,484721000.0,3.992,0.575,574374000.0,8361000.0,566013000.0,574374000.0,0.0,223846000.0,723608000.0,0.006,0.065,648346000.0,872192000.0,0.37,872192000.0,648346000.0,637790000.0,0.64,0.637,0.64,3977896000.0,3543256500.0,3977896000.0,8756007870.0,14.0,10.039,456253000.0,0.581,1.0,2354843000.0,1.0,1988820000.0,10556000.0,3797564000.0,2599885000.0,0.0,2179167000.0,923693000.0,1255474000.0,2287754000.0,457433000.0,1830321000.0,9071090870.0,-149798000.0,-99058000.0,-169955000.0,215527000.0,-63471000.0,49398000.0,-752383000.0,-556391000.0,553187000.0,0.0,484721000.0,484721000.0,484721000.0,0.0,0.0,0.206,1773871000.0,580972000.0,435132000.0,0.102,2.28,18.714,18.057,449626000.0,0.0,11.557,3.852,3.852,603379000.0,3342979000.0,2354843000.0,2354843000.0,0.0,0.096,0.137,0.249,0.275,0.0,1621707000.0,1.0,784922775.0,784922775.0,,3.0,4276830000.0,0.0,153069000.0,164412000.0,5.449,1368561000.0
80,BEN,MRT,2001-06-30,2001-06-30,2001-06-30,2021-09-07,-43947000.0,5934863000.0,4506366250.0,1816099000.0,4118764000.0,0.52,4.959,-105439000.0,875113000.0,875113000.0,0.0,541675000.0,4.587,0.508,560030000.0,8703000.0,551327000.0,560030000.0,0.0,212576000.0,697728000.0,0.004,0.063,723595000.0,936171000.0,0.399,936171000.0,723595000.0,712759000.0,0.727,0.73,0.727,3935136000.0,3290155750.0,3935136000.0,11389959216.0,16.0,12.167,499739000.0,0.63,1.0,2344010000.0,1.0,2018236000.0,10836000.0,3205605000.0,2150559000.0,0.0,1893105000.0,887652000.0,1005453000.0,1999727000.0,395939000.0,1603788000.0,12107258216.0,-235576000.0,-100058000.0,-135069000.0,165964000.0,-60979000.0,9132000.0,-849886000.0,-644389000.0,605178000.0,0.0,541675000.0,541675000.0,541675000.0,0.0,0.0,0.231,1635161000.0,708849000.0,285396000.0,0.087,3.077,22.352,20.986,472950000.0,0.0,15.257,5.165,5.165,182670000.0,3309080000.0,2344010000.0,2344010000.0,0.0,0.12,0.165,0.336,0.309,0.0,1661066000.0,1.0,793571655.0,793571655.0,,2.954,3916627000.0,0.0,171084000.0,17618000.0,4.935,1420160000.0
81,BEN,MRT,2001-03-31,2001-03-31,2001-03-31,2021-09-07,-46771000.0,3955782000.0,3985293500.0,1659847000.0,2295935000.0,0.578,4.344,-97785000.0,988655000.0,988655000.0,0.0,562342000.0,5.293,0.243,271356000.0,16777000.0,254579000.0,271356000.0,0.0,203302000.0,47412000.0,0.006,0.083,752869000.0,956171000.0,0.415,956171000.0,752869000.0,739924000.0,0.767,0.77,0.767,3181702000.0,3013965500.0,3181702000.0,8818680580.0,12.0,9.223,506350000.0,0.691,1.0,2303434000.0,1.0,1238681000.0,12945000.0,1686208000.0,1736631750.0,0.0,828761000.0,605727000.0,223034000.0,774080000.0,313594000.0,460486000.0,9547871580.0,-88311000.0,-94483000.0,-6556000.0,-180251000.0,-59700000.0,-254649000.0,-437797000.0,-245529000.0,604135000.0,0.0,562342000.0,562342000.0,562342000.0,0.0,0.0,0.244,1566810000.0,736624000.0,179873000.0,0.108,3.001,16.979,16.997,442732000.0,0.0,13.037,4.145,4.145,93461000.0,3206303000.0,2303434000.0,2303434000.0,0.0,0.141,0.187,0.434,0.327,0.0,1533644000.0,1.0,732385956.0,732385956.0,,3.145,2717101000.0,0.0,177582000.0,24563000.0,3.71,1346253000.0
82,BEN,MRT,2000-12-31,2000-12-31,2000-12-31,2021-09-07,-27413000.0,4092377000.0,3911720250.0,1568222000.0,2524155000.0,0.598,4.212,-99903000.0,1083745000.0,1083745000.0,0.0,574032000.0,3.878,0.329,354554000.0,68794000.0,285760000.0,354554000.0,0.0,201210000.0,55503000.0,0.006,0.082,768171000.0,969381000.0,0.415,969381000.0,768171000.0,755305000.0,0.78,0.783,0.78,3078292000.0,2895582750.0,3078292000.0,8898722192.0,12.0,9.18,585743000.0,0.801,1.0,2338547000.0,1.0,1248627000.0,12866000.0,1710163000.0,1683886250.0,0.0,772014000.0,454063000.0,317951000.0,1014085000.0,404396000.0,609689000.0,9281861192.0,123428000.0,-94483000.0,-157629000.0,-71911000.0,-58777000.0,-288398000.0,-273820000.0,-79434000.0,685646000.0,0.0,574032000.0,574032000.0,574032000.0,0.0,0.0,0.245,1570298000.0,768249000.0,281812000.0,0.105,3.015,16.17,16.282,440720000.0,0.0,12.7,3.969,3.969,198778000.0,3084102000.0,2338547000.0,2338547000.0,0.0,0.147,0.198,0.456,0.328,0.0,1544355000.0,1.0,730855212.0,730855212.0,,3.2,2843750000.0,0.0,181273000.0,71964000.0,3.891,1163826000.0
83,BEN,MRT,2000-09-30,2000-09-30,2000-09-30,2021-09-07,12376000.0,4042443000.0,3825949000.0,1656294000.0,2386149000.0,0.612,4.059,-104344000.0,746005000.0,746005000.0,0.0,562089000.0,3.383,0.363,362866000.0,68776000.0,294090000.0,362866000.0,0.0,199639000.0,54846000.0,0.005,0.08,753551000.0,953190000.0,0.407,953190000.0,753551000.0,739591000.0,0.76,0.76,0.76,2965493000.0,2807107250.0,2965493000.0,10113476389.0,13.0,10.61,597369000.0,0.818,1.0,2340140000.0,1.0,1169485000.0,13960000.0,2000260000.0,1672037750.0,0.0,1160368000.0,877101000.0,283267000.0,1076950000.0,489559000.0,587391000.0,10820722389.0,-73239000.0,0.0,-248900000.0,-28888000.0,-57953000.0,-339113000.0,-435839000.0,-331495000.0,701713000.0,0.0,562089000.0,562089000.0,562089000.0,0.0,0.0,0.24,1593070000.0,747070000.0,241142000.0,0.105,3.649,19.251,19.487,444694000.0,0.0,14.81,4.624,4.624,168496000.0,2932166000.0,2340140000.0,2340140000.0,0.0,0.147,0.2,0.451,0.322,0.0,1473720000.0,1.0,730636218.0,730636218.0,,3.203,2872958000.0,0.0,177502000.0,61661000.0,3.932,1166735000.0
84,BEN,MRT,2000-06-30,2000-06-30,2000-06-30,2021-09-07,10700000.0,3850572000.0,3732035750.0,1574949000.0,2275623000.0,0.622,3.874,-119700000.0,1110689000.0,1110689000.0,0.0,553707000.0,3.763,0.36,403443000.0,68913000.0,334530000.0,403443000.0,0.0,198929000.0,57044000.0,0.008,0.078,744209000.0,943138000.0,0.406,943138000.0,744209000.0,728534000.0,0.743,0.747,0.743,2830375000.0,2729982500.0,2830375000.0,6762264968.0,9.0,7.17,604931000.0,0.828,1.0,2321062000.0,1.0,1174928000.0,15675000.0,1549896000.0,1562353750.0,0.0,674038000.0,440806000.0,233232000.0,1020197000.0,418502000.0,601695000.0,7398892968.0,368113000.0,0.0,-288696000.0,-42207000.0,-57282000.0,-394693000.0,38175000.0,160510000.0,724631000.0,0.0,553707000.0,553707000.0,553707000.0,0.0,0.0,0.239,1585204000.0,735858000.0,191936000.0,0.105,2.614,13.362,13.629,441786000.0,0.0,10.127,3.188,3.188,128327000.0,2799334000.0,2321062000.0,2321062000.0,0.0,0.148,0.203,0.476,0.321,0.0,1348668000.0,1.0,730634592.0,730634592.0,,3.177,2675644000.0,0.0,174827000.0,55224000.0,3.662,1156447000.0
85,BEN,MRT,2000-03-31,2000-03-31,2000-03-31,2021-09-07,14691000.0,3661489000.0,3663168750.0,1544892000.0,2116597000.0,0.633,3.63,-134470000.0,1076966000.0,1076966000.0,0.0,536644000.0,4.228,0.352,440338000.0,59097000.0,381241000.0,440338000.0,0.0,185490000.0,55553000.0,0.007,0.077,724274000.0,909764000.0,0.392,909764000.0,724274000.0,707721000.0,0.713,0.717,0.713,2708171000.0,2663929500.0,2708171000.0,7791147438.0,11.0,8.564,572801000.0,0.768,1.0,2318940000.0,1.0,1184212000.0,16553000.0,1475226000.0,1586528000.0,0.0,627495000.0,439825000.0,187670000.0,953318000.0,365423000.0,587895000.0,8314951438.0,445646000.0,0.0,-288912000.0,-2233000.0,-56531000.0,-357635000.0,96010000.0,233115000.0,707271000.0,0.0,536644000.0,536644000.0,536644000.0,0.0,0.0,0.231,1571808000.0,747132000.0,145775000.0,0.108,3.07,15.494,15.633,430540000.0,0.0,11.147,3.586,3.586,78812000.0,2673329000.0,2318940000.0,2318940000.0,0.0,0.146,0.201,0.457,0.312,0.0,1405962000.0,1.0,745958562.0,745958562.0,,3.109,2477277000.0,0.0,171077000.0,43710000.0,3.321,1179469000.0
86,BEN,MRT,1999-12-31,1999-12-31,1999-12-31,2021-09-07,14963000.0,3749292000.0,3612498250.0,1477746000.0,2271546000.0,0.626,3.629,-122099000.0,960317000.0,960317000.0,0.0,495741000.0,4.002,0.376,436513000.0,59134000.0,377379000.0,436513000.0,0.0,197223000.0,55583000.0,0.007,0.075,678055000.0,875278000.0,0.387,875278000.0,678055000.0,659906000.0,0.657,0.66,0.657,2724390000.0,2598372500.0,2724390000.0,7607470290.0,11.0,8.691,540954000.0,0.721,1.0,2260485000.0,1.0,1193494000.0,18149000.0,1662769000.0,1640311500.0,0.0,737243000.0,484618000.0,252625000.0,1024902000.0,369225000.0,655677000.0,8023469290.0,309147000.0,0.0,-154398000.0,-29040000.0,-55491000.0,-263562000.0,-90344000.0,31755000.0,663053000.0,0.0,495741000.0,495741000.0,495741000.0,0.0,0.0,0.219,1552947000.0,707538000.0,236156000.0,0.114,2.945,16.185,16.266,420900000.0,0.0,10.687,3.549,3.549,154860000.0,2688649000.0,2260485000.0,2260485000.0,0.0,0.137,0.191,0.413,0.3,0.0,1428230000.0,1.0,750792510.0,750792510.0,,3.011,2555798000.0,0.0,164165000.0,63183000.0,3.404,1108521000.0
87,BEN,MRT,1999-09-30,1999-09-30,1999-09-30,2021-09-07,-254000.0,3666790000.0,3524713500.0,1485889000.0,2180901000.0,0.642,3.513,-131085000.0,819244000.0,819244000.0,0.0,426711000.0,3.054,0.38,403245000.0,108985000.0,294260000.0,403245000.0,0.0,200014000.0,58216000.0,0.007,0.073,595042000.0,795056000.0,0.351,795056000.0,595042000.0,574084000.0,0.563,0.563,0.563,2656994000.0,2508979250.0,2656994000.0,7417214760.0,12.0,9.329,453382000.0,0.599,1.0,2262497000.0,1.0,1202777000.0,20958000.0,1561524000.0,1628287250.0,0.0,823823000.0,617154000.0,206669000.0,1009796000.0,486490000.0,523306000.0,7705199760.0,263201000.0,0.0,-62878000.0,-201832000.0,-54279000.0,-348555000.0,27289000.0,158374000.0,584467000.0,0.0,426711000.0,426711000.0,426711000.0,0.0,0.0,0.189,1627441000.0,635056000.0,188114000.0,0.13,2.9,18.057,18.094,416395000.0,0.0,10.187,3.406,3.406,107148000.0,2566048000.0,2262497000.0,2262497000.0,0.0,0.121,0.17,0.365,0.263,0.0,1453614000.0,1.0,756400500.0,756400500.0,,2.991,2464013000.0,0.0,147373000.0,57968000.0,3.258,999399000.0
88,BEN,MRT,1999-06-30,1999-06-30,1999-06-30,2021-09-07,-7005000.0,3575104000.0,3478028250.0,1465910000.0,2109194000.0,0.658,3.393,-129594000.0,742576000.0,742576000.0,0.0,406523000.0,3.421,0.393,454591000.0,58925000.0,395666000.0,454591000.0,0.0,201874000.0,63552000.0,0.005,0.072,573372000.0,775246000.0,0.339,775246000.0,573372000.0,551513000.0,0.537,0.54,0.537,2566163000.0,2414922500.0,2566163000.0,10062111466.0,18.0,12.979,467483000.0,0.618,1.0,2287111000.0,1.0,1212059000.0,21859000.0,1646593000.0,1689235000.0,0.0,634352000.0,466203000.0,168149000.0,1008941000.0,428467000.0,580474000.0,10243433466.0,35268000.0,-64333000.0,-62944000.0,-216643000.0,-52984000.0,-359932000.0,-201877000.0,-74918000.0,597077000.0,0.0,406523000.0,406523000.0,406523000.0,0.0,0.0,0.178,1666896000.0,620215000.0,62748000.0,0.134,3.992,25.198,25.22,390307000.0,0.0,13.543,4.479,4.479,284164000.0,2447487000.0,2287111000.0,2287111000.0,0.0,0.117,0.168,0.339,0.251,0.0,1484702000.0,1.0,756345075.0,756345075.0,,3.024,2363045000.0,0.0,144990000.0,56791000.0,3.124,1037443000.0
89,BEN,MRT,1999-03-31,1999-03-31,1999-03-31,2021-09-07,-16627000.0,3458807000.0,3478107000.0,1256665000.0,2202142000.0,0.688,3.227,-129667000.0,631320000.0,631320000.0,0.0,414229000.0,3.436,0.414,449998000.0,58730000.0,391268000.0,449998000.0,0.0,216558000.0,65512000.0,0.007,0.07,588293000.0,804851000.0,0.336,804851000.0,588293000.0,564787000.0,0.547,0.55,0.547,2445943000.0,2331832000.0,2445943000.0,6927686624.0,12.0,8.607,526507000.0,0.695,1.0,2392932000.0,1.0,1221342000.0,23506000.0,1690360000.0,1738323750.0,0.0,613506000.0,379854000.0,233652000.0,1012864000.0,365783000.0,647081000.0,7107107624.0,85838000.0,-64333000.0,-62533000.0,-168803000.0,-51768000.0,-308899000.0,-261437000.0,-71497000.0,656174000.0,0.0,414229000.0,414229000.0,414229000.0,0.0,0.0,0.173,1756851000.0,636081000.0,137774000.0,0.128,2.906,17.157,17.142,363934000.0,0.0,9.377,2.97,2.97,347400000.0,2338044000.0,2392932000.0,2392932000.0,0.0,0.119,0.178,0.338,0.246,0.0,1570762000.0,1.0,757956732.0,757956732.0,,3.157,2237465000.0,0.0,150558000.0,33317000.0,2.952,890882000.0
90,BEN,MRT,1998-12-31,1998-12-31,1998-12-31,2021-09-07,-19391000.0,3398153000.0,3450077750.0,1177068000.0,2221085000.0,0.728,3.137,-135605000.0,651170000.0,651170000.0,0.0,438427000.0,3.272,0.436,471749000.0,58516000.0,413233000.0,471749000.0,0.0,200479000.0,80216000.0,0.006,0.068,617703000.0,818182000.0,0.326,818182000.0,617703000.0,595147000.0,0.577,0.58,0.577,2366817000.0,2250587750.0,2366817000.0,8104840384.0,13.0,9.906,483291000.0,0.641,1.0,2512552000.0,1.0,1244340000.0,22556000.0,1614672000.0,1775159500.0,0.0,486667000.0,271815000.0,214852000.0,1031336000.0,359720000.0,671616000.0,8048468384.0,198377000.0,-64333000.0,-44435000.0,-121218000.0,-50516000.0,-236020000.0,-184499000.0,14015000.0,618896000.0,0.0,438427000.0,438427000.0,438427000.0,0.0,0.0,0.174,1867130000.0,645422000.0,112989000.0,0.118,3.401,18.358,18.486,365093000.0,0.0,10.667,3.203,3.203,325083000.0,2249443000.0,2512552000.0,2512552000.0,0.0,0.127,0.195,0.348,0.246,0.0,1663397000.0,1.0,754543911.0,754543911.0,,3.33,2153813000.0,0.0,156720000.0,37386000.0,2.854,817348000.0
91,BEN,MRT,1998-09-30,1998-09-30,1998-09-30,2021-09-07,-28045000.0,3480049000.0,3392426500.0,1259989000.0,2220060000.0,0.76,3.005,-147664000.0,556043000.0,556043000.0,0.0,500450000.0,2.639,0.526,612415000.0,117956000.0,494459000.0,612415000.0,0.0,191374000.0,87781000.0,0.007,0.067,698819000.0,890193000.0,0.345,890193000.0,698819000.0,676284000.0,0.66,0.66,0.66,2280767000.0,2154846500.0,2280767000.0,7533226945.0,11.0,8.462,545999000.0,0.719,1.0,2577272000.0,1.0,1253713000.0,22535000.0,1805315000.0,1807173750.0,0.0,861812000.0,674891000.0,186921000.0,1199282000.0,477393000.0,721889000.0,7560574945.0,113302000.0,-64333000.0,-39701000.0,-2287000.0,-49274000.0,-101885000.0,-478476000.0,-266479000.0,693663000.0,0.0,500450000.0,500450000.0,500450000.0,0.0,0.0,0.194,1829771000.0,747501000.0,163715000.0,0.102,3.315,15.108,15.091,349229000.0,0.0,9.96,2.934,2.934,87282000.0,2194835000.0,2577272000.0,2577272000.0,0.0,0.148,0.232,0.387,0.271,0.0,1702381000.0,1.0,759093870.0,759093870.0,,3.395,2226336000.0,0.0,175834000.0,67319000.0,2.933,782596000.0
92,BEN,MRT,1998-06-30,1998-06-30,1998-06-30,2021-09-07,0.0,3575419000.0,3296214250.0,1146032000.0,2429387000.0,0.793,2.943,-136717000.0,707308000.0,707308000.0,0.0,513432000.0,2.588,0.601,679960000.0,131279000.0,548681000.0,679960000.0,0.0,176297000.0,90913000.0,0.004,0.065,722860000.0,899157000.0,0.344,899157000.0,722860000.0,700690000.0,0.677,0.677,0.677,2233801000.0,2048210000.0,2233801000.0,13745413206.0,19.0,15.287,466411000.0,0.615,1.0,2612593000.0,1.0,1262336000.0,22170000.0,1842948000.0,1764484000.0,0.0,501447000.0,187184000.0,314263000.0,1341618000.0,442787000.0,898831000.0,13660336206.0,373866000.0,-2000.0,-3875000.0,102456000.0,-47974000.0,33630000.0,-262892000.0,-61840000.0,603128000.0,0.0,513432000.0,513432000.0,513432000.0,0.0,0.0,0.197,1876668000.0,735925000.0,206943000.0,0.096,6.115,26.606,26.588,325959000.0,0.0,18.0,5.229,5.229,432179000.0,2095169000.0,2612593000.0,2612593000.0,0.0,0.156,0.251,0.41,0.277,0.0,1726191000.0,1.0,758907567.0,758907567.0,,3.443,2313083000.0,0.0,187258000.0,44957000.0,3.048,703245000.0
93,BEN,MRT,1998-03-31,1998-03-31,1998-03-31,2021-09-07,0.0,3346690000.0,3122797750.0,998923000.0,2347767000.0,0.805,2.797,-129946000.0,545482000.0,545482000.0,0.0,493607000.0,2.584,0.578,630559000.0,128931000.0,501628000.0,630559000.0,0.0,160764000.0,91308000.0,0.004,0.063,703215000.0,863979000.0,0.344,863979000.0,703215000.0,681833000.0,0.65,0.65,0.65,2120966000.0,1925465250.0,2120966000.0,13663563034.0,19.0,15.815,332083000.0,0.438,1.0,2512544000.0,1.0,1207504000.0,21382000.0,1837703000.0,1706698750.0,0.0,507445000.0,192733000.0,314712000.0,1225724000.0,386560000.0,839164000.0,13523758034.0,244126000.0,-25000.0,-11743000.0,25799000.0,-45422000.0,-53660000.0,-164243000.0,-32847000.0,462029000.0,0.0,493607000.0,493607000.0,493607000.0,0.0,0.0,0.196,1798593000.0,713951000.0,205886000.0,0.097,6.376,27.398,27.436,294230000.0,0.0,17.833,5.382,5.382,434353000.0,1976797000.0,2512544000.0,2512544000.0,0.0,0.158,0.256,0.412,0.28,0.0,1647710000.0,1.0,758341572.0,758341572.0,,3.313,2139186000.0,0.0,188226000.0,33922000.0,2.821,612363000.0
94,BEN,MRT,1997-12-31,1997-12-31,1997-12-31,2021-09-07,0.0,3167548000.0,2983799750.0,901334000.0,2266214000.0,0.79,2.624,,452793000.0,452793000.0,0.0,468349000.0,2.589,0.597,592598000.0,93057000.0,499541000.0,592598000.0,0.0,,100067000.0,0.004,0.06,678306000.0,,,,678306000.0,654994000.0,0.617,0.617,0.617,1983852000.0,1806517500.0,1983852000.0,11125628473.0,16.0,,,,1.0,2358049000.0,1.0,1216458000.0,23312000.0,1742729000.0,1619681500.0,0.0,546928000.0,234000000.0,312928000.0,1183696000.0,348166000.0,835530000.0,10956753473.0,,,,,,,,,,,468349000.0,468349000.0,468349000.0,0.0,0.0,0.199,1651968000.0,706081000.0,199995000.0,0.097,5.523,23.394,23.485,258184000.0,0.0,14.49,4.647,4.647,400253000.0,1862780000.0,2358049000.0,2358049000.0,0.0,0.157,0.259,0.419,0.288,,1527677000.0,1.0,756159660.0,756159660.0,,3.118,1951090000.0,0.0,186645000.0,60122000.0,2.58,553168000.0
95,BEN,MRT,1997-09-30,1997-09-30,1997-09-30,2021-09-07,0.0,3095200000.0,2873601250.0,878439000.0,2216761000.0,0.753,2.451,-82973000.0,442741000.0,442741000.0,0.0,434063000.0,2.166,0.669,611616000.0,118372000.0,493244000.0,611616000.0,0.0,123908000.0,98404000.0,0.004,0.057,641046000.0,764954000.0,0.354,764954000.0,641046000.0,615713000.0,0.573,0.57,0.573,1854221000.0,1697615500.0,1854221000.0,11977785376.0,19.0,15.658,345556000.0,0.457,1.0,2163275000.0,1.0,1224019000.0,25333000.0,1634556000.0,1554426500.0,0.0,510094000.0,189674000.0,320420000.0,1240979000.0,405500000.0,835479000.0,11740186376.0,-59448000.0,-550742000.0,-17257000.0,195918000.0,-40387000.0,105460000.0,-593437000.0,40278000.0,428529000.0,0.0,434063000.0,434063000.0,434063000.0,0.0,0.0,0.201,1512347000.0,650928000.0,203787000.0,0.099,6.332,27.047,27.088,241224000.0,0.0,15.522,5.427,5.427,417334000.0,1757536000.0,2163275000.0,2163275000.0,0.0,0.151,0.256,0.412,0.296,0.0,1391440000.0,1.0,756374082.0,756374082.0,,2.86,1871181000.0,0.0,181650000.0,31908000.0,2.474,472939000.0
96,BEN,MRT,1997-06-30,1997-06-30,1997-06-30,2021-09-07,0.0,2881753000.0,2693343000.0,732519000.0,2149234000.0,0.712,2.304,,333442000.0,333442000.0,0.0,393329000.0,2.668,0.653,571041000.0,49585000.0,521456000.0,571041000.0,0.0,,107890000.0,0.004,0.054,581515000.0,,,,581515000.0,559339000.0,0.533,0.517,0.533,1742822000.0,1584208000.0,1742822000.0,9449695632.0,16.0,,,,1.0,1917024000.0,1.0,1232964000.0,22176000.0,1611807000.0,1507708250.0,0.0,505452000.0,174788000.0,330664000.0,1138931000.0,274581000.0,864350000.0,9157139632.0,,,,,,,,,,,393329000.0,393329000.0,393329000.0,0.0,0.0,0.205,1318005000.0,599019000.0,245566000.0,0.101,5.254,23.281,22.711,199087000.0,0.0,12.105,4.777,4.777,393467000.0,1643645000.0,1917024000.0,1917024000.0,0.0,0.146,0.248,0.386,0.303,,1412363000.0,1.0,756475806.0,756475806.0,,2.534,1648789000.0,0.0,166010000.0,21038000.0,2.18,457938000.0
97,BEN,MRT,1997-03-31,1997-03-31,1997-03-31,2021-09-07,0.0,2790698000.0,,702562000.0,2088136000.0,,2.174,-63297000.0,301356000.0,301356000.0,0.0,363207000.0,1.997,0.696,593912000.0,150420000.0,443492000.0,593912000.0,0.0,96923000.0,113601000.0,0.006,0.051,541355000.0,638278000.0,0.367,638278000.0,541355000.0,522132000.0,0.495,0.478,0.495,1645175000.0,,1645175000.0,6770908982.0,13.0,10.608,352120000.0,0.465,1.0,1739879000.0,1.0,1241874000.0,19223000.0,1489634000.0,,0.0,530000000.0,192641000.0,337359000.0,1145523000.0,351746000.0,793777000.0,6432419982.0,-36226000.0,-550717000.0,-8186000.0,126780000.0,-36621000.0,46368000.0,-498011000.0,116003000.0,415417000.0,0.0,363207000.0,363207000.0,363207000.0,0.0,0.0,0.209,1207620000.0,532259000.0,246087000.0,0.103,3.91,17.71,17.172,168561000.0,0.0,8.5,3.697,3.697,377509000.0,1542564000.0,1739879000.0,1739879000.0,0.0,,,,0.311,0.0,1244327000.0,1.0,756755292.0,756755292.0,,2.299,1548824000.0,0.0,158925000.0,33425000.0,2.047,350816000.0
98,BEN,MRT,1996-12-31,1996-12-31,1996-12-31,2021-09-07,0.0,2726754000.0,,609758000.0,2116996000.0,,2.046,,280363000.0,280363000.0,0.0,337008000.0,1.832,0.761,618852000.0,150532000.0,468320000.0,618852000.0,0.0,,122938000.0,0.007,0.05,502925000.0,,,,502925000.0,486039000.0,0.462,0.445,0.462,1548244000.0,,1548244000.0,,,,,,1.0,1614484000.0,1.0,1250757000.0,16886000.0,1481709000.0,,0.0,532174000.0,171075000.0,361099000.0,1178510000.0,332777000.0,845733000.0,5748817702.0,,,,,,,,,,,337008000.0,337008000.0,337008000.0,0.0,0.0,0.209,1136087000.0,478397000.0,259445000.0,0.108,3.713,17.058,16.443,166038000.0,0.0,7.597,3.561,3.561,373877000.0,1452446000.0,1614484000.0,1614484000.0,0.0,,,,0.312,,1117958000.0,1.0,756755292.0,756755292.0,,2.133,1475997000.0,0.0,149031000.0,53759000.0,1.95,276981000.0
99,BEN,MRT,1996-09-30,1996-09-30,1996-09-30,2021-09-07,0.0,2374167000.0,,856263000.0,1517904000.0,,,-64419000.0,502189000.0,502189000.0,0.0,314730000.0,4.7,0.695,399889000.0,427000.0,399462000.0,399889000.0,0.0,64728000.0,131219000.0,0.007,0.049,467566000.0,532294000.0,0.35,532294000.0,467566000.0,456230000.0,0.433,0.417,0.433,1400591000.0,,1400591000.0,,,,295164000.0,,1.0,1519473000.0,1.0,641983000.0,11336000.0,1447683000.0,,0.0,544880000.0,174156000.0,370724000.0,973576000.0,182201000.0,791375000.0,,240490000.0,0.0,-52194000.0,-68706000.0,-34650000.0,-193705000.0,74612000.0,139031000.0,359583000.0,0.0,314730000.0,314730000.0,314730000.0,0.0,0.0,0.207,1078128000.0,441345000.0,236532000.0,0.113,,,17.034,161613000.0,0.0,7.376,,,369985000.0,1370513000.0,1519473000.0,1519473000.0,0.0,,,,0.308,0.0,1003412000.0,1.0,,,,,1732184000.0,0.0,141500000.0,27673000.0,,674062000.0
100,BEN,MRT,1996-06-30,1996-06-30,1996-06-30,2021-09-07,,,,,,,,,,,,,,,,,,,,,,0.007,0.048,,,,,,,,,,,,,,,,,,1.0,,,,,,,,,,,,,,,,,,,,,,,,,,,,,,,,,,,,,,,,6.653,,,,,,,,,,,,,,1.0,,,,,,,,,,
101,BEN,MRT,1996-03-31,1996-03-31,1996-03-31,2021-09-07,,,,,,,,,,,,,,,,,,,,,,0.007,0.047,,,,,,,,,,,,,,,,,,1.0,,,,,,,,,,,,,,,,,,,,,,,,,,,,,,,,,,,,,,,,6.417,,,,,,,,,,,,,,1.0,,,,,,,,,,
102,BEN,MRT,1995-12-31,1995-12-31,1995-12-31,2021-09-07,,,,,,,,,,,,,,,,,,,,,,0.008,0.046,,,,,,,,,,,,,,,,,,1.0,,,,,,,,,,,,,,,,,,,,,,,,,,,,,,,,,,,,,,,,5.598,,,,,,,,,,,,,,1.0,,,,,,,,,,
103,BEN,MRT,1995-09-30,1995-09-30,1995-09-30,2021-09-07,,,,,,,,-40365000.0,,,0.0,268945000.0,,,,,,,,46834000.0,,0.007,0.044,397814000.0,444648000.0,0.355,444648000.0,397814000.0,386655000.0,0.36,0.355,0.36,,,,,,,256089000.0,,1.0,1253264000.0,1.0,,11159000.0,,,,,,,,,,,51323000.0,0.0,-41374000.0,1422000.0,-31688000.0,-93165000.0,-151966000.0,-111601000.0,296454000.0,0.0,268945000.0,268945000.0,268945000.0,0.0,0.0,0.215,879229000.0,374035000.0,,0.122,,,17.787,,0.0,6.403,,,,,1253264000.0,1253264000.0,0.0,,,,0.317,0.0,810032000.0,1.0,,,,,,,117710000.0,,,
