None,ticker,dimension,calendardate,datekey,reportperiod,lastupdated,accoci,assets,assetsavg,assetsc,assetsnc,assetturnover,bvps,capex,cashneq,cashnequsd,cor,consolinc,currentratio,de,debt,debtc,debtnc,debtusd,deferredrev,depamor,deposits,divyield,dps,ebit,ebitda,ebitdamargin,ebitdausd,ebitusd,ebt,eps,epsdil,epsusd,equity,equityavg,equityusd,ev,evebit,evebitda,fcf,fcfps,fxusd,gp,grossmargin,intangibles,intexp,invcap,invcapavg,inventory,investments,investmentsc,investmentsnc,liabilities,liabilitiesc,liabilitiesnc,marketcap,ncf,ncfbus,ncfcommon,ncfdebt,ncfdiv,ncff,ncfi,ncfinv,ncfo,ncfx,netinc,netinccmn,netinccmnusd,netincdis,netincnci,netmargin,opex,opinc,payables,payoutratio,pb,pe,pe1,ppnenet,prefdivis,price,ps,ps1,receivables,retearn,revenue,revenueusd,rnd,roa,roe,roic,ros,sbcomp,sgna,sharefactor,sharesbas,shareswa,shareswadil,sps,tangibles,taxassets,taxexp,taxliabilities,tbvps,workingcapital
0,TPR,MRY,2021-12-31,2021-07-03,2021-07-03,2021-08-19,-72000000.0,8382400000.0,8158050000.0,3375300000.0,5007100000.0,0.704,11.728,-92100000.0,2007700000.0,2007700000.0,1664400000.0,834200000.0,2.367,1.572,3436000000.0,319400000.0,3116600000.0,3436000000.0,0.0,218700000.0,0.0,0.0,0.0,968700000.0,1187400000.0,0.207,1187400000.0,968700000.0,897300000.0,3.0,2.95,3.0,3259300000.0,2923775000.0,3259300000.0,13765296400.0,14.0,11.593,1231600000.0,4.432,1.0,4081900000.0,0.71,2670700000.0,71400000.0,5714200000.0,6042550000.0,734800000.0,0.0,0.0,0.0,5123100000.0,1425800000.0,3697300000.0,11896096400.0,581400000.0,0.0,61200000.0,-712300000.0,0.0,-666000000.0,-91000000.0,1100000.0,1323700000.0,14700000.0,834200000.0,834200000.0,834200000.0,0.0,0.0,0.145,3113900000.0,968000000.0,445200000.0,0.0,3.65,14.26,14.22,2174700000.0,0.0,42.66,2.07,2.063,200200000.0,-158500000.0,5746300000.0,5746300000.0,0.0,0.102,0.285,0.16,0.169,64100000.0,3113900000.0,1.0,278858331.0,277900000.0,283000000.0,20.678,5711700000.0,254600000.0,63100000.0,203900000.0,20.553,1949500000.0
1,TPR,MRY,2020-12-31,2020-06-27,2020-06-27,2021-08-19,-92200000.0,7924200000.0,8204350000.0,2553100000.0,5371100000.0,0.605,8.171,-205400000.0,1426300000.0,1426300000.0,1722100000.0,-652100000.0,1.466,2.481,4488000000.0,1100300000.0,3387700000.0,4488000000.0,0.0,248300000.0,0.0,0.081,1.013,-564100000.0,-315800000.0,-0.064,-315800000.0,-564100000.0,-624200000.0,-2.34,-2.34,-2.34,2276400000.0,2809700000.0,2276400000.0,6571836037.0,-12.0,-20.81,201600000.0,0.724,1.0,3239300000.0,0.653,2680500000.0,60100000.0,6563300000.0,7064475000.0,736900000.0,0.0,0.0,0.0,5647800000.0,1742100000.0,3905700000.0,3465036037.0,457100000.0,0.0,-295700000.0,699200000.0,-380300000.0,5900000.0,44300000.0,249700000.0,407000000.0,-100000.0,-652100000.0,-652100000.0,-652100000.0,0.0,0.0,-0.131,3790100000.0,-550800000.0,130800000.0,-0.433,1.522,-5.314,-5.363,2532200000.0,0.0,12.55,0.698,0.705,193300000.0,-992700000.0,4961400000.0,4961400000.0,0.0,-0.079,-0.232,-0.08,-0.114,53100000.0,3312400000.0,1.0,276098489.0,278600000.0,278600000.0,17.808,5243700000.0,46000000.0,27900000.0,155100000.0,18.822,811000000.0
2,TPR,MRY,2019-12-31,2019-06-29,2019-06-29,2021-08-19,-83200000.0,6877300000.0,6917450000.0,2556800000.0,4320500000.0,0.871,12.14,-274200000.0,969200000.0,969200000.0,1973400000.0,643400000.0,2.785,0.957,1602700000.0,800000.0,1601900000.0,1602700000.0,0.0,268200000.0,0.0,0.043,1.35,814100000.0,1082300000.0,0.18,1082300000.0,814100000.0,766200000.0,2.22,2.21,2.22,3513400000.0,3460650000.0,3513400000.0,9732913852.0,12.0,8.993,518200000.0,1.791,1.0,4053700000.0,0.673,3228100000.0,47900000.0,3364700000.0,3277125000.0,778300000.0,264700000.0,264600000.0,100000.0,3363900000.0,918000000.0,2445900000.0,9206013852.0,-274200000.0,-43500000.0,-64700000.0,-700000.0,-390700000.0,-485600000.0,-574200000.0,-256500000.0,792400000.0,-6800000.0,643400000.0,643400000.0,643400000.0,0.0,0.0,0.107,3234000000.0,819700000.0,243600000.0,0.608,2.62,14.308,14.293,938800000.0,0.0,31.73,1.527,1.524,298100000.0,291600000.0,6027100000.0,6027100000.0,0.0,0.093,0.186,0.248,0.135,84800000.0,3234000000.0,1.0,290135955.0,289400000.0,290800000.0,20.826,3649200000.0,75200000.0,122800000.0,390000000.0,12.61,1638800000.0
3,TPR,MRY,2018-12-31,2018-06-30,2018-06-30,2021-08-19,-82800000.0,6678300000.0,7050475000.0,2432600000.0,4245700000.0,0.834,11.369,-267400000.0,1243400000.0,1243400000.0,2031500000.0,397500000.0,2.593,1.058,1600600000.0,700000.0,1599900000.0,1600600000.0,0.0,260300000.0,0.0,0.029,1.352,670800000.0,931100000.0,0.158,931100000.0,670800000.0,596800000.0,1.39,1.38,1.39,3244600000.0,3068000000.0,3244600000.0,14012465234.0,21.0,15.049,730100000.0,2.558,1.0,3848500000.0,0.655,3217200000.0,74000000.0,2880100000.0,3254900000.0,673800000.0,6600000.0,6600000.0,0.0,3433700000.0,938200000.0,2495500000.0,13443965234.0,-1429500000.0,-2375800000.0,165700000.0,-800000.0,-384100000.0,-250700000.0,-2164800000.0,478400000.0,997500000.0,-11500000.0,397500000.0,397500000.0,397500000.0,0.0,0.0,0.068,3176500000.0,672000000.0,264300000.0,0.973,4.143,33.821,33.604,885400000.0,0.0,46.71,2.286,2.267,314100000.0,119000000.0,5880000000.0,5880000000.0,0.0,0.056,0.13,0.206,0.114,81300000.0,3176500000.0,1.0,287817710.0,285400000.0,288600000.0,20.603,3461100000.0,50100000.0,199300000.0,428600000.0,12.127,1494400000.0
4,TPR,MRY,2017-12-31,2017-07-01,2017-07-01,2021-08-19,-86900000.0,5831600000.0,4938975000.0,3953300000.0,1878300000.0,0.909,10.698,-157100000.0,2672900000.0,2672900000.0,1407200000.0,591000000.0,5.244,0.943,1579500000.0,0.0,1579500000.0,1579500000.0,0.0,212800000.0,0.0,0.029,1.351,787400000.0,1000200000.0,0.223,1000200000.0,787400000.0,759000000.0,2.11,2.09,2.11,3001900000.0,2858350000.0,3001900000.0,12505929770.0,16.0,12.503,696700000.0,2.483,1.0,3081100000.0,0.686,821300000.0,28400000.0,3163100000.0,2655600000.0,469700000.0,485800000.0,410700000.0,75100000.0,2829700000.0,753800000.0,2075900000.0,13308629770.0,1813900000.0,0.0,70400000.0,702400000.0,-378000000.0,369500000.0,593000000.0,748300000.0,853800000.0,-2400000.0,591000000.0,591000000.0,591000000.0,0.0,0.0,0.132,2293700000.0,787400000.0,194600000.0,0.64,4.433,22.519,22.436,691400000.0,0.0,47.34,2.965,2.96,268000000.0,107700000.0,4488300000.0,4488300000.0,0.0,0.12,0.207,0.297,0.175,77400000.0,2293700000.0,1.0,281128639.0,280600000.0,282800000.0,15.995,5010300000.0,212000000.0,168000000.0,63300000.0,17.856,3199500000.0
5,TPR,MRY,2016-12-31,2016-07-02,2016-07-02,2021-08-19,-72900000.0,4892700000.0,4681825000.0,2172900000.0,2719800000.0,0.959,9.665,-396400000.0,859000000.0,859000000.0,1440500000.0,460500000.0,2.628,0.824,876200000.0,15000000.0,861200000.0,876200000.0,0.0,210600000.0,0.0,0.033,1.351,653500000.0,864100000.0,0.192,864100000.0,653500000.0,626600000.0,1.66,1.65,1.66,2682900000.0,2587275000.0,2682900000.0,11386048622.0,17.0,13.177,362200000.0,1.305,1.0,3051300000.0,0.679,849200000.0,26900000.0,3234000000.0,3132625000.0,459200000.0,1019000000.0,460400000.0,558600000.0,2209800000.0,826700000.0,1383100000.0,11324148622.0,-432800000.0,-25600000.0,29100000.0,-15000000.0,-374500000.0,-384900000.0,-810000000.0,-379100000.0,758600000.0,3500000.0,460500000.0,460500000.0,460500000.0,0.0,0.0,0.103,2397800000.0,653500000.0,186700000.0,0.814,4.221,24.591,24.536,919500000.0,0.0,40.73,2.521,2.517,245200000.0,-104100000.0,4491800000.0,4491800000.0,0.0,0.098,0.178,0.209,0.145,95800000.0,2397800000.0,1.0,278029674.0,277600000.0,279300000.0,16.181,4043500000.0,262400000.0,166100000.0,0.0,14.566,1346200000.0
6,TPR,MRY,2015-12-31,2015-06-27,2015-06-27,2021-08-19,-77700000.0,4666900000.0,4116950000.0,2506500000.0,2160400000.0,1.018,9.031,-199300000.0,1291800000.0,1291800000.0,1283000000.0,402400000.0,3.003,0.874,890400000.0,11300000.0,879100000.0,890400000.0,0.0,191800000.0,0.0,0.037,1.351,618000000.0,809800000.0,0.193,809800000.0,618000000.0,611600000.0,1.46,1.45,1.46,2489900000.0,2497075000.0,2489900000.0,9094198540.0,15.0,11.23,738100000.0,2.677,1.0,2908600000.0,0.694,794100000.0,6400000.0,2636700000.0,2262675000.0,485100000.0,640000000.0,234000000.0,406000000.0,2177000000.0,834700000.0,1342300000.0,9979498540.0,699900000.0,-519600000.0,36500000.0,749600000.0,-371800000.0,389300000.0,-612900000.0,116500000.0,937400000.0,-13900000.0,402400000.0,402400000.0,402400000.0,0.0,0.0,0.096,2290600000.0,618000000.0,222800000.0,0.925,4.008,24.8,24.74,732600000.0,0.0,36.12,2.381,2.376,219500000.0,-189600000.0,4191600000.0,4191600000.0,0.0,0.098,0.161,0.273,0.147,94500000.0,2290600000.0,1.0,276287335.0,275700000.0,277200000.0,15.203,3872800000.0,214200000.0,209200000.0,0.0,14.047,1671800000.0
7,TPR,MRY,2014-12-31,2014-06-28,2014-06-28,2021-08-19,-8700000.0,3663100000.0,3568732250.0,1855200000.0,1807900000.0,1.347,8.713,-219600000.0,591900000.0,591900000.0,1509200000.0,781300000.0,2.282,0.513,140500000.0,140500000.0,0.0,140500000.0,0.0,189400000.0,0.0,0.039,1.35,1120100000.0,1309500000.0,0.272,1309500000.0,1120100000.0,1122300000.0,2.81,2.79,2.81,2420600000.0,2404794250.0,2420600000.0,9197743111.0,8.0,7.024,765800000.0,2.757,1.0,3297000000.0,0.686,371200000.0,-2200000.0,2027400000.0,1953115250.0,526200000.0,761200000.0,276700000.0,484500000.0,1242500000.0,813100000.0,429400000.0,9450721111.0,-470900000.0,-3800000.0,-476300000.0,139500000.0,-376500000.0,-748100000.0,-707700000.0,-484300000.0,985400000.0,-500000.0,781300000.0,781300000.0,781300000.0,0.0,0.0,0.163,2176900000.0,1120100000.0,153900000.0,0.48,3.904,12.096,12.267,713900000.0,0.0,34.47,1.966,1.992,198600000.0,-219500000.0,4806200000.0,4806200000.0,0.0,0.219,0.325,0.573,0.233,83600000.0,2176900000.0,1.0,274172356.0,277800000.0,280400000.0,17.301,3291900000.0,224200000.0,341000000.0,0.0,11.85,1042100000.0
8,TPR,MRY,2013-12-31,2013-06-29,2013-06-29,2021-08-19,-12246000.0,3531897000.0,3308706000.0,2070947000.0,1460950000.0,1.534,8.528,-241400000.0,1062785000.0,1062785000.0,1377300000.0,1034400000.0,2.866,0.466,985000.0,500000.0,485000.0,985000.0,0.0,163000000.0,0.0,0.022,1.238,1518100000.0,1681100000.0,0.331,1681100000.0,1518100000.0,1520500000.0,3.66,3.61,3.66,2409158000.0,2182387000.0,2409158000.0,15188064838.0,10.0,9.035,1172600000.0,4.151,1.0,3698100000.0,0.729,354827000.0,-2400000.0,1392760000.0,1347827750.0,524706000.0,269446000.0,72106000.0,197340000.0,1122739000.0,722510000.0,400229000.0,16041816838.0,145600000.0,-53300000.0,-319600000.0,-22300000.0,-339700000.0,-689100000.0,-570500000.0,-275800000.0,1414000000.0,-8800000.0,1034400000.0,1034400000.0,1034400000.0,0.0,0.0,0.204,2180000000.0,1518100000.0,178857000.0,0.338,6.659,15.508,15.598,694771000.0,0.0,57.09,3.161,3.178,175477000.0,-101884000.0,5075400000.0,5075400000.0,0.0,0.313,0.474,1.126,0.299,120500000.0,2173600000.0,1.0,280991712.0,282500000.0,286300000.0,17.966,3177070000.0,195963000.0,486100000.0,0.0,11.246,1348437000.0
9,TPR,MRY,2012-12-31,2012-06-30,2012-06-30,2021-08-19,50475000.0,3104321000.0,3017038500.0,1804528000.0,1299793000.0,1.579,6.913,-184309000.0,917215000.0,917215000.0,1297102000.0,1038910000.0,2.513,0.558,23360000.0,22375000.0,985000.0,23360000.0,0.0,132909000.0,0.0,0.017,0.975,1505663000.0,1638572000.0,0.344,1638572000.0,1505663000.0,1505663000.0,3.6,3.53,3.6,1992931000.0,1904265500.0,1992931000.0,15899234992.0,11.0,9.703,1037380000.0,3.598,1.0,3466078000.0,0.728,385823000.0,0.0,1106483000.0,1036640000.0,504490000.0,6000000.0,0.0,6000000.0,1111390000.0,718160000.0,393230000.0,16805450992.0,217433000.0,-53235000.0,-514929000.0,-795000.0,-260276000.0,-741881000.0,-259426000.0,-21882000.0,1221689000.0,-2949000.0,1038910000.0,1038910000.0,1038910000.0,0.0,0.0,0.218,1961135000.0,1504943000.0,155387000.0,0.271,8.433,16.176,16.244,644449000.0,0.0,58.48,3.528,3.539,174462000.0,-387450000.0,4763180000.0,4763180000.0,0.0,0.344,0.546,1.452,0.316,39454000.0,1954089000.0,1.0,287370913.0,288284000.0,294129000.0,16.523,2718498000.0,190642000.0,466753000.0,0.0,9.43,1086368000.0
10,TPR,MRY,2011-12-31,2011-07-02,2011-07-02,2021-08-19,54911000.0,2635116000.0,2690370500.0,1452388000.0,1182728000.0,1.546,5.469,-147744000.0,699782000.0,699782000.0,1134966000.0,880800000.0,2.449,0.634,24155000.0,795000.0,23360000.0,24155000.0,0.0,125106000.0,0.0,0.01,0.675,1301219000.0,1426325000.0,0.343,1426325000.0,1301219000.0,1301219000.0,2.99,2.92,2.99,1612569000.0,1669089500.0,1612569000.0,18586428803.0,14.0,13.031,885527000.0,3.003,1.0,3023541000.0,0.727,340792000.0,0.0,1025680000.0,1087632250.0,421831000.0,2256000.0,2256000.0,0.0,1022547000.0,593017000.0,429530000.0,19374923803.0,103312000.0,0.0,-735843000.0,-746000.0,-178115000.0,-875126000.0,-59631000.0,88113000.0,1033271000.0,4798000.0,880800000.0,880800000.0,880800000.0,0.0,0.0,0.212,1723353000.0,1300188000.0,118612000.0,0.226,12.015,21.997,22.07,582348000.0,0.0,65.99,4.659,4.679,142898000.0,-445654000.0,4158507000.0,4158507000.0,0.0,0.327,0.528,1.196,0.313,37666000.0,1718617000.0,1.0,293603937.0,294877000.0,301558000.0,14.103,2294324000.0,197559000.0,420419000.0,0.0,7.781,859371000.0
11,TPR,MRY,2010-12-31,2010-07-03,2010-07-03,2021-08-19,29395000.0,2467115000.0,2693212000.0,1302641000.0,1164474000.0,1.34,4.834,-81116000.0,596470000.0,596470000.0,973945000.0,734940000.0,2.462,0.639,24901000.0,742000.0,24159000.0,24901000.0,0.0,126744000.0,0.0,0.01,0.375,1150171000.0,1276915000.0,0.354,1276915000.0,1150171000.0,1158132000.0,2.36,2.33,2.36,1505293000.0,1718808250.0,1505293000.0,10235816388.0,9.0,8.016,909761000.0,2.921,1.0,2633691000.0,0.73,315649000.0,-7961000.0,1050861000.0,1018833500.0,363285000.0,99928000.0,99928000.0,0.0,961822000.0,529036000.0,432786000.0,10913607388.0,-203892000.0,-1200000.0,-936702000.0,-8175000.0,-94324000.0,-1019899000.0,-182244000.0,-99928000.0,990877000.0,7374000.0,734940000.0,734940000.0,734940000.0,0.0,0.0,0.204,1483520000.0,1150171000.0,105569000.0,0.159,7.25,14.85,15.157,548474000.0,0.0,35.77,3.025,3.088,109068000.0,-30053000.0,3607636000.0,3607636000.0,0.0,0.273,0.428,1.129,0.319,53804000.0,1483520000.0,1.0,305105043.0,311413000.0,315848000.0,11.585,2151466000.0,233820000.0,423192000.0,0.0,6.909,773605000.0
12,TPR,MRY,2009-12-31,2009-06-27,2009-06-27,2021-08-19,3851000.0,2564336000.0,2332302500.0,1396409000.0,1167927000.0,1.385,5.239,-240329000.0,800362000.0,800362000.0,907858000.0,623369000.0,3.038,0.512,33076000.0,8004000.0,25072000.0,33076000.0,0.0,123014000.0,0.0,0.003,0.075,971913000.0,1094927000.0,0.339,1094927000.0,971913000.0,982692000.0,1.93,1.91,1.93,1696042000.0,1513750750.0,1696042000.0,8028741084.0,8.0,7.333,568823000.0,1.757,1.0,2322610000.0,0.719,293175000.0,-10779000.0,1044223000.0,1058612000.0,326148000.0,6000000.0,0.0,6000000.0,868294000.0,459652000.0,408642000.0,8552532084.0,101457000.0,-24400000.0,-446423000.0,7211000.0,0.0,-440083000.0,-264729000.0,0.0,809152000.0,-2883000.0,623369000.0,623369000.0,623369000.0,0.0,0.0,0.193,1350697000.0,971913000.0,103029000.0,0.039,5.043,13.72,13.953,592982000.0,0.0,26.93,2.647,2.699,108707000.0,499951000.0,3230468000.0,3230468000.0,0.0,0.267,0.412,0.918,0.301,67542000.0,1350697000.0,1.0,317583813.0,323714000.0,325620000.0,9.979,2271161000.0,208568000.0,359323000.0,0.0,7.016,936757000.0
13,TPR,MRY,2008-12-31,2008-06-28,2008-06-28,2021-08-19,18845000.0,2247353000.0,2348336500.0,1359218000.0,888135000.0,1.354,4.19,-174720000.0,698905000.0,698905000.0,773654000.0,783055000.0,3.014,0.508,2865000.0,285000.0,2580000.0,2865000.0,0.0,100704000.0,0.0,0.0,0.0,1147145000.0,1247849000.0,0.392,1247849000.0,1147145000.0,1194965000.0,2.2,2.17,2.2,1490375000.0,1634128500.0,1490375000.0,9402382718.0,8.0,7.535,748641000.0,2.105,1.0,2407103000.0,0.757,258906000.0,-47820000.0,841466000.0,950427750.0,318490000.0,8000000.0,0.0,8000000.0,756978000.0,450941000.0,306037000.0,9996638718.0,141949000.0,0.0,-1253279000.0,-235000.0,0.0,-1230261000.0,445440000.0,620160000.0,923361000.0,3409000.0,783055000.0,783055000.0,783055000.0,-16000.0,0.0,0.246,1259974000.0,1147129000.0,134726000.0,0.0,6.707,12.766,13.314,464226000.0,0.0,29.29,3.143,3.276,106738000.0,353122000.0,3180757000.0,3180757000.0,0.0,0.333,0.479,1.207,0.361,66979000.0,1259974000.0,1.0,341298693.0,355731000.0,360332000.0,8.941,1988447000.0,151415000.0,411910000.0,25371000.0,5.59,908277000.0
14,TPR,MRY,2007-12-31,2007-06-30,2007-06-30,2021-08-19,-12792000.0,2449512000.0,2067526500.0,1740196000.0,709316000.0,1.264,5.168,-140567000.0,556956000.0,556956000.0,589470000.0,663665000.0,4.265,0.282,3100000.0,235000.0,2865000.0,3100000.0,0.0,80832000.0,0.0,0.0,0.0,1020533000.0,1101365000.0,0.422,1101365000.0,1020533000.0,1061806000.0,1.8,1.76,1.8,1910354000.0,1572702500.0,1910354000.0,17368849092.0,17.0,15.77,640602000.0,1.733,1.0,2022986000.0,0.774,225659000.0,-41273000.0,1262001000.0,1167442500.0,291192000.0,628860000.0,628860000.0,0.0,539158000.0,407996000.0,131162000.0,17588065092.0,413568000.0,0.0,-37880000.0,-170000.0,0.0,10392000.0,-375777000.0,-235210000.0,781169000.0,-2216000.0,663665000.0,663665000.0,663665000.0,-27136000.0,0.0,0.254,1029589000.0,993397000.0,109309000.0,0.0,9.207,26.501,26.328,368461000.0,0.0,47.39,6.732,6.706,107814000.0,940757000.0,2612456000.0,2612456000.0,0.0,0.321,0.422,0.874,0.391,56726000.0,1029589000.0,1.0,371134524.0,369661000.0,377356000.0,7.067,2223853000.0,154351000.0,398141000.0,36448000.0,6.016,1332200000.0
15,TPR,MRY,2006-12-31,2006-07-01,2006-07-01,2021-08-19,-7260000.0,1626520000.0,1690471250.0,974482000.0,652038000.0,1.204,3.131,-133421000.0,143388000.0,143388000.0,453518000.0,494277000.0,2.851,0.368,3270000.0,170000.0,3100000.0,3270000.0,0.0,64994000.0,0.0,0.0,0.0,745144000.0,810138000.0,0.398,810138000.0,745144000.0,777767000.0,1.3,1.27,1.3,1188734000.0,1307577000.0,1188734000.0,11330790584.0,15.0,13.986,462948000.0,1.219,1.0,1581567000.0,0.777,239818000.0,-32623000.0,904760000.0,987868000.0,233494000.0,394177000.0,394177000.0,0.0,437786000.0,341824000.0,95962000.0,11510096584.0,-11178000.0,0.0,-513721000.0,-11867000.0,0.0,-426251000.0,-180737000.0,-47316000.0,596369000.0,-559000.0,494277000.0,494277000.0,494277000.0,-30437000.0,0.0,0.243,866860000.0,714707000.0,79819000.0,0.0,9.683,23.287,23.0,298531000.0,0.0,29.9,5.656,5.578,84361000.0,417087000.0,2035085000.0,2035085000.0,0.0,0.292,0.378,0.754,0.366,-30147000.0,866860000.0,1.0,384953063.0,379635000.0,388495000.0,5.361,1386702000.0,162096000.0,283490000.0,31655000.0,3.653,632658000.0
16,TPR,MRY,2005-12-31,2005-07-02,2005-07-02,2021-08-19,903000.0,1370157000.0,1289188750.0,709360000.0,660797000.0,1.281,2.788,-94574000.0,154566000.0,154566000.0,384153000.0,358612000.0,2.67,0.298,15712000.0,12442000.0,3270000.0,15712000.0,0.0,50400000.0,0.0,0.0,0.0,543984000.0,594384000.0,0.36,594384000.0,543984000.0,559744000.0,0.95,0.92,0.95,1055920000.0,936738750.0,1055920000.0,12460344461.0,23.0,20.963,381022000.0,1.006,1.0,1267551000.0,0.767,250799000.0,-15760000.0,714843000.0,743362250.0,184419000.0,350550000.0,228485000.0,122065000.0,314237000.0,265661000.0,48576000.0,12652514461.0,-108154000.0,-228431000.0,-218136000.0,10478000.0,0.0,-211918000.0,-371832000.0,-48827000.0,475596000.0,0.0,358612000.0,358612000.0,358612000.0,-21965000.0,0.0,0.217,731891000.0,535660000.0,64985000.0,0.0,11.982,35.282,35.316,203862000.0,0.0,33.55,7.66,7.692,65399000.0,484971000.0,1651704000.0,1651704000.0,0.0,0.278,0.383,0.732,0.329,-12787000.0,731891000.0,1.0,377124127.0,378670000.0,390191000.0,4.362,1119358000.0,105365000.0,201132000.0,4512000.0,2.956,443699000.0
17,TPR,MRY,2004-12-31,2004-07-03,2004-07-03,2021-08-19,2195000.0,1044425000.0,880464000.0,705616000.0,338809000.0,1.5,2.102,-73601000.0,262720000.0,262720000.0,331024000.0,237949000.0,4.145,0.335,5234000.0,1814000.0,3420000.0,5234000.0,0.0,40100000.0,0.0,0.0,0.0,387261000.0,427361000.0,0.323,427361000.0,387261000.0,390453000.0,0.64,0.62,0.64,782286000.0,634663000.0,782286000.0,8244885827.0,21.0,19.293,285693000.0,0.768,1.0,990082000.0,0.749,23393000.0,-3192000.0,593314000.0,352442500.0,161913000.0,301723000.0,171723000.0,130000000.0,262139000.0,170232000.0,91907000.0,8673429827.0,33544000.0,0.0,-20813000.0,-24852000.0,0.0,49574000.0,-375324000.0,-301723000.0,359294000.0,0.0,237949000.0,237949000.0,237949000.0,0.0,0.0,0.18,584778000.0,405304000.0,44771000.0,0.0,11.087,36.451,36.008,164291000.0,0.0,23.045,6.565,6.491,55724000.0,430461000.0,1321106000.0,1321106000.0,0.0,0.27,0.375,1.099,0.293,-51668000.0,584778000.0,1.0,376369270.0,372120000.0,385558000.0,3.55,1021032000.0,34521000.0,152504000.0,15791000.0,2.744,535384000.0
18,TPR,MRY,2003-12-31,2003-06-28,2003-06-28,2021-08-19,-1359000.0,617652000.0,547666750.0,448538000.0,169114000.0,1.741,1.189,-61830000.0,229176000.0,229176000.0,275797000.0,146628000.0,2.778,0.447,30086000.0,26551000.0,3535000.0,30086000.0,0.0,31350000.0,0.0,0.0,0.0,236154000.0,267504000.0,0.281,267504000.0,236154000.0,237213000.0,0.41,0.39,0.41,426929000.0,344875250.0,426929000.0,4379984036.0,19.0,16.374,164539000.0,0.458,1.0,677429000.0,0.711,22398000.0,-1059000.0,234703000.0,227411250.0,143807000.0,0.0,0.0,0.0,190723000.0,161461000.0,29262000.0,4535687036.0,135214000.0,0.0,-21552000.0,-7773000.0,0.0,-29325000.0,-61830000.0,0.0,226369000.0,0.0,146628000.0,146628000.0,146628000.0,0.0,0.0,0.154,433667000.0,243762000.0,26637000.0,0.0,10.624,30.933,30.451,118547000.0,0.0,12.485,4.758,4.704,35470000.0,217622000.0,953226000.0,953226000.0,0.0,0.268,0.425,1.038,0.248,41503000.0,433667000.0,1.0,363290912.0,359116000.0,371684000.0,2.654,595254000.0,30376000.0,90585000.0,0.0,1.658,287077000.0
19,TPR,MRY,2002-12-31,2002-06-29,2002-06-29,2021-08-19,215000.0,440571000.0,382100250.0,287588000.0,152983000.0,1.883,0.739,-41172000.0,93962000.0,93962000.0,236041000.0,85827000.0,1.804,0.692,37859000.0,34244000.0,3615000.0,37859000.0,0.0,25494000.0,0.0,0.0,0.0,134276000.0,159770000.0,0.222,159770000.0,134276000.0,133152000.0,0.245,0.235,0.245,260356000.0,214546000.0,260356000.0,2397745968.0,18.0,15.007,66765000.0,0.19,1.0,483362000.0,0.672,22395000.0,1124000.0,202645000.0,187806000.0,136404000.0,0.0,0.0,0.0,180215000.0,159428000.0,20787000.0,2434947968.0,90271000.0,-14805000.0,10954000.0,12994000.0,0.0,38311000.0,-55977000.0,0.0,107937000.0,0.0,85827000.0,85827000.0,85827000.0,0.0,0.0,0.119,349727000.0,133635000.0,25819000.0,0.0,9.352,28.37,28.01,90589000.0,0.0,6.862,3.385,3.36,30925000.0,105509000.0,719403000.0,719403000.0,0.0,0.225,0.4,0.715,0.187,13793000.0,346354000.0,1.0,354819376.0,352192000.0,363808000.0,2.043,418176000.0,39154000.0,47325000.0,0.0,1.187,128160000.0
20,TPR,MRY,2001-12-31,2001-06-30,2001-06-30,2021-08-19,-487000.0,258711000.0,263986750.0,151567000.0,107144000.0,2.275,0.453,-31069000.0,3691000.0,3691000.0,218507000.0,64030000.0,1.451,0.744,11435000.0,7745000.0,3690000.0,11435000.0,0.0,24131000.0,0.0,0.0,0.0,101993000.0,126124000.0,0.21,126124000.0,101993000.0,99430000.0,0.195,0.19,0.195,148314000.0,125181750.0,148314000.0,1678950321.0,16.0,13.312,93260000.0,0.285,1.0,381984000.0,0.636,14313000.0,2563000.0,147694000.0,164542250.0,105162000.0,0.0,0.0,0.0,110397000.0,104448000.0,5949000.0,1655682321.0,3529000.0,0.0,124046000.0,-213777000.0,0.0,-89731000.0,-31069000.0,0.0,124329000.0,0.0,64030000.0,64030000.0,64030000.0,0.0,0.0,0.107,280296000.0,101688000.0,14313000.0,0.0,11.163,25.858,24.391,72388000.0,0.0,4.756,2.757,2.594,20608000.0,22650000.0,600491000.0,600491000.0,0.0,0.243,0.511,0.62,0.17,1405000.0,275727000.0,1.0,348106664.0,327440000.0,337248000.0,1.834,244398000.0,32982000.0,35400000.0,0.0,0.746,47119000.0
21,TPR,MRY,2000-12-31,2000-07-01,2000-07-01,2021-08-19,0.0,258711000.0,270399500.0,151567000.0,107144000.0,1.989,0.529,-23365000.0,3691000.0,3691000.0,220085000.0,38603000.0,1.451,0.744,11435000.0,7745000.0,3690000.0,11435000.0,0.0,22628000.0,0.0,,0.0,56050000.0,78678000.0,0.146,78678000.0,56050000.0,55630000.0,0.138,0.138,0.138,148314000.0,175738000.0,148314000.0,,,,61590000.0,0.22,1.0,317609000.0,0.591,15695000.0,420000.0,146312000.0,172176000.0,105162000.0,0.0,0.0,0.0,110397000.0,104448000.0,5949000.0,,14000.0,0.0,0.0,-32110000.0,0.0,-61576000.0,-23365000.0,0.0,84955000.0,0.0,38603000.0,38603000.0,38603000.0,0.0,0.0,0.072,261592000.0,56017000.0,14313000.0,0.0,,,,72388000.0,0.0,,,,20608000.0,212753000.0,537694000.0,537694000.0,0.0,0.143,0.22,0.326,0.104,0.0,261592000.0,1.0,339250664.0,280208000.0,280208000.0,1.919,243016000.0,32982000.0,17027000.0,0.0,0.867,47119000.0
22,TPR,MRY,1999-12-31,1999-07-03,1999-07-03,2021-08-19,-804000.0,282088000.0,,126620000.0,155468000.0,,0.725,-10873000.0,148000.0,148000.0,226190000.0,16715000.0,1.69,0.388,7833000.0,4058000.0,3775000.0,7833000.0,0.0,22256000.0,0.0,,0.0,19475000.0,41731000.0,0.082,41731000.0,19475000.0,19061000.0,0.06,0.06,0.06,203162000.0,,203162000.0,,,,84787000.0,0.303,1.0,281591000.0,0.555,16798000.0,414000.0,198040000.0,,101395000.0,0.0,0.0,0.0,78926000.0,74935000.0,3991000.0,,-35000.0,-896000.0,0.0,-83924000.0,0.0,-83924000.0,-11769000.0,0.0,95660000.0,-2000.0,16715000.0,16715000.0,16715000.0,0.0,0.0,0.033,262116000.0,19475000.0,10122000.0,0.0,,,,61151000.0,0.0,,,,65968000.0,,507781000.0,507781000.0,0.0,,,,0.038,0.0,255008000.0,1.0,,280208000.0,280208000.0,1.812,265290000.0,29846000.0,2346000.0,5694000.0,0.947,51685000.0
23,TPR,MRY,1998-12-31,1998-06-27,1998-06-27,2021-08-19,,,,,,,,-14338000.0,,,235512000.0,20663000.0,,,,,,,,22784000.0,,,0.0,25351000.0,48135000.0,0.092,48135000.0,25351000.0,24843000.0,,,,,,,,,,28177000.0,,1.0,286708000.0,0.549,,508000.0,,,,,,,,,,,-4000.0,0.0,1095000.0,-29283000.0,0.0,-28188000.0,-14338000.0,0.0,42515000.0,7000.0,20663000.0,20663000.0,20663000.0,0.0,0.0,0.04,261695000.0,25013000.0,,,,,,,0.0,,,,,,522220000.0,522220000.0,0.0,,,,0.049,0.0,261695000.0,1.0,,,,,,,4180000.0,,,
0,TPR,MRQ,2021-06-30,2021-07-03,2021-07-03,2021-08-19,-72000000.0,8382400000.0,,3375300000.0,5007100000.0,,11.678,-47100000.0,2007700000.0,2007700000.0,449300000.0,199800000.0,2.367,1.572,3436000000.0,319400000.0,3116600000.0,3436000000.0,0.0,51500000.0,0.0,0.0,0.0,258600000.0,310100000.0,0.192,310100000.0,258600000.0,242200000.0,0.71,0.7,0.71,3259300000.0,,3259300000.0,13765296400.0,14.0,11.593,332000000.0,1.19,1.0,1166100000.0,0.722,2670700000.0,16400000.0,5714200000.0,,734800000.0,0.0,0.0,0.0,5123100000.0,1425800000.0,3697300000.0,11896096400.0,356000000.0,0.0,23400000.0,-200000.0,0.0,22600000.0,-47400000.0,-300000.0,379100000.0,1700000.0,199800000.0,199800000.0,199800000.0,0.0,0.0,0.124,906400000.0,259700000.0,445200000.0,0.0,3.65,14.26,14.22,2174700000.0,0.0,42.66,2.07,2.063,200200000.0,-158500000.0,1615400000.0,1615400000.0,0.0,,,,,17400000.0,906400000.0,1.0,278858331.0,279100000.0,287500000.0,5.788,5711700000.0,254600000.0,42400000.0,203900000.0,20.465,1949500000.0
1,TPR,MRQ,2021-03-31,2021-03-27,2021-03-27,2021-08-19,-71800000.0,7966000000.0,,2896600000.0,5069400000.0,,10.838,-19200000.0,1651700000.0,1651700000.0,361400000.0,91700000.0,2.244,1.642,3520900000.0,354600000.0,3166300000.0,3520900000.0,0.0,64800000.0,0.0,0.0,0.0,112300000.0,177100000.0,0.139,177100000.0,112300000.0,95400000.0,0.33,0.32,0.33,3015000000.0,,3015000000.0,13779633541.0,32.0,21.193,179100000.0,0.644,1.0,911900000.0,0.716,2674900000.0,16900000.0,5869200000.0,,700300000.0,7500000.0,7500000.0,0.0,4951000000.0,1291100000.0,3659900000.0,11613633541.0,9100000.0,0.0,31600000.0,-200200000.0,0.0,-169700000.0,-17800000.0,1400000.0,198300000.0,-1700000.0,91700000.0,91700000.0,91700000.0,0.0,0.0,0.072,795200000.0,116700000.0,409500000.0,0.0,3.852,34.098,33.984,2229000000.0,0.0,41.8,2.397,2.4,240600000.0,-358300000.0,1273300000.0,1273300000.0,0.0,,,,,17800000.0,795200000.0,1.0,277838123.0,278200000.0,285600000.0,4.577,5291100000.0,211700000.0,3700000.0,268200000.0,19.019,1605500000.0
2,TPR,MRQ,2020-12-31,2020-12-26,2020-12-26,2021-08-19,-50400000.0,8150400000.0,,2877200000.0,5273200000.0,,10.417,-23700000.0,1642600000.0,1642600000.0,511700000.0,311000000.0,1.877,1.82,3808600000.0,560400000.0,3248200000.0,3808600000.0,0.0,51200000.0,0.0,0.011,0.0,393000000.0,444200000.0,0.264,444200000.0,393000000.0,374300000.0,1.12,1.11,1.12,2890700000.0,,2890700000.0,11425458163.0,-31.0,-76.939,632600000.0,2.28,1.0,1173700000.0,0.696,2693400000.0,18700000.0,6089900000.0,,631900000.0,9200000.0,9200000.0,0.0,5259700000.0,1533100000.0,3726600000.0,8557958163.0,128700000.0,0.0,6200000.0,-511700000.0,0.0,-510500000.0,-23800000.0,-100000.0,656300000.0,6700000.0,311000000.0,311000000.0,311000000.0,0.0,0.0,0.185,784300000.0,389400000.0,386300000.0,0.0,2.961,-19.986,-19.903,2405100000.0,0.0,30.85,1.842,1.843,331700000.0,-450000000.0,1685400000.0,1685400000.0,0.0,,,,,14900000.0,784300000.0,1.0,277405451.0,277500000.0,281000000.0,6.074,5457000000.0,165700000.0,63300000.0,275800000.0,19.665,1344100000.0
3,TPR,MRQ,2020-09-30,2020-09-26,2020-09-26,2021-08-19,-76500000.0,8133400000.0,,2845500000.0,5287900000.0,,9.141,-2100000.0,1513900000.0,1513900000.0,342000000.0,231700000.0,1.564,2.215,4381400000.0,1052900000.0,3328500000.0,4381400000.0,0.0,51200000.0,0.0,0.041,0.0,204800000.0,256000000.0,0.218,256000000.0,204800000.0,185400000.0,0.84,0.83,0.84,2530100000.0,,2530100000.0,7581005607.0,-19.0,-46.538,87900000.0,0.318,1.0,830200000.0,0.708,2685000000.0,19400000.0,6496900000.0,,811200000.0,8500000.0,8500000.0,0.0,5603300000.0,1819000000.0,3784300000.0,4519305607.0,87600000.0,0.0,0.0,-200000.0,0.0,-8400000.0,-2000000.0,100000.0,90000000.0,8000000.0,231700000.0,231700000.0,231700000.0,0.0,0.0,0.198,628000000.0,202200000.0,296000000.0,0.0,1.786,-10.262,-10.289,2445600000.0,0.0,16.36,0.946,0.948,251100000.0,-761000000.0,1172200000.0,1172200000.0,0.0,,,,,14000000.0,628000000.0,1.0,276241174.0,276800000.0,277900000.0,4.235,5448400000.0,172600000.0,-46300000.0,265600000.0,19.684,1026500000.0
4,TPR,MRQ,2020-06-30,2020-06-27,2020-06-27,2021-08-19,-92200000.0,7924200000.0,,2553100000.0,5371100000.0,,8.242,-32500000.0,1426300000.0,1426300000.0,215900000.0,-293800000.0,1.466,2.481,4488000000.0,1100300000.0,3387700000.0,4488000000.0,0.0,53400000.0,0.0,0.081,0.0,-280500000.0,-227100000.0,-0.318,-227100000.0,-280500000.0,-300800000.0,-1.06,-1.06,-1.06,2276400000.0,,2276400000.0,6571836037.0,-12.0,-20.81,-71600000.0,-0.259,1.0,498900000.0,0.698,2680500000.0,20300000.0,6563300000.0,,736900000.0,0.0,0.0,0.0,5647800000.0,1742100000.0,3905700000.0,3465036037.0,683700000.0,0.0,2600000.0,699800000.0,-93200000.0,609000000.0,113500000.0,146000000.0,-39100000.0,300000.0,-293800000.0,-293800000.0,-293800000.0,0.0,0.0,-0.411,778900000.0,-280000000.0,130800000.0,0.0,1.522,-5.314,-5.363,2532200000.0,0.0,12.55,0.698,0.705,193300000.0,-992700000.0,714800000.0,714800000.0,0.0,,,,,6100000.0,301200000.0,1.0,276098489.0,276200000.0,276200000.0,2.588,5243700000.0,46000000.0,-7000000.0,155100000.0,18.985,811000000.0
5,TPR,MRQ,2020-03-31,2020-03-28,2020-03-28,2021-08-19,-96700000.0,7743000000.0,,2131900000.0,5611100000.0,,9.247,-50700000.0,742600000.0,742600000.0,456500000.0,-677100000.0,1.872,2.033,3849400000.0,364900000.0,3484500000.0,3849400000.0,0.0,69900000.0,0.0,0.097,0.338,-691500000.0,-621600000.0,-0.579,-621600000.0,-691500000.0,-705000000.0,-2.45,-2.45,-2.45,2553100000.0,,2553100000.0,6771660705.0,-60.0,42.429,-166300000.0,-0.602,1.0,616200000.0,0.574,2679600000.0,13500000.0,7031300000.0,,852900000.0,155600000.0,155600000.0,0.0,5189900000.0,1138900000.0,4051000000.0,3839560705.0,-154300000.0,0.0,0.0,-200000.0,-93100000.0,-96600000.0,58700000.0,109400000.0,-115600000.0,-800000.0,-677100000.0,-677100000.0,-677100000.0,0.0,0.0,-0.631,1301700000.0,-685500000.0,200100000.0,-0.138,1.504,-18.336,-17.608,2789600000.0,0.0,13.91,0.667,0.667,190400000.0,-699000000.0,1072700000.0,1072700000.0,0.0,,,,,13200000.0,1301700000.0,1.0,276028807.0,276100000.0,276100000.0,3.885,5063400000.0,71000000.0,-27900000.0,351600000.0,18.339,993000000.0
6,TPR,MRQ,2019-12-31,2019-12-28,2019-12-28,2021-08-19,-85000000.0,8700100000.0,,2511400000.0,6188700000.0,,12.038,-50300000.0,896900000.0,896900000.0,606300000.0,298800000.0,2.005,1.619,3829000000.0,329800000.0,3499200000.0,3829000000.0,0.0,60800000.0,0.0,0.05,0.338,369000000.0,429800000.0,0.237,429800000.0,369000000.0,355000000.0,1.08,1.08,1.08,3322400000.0,,3322400000.0,10786650138.0,16.0,11.348,505700000.0,1.832,1.0,1209700000.0,0.666,3161100000.0,14000000.0,7218800000.0,,748300000.0,269800000.0,269800000.0,0.0,5377700000.0,1252300000.0,4125400000.0,7417150138.0,374800000.0,0.0,-31400000.0,-200000.0,-97200000.0,-129100000.0,-54300000.0,-4000000.0,556000000.0,2200000.0,298800000.0,298800000.0,298800000.0,0.0,0.0,0.165,846600000.0,363100000.0,252400000.0,0.313,2.232,12.677,13.049,2882800000.0,0.0,26.88,1.232,1.233,363500000.0,71300000.0,1816000000.0,1816000000.0,0.0,,,,,16700000.0,846600000.0,1.0,275935645.0,276000000.0,276700000.0,6.58,5539000000.0,79400000.0,56200000.0,380500000.0,20.069,1259100000.0
7,TPR,MRQ,2019-09-30,2019-09-28,2019-09-28,2021-08-19,-96000000.0,8450100000.0,,2203900000.0,6246200000.0,,10.854,-71900000.0,522100000.0,522100000.0,443400000.0,20000000.0,1.818,1.737,3891600000.0,328900000.0,3562700000.0,3891600000.0,0.0,64200000.0,0.0,0.052,0.338,38900000.0,103100000.0,0.076,103100000.0,38900000.0,26600000.0,0.07,0.07,0.07,3086900000.0,,3086900000.0,8088722559.0,12.0,8.367,-66200000.0,-0.233,1.0,914500000.0,0.673,3163100000.0,12300000.0,7444500000.0,,880200000.0,266300000.0,266300000.0,0.0,5363200000.0,1212000000.0,4151200000.0,7455222559.0,-447100000.0,0.0,-266900000.0,-200000.0,-96800000.0,-377400000.0,-73600000.0,-1700000.0,5700000.0,-1800000.0,20000000.0,20000000.0,20000000.0,0.0,0.0,0.015,862900000.0,51600000.0,254300000.0,4.829,2.415,13.778,13.973,2946400000.0,0.0,25.99,1.242,1.231,313100000.0,-134300000.0,1357900000.0,1357900000.0,0.0,,,,,17100000.0,862900000.0,1.0,286849656.0,284400000.0,285700000.0,4.775,5287000000.0,81300000.0,6600000.0,349800000.0,18.59,991900000.0
8,TPR,MRQ,2019-06-30,2019-06-29,2019-06-29,2021-08-19,-83200000.0,6877300000.0,,2556800000.0,4320500000.0,,12.153,-90000000.0,969200000.0,969200000.0,514500000.0,148900000.0,2.785,0.957,1602700000.0,800000.0,1601900000.0,1602700000.0,0.0,78400000.0,0.0,0.043,0.338,169900000.0,248300000.0,0.164,248300000.0,169900000.0,158900000.0,0.51,0.51,0.51,3513400000.0,,3513400000.0,9732913852.0,12.0,8.993,99600000.0,0.345,1.0,999200000.0,0.66,3228100000.0,11000000.0,3364700000.0,,778300000.0,264700000.0,264600000.0,100000.0,3363900000.0,918000000.0,2445900000.0,9206013852.0,-106100000.0,-4100000.0,-96300000.0,-100000.0,-97900000.0,-197700000.0,-96500000.0,-2400000.0,189600000.0,-1500000.0,148900000.0,148900000.0,148900000.0,0.0,0.0,0.098,828100000.0,171100000.0,243600000.0,0.663,2.62,14.308,14.293,938800000.0,0.0,31.73,1.527,1.524,298100000.0,291600000.0,1513700000.0,1513700000.0,0.0,,,,,19400000.0,828100000.0,1.0,290135955.0,289100000.0,289600000.0,5.236,3649200000.0,75200000.0,10000000.0,390000000.0,12.623,1638800000.0
9,TPR,MRQ,2019-03-31,2019-03-30,2019-03-30,2021-08-19,-90500000.0,6969900000.0,,2662400000.0,4307500000.0,,12.177,-67800000.0,1075300000.0,1075300000.0,415500000.0,117400000.0,2.671,0.974,1602200000.0,700000.0,1601500000.0,1602200000.0,0.0,63500000.0,0.0,0.042,0.338,105800000.0,169300000.0,0.127,169300000.0,105800000.0,95200000.0,0.4,0.4,0.4,3531200000.0,,3531200000.0,9786085577.0,12.0,8.954,-64300000.0,-0.222,1.0,915900000.0,0.688,3220900000.0,10600000.0,3279300000.0,,811100000.0,262100000.0,262000000.0,100000.0,3438700000.0,996600000.0,2442100000.0,9421385577.0,-161700000.0,-1700000.0,800000.0,-300000.0,-97900000.0,-99800000.0,-72200000.0,-2700000.0,3500000.0,6800000.0,117400000.0,117400000.0,117400000.0,0.0,0.0,0.088,806100000.0,109800000.0,260600000.0,0.845,2.668,13.341,13.316,921600000.0,0.0,32.49,1.571,1.571,285700000.0,340200000.0,1331400000.0,1331400000.0,0.0,,,,,22300000.0,806100000.0,1.0,289978011.0,290000000.0,290900000.0,4.591,3749000000.0,66900000.0,-22200000.0,477500000.0,12.928,1665800000.0
10,TPR,MRQ,2018-12-31,2018-12-29,2018-12-29,2021-08-19,-91500000.0,7119300000.0,,2828500000.0,4290800000.0,,12.033,-61200000.0,1237000000.0,1237000000.0,597300000.0,254800000.0,2.616,1.041,1601700000.0,700000.0,1601000000.0,1601700000.0,0.0,65300000.0,0.0,0.04,0.338,380700000.0,446000000.0,0.248,446000000.0,380700000.0,367500000.0,0.88,0.88,0.88,3488400000.0,,3488400000.0,10494502490.0,12.0,9.166,557200000.0,1.922,1.0,1203500000.0,0.668,3225300000.0,13200000.0,3177600000.0,,732400000.0,258300000.0,258200000.0,100000.0,3630900000.0,1081100000.0,2549800000.0,9798002490.0,332300000.0,-22000000.0,4600000.0,-100000.0,-97700000.0,-93800000.0,-182500000.0,-99300000.0,618400000.0,-9800000.0,254800000.0,254800000.0,254800000.0,0.0,0.0,0.141,827000000.0,376500000.0,299100000.0,0.384,2.809,13.438,13.364,896000000.0,0.0,33.81,1.636,1.637,360500000.0,320700000.0,1800800000.0,1800800000.0,0.0,,,,,21100000.0,827000000.0,1.0,289795992.0,289900000.0,291000000.0,6.212,3894000000.0,89900000.0,112700000.0,476400000.0,13.432,1747400000.0
11,TPR,MRQ,2018-09-30,2018-09-29,2018-09-29,2021-08-19,-88100000.0,6703300000.0,,2467500000.0,4235800000.0,,11.46,-55200000.0,904700000.0,904700000.0,446100000.0,122300000.0,2.743,1.025,1601200000.0,700000.0,1600500000.0,1601200000.0,0.0,61000000.0,0.0,0.027,0.338,157700000.0,218700000.0,0.158,218700000.0,157700000.0,144600000.0,0.42,0.42,0.42,3309600000.0,,3309600000.0,14836920178.0,17.0,13.414,-74300000.0,-0.257,1.0,935100000.0,0.677,3213500000.0,13100000.0,3286900000.0,,820900000.0,158500000.0,158500000.0,0.0,3393700000.0,899400000.0,2494300000.0,14479720178.0,-338700000.0,-15700000.0,26200000.0,-200000.0,-97200000.0,-94300000.0,-223000000.0,-152100000.0,-19100000.0,-2300000.0,122300000.0,122300000.0,122300000.0,0.0,0.0,0.089,772800000.0,162300000.0,292900000.0,0.805,4.375,26.939,26.882,888300000.0,0.0,50.27,2.424,2.431,283100000.0,163700000.0,1381200000.0,1381200000.0,0.0,,,,,22000000.0,772800000.0,1.0,288038993.0,288800000.0,292000000.0,4.783,3489800000.0,115600000.0,22300000.0,443200000.0,12.084,1568100000.0
12,TPR,MRQ,2018-06-30,2018-06-30,2018-06-30,2021-08-19,-82800000.0,6678300000.0,,2432600000.0,4245700000.0,,11.286,-80800000.0,1243400000.0,1243400000.0,481900000.0,211700000.0,2.593,1.058,1600600000.0,700000.0,1599900000.0,1600600000.0,0.0,71700000.0,0.0,0.029,0.338,187200000.0,258900000.0,0.174,258900000.0,187200000.0,172800000.0,0.74,0.73,0.74,3244600000.0,,3244600000.0,14012465234.0,21.0,15.049,330200000.0,1.149,1.0,1001800000.0,0.675,3217200000.0,14400000.0,2880100000.0,,673800000.0,6600000.0,6600000.0,0.0,3433700000.0,938200000.0,2495500000.0,13443965234.0,211700000.0,-2600000.0,5800000.0,-800000.0,-97000000.0,-92300000.0,-83700000.0,-300000.0,411000000.0,-23300000.0,211700000.0,211700000.0,211700000.0,0.0,0.0,0.143,813400000.0,188400000.0,264300000.0,0.457,4.143,33.821,33.604,885400000.0,0.0,46.71,2.286,2.267,314100000.0,119000000.0,1483700000.0,1483700000.0,0.0,,,,,20400000.0,813400000.0,1.0,287817710.0,287500000.0,291000000.0,5.161,3461100000.0,50100000.0,-38900000.0,428600000.0,12.039,1494400000.0
13,TPR,MRQ,2018-03-31,2018-03-31,2018-03-31,2021-08-19,-46400000.0,6588000000.0,,2288300000.0,4299700000.0,,10.964,-60100000.0,1031700000.0,1031700000.0,414800000.0,140300000.0,2.661,1.099,1600200000.0,700000.0,1599500000.0,1600200000.0,0.0,62300000.0,0.0,0.026,0.338,159000000.0,221300000.0,0.167,221300000.0,159000000.0,142100000.0,0.49,0.48,0.49,3138000000.0,,3138000000.0,15610765011.0,23.0,16.798,95400000.0,0.333,1.0,907600000.0,0.686,3253800000.0,16900000.0,3042600000.0,,714300000.0,6700000.0,6600000.0,100000.0,3450000000.0,860100000.0,2589900000.0,14987665011.0,-1033300000.0,-53000000.0,99600000.0,-1100000000.0,-96100000.0,-1098400000.0,-92600000.0,20500000.0,155500000.0,2200000.0,140300000.0,140300000.0,140300000.0,0.0,0.0,0.106,748600000.0,159000000.0,221900000.0,0.69,4.776,44.408,44.21,889400000.0,0.0,52.61,2.71,2.723,292300000.0,4500000.0,1322400000.0,1322400000.0,0.0,,,,,22400000.0,748600000.0,1.0,284882437.0,286200000.0,290100000.0,4.621,3334200000.0,131600000.0,1800000.0,511000000.0,11.65,1428200000.0
14,TPR,MRQ,2017-12-31,2017-12-30,2017-12-30,2021-08-19,-72300000.0,7481200000.0,,3282300000.0,4198900000.0,,10.367,-77600000.0,2065000000.0,2065000000.0,608800000.0,63200000.0,1.896,1.537,2688100000.0,800600000.0,1887500000.0,2688100000.0,0.0,60800000.0,0.0,0.031,0.338,346400000.0,407200000.0,0.228,407200000.0,346400000.0,324200000.0,0.22,0.22,0.22,2949400000.0,,2949400000.0,13893416733.0,21.0,15.308,457200000.0,1.607,1.0,1176200000.0,0.659,3147700000.0,22200000.0,3225200000.0,,666200000.0,54100000.0,26800000.0,27300000.0,4531800000.0,1731400000.0,2800400000.0,12577916733.0,691700000.0,0.0,16800000.0,0.0,-95900000.0,-82400000.0,233100000.0,310700000.0,534800000.0,6200000.0,63200000.0,63200000.0,63200000.0,0.0,0.0,0.035,829800000.0,346400000.0,234800000.0,1.536,4.265,39.38,38.798,877000000.0,0.0,44.23,2.417,2.419,347800000.0,-38800000.0,1785000000.0,1785000000.0,0.0,,,,,18500000.0,829800000.0,1.0,284375237.0,284500000.0,286400000.0,6.274,4333500000.0,71800000.0,261000000.0,450600000.0,15.232,1550900000.0
15,TPR,MRQ,2017-09-30,2017-09-30,2017-09-30,2021-08-19,-81300000.0,7454400000.0,,3022300000.0,4432100000.0,,10.381,-48900000.0,1373300000.0,1373300000.0,526000000.0,-17700000.0,1.742,1.536,2688800000.0,800600000.0,1888200000.0,2688800000.0,0.0,65500000.0,0.0,0.034,0.338,-21800000.0,43700000.0,0.034,43700000.0,-21800000.0,-42300000.0,-0.06,-0.06,-0.06,2940000000.0,,2940000000.0,10289111877.0,17.0,12.461,-152700000.0,-0.539,1.0,762900000.0,0.592,3163300000.0,20500000.0,3871700000.0,,852800000.0,367600000.0,297600000.0,70000000.0,4514400000.0,1734900000.0,2779500000.0,11382511877.0,-1299600000.0,-2320200000.0,43500000.0,1100000000.0,-95100000.0,1022400000.0,-2221600000.0,147500000.0,-103800000.0,3400000.0,-17700000.0,-17700000.0,-17700000.0,0.0,0.0,-0.014,784700000.0,-21800000.0,292700000.0,-5.633,3.872,24.967,24.712,860800000.0,0.0,40.28,2.402,2.407,302700000.0,-5900000.0,1288900000.0,1288900000.0,0.0,,,,,20000000.0,784700000.0,1.0,282584704.0,283200000.0,286700000.0,4.551,4291100000.0,269100000.0,-24600000.0,0.0,15.152,1287400000.0
16,TPR,MRQ,2017-06-30,2017-07-01,2017-07-01,2021-08-19,-86900000.0,5831600000.0,,3953300000.0,1878300000.0,,10.653,-91000000.0,2672900000.0,2672900000.0,379300000.0,151700000.0,5.244,0.943,1579500000.0,0.0,1579500000.0,1579500000.0,0.0,64100000.0,0.0,0.029,0.338,193000000.0,257100000.0,0.227,257100000.0,193000000.0,179400000.0,0.54,0.53,0.54,3001900000.0,,3001900000.0,12505929770.0,16.0,12.503,232800000.0,0.826,1.0,754500000.0,0.665,821300000.0,13600000.0,3163100000.0,,469700000.0,485800000.0,410700000.0,75100000.0,2829700000.0,753800000.0,2075900000.0,13308629770.0,1278400000.0,0.0,29700000.0,987400000.0,-94800000.0,919700000.0,30500000.0,115200000.0,323800000.0,4400000.0,151700000.0,151700000.0,151700000.0,0.0,0.0,0.134,561500000.0,193000000.0,194600000.0,0.626,4.433,22.519,22.436,691400000.0,0.0,47.34,2.965,2.96,268000000.0,107700000.0,1133800000.0,1133800000.0,0.0,,,,,21300000.0,561500000.0,1.0,281128639.0,281800000.0,284600000.0,4.023,5010300000.0,212000000.0,27700000.0,63300000.0,17.78,3199500000.0
17,TPR,MRQ,2017-03-31,2017-04-01,2017-04-01,2021-08-19,-93800000.0,4661000000.0,,2769600000.0,1891400000.0,,10.299,-70400000.0,1394500000.0,1394500000.0,289500000.0,122200000.0,4.353,0.612,591800000.0,0.0,591800000.0,591800000.0,0.0,48500000.0,0.0,0.033,0.338,151100000.0,199600000.0,0.201,199600000.0,151100000.0,147100000.0,0.44,0.43,0.44,2891900000.0,,2891900000.0,10879762049.0,15.0,11.905,131500000.0,0.468,1.0,705700000.0,0.709,824000000.0,4000000.0,2398000000.0,,478700000.0,601800000.0,497400000.0,104400000.0,1769100000.0,636300000.0,1132800000.0,11597862049.0,84800000.0,0.0,14000000.0,0.0,-94700000.0,-83200000.0,-37300000.0,33400000.0,201900000.0,3400000.0,122200000.0,122200000.0,122200000.0,0.0,0.0,0.123,554600000.0,151100000.0,129200000.0,0.768,4.01,22.269,22.22,661200000.0,0.0,41.33,2.572,2.574,203400000.0,51100000.0,995200000.0,995200000.0,0.0,,,,,19600000.0,554600000.0,1.0,280616067.0,280800000.0,282900000.0,3.544,3837000000.0,234400000.0,24900000.0,0.0,13.665,2133300000.0
18,TPR,MRQ,2016-12-31,2016-12-31,2016-12-31,2021-08-19,-115700000.0,4678700000.0,,2765700000.0,1913000000.0,,10.022,71900000.0,1309700000.0,1309700000.0,415500000.0,199700000.0,3.867,0.664,591600000.0,0.0,591600000.0,591600000.0,0.0,47900000.0,0.0,0.039,0.338,277400000.0,325300000.0,0.246,325300000.0,277400000.0,272300000.0,0.71,0.71,0.71,2811100000.0,,2811100000.0,9409788884.0,14.0,10.477,438100000.0,1.562,1.0,906200000.0,0.686,811900000.0,5100000.0,2433500000.0,,464900000.0,636300000.0,526200000.0,110100000.0,1867600000.0,715200000.0,1152400000.0,9818388884.0,309700000.0,0.0,6000000.0,0.0,-94500000.0,-89600000.0,44200000.0,-30300000.0,366200000.0,-11100000.0,199700000.0,199700000.0,199700000.0,0.0,0.0,0.151,628800000.0,277400000.0,152500000.0,0.476,3.493,19.21,19.242,641200000.0,0.0,35.02,2.159,2.16,269600000.0,23700000.0,1321700000.0,1321700000.0,0.0,,,,,20900000.0,628800000.0,1.0,280365188.0,280500000.0,281800000.0,4.712,3866800000.0,273800000.0,72600000.0,0.0,13.785,2050500000.0
19,TPR,MRQ,2016-09-30,2016-10-01,2016-10-01,2021-08-19,-67600000.0,4584600000.0,,2505200000.0,2079400000.0,,9.762,-67600000.0,1000000000.0,1000000000.0,322900000.0,117400000.0,3.593,0.68,591400000.0,0.0,591400000.0,591400000.0,0.0,52300000.0,0.0,0.037,0.338,165900000.0,218200000.0,0.21,218200000.0,165900000.0,160200000.0,0.42,0.42,0.42,2728500000.0,,2728500000.0,10215350962.0,15.0,11.523,-105700000.0,-0.378,1.0,714700000.0,0.689,851000000.0,5700000.0,2627800000.0,,546800000.0,607600000.0,533200000.0,74400000.0,1856100000.0,697200000.0,1158900000.0,10198150962.0,141000000.0,0.0,20700000.0,-285000000.0,-94000000.0,-377400000.0,555600000.0,630000000.0,-38100000.0,900000.0,117400000.0,117400000.0,117400000.0,0.0,0.0,0.113,548800000.0,165900000.0,173500000.0,0.805,3.738,21.18,21.256,774600000.0,0.0,36.56,2.267,2.271,245100000.0,-81300000.0,1037600000.0,1037600000.0,0.0,,,,,15600000.0,548800000.0,1.0,278942860.0,279500000.0,281900000.0,3.712,3733600000.0,248800000.0,42800000.0,0.0,13.358,1808000000.0
20,TPR,MRQ,2016-06-30,2016-07-02,2016-07-02,2021-08-19,-72900000.0,4892700000.0,,2172900000.0,2719800000.0,,9.644,-120000000.0,859000000.0,859000000.0,371900000.0,81500000.0,2.628,0.824,876200000.0,15000000.0,861200000.0,876200000.0,0.0,54000000.0,0.0,0.033,0.338,116800000.0,170800000.0,0.148,170800000.0,116800000.0,109400000.0,0.29,0.29,0.29,2682900000.0,,2682900000.0,11386048622.0,17.0,13.177,129400000.0,0.465,1.0,782700000.0,0.678,849200000.0,7400000.0,3234000000.0,,459200000.0,1019000000.0,460400000.0,558600000.0,2209800000.0,826700000.0,1383100000.0,11324148622.0,37400000.0,-25600000.0,20300000.0,-7500000.0,-93800000.0,-80300000.0,-135100000.0,11100000.0,249400000.0,3400000.0,81500000.0,81500000.0,81500000.0,0.0,0.0,0.071,665900000.0,116800000.0,186700000.0,1.166,4.221,24.591,24.536,919500000.0,0.0,40.73,2.521,2.517,245200000.0,-104100000.0,1154600000.0,1154600000.0,0.0,,,,,19800000.0,665900000.0,1.0,278029674.0,278200000.0,281100000.0,4.15,4043500000.0,262400000.0,27900000.0,0.0,14.535,1346200000.0
21,TPR,MRQ,2016-03-31,2016-03-26,2016-03-26,2021-08-19,-92100000.0,4676500000.0,,2265100000.0,2411400000.0,,9.451,-100900000.0,821600000.0,821600000.0,320100000.0,112500000.0,3.097,0.781,883500000.0,15000000.0,868500000.0,883500000.0,0.0,49500000.0,0.0,0.035,0.338,134300000.0,183800000.0,0.178,183800000.0,134300000.0,127800000.0,0.4,0.4,0.4,2625400000.0,,2625400000.0,10784488165.0,19.0,13.709,98300000.0,0.354,1.0,713000000.0,0.69,803200000.0,6500000.0,3203700000.0,,464100000.0,1028700000.0,460800000.0,567900000.0,2051100000.0,731500000.0,1319600000.0,10741288165.0,-22200000.0,0.0,4100000.0,-3800000.0,-93700000.0,-95700000.0,-129200000.0,-20000000.0,199200000.0,3500000.0,112500000.0,112500000.0,112500000.0,0.0,0.0,0.109,578700000.0,134300000.0,174600000.0,0.845,4.091,27.492,27.629,823200000.0,0.0,38.68,2.474,2.475,263200000.0,-91700000.0,1033100000.0,1033100000.0,0.0,,,,,21900000.0,578700000.0,1.0,277696178.0,277800000.0,279500000.0,3.719,3873300000.0,92700000.0,15300000.0,0.0,13.943,1533600000.0
22,TPR,MRQ,2015-12-31,2015-12-26,2015-12-26,2021-08-19,-108300000.0,4603700000.0,,2301600000.0,2302100000.0,,9.248,-106000000.0,843800000.0,843800000.0,414700000.0,170100000.0,3.269,0.793,887000000.0,15000000.0,872000000.0,887000000.0,0.0,52700000.0,0.0,0.041,0.338,261000000.0,313700000.0,0.246,313700000.0,261000000.0,254700000.0,0.61,0.61,0.61,2567300000.0,,2567300000.0,8985563222.0,16.0,11.605,196000000.0,0.706,1.0,859100000.0,0.674,787800000.0,6300000.0,3155100000.0,,438500000.0,1008400000.0,493300000.0,515100000.0,2036400000.0,704000000.0,1332400000.0,9060963222.0,-122200000.0,0.0,1800000.0,-3700000.0,-93700000.0,-98200000.0,-325300000.0,-219300000.0,302000000.0,-700000.0,170100000.0,170100000.0,170100000.0,0.0,0.0,0.134,598100000.0,261000000.0,147700000.0,0.554,3.529,24.736,24.735,784400000.0,0.0,32.65,2.138,2.139,303600000.0,-110400000.0,1273800000.0,1273800000.0,0.0,,,,,23000000.0,598100000.0,1.0,277518016.0,277600000.0,278400000.0,4.589,3815900000.0,83600000.0,84600000.0,0.0,13.746,1597600000.0
23,TPR,MRQ,2015-09-30,2015-09-26,2015-09-26,2021-08-19,-103100000.0,4554400000.0,,2351600000.0,2202800000.0,,8.926,-69500000.0,966000000.0,966000000.0,333800000.0,96400000.0,3.131,0.841,890600000.0,15000000.0,875600000.0,890600000.0,0.0,54400000.0,0.0,0.047,0.338,141400000.0,195800000.0,0.19,195800000.0,141400000.0,134700000.0,0.35,0.35,0.35,2473500000.0,,2473500000.0,7476938441.0,13.0,9.555,-61500000.0,-0.222,1.0,696500000.0,0.676,790300000.0,6700000.0,2937700000.0,,574700000.0,790600000.0,310200000.0,480400000.0,2080900000.0,751000000.0,1329900000.0,7878338441.0,-325800000.0,0.0,2900000.0,0.0,-93300000.0,-110700000.0,-220400000.0,-150900000.0,8000000.0,-2700000.0,96400000.0,96400000.0,96400000.0,0.0,0.0,0.094,555100000.0,141400000.0,215700000.0,0.966,3.185,20.749,20.638,727400000.0,0.0,28.48,1.883,1.887,246900000.0,-186800000.0,1030300000.0,1030300000.0,0.0,,,,,31100000.0,555100000.0,1.0,276627052.0,277100000.0,278300000.0,3.718,3764100000.0,79400000.0,38300000.0,0.0,13.584,1600600000.0
24,TPR,MRQ,2015-06-30,2015-06-27,2015-06-27,2021-08-19,-77700000.0,4666900000.0,,2506500000.0,2160400000.0,,9.012,-74800000.0,1291800000.0,1291800000.0,316400000.0,11700000.0,3.003,0.874,890400000.0,11300000.0,879100000.0,890400000.0,0.0,54600000.0,0.0,0.037,0.338,38800000.0,93400000.0,0.093,93400000.0,38800000.0,32500000.0,0.04,0.04,0.04,2489900000.0,,2489900000.0,9094198540.0,15.0,11.23,111800000.0,0.405,1.0,687700000.0,0.685,794100000.0,6300000.0,2636700000.0,,485100000.0,640000000.0,234000000.0,406000000.0,2177000000.0,834700000.0,1342300000.0,9979498540.0,-490200000.0,-519600000.0,14800000.0,0.0,-93200000.0,-80000000.0,-594700000.0,-1400000.0,186600000.0,-2100000.0,11700000.0,11700000.0,11700000.0,0.0,0.0,0.012,648900000.0,38800000.0,222800000.0,8.45,4.008,24.8,24.74,732600000.0,0.0,36.12,2.381,2.376,219500000.0,-189600000.0,1004100000.0,1004100000.0,0.0,,,,,22800000.0,648900000.0,1.0,276287335.0,276300000.0,278400000.0,3.634,3872800000.0,214200000.0,20800000.0,0.0,14.017,1671800000.0
25,TPR,MRQ,2015-03-31,2015-03-28,2015-03-28,2021-08-19,-74300000.0,4512700000.0,,2898000000.0,1614700000.0,,9.207,-44900000.0,1782000000.0,1782000000.0,263800000.0,88100000.0,4.194,0.776,896700000.0,7500000.0,889200000.0,896700000.0,0.0,47400000.0,0.0,0.033,0.338,124000000.0,171400000.0,0.184,171400000.0,124000000.0,122800000.0,0.32,0.32,0.32,2540300000.0,,2540300000.0,10578280634.0,16.0,12.194,122300000.0,0.443,1.0,665500000.0,0.716,315600000.0,1200000.0,2620800000.0,,456900000.0,638900000.0,239200000.0,399700000.0,1972400000.0,691000000.0,1281400000.0,11394580634.0,945700000.0,0.0,9300000.0,870100000.0,-93000000.0,784000000.0,-5100000.0,51400000.0,167200000.0,-400000.0,88100000.0,88100000.0,88100000.0,0.0,0.0,0.095,541500000.0,124000000.0,165300000.0,1.056,4.486,24.457,24.3,668400000.0,0.0,41.31,2.635,2.636,196900000.0,-107900000.0,929300000.0,929300000.0,0.0,,,,,22600000.0,541500000.0,1.0,275831049.0,275900000.0,277400000.0,3.368,4197100000.0,94000000.0,34700000.0,0.0,15.212,2207000000.0
26,TPR,MRQ,2014-12-31,2014-12-27,2014-12-27,2021-08-19,-70300000.0,3617200000.0,,1947400000.0,1669800000.0,,9.136,-39200000.0,836300000.0,836300000.0,379400000.0,183500000.0,2.722,0.437,20000000.0,20000000.0,0.0,20000000.0,0.0,46500000.0,0.0,0.036,0.338,275400000.0,321900000.0,0.264,321900000.0,275400000.0,275800000.0,0.67,0.66,0.67,2518000000.0,,2518000000.0,9739012344.0,12.0,9.7,405500000.0,1.471,1.0,840000000.0,0.689,315500000.0,-400000.0,1770000000.0,,447200000.0,693200000.0,228600000.0,464600000.0,1099200000.0,715400000.0,383800000.0,10229912344.0,175400000.0,0.0,3400000.0,-150000000.0,-93000000.0,-243200000.0,-19100000.0,20100000.0,444700000.0,-7000000.0,183500000.0,183500000.0,183500000.0,0.0,0.0,0.15,564600000.0,275400000.0,160500000.0,0.504,4.063,17.995,17.932,684000000.0,0.0,37.12,2.276,2.276,228500000.0,-102900000.0,1219400000.0,1219400000.0,0.0,,,,,25600000.0,564600000.0,1.0,275590311.0,275600000.0,276500000.0,4.425,3301700000.0,99200000.0,92300000.0,0.0,11.98,1232000000.0
27,TPR,MRQ,2014-09-30,2014-09-27,2014-09-27,2021-08-19,-35600000.0,3671000000.0,,1938800000.0,1732200000.0,,8.873,-40400000.0,660900000.0,660900000.0,323400000.0,119100000.0,2.372,0.504,170000000.0,170000000.0,0.0,170000000.0,0.0,43300000.0,0.0,0.037,0.338,179800000.0,223100000.0,0.215,223100000.0,179800000.0,180500000.0,0.43,0.43,0.43,2440100000.0,,2440100000.0,9525933986.0,10.0,8.17,98500000.0,0.358,1.0,715400000.0,0.689,339400000.0,-700000.0,2023200000.0,,597400000.0,714300000.0,246600000.0,467700000.0,1230900000.0,817500000.0,413400000.0,9977371986.0,69000000.0,0.0,9000000.0,29500000.0,-92600000.0,-71500000.0,6000000.0,46400000.0,138900000.0,-4400000.0,119100000.0,119100000.0,119100000.0,0.0,0.0,0.115,535600000.0,179800000.0,173700000.0,0.786,4.089,14.621,14.709,701200000.0,0.0,36.33,2.125,2.128,209000000.0,-193300000.0,1038800000.0,1038800000.0,0.0,,,,,23500000.0,535600000.0,1.0,274631764.0,275000000.0,276400000.0,3.777,3331600000.0,88900000.0,61400000.0,0.0,12.115,1121300000.0
28,TPR,MRQ,2014-06-30,2014-06-28,2014-06-28,2021-08-19,-8700000.0,3663100000.0,,1855200000.0,1807900000.0,,8.818,-62000000.0,591900000.0,591900000.0,429800000.0,75200000.0,2.282,0.513,140500000.0,140500000.0,0.0,140500000.0,0.0,51300000.0,0.0,0.039,0.338,99800000.0,151100000.0,0.133,151100000.0,99800000.0,100400000.0,0.28,0.28,0.28,2420600000.0,,2420600000.0,9197743111.0,8.0,7.024,254100000.0,0.926,1.0,706400000.0,0.622,371200000.0,-600000.0,2027400000.0,,526200000.0,761200000.0,276700000.0,484500000.0,1242500000.0,813100000.0,429400000.0,9450721111.0,128400000.0,-1800000.0,3600000.0,-70000000.0,-92800000.0,-154900000.0,-33800000.0,30000000.0,316100000.0,1000000.0,75200000.0,75200000.0,75200000.0,0.0,0.0,0.066,606600000.0,99800000.0,153900000.0,1.207,3.904,12.096,12.267,713900000.0,0.0,34.47,1.966,1.992,198600000.0,-219500000.0,1136200000.0,1136200000.0,0.0,,,,,14800000.0,606600000.0,1.0,274172356.0,274500000.0,276800000.0,4.139,3291900000.0,224200000.0,25200000.0,0.0,11.992,1042100000.0
29,TPR,MRQ,2014-03-31,2014-03-29,2014-03-29,2021-08-19,-16303000.0,3580622000.0,,1790089000.0,1790533000.0,,8.654,-50900000.0,463463000.0,463463000.0,318300000.0,190700000.0,2.272,0.499,210485000.0,210485000.0,0.0,210485000.0,0.0,45200000.0,0.0,0.027,0.338,262700000.0,307900000.0,0.28,307900000.0,262700000.0,260700000.0,0.69,0.68,0.69,2389279000.0,,2389279000.0,13219710932.0,10.0,8.684,53900000.0,0.195,1.0,781300000.0,0.711,363417000.0,2000000.0,2176281000.0,,583743000.0,790736000.0,311441000.0,479295000.0,1191343000.0,787946000.0,403397000.0,13787453932.0,-104700000.0,0.0,-169300000.0,210000000.0,-93900000.0,-57100000.0,-150900000.0,-100000000.0,104800000.0,-1500000.0,190700000.0,190700000.0,190700000.0,0.0,0.0,0.173,518600000.0,262700000.0,109798000.0,0.49,5.771,14.868,15.006,742021000.0,0.0,49.67,2.818,2.803,197744000.0,-202148000.0,1099600000.0,1099600000.0,0.0,,,,,25800000.0,518600000.0,1.0,277581114.0,276100000.0,278800000.0,3.983,3217205000.0,74085000.0,70000000.0,0.0,11.652,1002143000.0
30,TPR,MRQ,2013-12-31,2013-12-28,2013-12-28,2021-08-19,-24227000.0,3543817000.0,,1787676000.0,1756141000.0,,8.709,-60800000.0,568228000.0,568228000.0,436900000.0,297400000.0,2.543,0.458,485000.0,485000.0,0.0,485000.0,0.0,47900000.0,0.0,0.023,0.338,436000000.0,483900000.0,0.341,483900000.0,436000000.0,437900000.0,1.07,1.06,1.07,2430727000.0,,2430727000.0,15068011725.0,11.0,9.417,339600000.0,1.217,1.0,982700000.0,0.692,357853000.0,-1900000.0,1915326000.0,,553026000.0,686776000.0,230607000.0,456169000.0,1113090000.0,702895000.0,410195000.0,15781643725.0,-146400000.0,0.0,-160100000.0,-500000.0,-94800000.0,-254600000.0,-291600000.0,-230800000.0,400400000.0,-600000.0,297400000.0,297400000.0,297400000.0,0.0,0.0,0.209,546700000.0,436000000.0,135128000.0,0.316,6.493,16.177,16.216,748336000.0,0.0,56.27,3.169,3.153,228631000.0,-125160000.0,1419600000.0,1419600000.0,0.0,,,,,25500000.0,546700000.0,1.0,280462835.0,279100000.0,281500000.0,5.086,3185964000.0,61704000.0,140500000.0,0.0,11.415,1084781000.0
31,TPR,MRQ,2013-09-30,2013-09-28,2013-09-28,2021-08-19,-6765000.0,3487390000.0,,1872065000.0,1615325000.0,,8.453,-45900000.0,714617000.0,714617000.0,324200000.0,217900000.0,2.646,0.466,985000.0,500000.0,485000.0,985000.0,0.0,45000000.0,0.0,0.024,0.338,321600000.0,366600000.0,0.319,366600000.0,321600000.0,323300000.0,0.77,0.77,0.77,2378571000.0,,2378571000.0,14230295170.0,9.0,8.461,118200000.0,0.42,1.0,826600000.0,0.718,372876000.0,-1700000.0,1693454000.0,,637214000.0,456770000.0,140128000.0,316642000.0,1108819000.0,707428000.0,401391000.0,15292095170.0,-348200000.0,-2000000.0,-150500000.0,0.0,-95000000.0,-281500000.0,-231400000.0,-183500000.0,164100000.0,600000.0,217900000.0,217900000.0,217900000.0,0.0,0.0,0.189,505000000.0,321600000.0,164844000.0,0.439,6.429,14.833,14.86,720891000.0,0.0,54.24,3.019,3.014,177975000.0,-153758000.0,1150800000.0,1150800000.0,0.0,,,,,17500000.0,505000000.0,1.0,281933908.0,281400000.0,284500000.0,4.09,3114514000.0,109147000.0,105400000.0,0.0,11.068,1164637000.0
32,TPR,MRQ,2013-06-30,2013-06-29,2013-06-29,2021-08-19,-12246000.0,3531897000.0,,2070947000.0,1460950000.0,,8.556,-81469000.0,1062785000.0,1062785000.0,335336000.0,221323000.0,2.866,0.466,985000.0,500000.0,485000.0,985000.0,0.0,47334000.0,0.0,0.022,0.338,316654000.0,363988000.0,0.298,363988000.0,316654000.0,317731000.0,0.78,0.77,0.78,2409158000.0,,2409158000.0,15188064838.0,10.0,9.035,293124000.0,1.041,1.0,887362000.0,0.726,354827000.0,-1077000.0,1392760000.0,,524706000.0,269446000.0,72106000.0,197340000.0,1122739000.0,722510000.0,400229000.0,16041816838.0,186456000.0,37000.0,20868000.0,-21547000.0,24000.0,8352000.0,-195950000.0,-114518000.0,374593000.0,-539000.0,221323000.0,221323000.0,221323000.0,0.0,0.0,0.181,570708000.0,316654000.0,178857000.0,0.433,6.659,15.508,15.598,694771000.0,0.0,57.09,3.161,3.178,175477000.0,-101884000.0,1222698000.0,1222698000.0,0.0,,,,,43070000.0,569649000.0,1.0,280991712.0,281585000.0,285523000.0,4.342,3177070000.0,195963000.0,96408000.0,0.0,11.283,1348437000.0
33,TPR,MRQ,2013-03-31,2013-03-30,2013-03-30,2021-08-19,10126000.0,3272120000.0,,1894191000.0,1377929000.0,,7.991,-42832000.0,876359000.0,876359000.0,307390000.0,238932000.0,3.082,0.458,22607000.0,22122000.0,485000.0,22607000.0,0.0,38785000.0,0.0,0.024,0.3,346729000.0,385514000.0,0.325,385514000.0,346729000.0,347750000.0,0.85,0.84,0.85,2243965000.0,,2243965000.0,13200433512.0,9.0,7.757,166563000.0,0.593,1.0,880188000.0,0.741,359680000.0,-1021000.0,1444175000.0,,515915000.0,155791000.0,52136000.0,103655000.0,1028155000.0,614513000.0,413642000.0,14036380512.0,17702000.0,-7893000.0,5006000.0,-103000.0,-84271000.0,-80477000.0,-106095000.0,-61857000.0,209395000.0,-5121000.0,238932000.0,238932000.0,238932000.0,0.0,0.0,0.201,533459000.0,346729000.0,137143000.0,0.353,6.255,13.186,13.331,686597000.0,0.0,49.99,2.803,2.803,177139000.0,-228230000.0,1187578000.0,1187578000.0,0.0,,,,,29232000.0,531695000.0,1.0,280783767.0,280818000.0,284624000.0,4.229,2912440000.0,0.0,108818000.0,0.0,10.371,1279678000.0
34,TPR,MRQ,2012-12-31,2012-12-29,2012-12-29,2021-08-19,37234000.0,3279429000.0,,1848367000.0,1431062000.0,,7.366,-60809000.0,858657000.0,858657000.0,418392000.0,352764000.0,2.404,0.575,22710000.0,22225000.0,485000.0,22710000.0,0.0,40777000.0,0.0,0.021,0.3,525072000.0,565849000.0,0.376,565849000.0,525072000.0,525338000.0,1.25,1.23,1.25,2082332000.0,,2082332000.0,14666867909.0,10.0,8.702,567029000.0,2.006,1.0,1085382000.0,0.722,386699000.0,-266000.0,1287847000.0,,493659000.0,99732000.0,0.0,99732000.0,1197097000.0,768936000.0,428161000.0,15404358909.0,97902000.0,0.0,-193777000.0,-554000.0,-169687000.0,-359290000.0,-166721000.0,-99425000.0,627838000.0,-3925000.0,352764000.0,352764000.0,352764000.0,0.0,0.0,0.235,560310000.0,525072000.0,152571000.0,0.24,7.398,14.663,14.755,701273000.0,0.0,54.3,3.125,3.114,223041000.0,-382891000.0,1503774000.0,1503774000.0,0.0,,,,,25156000.0,558805000.0,1.0,283689851.0,282693000.0,286223000.0,5.319,2892730000.0,0.0,172574000.0,0.0,10.233,1079431000.0
35,TPR,MRQ,2012-09-30,2012-09-29,2012-09-29,2021-08-19,58684000.0,3151378000.0,,1768587000.0,1382791000.0,,7.007,-56290000.0,760755000.0,760755000.0,316182000.0,221381000.0,2.42,0.58,23264000.0,22279000.0,985000.0,23264000.0,0.0,36104000.0,0.0,0.019,0.3,329645000.0,365749000.0,0.315,365749000.0,329645000.0,329681000.0,0.78,0.77,0.78,1994093000.0,,1994093000.0,15082267913.0,10.0,9.131,145884000.0,0.513,1.0,845168000.0,0.728,416455000.0,-36000.0,1266529000.0,,598128000.0,0.0,0.0,0.0,1157285000.0,730903000.0,426382000.0,15976122913.0,-156460000.0,-45444000.0,-151697000.0,-96000.0,-85766000.0,-257685000.0,-101734000.0,0.0,202174000.0,785000.0,221381000.0,221381000.0,221381000.0,0.0,0.0,0.191,513451000.0,331717000.0,132997000.0,0.385,8.012,15.284,15.433,687475000.0,0.0,56.02,3.278,3.271,178307000.0,-426176000.0,1161350000.0,1161350000.0,0.0,,,,,23042000.0,513451000.0,1.0,285186057.0,284569000.0,288497000.0,4.081,2734923000.0,0.0,108300000.0,0.0,9.611,1037684000.0
36,TPR,MRQ,2012-06-30,2012-06-30,2012-06-30,2021-08-19,50475000.0,3104321000.0,,1804528000.0,1299793000.0,,6.964,-72733000.0,917215000.0,917215000.0,317044000.0,251430000.0,2.513,0.558,23360000.0,22375000.0,985000.0,23360000.0,0.0,34176000.0,0.0,0.017,0.3,350464000.0,384640000.0,0.333,384640000.0,350464000.0,350109000.0,0.87,0.86,0.87,1992931000.0,,1992931000.0,15899234992.0,11.0,9.703,210089000.0,0.734,1.0,838147000.0,0.726,385823000.0,355000.0,1106483000.0,,504490000.0,6000000.0,0.0,6000000.0,1111390000.0,718160000.0,393230000.0,16805450992.0,-12455000.0,0.0,-160833000.0,-94000.0,-64698000.0,-211270000.0,-86634000.0,-13901000.0,282822000.0,2627000.0,251430000.0,251430000.0,251430000.0,0.0,0.0,0.218,488403000.0,349744000.0,155387000.0,0.345,8.433,16.176,16.244,644449000.0,0.0,58.48,3.528,3.539,174462000.0,-387450000.0,1155191000.0,1155191000.0,0.0,,,,,12652000.0,486517000.0,1.0,287370913.0,286193000.0,291660000.0,4.036,2718498000.0,190642000.0,98679000.0,0.0,9.499,1086368000.0
37,TPR,MRQ,2012-03-31,2012-03-31,2012-03-31,2021-08-19,44057000.0,2984870000.0,,1759548000.0,1225322000.0,,6.742,-41391000.0,929670000.0,929670000.0,290914000.0,225002000.0,2.823,0.539,23454000.0,847000.0,22607000.0,23454000.0,0.0,33651000.0,0.0,0.012,0.225,335563000.0,369214000.0,0.333,369214000.0,335563000.0,335820000.0,0.78,0.77,0.78,1938902000.0,,1938902000.0,21177070975.0,14.0,13.263,61406000.0,0.214,1.0,818067000.0,0.738,364691000.0,-257000.0,1090730000.0,,475364000.0,0.0,0.0,0.0,1045968000.0,623233000.0,422735000.0,22238696975.0,-155925000.0,-45640000.0,-119107000.0,-516000.0,-65014000.0,-161140000.0,-90449000.0,-3418000.0,102797000.0,-7133000.0,225002000.0,225002000.0,225002000.0,0.0,0.0,0.203,482504000.0,335563000.0,107394000.0,0.288,11.47,22.464,22.596,602685000.0,0.0,77.28,4.793,4.79,169467000.0,-384139000.0,1108981000.0,1108981000.0,0.0,,,,,-3083000.0,480575000.0,1.0,287767818.0,287569000.0,293496000.0,3.856,2620179000.0,0.0,110818000.0,0.0,9.111,1136315000.0
38,TPR,MRQ,2011-12-31,2011-12-31,2011-12-31,2021-08-19,66038000.0,3100885000.0,,1896006000.0,1204879000.0,,6.448,-39290000.0,1085595000.0,1085595000.0,403438000.0,347495000.0,2.338,0.659,23969000.0,804000.0,23165000.0,23969000.0,0.0,33028000.0,0.0,0.014,0.225,499146000.0,532174000.0,0.367,532174000.0,499146000.0,499130000.0,1.2,1.18,1.2,1868726000.0,,1868726000.0,16991416919.0,12.0,11.249,571814000.0,1.973,1.0,1045211000.0,0.722,351988000.0,16000.0,876275000.0,,429031000.0,0.0,0.0,0.0,1232159000.0,810996000.0,421163000.0,17813071919.0,239876000.0,0.0,-267208000.0,-94000.0,-65311000.0,-326964000.0,-43853000.0,-4563000.0,611104000.0,-411000.0,347495000.0,347495000.0,347495000.0,0.0,0.0,0.24,546065000.0,499146000.0,136731000.0,0.188,9.532,18.731,18.667,595829000.0,0.0,61.04,3.975,3.947,212041000.0,-372435000.0,1448649000.0,1448649000.0,0.0,,,,,20248000.0,544310000.0,1.0,291826211.0,289812000.0,295509000.0,4.999,2748897000.0,0.0,151635000.0,0.0,9.485,1085010000.0
39,TPR,MRQ,2011-09-30,2011-10-01,2011-10-01,2021-08-19,61730000.0,2878078000.0,,1689148000.0,1188930000.0,,6.269,-30895000.0,845719000.0,845719000.0,285706000.0,214983000.0,2.675,0.584,24064000.0,800000.0,23264000.0,24064000.0,0.0,32054000.0,0.0,0.014,0.225,320490000.0,352544000.0,0.336,352544000.0,320490000.0,320604000.0,0.74,0.73,0.74,1816503000.0,,1816503000.0,14304479664.0,11.0,9.786,194071000.0,0.67,1.0,764653000.0,0.728,351978000.0,-114000.0,1073072000.0,,519586000.0,2256000.0,2256000.0,0.0,1061575000.0,631373000.0,430202000.0,14980106664.0,145937000.0,-7595000.0,32219000.0,-91000.0,-65253000.0,-42507000.0,-38490000.0,0.0,224966000.0,1968000.0,214983000.0,214983000.0,214983000.0,0.0,0.0,0.205,444163000.0,320490000.0,144244000.0,0.304,8.247,16.518,16.773,586914000.0,0.0,51.83,3.486,3.495,153061000.0,-354971000.0,1050359000.0,1050359000.0,0.0,,,,,9637000.0,442687000.0,1.0,289023860.0,289778000.0,296068000.0,3.625,2526100000.0,0.0,105621000.0,0.0,8.717,1057775000.0
40,TPR,MRQ,2011-06-30,2011-07-02,2011-07-02,2021-08-19,54911000.0,2635116000.0,,1452388000.0,1182728000.0,,5.543,-56766000.0,699782000.0,699782000.0,291136000.0,202481000.0,2.449,0.634,24155000.0,795000.0,23360000.0,24155000.0,0.0,31257000.0,0.0,0.01,0.225,311455000.0,342712000.0,0.332,342712000.0,311455000.0,310685000.0,0.7,0.68,0.7,1612569000.0,,1612569000.0,18586428803.0,14.0,13.031,163880000.0,0.563,1.0,740539000.0,0.718,340792000.0,770000.0,1025680000.0,,421831000.0,2256000.0,2256000.0,0.0,1022547000.0,593017000.0,429530000.0,19374923803.0,-112958000.0,0.0,-303439000.0,-90000.0,-44229000.0,-348457000.0,12767000.0,69533000.0,220646000.0,2086000.0,202481000.0,202481000.0,202481000.0,0.0,0.0,0.196,430115000.0,310424000.0,118612000.0,0.321,12.015,21.997,22.07,582348000.0,0.0,65.99,4.659,4.679,142898000.0,-445654000.0,1031675000.0,1031675000.0,0.0,,,,,6576000.0,428447000.0,1.0,293603937.0,290908000.0,298465000.0,3.546,2294324000.0,197559000.0,108204000.0,0.0,7.887,859371000.0
41,TPR,MRQ,2011-03-31,2011-04-02,2011-04-02,2021-08-19,42547000.0,2721865000.0,,1562402000.0,1159463000.0,,5.911,-41780000.0,812740000.0,812740000.0,259051000.0,186015000.0,2.841,0.562,24245000.0,791000.0,23454000.0,24245000.0,0.0,30370000.0,0.0,0.011,0.15,252703000.0,283073000.0,0.298,283073000.0,252703000.0,252995000.0,0.63,0.62,0.63,1742658000.0,,1742658000.0,14854530080.0,12.0,10.51,185629000.0,0.63,1.0,691655000.0,0.728,319035000.0,-292000.0,1064306000.0,,391442000.0,73419000.0,73419000.0,0.0,979207000.0,550029000.0,429178000.0,15587303080.0,28508000.0,0.0,-165342000.0,-27213000.0,-44829000.0,-235122000.0,36400000.0,78180000.0,227409000.0,-179000.0,186015000.0,186015000.0,186015000.0,0.0,0.0,0.196,438952000.0,252703000.0,92632000.0,0.238,8.945,17.838,17.925,552842000.0,0.0,52.7,3.823,3.811,131731000.0,-202383000.0,950706000.0,950706000.0,0.0,,,,,21782000.0,437818000.0,1.0,295774252.0,294841000.0,301620000.0,3.224,2402830000.0,0.0,66980000.0,0.0,8.15,1012373000.0
42,TPR,MRQ,2010-12-31,2011-01-01,2011-01-01,2021-08-19,41097000.0,2794671000.0,,1622624000.0,1172047000.0,,5.849,-26118000.0,784232000.0,784232000.0,349281000.0,303428000.0,2.735,0.608,51459000.0,27909000.0,23550000.0,51459000.0,0.0,31228000.0,0.0,0.009,0.15,452211000.0,483439000.0,0.382,483439000.0,452211000.0,452441000.0,1.02,1.0,1.02,1738458000.0,,1738458000.0,15796289993.0,12.0,11.188,381642000.0,1.284,1.0,915176000.0,0.724,330032000.0,-230000.0,1138592000.0,,367410000.0,155600000.0,155600000.0,0.0,1056213000.0,593274000.0,462939000.0,16392846993.0,162861000.0,0.0,-169039000.0,26643000.0,-44283000.0,-151251000.0,-94278000.0,-68160000.0,407760000.0,630000.0,303428000.0,303428000.0,303428000.0,0.0,0.0,0.24,462965000.0,452211000.0,103876000.0,0.147,9.43,19.389,19.613,541471000.0,0.0,55.31,4.142,4.154,180583000.0,-151760000.0,1264457000.0,1264457000.0,0.0,,,,,-10447000.0,461841000.0,1.0,296381251.0,297214000.0,304655000.0,4.254,2464639000.0,0.0,149013000.0,0.0,8.292,1029350000.0
43,TPR,MRQ,2010-09-30,2010-10-02,2010-10-02,2021-08-19,35287000.0,2609830000.0,,1425250000.0,1184580000.0,,5.341,-23080000.0,621371000.0,621371000.0,235498000.0,188876000.0,2.502,0.649,24814000.0,750000.0,24064000.0,24814000.0,0.0,32251000.0,0.0,0.01,0.15,284850000.0,317101000.0,0.348,317101000.0,284850000.0,285098000.0,0.64,0.63,0.64,1582673000.0,,1582673000.0,12252578022.0,10.0,9.162,154376000.0,0.521,1.0,676171000.0,0.742,321671000.0,-248000.0,1121951000.0,,458920000.0,90592000.0,90592000.0,0.0,1027157000.0,569651000.0,457506000.0,12824147022.0,24901000.0,0.0,-98023000.0,-86000.0,-44774000.0,-140296000.0,-14520000.0,8560000.0,177456000.0,2261000.0,188876000.0,188876000.0,188876000.0,0.0,0.0,0.207,391321000.0,284850000.0,105448000.0,0.234,8.103,16.378,16.844,546246000.0,0.0,43.12,3.413,3.4,133173000.0,-22935000.0,911669000.0,911669000.0,0.0,,,,,19755000.0,390511000.0,1.0,297406007.0,296304000.0,301249000.0,3.077,2288159000.0,0.0,96222000.0,0.0,7.722,855599000.0
44,TPR,MRQ,2010-06-30,2010-07-03,2010-07-03,2021-08-19,29395000.0,2467115000.0,,1302641000.0,1164474000.0,,4.994,-29496000.0,596470000.0,596470000.0,253526000.0,195527000.0,2.462,0.639,24901000.0,742000.0,24159000.0,24901000.0,0.0,32733000.0,0.0,0.01,0.15,296965000.0,329698000.0,0.347,329698000.0,296965000.0,299161000.0,0.65,0.64,0.65,1505293000.0,,1505293000.0,10235816388.0,9.0,8.016,152029000.0,0.504,1.0,696999000.0,0.733,315649000.0,-2196000.0,1050861000.0,,363285000.0,99928000.0,99928000.0,0.0,961822000.0,529036000.0,432786000.0,10913607388.0,-106308000.0,0.0,-343667000.0,-85000.0,-22869000.0,-366593000.0,75454000.0,104950000.0,181525000.0,3306000.0,195527000.0,195527000.0,195527000.0,0.0,0.0,0.206,400034000.0,296965000.0,105569000.0,0.231,7.25,14.85,15.157,548474000.0,0.0,35.77,3.025,3.088,109068000.0,-30053000.0,950525000.0,950525000.0,0.0,,,,,14136000.0,400034000.0,1.0,305105043.0,301450000.0,307727000.0,3.153,2151466000.0,233820000.0,103634000.0,0.0,7.137,773605000.0
45,TPR,MRQ,2010-03-31,2010-03-27,2010-03-27,2021-08-19,17087000.0,2641987000.0,,1510084000.0,1131903000.0,,5.379,-14721000.0,702778000.0,702778000.0,215094000.0,157636000.0,2.739,0.588,24987000.0,742000.0,24245000.0,24987000.0,0.0,32578000.0,0.0,0.007,0.075,249122000.0,281700000.0,0.339,281700000.0,249122000.0,251148000.0,0.51,0.5,0.51,1663393000.0,,1663393000.0,11587333691.0,11.0,9.794,190395000.0,0.616,1.0,615575000.0,0.741,291029000.0,-2026000.0,1121927000.0,,306673000.0,210878000.0,204878000.0,6000000.0,978594000.0,551240000.0,427354000.0,12665434691.0,-400399000.0,0.0,-360439000.0,-90000.0,-23729000.0,-383978000.0,-219599000.0,-204878000.0,205116000.0,-1938000.0,157636000.0,157636000.0,157636000.0,0.0,0.0,0.19,366453000.0,249122000.0,111194000.0,0.147,7.614,18.484,18.576,544365000.0,0.0,40.31,3.687,3.629,118147000.0,269083000.0,830669000.0,830669000.0,0.0,,,,,19774000.0,366453000.0,1.0,314200811.0,309249000.0,313960000.0,2.686,2350958000.0,76870000.0,93512000.0,0.0,7.602,958844000.0
46,TPR,MRQ,2009-12-31,2009-12-26,2009-12-26,2021-08-19,13922000.0,2869130000.0,,1716392000.0,1152738000.0,,5.877,-16865000.0,1103177000.0,1103177000.0,294066000.0,240950000.0,2.967,0.538,25076000.0,737000.0,24339000.0,25076000.0,0.0,28053000.0,0.0,0.006,0.075,380837000.0,408890000.0,0.384,408890000.0,380837000.0,382741000.0,0.76,0.75,0.76,1865566000.0,,1865566000.0,10878640162.0,11.0,9.735,346832000.0,1.093,1.0,770939000.0,0.724,293911000.0,-1904000.0,918657000.0,,269200000.0,6000000.0,0.0,6000000.0,1003564000.0,578461000.0,425103000.0,11848187162.0,108497000.0,-1200000.0,-231586000.0,-57000.0,-23883000.0,-236894000.0,-18065000.0,0.0,363697000.0,-241000.0,240950000.0,240950000.0,240950000.0,0.0,0.0,0.226,390102000.0,380837000.0,120167000.0,0.099,6.351,18.443,18.391,564483000.0,0.0,37.15,3.543,3.527,178849000.0,534203000.0,1065005000.0,1065005000.0,0.0,,,,,1288000.0,390102000.0,1.0,318928322.0,317458000.0,321381000.0,3.355,2575219000.0,66230000.0,141791000.0,0.0,8.112,1137931000.0
47,TPR,MRQ,2009-09-30,2009-09-26,2009-09-26,2021-08-19,13525000.0,2794616000.0,,1610473000.0,1184143000.0,,5.784,-20034000.0,994680000.0,994680000.0,211259000.0,140827000.0,3.026,0.518,25133000.0,704000.0,24429000.0,25133000.0,0.0,33380000.0,0.0,0.005,0.075,223247000.0,256627000.0,0.337,256627000.0,223247000.0,225082000.0,0.44,0.44,0.44,1840981000.0,,1840981000.0,9306363403.0,10.0,8.559,220505000.0,0.693,1.0,550178000.0,0.723,309019000.0,-1835000.0,983889000.0,,337545000.0,6000000.0,0.0,6000000.0,953635000.0,532161000.0,421474000.0,10073649403.0,194318000.0,0.0,-1010000.0,-7943000.0,-23843000.0,-32434000.0,-20034000.0,0.0,240539000.0,6247000.0,140827000.0,140827000.0,140827000.0,0.0,0.0,0.185,326931000.0,223247000.0,94198000.0,0.17,5.472,16.29,16.409,582230000.0,0.0,31.67,3.11,3.112,105120000.0,616896000.0,761437000.0,761437000.0,0.0,,,,,18606000.0,326931000.0,1.0,318081762.0,318286000.0,321115000.0,2.392,2485597000.0,161278000.0,84255000.0,0.0,7.809,1078312000.0
48,TPR,MRQ,2009-06-30,2009-06-27,2009-06-27,2021-08-19,3851000.0,2564336000.0,,1396409000.0,1167927000.0,,5.327,-25569000.0,800362000.0,800362000.0,230426000.0,145793000.0,3.038,0.512,33076000.0,8004000.0,25072000.0,33076000.0,0.0,31191000.0,0.0,0.003,0.075,204687000.0,235878000.0,0.303,235878000.0,204687000.0,212409000.0,0.46,0.45,0.46,1696042000.0,,1696042000.0,8028741084.0,8.0,7.333,244627000.0,0.768,1.0,547318000.0,0.704,293175000.0,-7722000.0,1044223000.0,,326148000.0,6000000.0,0.0,6000000.0,868294000.0,459652000.0,408642000.0,8552532084.0,249095000.0,-9893000.0,5660000.0,5600000.0,0.0,9232000.0,-35462000.0,0.0,270196000.0,5129000.0,145793000.0,145793000.0,145793000.0,0.0,0.0,0.187,342631000.0,204687000.0,103029000.0,0.163,5.043,13.72,13.953,592982000.0,0.0,26.93,2.647,2.699,108707000.0,499951000.0,777744000.0,777744000.0,0.0,,,,,19043000.0,342631000.0,1.0,317583813.0,318413000.0,321174000.0,2.443,2271161000.0,208568000.0,66616000.0,0.0,7.133,936757000.0
49,TPR,MRQ,2009-03-31,2009-03-28,2009-03-28,2021-08-19,-5739000.0,2316001000.0,,1231315000.0,1084686000.0,,4.816,-26571000.0,551267000.0,551267000.0,214876000.0,114859000.0,2.944,0.502,27476000.0,2490000.0,24986000.0,27476000.0,0.0,30731000.0,0.0,0.0,0.0,185377000.0,216108000.0,0.292,216108000.0,185377000.0,185256000.0,0.36,0.36,0.36,1541914000.0,,1541914000.0,5214942097.0,5.0,4.601,180371000.0,0.563,1.0,525063000.0,0.71,282729000.0,121000.0,1091208000.0,,357670000.0,6000000.0,0.0,6000000.0,774087000.0,418273000.0,355814000.0,5611620097.0,127114000.0,0.0,-50412000.0,0.0,0.0,-50609000.0,-26571000.0,0.0,206942000.0,-2648000.0,114859000.0,114859000.0,114859000.0,0.0,0.0,0.155,339686000.0,185377000.0,67623000.0,0.0,3.639,8.12,8.364,587108000.0,0.0,17.48,1.735,1.73,127148000.0,376931000.0,739939000.0,739939000.0,0.0,,,,,17881000.0,339686000.0,1.0,321030898.0,320163000.0,321355000.0,2.311,2033272000.0,110257000.0,70397000.0,30609000.0,6.351,813042000.0
50,TPR,MRQ,2008-12-31,2008-12-27,2008-12-27,2021-08-19,292000.0,2337961000.0,,1220837000.0,1117124000.0,,4.53,-129838000.0,424153000.0,424153000.0,268220000.0,216906000.0,2.351,0.595,27475000.0,2399000.0,25076000.0,27475000.0,0.0,30401000.0,0.0,0.0,0.0,348363000.0,378764000.0,0.394,378764000.0,348363000.0,348895000.0,0.67,0.67,0.67,1466011000.0,,1466011000.0,6249223461.0,6.0,5.209,125694000.0,0.388,1.0,692036000.0,0.721,303520000.0,-532000.0,1118454000.0,,383081000.0,6000000.0,0.0,6000000.0,871950000.0,519309000.0,352641000.0,6656153461.0,14643000.0,-5981000.0,-101235000.0,1896000.0,0.0,-99628000.0,-135819000.0,0.0,255532000.0,-5442000.0,216906000.0,216906000.0,216906000.0,0.0,0.0,0.226,343673000.0,348363000.0,125650000.0,0.0,4.54,9.011,9.255,600437000.0,0.0,20.36,2.055,2.035,192024000.0,312035000.0,960256000.0,960256000.0,0.0,,,,,19024000.0,343673000.0,1.0,326923058.0,323655000.0,325168000.0,2.967,2034441000.0,111069000.0,131989000.0,35536000.0,6.286,701528000.0
51,TPR,MRQ,2008-09-30,2008-09-27,2008-09-27,2021-08-19,19434000.0,2110912000.0,,1211098000.0,899814000.0,,4.071,-58351000.0,409510000.0,409510000.0,194336000.0,145811000.0,2.627,0.562,2580000.0,335000.0,2245000.0,2580000.0,0.0,30691000.0,0.0,0.0,0.0,233486000.0,264177000.0,0.351,264177000.0,233486000.0,236132000.0,0.44,0.44,0.44,1351036000.0,,1351036000.0,8059672545.0,7.0,6.455,18131000.0,0.055,1.0,558193000.0,0.742,262479000.0,-2646000.0,980563000.0,,401797000.0,8000000.0,0.0,8000000.0,759876000.0,460940000.0,298936000.0,8755712545.0,-289395000.0,-8526000.0,-300436000.0,-285000.0,0.0,-299078000.0,-66877000.0,0.0,76482000.0,78000.0,145811000.0,145811000.0,145811000.0,0.0,0.0,0.194,324707000.0,233486000.0,129491000.0,0.0,6.481,11.311,11.655,464885000.0,0.0,25.99,2.689,2.649,156478000.0,198447000.0,752529000.0,752529000.0,0.0,,,,,11594000.0,324707000.0,1.0,336887747.0,331865000.0,334023000.0,2.268,1848433000.0,0.0,90321000.0,0.0,5.57,750158000.0
52,TPR,MRQ,2008-06-30,2008-06-28,2008-06-28,2021-08-19,18845000.0,2247353000.0,,1359218000.0,888135000.0,,4.365,-54943000.0,698905000.0,698905000.0,188208000.0,213524000.0,3.014,0.508,2865000.0,285000.0,2580000.0,2865000.0,0.0,25756000.0,0.0,0.0,0.0,248616000.0,274372000.0,0.351,274372000.0,248616000.0,261325000.0,0.62,0.61,0.62,1490375000.0,,1490375000.0,9402382718.0,8.0,7.535,268097000.0,0.785,1.0,593292000.0,0.759,258906000.0,-12709000.0,841466000.0,,318490000.0,8000000.0,0.0,8000000.0,756978000.0,450941000.0,306037000.0,9996638718.0,90705000.0,0.0,-167663000.0,-9563000.0,0.0,-175510000.0,-54943000.0,0.0,323040000.0,-1882000.0,213524000.0,213524000.0,213524000.0,0.0,0.0,0.273,344676000.0,248616000.0,134726000.0,0.0,6.707,12.766,13.314,464226000.0,0.0,29.29,3.143,3.276,106738000.0,353122000.0,781500000.0,781500000.0,0.0,,,,,38043000.0,344676000.0,1.0,341298693.0,341403000.0,344837000.0,2.289,1988447000.0,151415000.0,47801000.0,25371000.0,5.824,908277000.0
53,TPR,MRQ,2008-03-31,2008-03-29,2008-03-29,2021-08-19,33941000.0,2156240000.0,,1270953000.0,885287000.0,,4.189,-33278000.0,608200000.0,608200000.0,186204000.0,162408000.0,3.486,0.478,13944000.0,11364000.0,2580000.0,13944000.0,0.0,25809000.0,0.0,0.0,0.0,256688000.0,282497000.0,0.379,282497000.0,256688000.0,266235000.0,0.47,0.46,0.47,1458453000.0,,1458453000.0,9422675272.0,8.0,7.591,52140000.0,0.15,1.0,558318000.0,0.75,275566000.0,-9547000.0,921824000.0,,319655000.0,8002000.0,8002000.0,0.0,697787000.0,364594000.0,333193000.0,10275860272.0,-262050000.0,0.0,-325915000.0,-3999000.0,0.0,-329191000.0,-20778000.0,12500000.0,85418000.0,2501000.0,162408000.0,162408000.0,162408000.0,4000.0,0.0,0.218,301626000.0,256692000.0,63676000.0,0.0,7.046,14.074,14.384,420943000.0,0.0,29.2,3.368,3.331,148074000.0,332376000.0,744522000.0,744522000.0,0.0,,,,,15597000.0,301626000.0,1.0,351913023.0,348125000.0,351593000.0,2.139,1880674000.0,0.0,103827000.0,161978000.0,5.402,906359000.0
54,TPR,MRQ,2007-12-31,2007-12-29,2007-12-29,2021-08-19,9983000.0,2310722000.0,,1480548000.0,830174000.0,,4.368,-47845000.0,870250000.0,870250000.0,240745000.0,252317000.0,3.467,0.461,17065000.0,14485000.0,2580000.0,17065000.0,0.0,24476000.0,0.0,0.0,0.0,403063000.0,427539000.0,0.437,427539000.0,403063000.0,413631000.0,0.7,0.69,0.7,1581853000.0,,1581853000.0,10433411000.0,9.0,8.632,345316000.0,0.953,1.0,737272000.0,0.754,244849000.0,-10568000.0,785683000.0,,300730000.0,21011000.0,21011000.0,0.0,728869000.0,427005000.0,301864000.0,11217102000.0,83694000.0,0.0,-702036000.0,13562000.0,0.0,-688583000.0,379755000.0,427600000.0,393161000.0,-639000.0,252317000.0,252317000.0,252317000.0,0.0,0.0,0.258,334209000.0,403063000.0,77355000.0,0.0,7.091,15.629,15.467,407622000.0,0.0,30.47,3.826,3.764,142095000.0,497299000.0,978017000.0,978017000.0,0.0,,,,,17856000.0,334209000.0,1.0,368135937.0,362167000.0,366569000.0,2.7,2065873000.0,0.0,161314000.0,169664000.0,5.704,1053543000.0
55,TPR,MRQ,2007-09-30,2007-09-29,2007-09-29,2021-08-19,838000.0,2679031000.0,,1885897000.0,793134000.0,,5.389,-38654000.0,786556000.0,786556000.0,158497000.0,154806000.0,4.69,0.336,2865000.0,285000.0,2580000.0,2865000.0,0.0,24663000.0,0.0,0.0,0.0,238778000.0,263441000.0,0.389,263441000.0,238778000.0,253774000.0,0.42,0.41,0.42,2005833000.0,,2005833000.0,17082245052.0,16.0,14.791,83088000.0,0.223,1.0,518221000.0,0.766,240478000.0,-14996000.0,1252738000.0,,363049000.0,448800000.0,448800000.0,0.0,673198000.0,402124000.0,271074000.0,17636101052.0,229600000.0,0.0,-57665000.0,-235000.0,0.0,-36977000.0,141406000.0,180060000.0,121742000.0,3429000.0,154806000.0,154806000.0,154806000.0,-20000.0,0.0,0.229,279463000.0,238758000.0,95438000.0,0.0,8.792,25.454,25.011,400807000.0,0.0,47.27,6.39,6.375,148942000.0,920533000.0,676718000.0,676718000.0,0.0,,,,,-4517000.0,279463000.0,1.0,373092893.0,372186000.0,379285000.0,1.818,2438553000.0,0.0,98968000.0,145417000.0,6.552,1483773000.0
56,TPR,MRQ,2007-06-30,2007-06-30,2007-06-30,2021-08-19,-12792000.0,2449512000.0,,1740196000.0,709316000.0,,5.142,-42209000.0,556956000.0,556956000.0,142853000.0,160612000.0,4.265,0.282,3100000.0,235000.0,2865000.0,3100000.0,0.0,21277000.0,0.0,0.0,0.0,246610000.0,267887000.0,0.411,267887000.0,246610000.0,260418000.0,0.44,0.42,0.44,1910354000.0,,1910354000.0,17368849092.0,17.0,15.77,216216000.0,0.582,1.0,509276000.0,0.781,225659000.0,-13808000.0,1262001000.0,,291192000.0,628860000.0,628860000.0,0.0,539158000.0,407996000.0,131162000.0,17588065092.0,334640000.0,0.0,15198000.0,0.0,0.0,35399000.0,42788000.0,84997000.0,258425000.0,-1972000.0,160612000.0,160612000.0,160612000.0,-1209000.0,0.0,0.246,263875000.0,245401000.0,109309000.0,0.0,9.207,26.501,26.328,368461000.0,0.0,47.39,6.732,6.706,107814000.0,940757000.0,652129000.0,652129000.0,0.0,,,,,60072000.0,263875000.0,1.0,371134524.0,371527000.0,380422000.0,1.755,2223853000.0,154351000.0,99806000.0,36448000.0,5.986,1332200000.0
57,TPR,MRQ,2007-03-31,2007-03-31,2007-03-31,2021-08-19,-7012000.0,2143195000.0,,1466264000.0,676931000.0,,4.606,-24633000.0,222316000.0,222316000.0,138893000.0,149964000.0,4.335,0.257,3100000.0,235000.0,2865000.0,3100000.0,0.0,20625000.0,0.0,0.0,0.0,229201000.0,249826000.0,0.4,249826000.0,229201000.0,242189000.0,0.41,0.4,0.41,1705446000.0,,1705446000.0,18279252270.0,19.0,17.791,72550000.0,0.196,1.0,486410000.0,0.778,234848000.0,-12988000.0,1350867000.0,,249818000.0,713858000.0,713858000.0,0.0,437749000.0,338264000.0,99485000.0,18527178270.0,-43019000.0,0.0,35507000.0,-14580000.0,0.0,43856000.0,-183963000.0,-159330000.0,97183000.0,-95000.0,149964000.0,149964000.0,149964000.0,-2574000.0,0.0,0.24,259783000.0,226627000.0,62113000.0,0.0,10.864,29.849,29.792,344659000.0,0.0,50.05,7.526,7.527,124858000.0,780145000.0,625303000.0,625303000.0,0.0,,,,,-7462000.0,259783000.0,1.0,370173392.0,370264000.0,379289000.0,1.689,1908347000.0,0.0,92225000.0,0.0,5.154,1128000000.0
58,TPR,MRQ,2006-12-31,2006-12-30,2006-12-30,2021-08-19,-6068000.0,2000899000.0,,1338707000.0,662192000.0,,4.028,-37580000.0,265335000.0,265335000.0,184308000.0,227473000.0,3.152,0.349,17409000.0,14544000.0,2865000.0,17409000.0,0.0,20098000.0,0.0,0.0,0.0,353691000.0,373789000.0,0.464,373789000.0,353691000.0,361579000.0,0.62,0.61,0.62,1482898000.0,,1482898000.0,15701730512.0,18.0,16.444,307236000.0,0.835,1.0,621295000.0,0.771,233165000.0,-7888000.0,1095151000.0,,249577000.0,554588000.0,554588000.0,0.0,518001000.0,424657000.0,93344000.0,15786802512.0,169783000.0,0.0,35035000.0,7200000.0,0.0,56659000.0,-231543000.0,-193963000.0,344816000.0,-149000.0,227473000.0,227473000.0,227473000.0,-12976000.0,0.0,0.282,280580000.0,340715000.0,82094000.0,0.0,10.646,27.238,27.716,329324000.0,0.0,42.96,6.815,6.828,125099000.0,630181000.0,805603000.0,805603000.0,0.0,,,,,-1040000.0,280580000.0,1.0,367476781.0,368138000.0,375496000.0,2.188,1767734000.0,0.0,134106000.0,0.0,4.802,914050000.0
59,TPR,MRQ,2006-09-30,2006-09-30,2006-09-30,2021-08-19,-7379000.0,1676500000.0,,1023407000.0,653093000.0,,3.238,-36145000.0,95552000.0,95552000.0,123416000.0,125616000.0,2.591,0.406,10480000.0,7615000.0,2865000.0,10480000.0,0.0,18832000.0,0.0,0.0,0.0,191031000.0,209863000.0,0.396,209863000.0,191031000.0,197620000.0,0.34,0.34,0.34,1192112000.0,,1192112000.0,12445609895.0,16.0,14.261,44600000.0,0.121,1.0,406005000.0,0.767,234734000.0,-6589000.0,961751000.0,,300855000.0,360781000.0,360781000.0,0.0,484388000.0,394943000.0,89445000.0,12585727895.0,-47836000.0,0.0,-123620000.0,7210000.0,0.0,-125522000.0,-3059000.0,33086000.0,80745000.0,0.0,125616000.0,125616000.0,125616000.0,-10377000.0,0.0,0.237,225351000.0,180654000.0,86173000.0,0.0,10.558,23.915,24.748,320996000.0,0.0,34.4,5.824,5.861,118082000.0,402708000.0,529421000.0,529421000.0,0.0,,,,,5156000.0,225351000.0,1.0,365864183.0,368171000.0,373672000.0,1.438,1441766000.0,0.0,72004000.0,0.0,3.916,628464000.0
60,TPR,MRQ,2006-06-30,2006-07-01,2006-07-01,2021-08-19,-7260000.0,1626520000.0,,974482000.0,652038000.0,,3.174,-33858000.0,143388000.0,143388000.0,108054000.0,117642000.0,2.851,0.368,3270000.0,170000.0,3100000.0,3270000.0,0.0,16960000.0,0.0,0.0,0.0,177018000.0,193978000.0,0.387,193978000.0,177018000.0,186646000.0,0.31,0.31,0.31,1188734000.0,,1188734000.0,11330790584.0,15.0,13.986,161154000.0,0.43,1.0,393519000.0,0.785,239818000.0,-9628000.0,904760000.0,,233494000.0,394177000.0,394177000.0,0.0,437786000.0,341824000.0,95962000.0,11510096584.0,-41024000.0,0.0,-478568000.0,-1261000.0,0.0,-460884000.0,225407000.0,259265000.0,195012000.0,-559000.0,117642000.0,117642000.0,117642000.0,-4847000.0,0.0,0.235,221348000.0,172171000.0,79819000.0,0.0,9.683,23.287,23.0,298531000.0,0.0,29.9,5.656,5.578,84361000.0,417087000.0,501573000.0,501573000.0,0.0,,,,,-1041000.0,221348000.0,1.0,384953063.0,374550000.0,382069000.0,1.339,1386702000.0,162096000.0,69004000.0,31655000.0,3.702,632658000.0
61,TPR,MRQ,2006-03-31,2006-04-01,2006-04-01,2021-08-19,-6391000.0,1874430000.0,,1277889000.0,596541000.0,,3.948,-48741000.0,184412000.0,184412000.0,103519000.0,108846000.0,4.315,0.237,5106000.0,2006000.0,3100000.0,5106000.0,0.0,16409000.0,0.0,0.0,0.0,160850000.0,177259000.0,0.37,177259000.0,160850000.0,170968000.0,0.28,0.28,0.28,1514846000.0,,1514846000.0,13087928578.0,19.0,17.382,48968000.0,0.128,1.0,376199000.0,0.784,233462000.0,-10118000.0,1165515000.0,,210465000.0,653945000.0,653945000.0,0.0,359584000.0,296147000.0,63437000.0,13256546578.0,-713000.0,0.0,7031000.0,-11401000.0,0.0,18738000.0,-117160000.0,-68419000.0,97709000.0,0.0,108846000.0,108846000.0,108846000.0,-7174000.0,0.0,0.227,222523000.0,153676000.0,54841000.0,0.0,8.751,28.418,28.114,269562000.0,0.0,34.58,6.837,6.844,110415000.0,754735000.0,479718000.0,479718000.0,0.0,,,,,-1902000.0,222523000.0,1.0,383358779.0,383739000.0,391453000.0,1.25,1640968000.0,0.0,62122000.0,0.0,4.276,981742000.0
62,TPR,MRQ,2005-12-31,2005-12-31,2005-12-31,2021-08-19,-7208000.0,1759163000.0,,1180982000.0,578181000.0,,3.571,-28937000.0,185125000.0,185125000.0,145660000.0,174174000.0,3.397,0.294,16507000.0,13407000.0,3100000.0,16507000.0,0.0,17636000.0,0.0,0.0,0.0,273942000.0,291578000.0,0.448,291578000.0,273942000.0,280932000.0,0.46,0.45,0.46,1359976000.0,,1359976000.0,12571323122.0,19.0,17.545,220077000.0,0.578,1.0,504676000.0,0.776,232999000.0,-6990000.0,1009893000.0,,205042000.0,586433000.0,560887000.0,25546000.0,399187000.0,347653000.0,51534000.0,12671476122.0,76835000.0,0.0,-32056000.0,8370000.0,0.0,15241000.0,-187420000.0,-158483000.0,249014000.0,0.0,174174000.0,174174000.0,174174000.0,0.0,0.0,0.268,230734000.0,273942000.0,87732000.0,0.0,9.317,28.896,28.741,229614000.0,0.0,33.34,6.758,6.771,123045000.0,663191000.0,650336000.0,650336000.0,0.0,,,,,-21848000.0,230734000.0,1.0,380068270.0,380837000.0,390620000.0,1.708,1526164000.0,0.0,106758000.0,0.0,4.007,833329000.0
63,TPR,MRQ,2005-09-30,2005-10-01,2005-10-01,2021-08-19,-2309000.0,1501772000.0,,863548000.0,638224000.0,,3.074,-21885000.0,108290000.0,108290000.0,107590000.0,93615000.0,3.024,0.287,8137000.0,5037000.0,3100000.0,8137000.0,0.0,13989000.0,0.0,0.0,0.0,145109000.0,159098000.0,0.354,159098000.0,145109000.0,150996000.0,0.25,0.24,0.25,1166752000.0,,1166752000.0,11781555630.0,20.0,18.316,32749000.0,0.086,1.0,341361000.0,0.76,244754000.0,-5887000.0,871304000.0,,215251000.0,430230000.0,339340000.0,90890000.0,335020000.0,285561000.0,49459000.0,11920409630.0,-46276000.0,0.0,-10128000.0,-7575000.0,0.0,654000.0,-101564000.0,-79679000.0,54634000.0,0.0,93615000.0,93615000.0,93615000.0,0.0,0.0,0.209,196252000.0,145109000.0,70250000.0,0.0,10.217,30.468,30.447,214170000.0,0.0,31.36,6.786,6.776,104906000.0,550455000.0,448951000.0,448951000.0,0.0,,,,,-5356000.0,196252000.0,1.0,380115103.0,379551000.0,389972000.0,1.183,1257018000.0,0.0,57381000.0,0.0,3.312,577987000.0
64,TPR,MRQ,2005-06-30,2005-07-02,2005-07-02,2021-08-19,903000.0,1370157000.0,,709360000.0,660797000.0,,2.793,-30853000.0,154566000.0,154566000.0,78205000.0,89856000.0,2.67,0.298,15712000.0,12442000.0,3270000.0,15712000.0,0.0,11903000.0,0.0,0.0,0.0,113135000.0,125038000.0,0.347,125038000.0,113135000.0,117971000.0,0.24,0.23,0.24,1055920000.0,,1055920000.0,12460344461.0,23.0,20.963,100941000.0,0.267,1.0,281736000.0,0.783,250799000.0,-4836000.0,714843000.0,,184419000.0,350550000.0,228485000.0,122065000.0,314237000.0,265661000.0,48576000.0,12652514461.0,-62339000.0,-228431000.0,6167000.0,-9023000.0,0.0,-61676000.0,-132457000.0,126827000.0,131794000.0,0.0,89856000.0,89856000.0,89856000.0,-21965000.0,0.0,0.25,190459000.0,91277000.0,64985000.0,0.0,11.982,35.282,35.316,203862000.0,0.0,33.55,7.66,7.692,65399000.0,484971000.0,359941000.0,359941000.0,0.0,,,,,1082000.0,190459000.0,1.0,377124127.0,378025000.0,389525000.0,0.952,1119358000.0,105365000.0,28115000.0,4512000.0,2.961,443699000.0
65,TPR,MRQ,2005-03-31,2005-04-02,2005-04-02,2021-08-19,4296000.0,1276772000.0,,838450000.0,438322000.0,,2.406,-17282000.0,216905000.0,216905000.0,91266000.0,80872000.0,3.476,0.398,24735000.0,21465000.0,3270000.0,24735000.0,0.0,12691000.0,0.0,0.0,0.0,128095000.0,140786000.0,0.338,140786000.0,128095000.0,133040000.0,0.21,0.21,0.21,913502000.0,,913502000.0,10383634095.0,21.0,19.055,83769000.0,0.221,1.0,324673000.0,0.781,23517000.0,-4945000.0,819897000.0,,180814000.0,477377000.0,278786000.0,198591000.0,363270000.0,241188000.0,122082000.0,10626481095.0,-79823000.0,0.0,-166803000.0,-29146000.0,0.0,-191155000.0,10281000.0,27563000.0,101051000.0,0.0,80872000.0,80872000.0,80872000.0,0.0,0.0,0.194,192337000.0,132336000.0,49964000.0,0.0,11.633,34.21,34.309,189775000.0,0.0,27.79,6.52,6.474,83630000.0,478576000.0,415939000.0,415939000.0,0.0,,,,,-39278000.0,192337000.0,1.0,382385070.0,379695000.0,391609000.0,1.095,1253255000.0,0.0,52168000.0,0.0,3.301,597262000.0
66,TPR,MRQ,2004-12-31,2005-01-01,2005-01-01,2021-08-19,5344000.0,1407136000.0,,910878000.0,496258000.0,,2.603,-29670000.0,296728000.0,296728000.0,128791000.0,126903000.0,2.695,0.425,53881000.0,50611000.0,3270000.0,53881000.0,0.0,13205000.0,0.0,0.0,0.0,205118000.0,218323000.0,0.411,218323000.0,205118000.0,208587000.0,0.33,0.32,0.33,987462000.0,,987462000.0,10456479867.0,22.0,20.381,169597000.0,0.447,1.0,402968000.0,0.758,23716000.0,-3469000.0,802590000.0,,190856000.0,504940000.0,229901000.0,275039000.0,419674000.0,337983000.0,81691000.0,10654774867.0,71914000.0,0.0,19892000.0,27362000.0,0.0,82636000.0,-209989000.0,-180319000.0,199267000.0,0.0,126903000.0,126903000.0,126903000.0,0.0,0.0,0.239,191478000.0,211490000.0,68489000.0,0.0,10.79,36.987,37.105,171959000.0,0.0,28.2,6.977,7.006,121749000.0,547103000.0,531759000.0,531759000.0,0.0,,,,,13224000.0,191478000.0,1.0,377828896.0,379354000.0,390513000.0,1.402,1383420000.0,0.0,81684000.0,0.0,3.647,572895000.0
67,TPR,MRQ,2004-09-30,2004-10-02,2004-10-02,2021-08-19,1852000.0,1102690000.0,,795864000.0,306826000.0,,2.09,-16769000.0,224814000.0,224814000.0,85891000.0,60981000.0,3.249,0.396,26519000.0,23249000.0,3270000.0,26519000.0,0.0,12601000.0,0.0,0.0,0.0,97636000.0,110237000.0,0.32,110237000.0,97636000.0,100146000.0,0.16,0.16,0.16,790071000.0,,790071000.0,7848244326.0,19.0,17.068,26715000.0,0.071,1.0,258174000.0,0.75,23286000.0,-2510000.0,636119000.0,,204479000.0,324621000.0,217074000.0,107547000.0,312619000.0,244990000.0,67629000.0,8105730326.0,-37906000.0,0.0,-77392000.0,21285000.0,0.0,-41723000.0,-39667000.0,-22898000.0,43484000.0,0.0,60981000.0,60981000.0,60981000.0,0.0,0.0,0.177,157617000.0,100557000.0,60469000.0,0.0,10.259,31.589,31.232,152830000.0,0.0,21.55,5.762,5.79,85607000.0,412980000.0,344065000.0,344065000.0,0.0,,,,,12185000.0,157617000.0,1.0,376135978.0,377981000.0,389492000.0,0.91,1079404000.0,0.0,39165000.0,0.0,2.856,550874000.0
68,TPR,MRQ,2004-06-30,2004-07-03,2004-07-03,2021-08-19,2195000.0,1044425000.0,,705616000.0,338809000.0,,2.075,-26102000.0,262720000.0,262720000.0,78632000.0,41871000.0,4.145,0.335,5234000.0,1814000.0,3420000.0,5234000.0,0.0,8319000.0,0.0,0.0,0.0,67255000.0,75574000.0,0.223,75574000.0,67255000.0,68808000.0,0.11,0.11,0.11,782286000.0,,782286000.0,8244885827.0,21.0,19.293,25059000.0,0.066,1.0,259513000.0,0.767,23393000.0,-1553000.0,593314000.0,,161913000.0,301723000.0,171723000.0,130000000.0,262139000.0,170232000.0,91907000.0,8673429827.0,-182623000.0,0.0,10367000.0,-11565000.0,0.0,94041000.0,-327825000.0,-301723000.0,51161000.0,0.0,41871000.0,41871000.0,41871000.0,0.0,0.0,0.124,187407000.0,72106000.0,44771000.0,0.0,11.087,36.451,36.008,164291000.0,0.0,23.045,6.565,6.491,55724000.0,430461000.0,338145000.0,338145000.0,0.0,,,,,-124714000.0,187407000.0,1.0,376369270.0,376974000.0,389350000.0,0.897,1021032000.0,34521000.0,26937000.0,15791000.0,2.708,535384000.0
69,TPR,MRQ,2004-03-31,2004-03-27,2004-03-27,2021-08-19,4113000.0,911659000.0,,724812000.0,186847000.0,,1.801,-17512000.0,445343000.0,445343000.0,75556000.0,58311000.0,3.733,0.353,16799000.0,13379000.0,3420000.0,16799000.0,0.0,13258000.0,0.0,0.0,0.0,95657000.0,108915000.0,0.348,108915000.0,95657000.0,96425000.0,0.16,0.15,0.16,673628000.0,,673628000.0,7421100188.0,20.0,18.074,88022000.0,0.235,1.0,237517000.0,0.759,23119000.0,-768000.0,265818000.0,,153834000.0,0.0,0.0,0.0,238031000.0,194178000.0,43853000.0,7755908188.0,72568000.0,0.0,5714000.0,-21168000.0,0.0,-15454000.0,-17512000.0,0.0,105534000.0,0.0,58311000.0,58311000.0,58311000.0,0.0,0.0,0.186,136648000.0,100869000.0,39670000.0,0.0,11.514,34.327,33.508,134506000.0,0.0,20.775,6.386,6.398,78657000.0,364791000.0,313073000.0,313073000.0,0.0,,,,,18194000.0,136648000.0,1.0,373328914.0,374012000.0,387139000.0,0.837,888540000.0,0.0,38114000.0,0.0,2.376,530634000.0
70,TPR,MRQ,2003-12-31,2003-12-27,2003-12-27,2021-08-19,3458000.0,861282000.0,,676001000.0,185281000.0,,1.592,-15792000.0,372775000.0,372775000.0,106370000.0,95438000.0,2.904,0.461,37967000.0,34547000.0,3420000.0,37967000.0,0.0,9678000.0,0.0,0.0,0.0,155417000.0,165095000.0,0.401,165095000.0,155417000.0,155883000.0,0.26,0.25,0.26,589669000.0,,589669000.0,6737249054.0,21.0,18.701,158372000.0,0.427,1.0,305143000.0,0.742,23048000.0,-466000.0,270642000.0,,157226000.0,0.0,0.0,0.0,271613000.0,232784000.0,38829000.0,6960838054.0,117418000.0,0.0,-47153000.0,6199000.0,0.0,-40954000.0,-15792000.0,0.0,174164000.0,0.0,95438000.0,95438000.0,95438000.0,0.0,0.0,0.232,144439000.0,160704000.0,55176000.0,0.0,11.805,34.894,34.1,132353000.0,0.0,18.755,6.205,6.194,94452000.0,306480000.0,411513000.0,411513000.0,0.0,,,,,44899000.0,144439000.0,1.0,371145724.0,370462000.0,383970000.0,1.111,838234000.0,0.0,60445000.0,0.0,2.263,443217000.0
71,TPR,MRQ,2003-09-30,2003-09-27,2003-09-27,2021-08-19,1077000.0,704490000.0,,529441000.0,175049000.0,,1.343,-14195000.0,255357000.0,255357000.0,70466000.0,42329000.0,2.972,0.429,31768000.0,28348000.0,3420000.0,31768000.0,0.0,8845000.0,0.0,0.0,0.0,68932000.0,77777000.0,0.301,77777000.0,68932000.0,69337000.0,0.115,0.11,0.115,493069000.0,,493069000.0,4793143638.0,18.0,15.845,14240000.0,0.039,1.0,187909000.0,0.727,22780000.0,-405000.0,279996000.0,,176794000.0,0.0,0.0,0.0,211421000.0,178125000.0,33296000.0,4992233638.0,26181000.0,0.0,10259000.0,1682000.0,0.0,11941000.0,-14195000.0,0.0,28435000.0,0.0,42329000.0,42329000.0,42329000.0,0.0,0.0,0.164,116284000.0,71625000.0,41537000.0,0.0,10.125,29.988,29.188,125119000.0,0.0,13.572,4.9,4.891,59859000.0,259951000.0,258375000.0,258375000.0,0.0,,,,,9953000.0,116284000.0,1.0,367819756.0,367176000.0,381918000.0,0.704,681710000.0,0.0,27008000.0,0.0,1.857,351316000.0
72,TPR,MRQ,2003-06-30,2003-06-28,2003-06-28,2021-08-19,-1359000.0,617652000.0,,448538000.0,169114000.0,,1.173,-22783000.0,229176000.0,229176000.0,61960000.0,29864000.0,2.778,0.447,30086000.0,26551000.0,3535000.0,30086000.0,0.0,10427000.0,0.0,0.0,0.0,48385000.0,58812000.0,0.254,58812000.0,48385000.0,48825000.0,0.085,0.075,0.085,426929000.0,,426929000.0,4379984036.0,19.0,16.374,38977000.0,0.107,1.0,169556000.0,0.732,22398000.0,-440000.0,234703000.0,,143807000.0,0.0,0.0,0.0,190723000.0,161461000.0,29262000.0,4535687036.0,36913000.0,0.0,4411000.0,-6475000.0,0.0,-2064000.0,-22783000.0,0.0,61760000.0,0.0,29864000.0,29864000.0,29864000.0,0.0,0.0,0.129,118749000.0,50807000.0,26637000.0,0.0,10.624,30.933,30.451,118547000.0,0.0,12.485,4.758,4.704,35470000.0,217622000.0,231516000.0,231516000.0,0.0,,,,,15735000.0,118749000.0,1.0,363290912.0,363814000.0,377162000.0,0.636,595254000.0,30376000.0,18961000.0,0.0,1.636,287077000.0
73,TPR,MRQ,2003-03-31,2003-03-29,2003-03-29,2021-08-19,-36000.0,579376000.0,,404632000.0,174744000.0,,1.046,-12116000.0,192263000.0,192263000.0,60589000.0,31853000.0,2.312,0.534,36560000.0,33025000.0,3535000.0,36560000.0,0.0,7416000.0,0.0,0.0,0.0,51153000.0,58569000.0,0.266,58569000.0,51153000.0,51497000.0,0.09,0.085,0.09,377630000.0,,377630000.0,3325498191.0,15.0,13.722,25963000.0,0.072,1.0,159807000.0,0.725,22373000.0,-344000.0,226270000.0,,135996000.0,0.0,0.0,0.0,201746000.0,175030000.0,26716000.0,3450520191.0,21122000.0,0.0,4717000.0,-9558000.0,0.0,-4841000.0,-12116000.0,0.0,38079000.0,0.0,31853000.0,31853000.0,31853000.0,0.0,0.0,0.145,107060000.0,52747000.0,29660000.0,0.0,9.137,25.737,25.197,109370000.0,0.0,9.575,3.864,3.87,46703000.0,187758000.0,220396000.0,220396000.0,0.0,,,,,4228000.0,107060000.0,1.0,360367644.0,360924000.0,372984000.0,0.611,557003000.0,0.0,19644000.0,0.0,1.543,229602000.0
74,TPR,MRQ,2002-12-31,2002-12-28,2002-12-28,2021-08-19,-386000.0,567290000.0,,400188000.0,167102000.0,,0.944,-13897000.0,171141000.0,171141000.0,91681000.0,62431000.0,1.947,0.688,46119000.0,42584000.0,3535000.0,46119000.0,0.0,7027000.0,0.0,0.0,0.0,100324000.0,107351000.0,0.348,107351000.0,100324000.0,100434000.0,0.175,0.17,0.175,336051000.0,,336051000.0,2790728477.0,15.0,13.371,104999000.0,0.295,1.0,216842000.0,0.703,22371000.0,-110000.0,214368000.0,,135908000.0,0.0,0.0,0.0,231239000.0,205529000.0,25710000.0,2796104477.0,127108000.0,0.0,14647000.0,7462000.0,0.0,22109000.0,-13897000.0,0.0,118896000.0,0.0,62431000.0,62431000.0,62431000.0,0.0,0.0,0.202,114242000.0,102600000.0,34205000.0,0.0,8.32,24.52,24.389,104404000.0,0.0,7.878,3.352,3.361,67284000.0,155905000.0,308523000.0,308523000.0,0.0,,,,,20020000.0,114242000.0,1.0,354948204.0,355912000.0,367722000.0,0.867,544919000.0,0.0,38003000.0,0.0,1.531,194659000.0
75,TPR,MRQ,2002-09-30,2002-09-28,2002-09-28,2021-08-19,-242000.0,426349000.0,,267920000.0,158429000.0,,0.673,-13034000.0,44033000.0,44033000.0,61567000.0,22480000.0,1.629,0.785,38657000.0,35122000.0,3535000.0,38657000.0,0.0,6480000.0,0.0,0.0,0.0,36292000.0,42772000.0,0.222,42772000.0,36292000.0,36457000.0,0.065,0.06,0.065,238891000.0,,238891000.0,2332735613.0,15.0,13.189,-5400000.0,-0.015,1.0,131224000.0,0.681,22249000.0,-165000.0,234304000.0,,152724000.0,0.0,0.0,0.0,187458000.0,164420000.0,23038000.0,2388838613.0,-49929000.0,0.0,-45327000.0,798000.0,0.0,-44529000.0,-13034000.0,0.0,7634000.0,0.0,22480000.0,22480000.0,22480000.0,0.0,0.0,0.117,93616000.0,37608000.0,32547000.0,0.0,10.0,24.944,24.645,97099000.0,0.0,6.777,3.137,3.159,45009000.0,93474000.0,192791000.0,192791000.0,0.0,,,,,1520000.0,93616000.0,1.0,352466044.0,354916000.0,367968000.0,0.543,404100000.0,0.0,13977000.0,0.0,1.139,103500000.0
76,TPR,MRQ,2002-06-30,2002-06-29,2002-06-29,2021-08-19,215000.0,440571000.0,,287588000.0,152983000.0,,0.731,-12508000.0,93962000.0,93962000.0,57313000.0,17306000.0,1.804,0.692,37859000.0,34244000.0,3615000.0,37859000.0,0.0,6822000.0,0.0,0.0,0.0,26828000.0,33650000.0,0.196,33650000.0,26828000.0,26243000.0,0.05,0.045,0.05,260356000.0,,260356000.0,2397745968.0,18.0,15.007,14075000.0,0.04,1.0,114067000.0,0.666,22395000.0,585000.0,202645000.0,,136404000.0,0.0,0.0,0.0,180215000.0,159428000.0,20787000.0,2434947968.0,17684000.0,-1000.0,4827000.0,-1217000.0,0.0,3610000.0,-12509000.0,0.0,26583000.0,0.0,17306000.0,17306000.0,17306000.0,0.0,0.0,0.101,89103000.0,24964000.0,25819000.0,0.0,9.352,28.37,28.01,90589000.0,0.0,6.862,3.385,3.36,30925000.0,105509000.0,171380000.0,171380000.0,0.0,,,,,6141000.0,90197000.0,1.0,354819376.0,356296000.0,370192000.0,0.481,418176000.0,39154000.0,8937000.0,0.0,1.174,128160000.0
77,TPR,MRQ,2002-03-31,2002-03-30,2002-03-30,2021-08-19,0.0,398620000.0,,260868000.0,137752000.0,,0.648,-7779000.0,76278000.0,76278000.0,50465000.0,11817000.0,1.765,0.738,39076000.0,35461000.0,3615000.0,39076000.0,0.0,6375000.0,0.0,0.0,0.0,18571000.0,24946000.0,0.154,24946000.0,18571000.0,18700000.0,0.033,0.033,0.033,229350000.0,,229350000.0,2190857121.0,18.0,14.702,-7980000.0,-0.023,1.0,111106000.0,0.688,14002000.0,-129000.0,199609000.0,,131783000.0,0.0,0.0,0.0,169270000.0,147807000.0,21463000.0,2237773121.0,9755000.0,-5791000.0,4057000.0,19469000.0,0.0,23526000.0,-13570000.0,0.0,-201000.0,0.0,11817000.0,11817000.0,11817000.0,0.0,0.0,0.073,91846000.0,19260000.0,26162000.0,0.0,9.757,28.777,28.682,84295000.0,0.0,6.339,3.29,3.296,25563000.0,,161571000.0,161571000.0,0.0,,,,,2834000.0,87379000.0,1.0,353030664.0,353696000.0,366584000.0,0.457,384618000.0,19061000.0,6883000.0,0.0,1.087,113061000.0
78,TPR,MRQ,2001-12-31,2001-12-29,2001-12-29,2021-08-19,0.0,368786000.0,,242448000.0,126338000.0,,0.605,-11553000.0,66523000.0,66523000.0,74132000.0,44166000.0,1.788,0.743,19607000.0,15992000.0,3615000.0,19607000.0,0.0,6362000.0,0.0,0.0,0.0,69139000.0,75501000.0,0.32,75501000.0,69139000.0,68918000.0,0.128,0.122,0.128,211626000.0,,211626000.0,1706676217.0,15.0,11.99,79156000.0,0.226,1.0,161618000.0,0.686,25501000.0,221000.0,160740000.0,,115424000.0,0.0,0.0,0.0,157160000.0,135629000.0,21531000.0,1667219217.0,61790000.0,0.0,7217000.0,-24583000.0,0.0,-17366000.0,-11553000.0,0.0,90709000.0,0.0,44166000.0,44166000.0,44166000.0,0.0,0.0,0.187,91677000.0,69941000.0,21980000.0,0.0,7.878,22.549,22.737,81776000.0,0.0,4.798,2.587,2.602,29139000.0,,235750000.0,235750000.0,0.0,,,,,4248000.0,91677000.0,1.0,347518336.0,349520000.0,357652000.0,0.674,343285000.0,19061000.0,24752000.0,0.0,0.982,106819000.0
79,TPR,MRQ,2001-09-30,2001-09-29,2001-09-29,2021-08-19,0.0,320424000.0,,195988000.0,124436000.0,,0.449,-9332000.0,4733000.0,4733000.0,54131000.0,12538000.0,1.372,1.043,44190000.0,40575000.0,3615000.0,44190000.0,0.0,5935000.0,0.0,0.0,0.0,19738000.0,25673000.0,0.17,25673000.0,19738000.0,19291000.0,0.035,0.035,0.035,156852000.0,,156852000.0,1168435094.0,11.0,8.695,-18486000.0,-0.053,1.0,96571000.0,0.641,28777000.0,447000.0,188230000.0,,132469000.0,0.0,0.0,0.0,163572000.0,142874000.0,20698000.0,1160691094.0,1042000.0,-9013000.0,-5147000.0,19325000.0,0.0,28541000.0,-18345000.0,0.0,-9154000.0,0.0,12538000.0,12538000.0,12538000.0,0.0,0.0,0.083,77101000.0,19470000.0,16888000.0,0.0,7.4,16.827,16.907,76598000.0,0.0,3.314,1.873,1.868,33693000.0,,150702000.0,150702000.0,0.0,,,,,570000.0,77101000.0,1.0,350265136.0,349256000.0,360800000.0,0.431,291647000.0,32981000.0,6753000.0,0.0,0.835,53114000.0
80,TPR,MRQ,2001-06-30,2001-06-30,2001-06-30,2021-08-19,-487000.0,258711000.0,,151567000.0,107144000.0,,0.445,-8689000.0,3691000.0,3691000.0,49525000.0,9242000.0,1.451,0.744,11435000.0,7745000.0,3690000.0,11435000.0,0.0,7139000.0,0.0,0.0,0.0,15763000.0,22902000.0,0.173,22902000.0,15763000.0,15142000.0,0.026,0.025,0.026,148314000.0,,148314000.0,1678950321.0,16.0,13.312,5704000.0,0.017,1.0,82729000.0,0.626,14313000.0,621000.0,147694000.0,,105162000.0,0.0,0.0,0.0,110397000.0,104448000.0,5949000.0,1655682321.0,-3550000.0,0.0,2046000.0,-11300000.0,0.0,-9254000.0,-8689000.0,0.0,14393000.0,0.0,9242000.0,9242000.0,9242000.0,0.0,0.0,0.07,67271000.0,15458000.0,14313000.0,0.0,11.163,25.858,24.391,72388000.0,0.0,4.756,2.757,2.594,20608000.0,22650000.0,132254000.0,132254000.0,0.0,,,,,1405000.0,67289000.0,1.0,348106664.0,333344000.0,349608000.0,0.397,244398000.0,32982000.0,5900000.0,0.0,0.733,47119000.0
81,TPR,MRQ,2001-03-31,2001-03-31,2001-03-31,2021-08-19,0.0,251709000.0,,152767000.0,98942000.0,,0.391,-6184000.0,7241000.0,7241000.0,45272000.0,7993000.0,1.392,0.851,30509000.0,26819000.0,3690000.0,30509000.0,0.0,5545000.0,0.0,0.0,0.0,12726000.0,18271000.0,0.145,18271000.0,12726000.0,12296000.0,0.022,0.022,0.022,136003000.0,,136003000.0,1314792457.0,14.0,11.223,17188000.0,0.049,1.0,80442000.0,0.64,28333000.0,430000.0,136931000.0,,104183000.0,0.0,0.0,0.0,115706000.0,109713000.0,5993000.0,1257970457.0,1910000.0,0.0,0.0,-15278000.0,0.0,-15278000.0,-6184000.0,0.0,23372000.0,0.0,7993000.0,7993000.0,7993000.0,0.0,0.0,0.064,67716000.0,12726000.0,4564000.0,0.0,9.25,20.95,19.965,70609000.0,0.0,3.614,2.174,2.174,20642000.0,,125714000.0,125714000.0,0.0,,,,,0.0,68079000.0,1.0,348106664.0,348104000.0,363080000.0,0.361,223376000.0,0.0,4303000.0,0.0,0.642,43054000.0
82,TPR,MRQ,2000-12-31,2000-12-30,2000-12-30,2021-08-19,0.0,284032000.0,,186091000.0,97941000.0,,0.367,-8672000.0,5331000.0,5331000.0,74146000.0,39204000.0,1.239,1.221,62153000.0,58423000.0,3730000.0,62153000.0,0.0,5829000.0,0.0,0.0,0.0,61712000.0,67541000.0,0.32,67541000.0,61712000.0,60313000.0,0.113,0.11,0.113,127874000.0,,127874000.0,1333698324.0,16.0,12.23,76179000.0,0.219,1.0,136882000.0,0.649,28558000.0,1399000.0,162143000.0,,101373000.0,31895000.0,31895000.0,0.0,156158000.0,150153000.0,6005000.0,1251008324.0,5167000.0,0.0,122000000.0,-193012000.0,0.0,-71012000.0,-8672000.0,0.0,84851000.0,0.0,39204000.0,39204000.0,39204000.0,0.0,0.0,0.186,75170000.0,61712000.0,756000.0,0.0,9.783,22.71,21.14,69383000.0,0.0,3.594,2.202,2.202,28698000.0,,211028000.0,211028000.0,0.0,,,,,0.0,75170000.0,1.0,348106664.0,348104000.0,356104000.0,0.606,255474000.0,0.0,21109000.0,0.0,0.734,35938000.0
83,TPR,MRQ,2000-09-30,2000-09-30,2000-09-30,2021-08-19,0.0,261495000.0,,161463000.0,100032000.0,,0.316,-7524000.0,164000.0,164000.0,49564000.0,7591000.0,1.63,1.954,82854000.0,11119000.0,71735000.0,82854000.0,0.0,5618000.0,0.0,,0.0,11792000.0,17410000.0,0.132,17410000.0,11792000.0,11679000.0,0.028,0.028,0.028,88536000.0,,88536000.0,,,,-5811000.0,-0.021,1.0,81931000.0,0.623,33718000.0,113000.0,211401000.0,,119397000.0,0.0,0.0,0.0,172959000.0,99066000.0,73893000.0,,2000.0,0.0,0.0,5813000.0,0.0,5813000.0,-7524000.0,0.0,1713000.0,0.0,7591000.0,7591000.0,7591000.0,0.0,0.0,0.058,70139000.0,11792000.0,4999000.0,0.0,,,,66314000.0,0.0,,,,24855000.0,,131495000.0,131495000.0,0.0,,,,,0.0,65189000.0,1.0,339250664.0,280208000.0,280208000.0,0.469,227777000.0,0.0,4088000.0,0.0,0.813,62397000.0
84,TPR,MRQ,2000-06-30,2000-07-01,2000-07-01,2021-08-19,0.0,258711000.0,,151567000.0,107144000.0,,0.529,-6514000.0,3691000.0,3691000.0,46882000.0,5258000.0,1.451,0.744,11435000.0,7745000.0,3690000.0,11435000.0,0.0,6215000.0,0.0,,0.0,7711000.0,13926000.0,0.126,13926000.0,7711000.0,7582000.0,0.019,0.019,0.019,148314000.0,,148314000.0,,,,3140000.0,0.011,1.0,63580000.0,0.576,15695000.0,129000.0,146312000.0,,105162000.0,0.0,0.0,0.0,110397000.0,104448000.0,5949000.0,,-2000.0,0.0,0.0,26324000.0,0.0,-3142000.0,-6514000.0,0.0,9654000.0,0.0,5258000.0,5258000.0,5258000.0,0.0,0.0,0.048,55902000.0,7678000.0,14313000.0,0.0,,,,72388000.0,0.0,,,,20608000.0,212753000.0,110462000.0,110462000.0,0.0,,,,,0.0,55902000.0,1.0,339250664.0,280208000.0,280208000.0,0.394,243016000.0,32982000.0,2324000.0,0.0,0.867,47119000.0
85,TPR,MRQ,2000-03-31,2000-04-01,2000-04-01,2021-08-19,,,,,,,,-5303000.0,,,44835000.0,3034000.0,,,,,,,,5703000.0,,,0.0,4469000.0,10172000.0,0.088,10172000.0,4469000.0,4372000.0,0.011,0.011,0.011,,,,,,,7263000.0,0.026,1.0,70237000.0,0.61,,97000.0,,,,,,,,,,,6000.0,0.0,0.0,-7257000.0,0.0,-7257000.0,-5303000.0,0.0,12566000.0,0.0,3034000.0,3034000.0,3034000.0,0.0,0.0,0.026,65768000.0,4469000.0,,0.0,,,,,0.0,,,,,,115072000.0,115072000.0,0.0,,,,,0.0,65768000.0,1.0,,280208000.0,280208000.0,0.411,,,1338000.0,,,
86,TPR,MRQ,1999-12-31,2000-01-01,2000-01-01,2021-08-19,,,,,,,,-7288000.0,,,73641000.0,28262000.0,,,,,,,,5327000.0,,,0.0,40821000.0,46148000.0,0.238,46148000.0,40821000.0,40724000.0,0.101,0.101,0.101,,,,,,,62769000.0,0.224,1.0,120487000.0,0.621,,97000.0,,,,,,,,,,,4000.0,0.0,0.0,-62765000.0,0.0,-62765000.0,-7288000.0,0.0,70057000.0,0.0,28262000.0,28262000.0,28262000.0,0.0,0.0,0.146,79666000.0,40821000.0,,0.0,,,,,0.0,,,,,,194128000.0,194128000.0,0.0,,,,,0.0,79666000.0,1.0,,280208000.0,280208000.0,0.693,,,12462000.0,,,
87,TPR,MRQ,1999-09-30,1999-10-02,1999-10-02,2021-08-19,,,,,,,,-4260000.0,,,54727000.0,2049000.0,,,,,,,,5383000.0,,,0.0,3049000.0,8432000.0,0.071,8432000.0,3049000.0,2952000.0,,,,,,,,,,-11582000.0,,1.0,63305000.0,0.536,,97000.0,,,,,,,,,,,6000.0,0.0,0.0,11588000.0,0.0,11588000.0,-4260000.0,0.0,-7322000.0,0.0,2049000.0,2049000.0,2049000.0,0.0,0.0,0.017,60256000.0,3049000.0,,,,,,,0.0,,,,,,118032000.0,118032000.0,0.0,,,,,0.0,60256000.0,1.0,,,,,,,903000.0,,,
88,TPR,MRQ,1999-06-30,1999-07-03,1999-07-03,2021-08-19,-804000.0,282088000.0,,126620000.0,155468000.0,,0.725,,148000.0,148000.0,,,1.69,0.388,7833000.0,4058000.0,3775000.0,7833000.0,0.0,,0.0,,0.0,,,,,,,,,,203162000.0,,203162000.0,,,,,,1.0,,,16798000.0,,198040000.0,,101395000.0,0.0,0.0,0.0,78926000.0,74935000.0,3991000.0,,,,,,,,,,,,,,,,,,,,10122000.0,,,,,61151000.0,,,,,65968000.0,,,,,,,,,,,1.0,,280208000.0,,,265290000.0,29846000.0,,5694000.0,0.947,51685000.0
0,TPR,MRT,2021-06-30,2021-07-03,2021-07-03,2021-08-19,-72000000.0,8382400000.0,8158050000.0,3375300000.0,5007100000.0,0.704,11.728,-92100000.0,2007700000.0,2007700000.0,1664400000.0,834200000.0,2.367,1.572,3436000000.0,319400000.0,3116600000.0,3436000000.0,0.0,218700000.0,0.0,0.0,0.0,968700000.0,1187400000.0,0.207,1187400000.0,968700000.0,897300000.0,3.0,2.95,3.0,3259300000.0,2923775000.0,3259300000.0,13765296400.0,14.0,11.593,1231600000.0,4.432,1.0,4081900000.0,0.71,2670700000.0,71400000.0,5714200000.0,6042550000.0,734800000.0,0.0,0.0,0.0,5123100000.0,1425800000.0,3697300000.0,11896096400.0,581400000.0,0.0,61200000.0,-712300000.0,0.0,-666000000.0,-91000000.0,1100000.0,1323700000.0,14700000.0,834200000.0,834200000.0,834200000.0,0.0,0.0,0.145,3113900000.0,968000000.0,445200000.0,0.0,3.65,14.26,14.22,2174700000.0,0.0,42.66,2.07,2.063,200200000.0,-158500000.0,5746300000.0,5746300000.0,0.0,0.102,0.285,0.16,0.169,64100000.0,3113900000.0,1.0,278858331.0,277900000.0,283000000.0,20.678,5711700000.0,254600000.0,63100000.0,203900000.0,20.553,1949500000.0
1,TPR,MRT,2021-03-31,2021-03-27,2021-03-27,2021-08-19,-71800000.0,7966000000.0,8043500000.0,2896600000.0,5069400000.0,0.602,10.838,-77500000.0,1651700000.0,1651700000.0,1431000000.0,340600000.0,2.244,1.642,3520900000.0,354600000.0,3166300000.0,3520900000.0,0.0,220600000.0,0.0,0.0,0.0,429600000.0,650200000.0,0.134,650200000.0,429600000.0,354300000.0,1.23,1.2,1.23,3015000000.0,2678050000.0,3015000000.0,13779633541.0,32.0,21.193,828000000.0,2.976,1.0,3414700000.0,0.705,2674900000.0,75300000.0,5869200000.0,6254825000.0,700300000.0,7500000.0,7500000.0,0.0,4951000000.0,1291100000.0,3659900000.0,11613633541.0,909100000.0,0.0,40400000.0,-12300000.0,-93200000.0,-79600000.0,69900000.0,147400000.0,905500000.0,13300000.0,340600000.0,340600000.0,340600000.0,0.0,0.0,0.07,2986400000.0,428300000.0,409500000.0,0.0,3.852,34.098,33.984,2229000000.0,0.0,41.8,2.397,2.4,240600000.0,-358300000.0,4845700000.0,4845700000.0,0.0,0.042,0.127,0.069,0.089,52800000.0,2508700000.0,1.0,277838123.0,278200000.0,285600000.0,17.418,5291100000.0,211700000.0,13700000.0,268200000.0,19.019,1605500000.0
2,TPR,MRT,2020-12-31,2020-12-26,2020-12-26,2021-08-19,-50400000.0,8150400000.0,7987750000.0,2877200000.0,5273200000.0,0.582,10.417,-109000000.0,1642600000.0,1642600000.0,1526100000.0,-428200000.0,1.877,1.82,3808600000.0,560400000.0,3248200000.0,3808600000.0,0.0,225700000.0,0.0,0.011,0.338,-374200000.0,-148500000.0,-0.032,-148500000.0,-374200000.0,-446100000.0,-1.55,-1.57,-1.55,2890700000.0,2562575000.0,2890700000.0,11425458163.0,-31.0,-76.939,482600000.0,1.739,1.0,3119000000.0,0.671,2693400000.0,71900000.0,6089900000.0,6545350000.0,631900000.0,9200000.0,9200000.0,0.0,5259700000.0,1533100000.0,3726600000.0,8557958163.0,745700000.0,0.0,8800000.0,187700000.0,-186300000.0,-6500000.0,146400000.0,255400000.0,591600000.0,14200000.0,-428200000.0,-428200000.0,-428200000.0,0.0,0.0,-0.092,3492900000.0,-373900000.0,386300000.0,-0.218,2.961,-19.986,-19.903,2405100000.0,0.0,30.85,1.842,1.843,331700000.0,-450000000.0,4645100000.0,4645100000.0,0.0,-0.054,-0.167,-0.057,-0.081,48200000.0,3015200000.0,1.0,277405451.0,277500000.0,281000000.0,16.739,5457000000.0,165700000.0,-17900000.0,275800000.0,19.665,1344100000.0
3,TPR,MRT,2020-09-30,2020-09-26,2020-09-26,2021-08-19,-76500000.0,8133400000.0,8125175000.0,2845500000.0,5287900000.0,0.588,9.141,-135600000.0,1513900000.0,1513900000.0,1620700000.0,-440400000.0,1.564,2.215,4381400000.0,1052900000.0,3328500000.0,4381400000.0,0.0,235300000.0,0.0,0.041,0.675,-398200000.0,-162900000.0,-0.034,-162900000.0,-398200000.0,-465400000.0,-1.59,-1.6,-1.59,2530100000.0,2670500000.0,2530100000.0,7581005607.0,-19.0,-46.538,355700000.0,1.285,1.0,3155000000.0,0.661,2685000000.0,67200000.0,6496900000.0,6827575000.0,811200000.0,8500000.0,8500000.0,0.0,5603300000.0,1819000000.0,3784300000.0,4519305607.0,991800000.0,0.0,-28800000.0,699200000.0,-283500000.0,374900000.0,115900000.0,251500000.0,491300000.0,9700000.0,-440400000.0,-440400000.0,-440400000.0,0.0,0.0,-0.092,3555200000.0,-400200000.0,296000000.0,-0.425,1.786,-10.262,-10.289,2445600000.0,0.0,16.36,0.946,0.948,251100000.0,-761000000.0,4775700000.0,4775700000.0,0.0,-0.054,-0.165,-0.058,-0.083,50000000.0,3077500000.0,1.0,276241174.0,276800000.0,277900000.0,17.253,5448400000.0,172600000.0,-25000000.0,265600000.0,19.684,1026500000.0
4,TPR,MRT,2020-06-30,2020-06-27,2020-06-27,2021-08-19,-92200000.0,7924200000.0,8204350000.0,2553100000.0,5371100000.0,0.605,8.171,-205400000.0,1426300000.0,1426300000.0,1722100000.0,-652100000.0,1.466,2.481,4488000000.0,1100300000.0,3387700000.0,4488000000.0,0.0,248300000.0,0.0,0.081,1.013,-564100000.0,-315800000.0,-0.064,-315800000.0,-564100000.0,-624200000.0,-2.34,-2.34,-2.34,2276400000.0,2809700000.0,2276400000.0,6571836037.0,-12.0,-20.81,201600000.0,0.724,1.0,3239300000.0,0.653,2680500000.0,60100000.0,6563300000.0,7064475000.0,736900000.0,0.0,0.0,0.0,5647800000.0,1742100000.0,3905700000.0,3465036037.0,457100000.0,0.0,-295700000.0,699200000.0,-380300000.0,5900000.0,44300000.0,249700000.0,407000000.0,-100000.0,-652100000.0,-652100000.0,-652100000.0,0.0,0.0,-0.131,3790100000.0,-550800000.0,130800000.0,-0.433,1.522,-5.314,-5.363,2532200000.0,0.0,12.55,0.698,0.705,193300000.0,-992700000.0,4961400000.0,4961400000.0,0.0,-0.079,-0.232,-0.08,-0.114,53100000.0,3312400000.0,1.0,276098489.0,278600000.0,278600000.0,17.808,5243700000.0,46000000.0,27900000.0,155100000.0,18.822,811000000.0
5,TPR,MRT,2020-03-31,2020-03-28,2020-03-28,2021-08-19,-96700000.0,7743000000.0,7942625000.0,2131900000.0,5611100000.0,0.725,9.247,-262900000.0,742600000.0,742600000.0,2020700000.0,-209400000.0,1.872,2.033,3849400000.0,364900000.0,3484500000.0,3849400000.0,0.0,273300000.0,0.0,0.097,1.35,-113700000.0,159600000.0,0.028,159600000.0,-113700000.0,-164500000.0,-0.79,-0.79,-0.79,2553100000.0,3118950000.0,2553100000.0,6771660705.0,-60.0,42.429,372800000.0,1.35,1.0,3739600000.0,0.649,2679600000.0,50800000.0,7031300000.0,6264825000.0,852900000.0,155600000.0,155600000.0,0.0,5189900000.0,1138900000.0,4051000000.0,3839560705.0,-332700000.0,-4100000.0,-394600000.0,-700000.0,-385000000.0,-800800000.0,-165700000.0,101300000.0,635700000.0,-1900000.0,-209400000.0,-209400000.0,-209400000.0,0.0,0.0,-0.036,3839300000.0,-99700000.0,200100000.0,-1.709,1.504,-18.336,-17.608,2789600000.0,0.0,13.91,0.667,0.667,190400000.0,-699000000.0,5760300000.0,5760300000.0,0.0,-0.026,-0.067,-0.018,-0.02,66400000.0,3839300000.0,1.0,276028807.0,276100000.0,276100000.0,20.863,5063400000.0,71000000.0,44900000.0,351600000.0,18.339,993000000.0
6,TPR,MRT,2019-12-31,2019-12-28,2019-12-28,2021-08-19,-85000000.0,8700100000.0,7749350000.0,2511400000.0,6188700000.0,0.777,12.038,-280000000.0,896900000.0,896900000.0,1979700000.0,585100000.0,2.005,1.619,3829000000.0,329800000.0,3499200000.0,3829000000.0,0.0,266900000.0,0.0,0.05,1.35,683600000.0,950500000.0,0.158,950500000.0,683600000.0,635700000.0,2.06,2.06,2.06,3322400000.0,3363475000.0,3322400000.0,10786650138.0,16.0,11.348,474800000.0,1.72,1.0,4039300000.0,0.671,3161100000.0,47900000.0,7218800000.0,5326825000.0,748300000.0,269800000.0,269800000.0,0.0,5377700000.0,1252300000.0,4125400000.0,7417150138.0,-340100000.0,-5800000.0,-393800000.0,-800000.0,-389800000.0,-804000000.0,-296600000.0,-10800000.0,754800000.0,5700000.0,585100000.0,585100000.0,585100000.0,0.0,0.0,0.097,3343700000.0,695600000.0,252400000.0,0.655,2.232,12.677,13.049,2882800000.0,0.0,26.88,1.232,1.233,363500000.0,71300000.0,6019000000.0,6019000000.0,0.0,0.076,0.174,0.128,0.114,75500000.0,3343700000.0,1.0,275935645.0,276000000.0,276700000.0,21.808,5539000000.0,79400000.0,50600000.0,380500000.0,20.069,1259100000.0
7,TPR,MRT,2019-09-30,2019-09-28,2019-09-28,2021-08-19,-96000000.0,8450100000.0,7354150000.0,2203900000.0,6246200000.0,0.816,10.854,-290900000.0,522100000.0,522100000.0,1970700000.0,541100000.0,1.818,1.737,3891600000.0,328900000.0,3562700000.0,3891600000.0,0.0,271400000.0,0.0,0.052,1.35,695300000.0,966700000.0,0.161,966700000.0,695300000.0,648200000.0,1.86,1.86,1.86,3086900000.0,3404975000.0,3086900000.0,8088722559.0,12.0,8.367,526300000.0,1.851,1.0,4033100000.0,0.672,3163100000.0,47100000.0,7444500000.0,4316525000.0,880200000.0,266300000.0,266300000.0,0.0,5363200000.0,1212000000.0,4151200000.0,7455222559.0,-382600000.0,-27800000.0,-357800000.0,-700000.0,-390300000.0,-768700000.0,-424800000.0,-106100000.0,817200000.0,-6300000.0,541100000.0,541100000.0,541100000.0,0.0,0.0,0.09,3324100000.0,709000000.0,254300000.0,0.726,2.415,13.778,13.973,2946400000.0,0.0,25.99,1.242,1.231,313100000.0,-134300000.0,6003800000.0,6003800000.0,0.0,0.074,0.159,0.161,0.116,79900000.0,3324100000.0,1.0,286849656.0,284400000.0,285700000.0,21.11,5287000000.0,81300000.0,107100000.0,349800000.0,18.59,991900000.0
8,TPR,MRT,2019-06-30,2019-06-29,2019-06-29,2021-08-19,-83200000.0,6877300000.0,6917450000.0,2556800000.0,4320500000.0,0.871,12.14,-274200000.0,969200000.0,969200000.0,1973400000.0,643400000.0,2.785,0.957,1602700000.0,800000.0,1601900000.0,1602700000.0,0.0,268200000.0,0.0,0.043,1.35,814100000.0,1082300000.0,0.18,1082300000.0,814100000.0,766200000.0,2.22,2.21,2.22,3513400000.0,3460650000.0,3513400000.0,9732913852.0,12.0,8.993,518200000.0,1.791,1.0,4053700000.0,0.673,3228100000.0,47900000.0,3364700000.0,3277125000.0,778300000.0,264700000.0,264600000.0,100000.0,3363900000.0,918000000.0,2445900000.0,9206013852.0,-274200000.0,-43500000.0,-64700000.0,-700000.0,-390700000.0,-485600000.0,-574200000.0,-256500000.0,792400000.0,-6800000.0,643400000.0,643400000.0,643400000.0,0.0,0.0,0.107,3234000000.0,819700000.0,243600000.0,0.608,2.62,14.308,14.293,938800000.0,0.0,31.73,1.527,1.524,298100000.0,291600000.0,6027100000.0,6027100000.0,0.0,0.093,0.186,0.248,0.135,84800000.0,3234000000.0,1.0,290135955.0,289400000.0,290800000.0,20.826,3649200000.0,75200000.0,122800000.0,390000000.0,12.61,1638800000.0
9,TPR,MRT,2019-03-31,2019-03-30,2019-03-30,2021-08-19,-90500000.0,6969900000.0,6867700000.0,2662400000.0,4307500000.0,0.873,12.177,-265000000.0,1075300000.0,1075300000.0,1940800000.0,706200000.0,2.671,0.974,1602200000.0,700000.0,1601500000.0,1602200000.0,0.0,261500000.0,0.0,0.042,1.35,831400000.0,1092900000.0,0.182,1092900000.0,831400000.0,780100000.0,2.44,2.43,2.44,3531200000.0,3393450000.0,3531200000.0,9786085577.0,12.0,8.954,748800000.0,2.582,1.0,4056300000.0,0.676,3220900000.0,51300000.0,3279300000.0,3155975000.0,811100000.0,262100000.0,262000000.0,100000.0,3438700000.0,996600000.0,2442100000.0,9421385577.0,43600000.0,-42000000.0,37400000.0,-1400000.0,-389800000.0,-380200000.0,-561400000.0,-254400000.0,1013800000.0,-28600000.0,706200000.0,706200000.0,706200000.0,0.0,0.0,0.118,3219300000.0,837000000.0,260600000.0,0.553,2.668,13.341,13.316,921600000.0,0.0,32.49,1.571,1.571,285700000.0,340200000.0,5997100000.0,5997100000.0,0.0,0.103,0.208,0.263,0.139,85800000.0,3219300000.0,1.0,289978011.0,290000000.0,290900000.0,20.68,3749000000.0,66900000.0,73900000.0,477500000.0,12.928,1665800000.0
10,TPR,MRT,2018-12-31,2018-12-29,2018-12-29,2021-08-19,-91500000.0,7119300000.0,6772225000.0,2828500000.0,4290800000.0,0.884,12.033,-257300000.0,1237000000.0,1237000000.0,1940100000.0,729100000.0,2.616,1.041,1601700000.0,700000.0,1601000000.0,1601700000.0,0.0,260300000.0,0.0,0.04,1.351,884600000.0,1144900000.0,0.191,1144900000.0,884600000.0,827000000.0,2.53,2.51,2.53,3488400000.0,3295150000.0,3488400000.0,10494502490.0,12.0,9.166,908500000.0,3.134,1.0,4048000000.0,0.676,3225300000.0,57600000.0,3177600000.0,3096800000.0,732400000.0,258300000.0,258200000.0,100000.0,3630900000.0,1081100000.0,2549800000.0,9798002490.0,-828000000.0,-93300000.0,136200000.0,-1101100000.0,-388000000.0,-1378800000.0,-581800000.0,-231200000.0,1165800000.0,-33200000.0,729100000.0,729100000.0,729100000.0,0.0,0.0,0.122,3161800000.0,886200000.0,299100000.0,0.534,2.809,13.438,13.364,896000000.0,0.0,33.81,1.636,1.637,360500000.0,320700000.0,5988100000.0,5988100000.0,0.0,0.108,0.221,0.286,0.148,85900000.0,3161800000.0,1.0,289795992.0,289900000.0,291000000.0,20.656,3894000000.0,89900000.0,97900000.0,476400000.0,13.432,1747400000.0
11,TPR,MRT,2018-09-30,2018-09-29,2018-09-29,2021-08-19,-88100000.0,6703300000.0,6862700000.0,2467500000.0,4235800000.0,0.87,11.46,-273700000.0,904700000.0,904700000.0,1951600000.0,537500000.0,2.743,1.025,1601200000.0,700000.0,1600500000.0,1601200000.0,0.0,255800000.0,0.0,0.027,1.351,850300000.0,1106100000.0,0.185,1106100000.0,850300000.0,783700000.0,1.87,1.85,1.87,3309600000.0,3160400000.0,3309600000.0,14836920178.0,17.0,13.414,808500000.0,2.8,1.0,4020700000.0,0.673,3213500000.0,66600000.0,3286900000.0,3108700000.0,820900000.0,158500000.0,158500000.0,0.0,3393700000.0,899400000.0,2494300000.0,14479720178.0,-468600000.0,-71300000.0,148400000.0,-1101000000.0,-386200000.0,-1367400000.0,-166200000.0,178800000.0,1082200000.0,-17200000.0,537500000.0,537500000.0,537500000.0,0.0,0.0,0.09,3164600000.0,856100000.0,292900000.0,0.722,4.375,26.939,26.882,888300000.0,0.0,50.27,2.424,2.431,283100000.0,163700000.0,5972300000.0,5972300000.0,0.0,0.078,0.17,0.274,0.142,83300000.0,3164600000.0,1.0,288038993.0,288800000.0,292000000.0,20.68,3489800000.0,115600000.0,246200000.0,443200000.0,12.084,1568100000.0
12,TPR,MRT,2018-06-30,2018-06-30,2018-06-30,2021-08-19,-82800000.0,6678300000.0,7050475000.0,2432600000.0,4245700000.0,0.834,11.369,-267400000.0,1243400000.0,1243400000.0,2031500000.0,397500000.0,2.593,1.058,1600600000.0,700000.0,1599900000.0,1600600000.0,0.0,260300000.0,0.0,0.029,1.352,670800000.0,931100000.0,0.158,931100000.0,670800000.0,596800000.0,1.39,1.38,1.39,3244600000.0,3068000000.0,3244600000.0,14012465234.0,21.0,15.049,730100000.0,2.558,1.0,3848500000.0,0.655,3217200000.0,74000000.0,2880100000.0,3254900000.0,673800000.0,6600000.0,6600000.0,0.0,3433700000.0,938200000.0,2495500000.0,13443965234.0,-1429500000.0,-2375800000.0,165700000.0,-800000.0,-384100000.0,-250700000.0,-2164800000.0,478400000.0,997500000.0,-11500000.0,397500000.0,397500000.0,397500000.0,0.0,0.0,0.068,3176500000.0,672000000.0,264300000.0,0.973,4.143,33.821,33.604,885400000.0,0.0,46.71,2.286,2.267,314100000.0,119000000.0,5880000000.0,5880000000.0,0.0,0.056,0.13,0.206,0.114,81300000.0,3176500000.0,1.0,287817710.0,285400000.0,288600000.0,20.603,3461100000.0,50100000.0,199300000.0,428600000.0,12.127,1494400000.0
13,TPR,MRT,2018-03-31,2018-03-31,2018-03-31,2021-08-19,-46400000.0,6588000000.0,6838800000.0,2288300000.0,4299700000.0,0.809,10.964,-277600000.0,1031700000.0,1031700000.0,1928900000.0,337500000.0,2.661,1.099,1600200000.0,700000.0,1599500000.0,1600200000.0,0.0,252700000.0,0.0,0.026,1.352,676600000.0,929300000.0,0.168,929300000.0,676600000.0,603400000.0,1.19,1.17,1.19,3138000000.0,3007325000.0,3138000000.0,15610765011.0,23.0,16.798,632700000.0,2.211,1.0,3601200000.0,0.651,3253800000.0,73200000.0,3042600000.0,3325650000.0,714300000.0,6700000.0,6600000.0,100000.0,3450000000.0,860100000.0,2589900000.0,14987665011.0,-362800000.0,-2373200000.0,189600000.0,987400000.0,-381900000.0,761300000.0,-2050600000.0,593900000.0,910300000.0,16200000.0,337500000.0,337500000.0,337500000.0,0.0,0.0,0.061,2924600000.0,676600000.0,221900000.0,1.136,4.776,44.408,44.21,889400000.0,0.0,52.61,2.71,2.723,292300000.0,4500000.0,5530100000.0,5530100000.0,0.0,0.049,0.112,0.203,0.122,82200000.0,2924600000.0,1.0,284882437.0,286200000.0,290100000.0,19.323,3334200000.0,131600000.0,265900000.0,511000000.0,11.65,1428200000.0
14,TPR,MRT,2017-12-31,2017-12-30,2017-12-30,2021-08-19,-72300000.0,7481200000.0,6357050000.0,3282300000.0,4198900000.0,0.818,10.367,-287900000.0,2065000000.0,2065000000.0,1803600000.0,319400000.0,1.896,1.537,2688100000.0,800600000.0,1887500000.0,2688100000.0,0.0,238900000.0,0.0,0.031,1.352,668700000.0,907600000.0,0.174,907600000.0,668700000.0,608400000.0,1.14,1.12,1.14,2949400000.0,2945800000.0,2949400000.0,13893416733.0,21.0,15.308,668800000.0,2.351,1.0,3399300000.0,0.653,3147700000.0,60300000.0,3225200000.0,3164500000.0,666200000.0,54100000.0,26800000.0,27300000.0,4531800000.0,1731400000.0,2800400000.0,12577916733.0,755300000.0,-2320200000.0,104000000.0,2087400000.0,-380500000.0,1776500000.0,-1995300000.0,606800000.0,956700000.0,17400000.0,319400000.0,319400000.0,319400000.0,0.0,0.0,0.061,2730600000.0,668700000.0,234800000.0,1.186,4.265,39.38,38.798,877000000.0,0.0,44.23,2.417,2.419,347800000.0,-38800000.0,5202900000.0,5202900000.0,0.0,0.05,0.108,0.211,0.129,79400000.0,2730600000.0,1.0,284375237.0,284500000.0,286400000.0,18.288,4333500000.0,71800000.0,289000000.0,450600000.0,15.232,1550900000.0
15,TPR,MRT,2017-09-30,2017-09-30,2017-09-30,2021-08-19,-81300000.0,7454400000.0,5656425000.0,3022300000.0,4432100000.0,0.838,10.381,-138400000.0,1373300000.0,1373300000.0,1610300000.0,455900000.0,1.742,1.536,2688800000.0,800600000.0,1888200000.0,2688800000.0,0.0,226000000.0,0.0,0.034,1.352,599700000.0,825700000.0,0.174,825700000.0,599700000.0,556500000.0,1.63,1.61,1.63,2940000000.0,2911225000.0,2940000000.0,10289111877.0,17.0,12.461,649700000.0,2.294,1.0,3129300000.0,0.66,3163300000.0,43200000.0,3871700000.0,2966575000.0,852800000.0,367600000.0,297600000.0,70000000.0,4514400000.0,1734900000.0,2779500000.0,11382511877.0,373300000.0,-2320200000.0,93200000.0,2087400000.0,-379100000.0,1769300000.0,-2184200000.0,265800000.0,788100000.0,100000.0,455900000.0,455900000.0,455900000.0,0.0,0.0,0.096,2529600000.0,599700000.0,292700000.0,0.829,3.872,24.967,24.712,860800000.0,0.0,40.28,2.402,2.407,302700000.0,-5900000.0,4739600000.0,4739600000.0,0.0,0.081,0.157,0.202,0.127,81800000.0,2529600000.0,1.0,282584704.0,283200000.0,286700000.0,16.736,4291100000.0,269100000.0,100600000.0,0.0,15.152,1287400000.0
16,TPR,MRT,2017-06-30,2017-07-01,2017-07-01,2021-08-19,-86900000.0,5831600000.0,4938975000.0,3953300000.0,1878300000.0,0.909,10.698,-157100000.0,2672900000.0,2672900000.0,1407200000.0,591000000.0,5.244,0.943,1579500000.0,0.0,1579500000.0,1579500000.0,0.0,212800000.0,0.0,0.029,1.351,787400000.0,1000200000.0,0.223,1000200000.0,787400000.0,759000000.0,2.11,2.09,2.11,3001900000.0,2858350000.0,3001900000.0,12505929770.0,16.0,12.503,696700000.0,2.483,1.0,3081100000.0,0.686,821300000.0,28400000.0,3163100000.0,2655600000.0,469700000.0,485800000.0,410700000.0,75100000.0,2829700000.0,753800000.0,2075900000.0,13308629770.0,1813900000.0,0.0,70400000.0,702400000.0,-378000000.0,369500000.0,593000000.0,748300000.0,853800000.0,-2400000.0,591000000.0,591000000.0,591000000.0,0.0,0.0,0.132,2293700000.0,787400000.0,194600000.0,0.64,4.433,22.519,22.436,691400000.0,0.0,47.34,2.965,2.96,268000000.0,107700000.0,4488300000.0,4488300000.0,0.0,0.12,0.207,0.297,0.175,77400000.0,2293700000.0,1.0,281128639.0,280600000.0,282800000.0,15.995,5010300000.0,212000000.0,168000000.0,63300000.0,17.856,3199500000.0
17,TPR,MRT,2017-03-31,2017-04-01,2017-04-01,2021-08-19,-93800000.0,4661000000.0,4704250000.0,2769600000.0,1891400000.0,0.959,10.299,-186100000.0,1394500000.0,1394500000.0,1399800000.0,520800000.0,4.353,0.612,591800000.0,0.0,591800000.0,591800000.0,0.0,202700000.0,0.0,0.033,1.35,711200000.0,913900000.0,0.203,913900000.0,711200000.0,689000000.0,1.86,1.85,1.86,2891900000.0,2778600000.0,2891900000.0,10879762049.0,15.0,11.905,593300000.0,2.113,1.0,3109300000.0,0.69,824000000.0,22200000.0,2398000000.0,2673325000.0,478700000.0,601800000.0,497400000.0,104400000.0,1769100000.0,636300000.0,1132800000.0,11597862049.0,572900000.0,-25600000.0,61000000.0,-292500000.0,-377000000.0,-630500000.0,427400000.0,644200000.0,779400000.0,-3400000.0,520800000.0,520800000.0,520800000.0,0.0,0.0,0.115,2398100000.0,711200000.0,129200000.0,0.726,4.01,22.269,22.22,661200000.0,0.0,41.33,2.572,2.574,203400000.0,51100000.0,4509100000.0,4509100000.0,0.0,0.111,0.187,0.266,0.158,75900000.0,2398100000.0,1.0,280616067.0,280800000.0,282900000.0,16.058,3837000000.0,234400000.0,168200000.0,0.0,13.665,2133300000.0
18,TPR,MRT,2016-12-31,2016-12-31,2016-12-31,2021-08-19,-115700000.0,4678700000.0,4708125000.0,2765700000.0,1913000000.0,0.966,10.022,-216600000.0,1309700000.0,1309700000.0,1430400000.0,511100000.0,3.867,0.664,591600000.0,0.0,591600000.0,591600000.0,0.0,203700000.0,0.0,0.039,1.35,694400000.0,898100000.0,0.198,898100000.0,694400000.0,669700000.0,1.82,1.82,1.82,2811100000.0,2711975000.0,2811100000.0,9409788884.0,14.0,10.477,560100000.0,1.997,1.0,3116600000.0,0.685,811900000.0,24700000.0,2433500000.0,2874750000.0,464900000.0,636300000.0,526200000.0,110100000.0,1867600000.0,715200000.0,1152400000.0,9818388884.0,465900000.0,-25600000.0,51100000.0,-296300000.0,-376000000.0,-643000000.0,335500000.0,590800000.0,776700000.0,-3300000.0,511100000.0,511100000.0,511100000.0,0.0,0.0,0.112,2422200000.0,694400000.0,152500000.0,0.742,3.493,19.21,19.242,641200000.0,0.0,35.02,2.159,2.16,269600000.0,23700000.0,4547000000.0,4547000000.0,0.0,0.109,0.188,0.242,0.153,78200000.0,2422200000.0,1.0,280365188.0,280500000.0,281800000.0,16.21,3866800000.0,273800000.0,158600000.0,0.0,13.785,2050500000.0
19,TPR,MRT,2016-09-30,2016-10-01,2016-10-01,2021-08-19,-67600000.0,4584600000.0,4689375000.0,2505200000.0,2079400000.0,0.959,9.762,-394500000.0,1000000000.0,1000000000.0,1429600000.0,481500000.0,3.593,0.68,591400000.0,0.0,591400000.0,591400000.0,0.0,208500000.0,0.0,0.037,1.35,678000000.0,886500000.0,0.197,886500000.0,678000000.0,652100000.0,1.72,1.72,1.72,2728500000.0,2651025000.0,2728500000.0,10215350962.0,15.0,11.523,318000000.0,1.138,1.0,3069500000.0,0.682,851000000.0,25900000.0,2627800000.0,3055150000.0,546800000.0,607600000.0,533200000.0,74400000.0,1856100000.0,697200000.0,1158900000.0,10198150962.0,34000000.0,-25600000.0,46900000.0,-300000000.0,-375200000.0,-651600000.0,-34000000.0,401800000.0,712500000.0,7100000.0,481500000.0,481500000.0,481500000.0,0.0,0.0,0.107,2391500000.0,678000000.0,173500000.0,0.785,3.738,21.18,21.256,774600000.0,0.0,36.56,2.267,2.271,245100000.0,-81300000.0,4499100000.0,4499100000.0,0.0,0.103,0.182,0.222,0.151,80300000.0,2391500000.0,1.0,278942860.0,279500000.0,281900000.0,16.097,3733600000.0,248800000.0,170600000.0,0.0,13.358,1808000000.0
20,TPR,MRT,2016-06-30,2016-07-02,2016-07-02,2021-08-19,-72900000.0,4892700000.0,4681825000.0,2172900000.0,2719800000.0,0.959,9.665,-396400000.0,859000000.0,859000000.0,1440500000.0,460500000.0,2.628,0.824,876200000.0,15000000.0,861200000.0,876200000.0,0.0,210600000.0,0.0,0.033,1.351,653500000.0,864100000.0,0.192,864100000.0,653500000.0,626600000.0,1.66,1.65,1.66,2682900000.0,2587275000.0,2682900000.0,11386048622.0,17.0,13.177,362200000.0,1.305,1.0,3051300000.0,0.679,849200000.0,26900000.0,3234000000.0,3132625000.0,459200000.0,1019000000.0,460400000.0,558600000.0,2209800000.0,826700000.0,1383100000.0,11324148622.0,-432800000.0,-25600000.0,29100000.0,-15000000.0,-374500000.0,-384900000.0,-810000000.0,-379100000.0,758600000.0,3500000.0,460500000.0,460500000.0,460500000.0,0.0,0.0,0.103,2397800000.0,653500000.0,186700000.0,0.814,4.221,24.591,24.536,919500000.0,0.0,40.73,2.521,2.517,245200000.0,-104100000.0,4491800000.0,4491800000.0,0.0,0.098,0.178,0.209,0.145,95800000.0,2397800000.0,1.0,278029674.0,277600000.0,279300000.0,16.181,4043500000.0,262400000.0,166100000.0,0.0,14.566,1346200000.0
21,TPR,MRT,2016-03-31,2016-03-26,2016-03-26,2021-08-19,-92100000.0,4676500000.0,4625375000.0,2265100000.0,2411400000.0,0.939,9.451,-351200000.0,821600000.0,821600000.0,1385000000.0,390700000.0,3.097,0.781,883500000.0,15000000.0,868500000.0,883500000.0,0.0,211200000.0,0.0,0.035,1.351,575500000.0,786700000.0,0.181,786700000.0,575500000.0,549700000.0,1.4,1.4,1.4,2625400000.0,2539025000.0,2625400000.0,10784488165.0,19.0,13.709,344600000.0,1.24,1.0,2956300000.0,0.681,803200000.0,25800000.0,3203700000.0,2983300000.0,464100000.0,1028700000.0,460800000.0,567900000.0,2051100000.0,731500000.0,1319600000.0,10741288165.0,-960400000.0,-519600000.0,23600000.0,-7500000.0,-373900000.0,-384600000.0,-1269600000.0,-391600000.0,695800000.0,-2000000.0,390700000.0,390700000.0,390700000.0,0.0,0.0,0.09,2380800000.0,575500000.0,174600000.0,0.965,4.091,27.492,27.629,823200000.0,0.0,38.68,2.474,2.475,263200000.0,-91700000.0,4341300000.0,4341300000.0,0.0,0.084,0.154,0.193,0.133,98800000.0,2380800000.0,1.0,277696178.0,277800000.0,279500000.0,15.627,3873300000.0,92700000.0,159000000.0,0.0,13.943,1533600000.0
22,TPR,MRT,2015-12-31,2015-12-26,2015-12-26,2021-08-19,-108300000.0,4603700000.0,4584425000.0,2301600000.0,2302100000.0,0.924,9.248,-295200000.0,843800000.0,843800000.0,1328700000.0,366300000.0,3.269,0.793,887000000.0,15000000.0,872000000.0,887000000.0,0.0,209100000.0,0.0,0.041,1.351,565200000.0,774300000.0,0.183,774300000.0,565200000.0,544700000.0,1.32,1.32,1.32,2567300000.0,2517750000.0,2567300000.0,8985563222.0,16.0,11.605,368600000.0,1.328,1.0,2908800000.0,0.686,787800000.0,20500000.0,3155100000.0,2837575000.0,438500000.0,1008400000.0,493300000.0,515100000.0,2036400000.0,704000000.0,1332400000.0,9060963222.0,7500000.0,-519600000.0,28800000.0,866400000.0,-373200000.0,495100000.0,-1145500000.0,-320200000.0,663800000.0,-5900000.0,366300000.0,366300000.0,366300000.0,0.0,0.0,0.086,2343600000.0,565200000.0,147700000.0,1.023,3.529,24.736,24.735,784400000.0,0.0,32.65,2.138,2.139,303600000.0,-110400000.0,4237500000.0,4237500000.0,0.0,0.08,0.145,0.199,0.133,99500000.0,2343600000.0,1.0,277518016.0,277600000.0,278400000.0,15.265,3815900000.0,83600000.0,178400000.0,0.0,13.746,1597600000.0
23,TPR,MRT,2015-09-30,2015-09-26,2015-09-26,2021-08-19,-103100000.0,4554400000.0,4337800000.0,2351600000.0,2202800000.0,0.964,8.926,-228400000.0,966000000.0,966000000.0,1293400000.0,379700000.0,3.131,0.841,890600000.0,15000000.0,875600000.0,890600000.0,0.0,202900000.0,0.0,0.047,1.352,579600000.0,782500000.0,0.187,782500000.0,579600000.0,565800000.0,1.38,1.37,1.38,2473500000.0,2505425000.0,2473500000.0,7476938441.0,13.0,9.555,578100000.0,2.086,1.0,2889700000.0,0.691,790300000.0,13800000.0,2937700000.0,2491300000.0,574700000.0,790600000.0,310200000.0,480400000.0,2080900000.0,751000000.0,1329900000.0,7878338441.0,305100000.0,-519600000.0,30400000.0,720100000.0,-372500000.0,350100000.0,-839300000.0,-80800000.0,806500000.0,-12200000.0,379700000.0,379700000.0,379700000.0,0.0,0.0,0.091,2310100000.0,579600000.0,215700000.0,0.98,3.185,20.749,20.638,727400000.0,0.0,28.48,1.883,1.887,246900000.0,-186800000.0,4183100000.0,4183100000.0,0.0,0.088,0.152,0.233,0.139,102100000.0,2310100000.0,1.0,276627052.0,277100000.0,278300000.0,15.096,3764100000.0,79400000.0,186100000.0,0.0,13.584,1600600000.0
24,TPR,MRT,2015-06-30,2015-06-27,2015-06-27,2021-08-19,-77700000.0,4666900000.0,4116950000.0,2506500000.0,2160400000.0,1.018,9.031,-199300000.0,1291800000.0,1291800000.0,1283000000.0,402400000.0,3.003,0.874,890400000.0,11300000.0,879100000.0,890400000.0,0.0,191800000.0,0.0,0.037,1.351,618000000.0,809800000.0,0.193,809800000.0,618000000.0,611600000.0,1.46,1.45,1.46,2489900000.0,2497075000.0,2489900000.0,9094198540.0,15.0,11.23,738100000.0,2.677,1.0,2908600000.0,0.694,794100000.0,6400000.0,2636700000.0,2262675000.0,485100000.0,640000000.0,234000000.0,406000000.0,2177000000.0,834700000.0,1342300000.0,9979498540.0,699900000.0,-519600000.0,36500000.0,749600000.0,-371800000.0,389300000.0,-612900000.0,116500000.0,937400000.0,-13900000.0,402400000.0,402400000.0,402400000.0,0.0,0.0,0.096,2290600000.0,618000000.0,222800000.0,0.925,4.008,24.8,24.74,732600000.0,0.0,36.12,2.381,2.376,219500000.0,-189600000.0,4191600000.0,4191600000.0,0.0,0.098,0.161,0.273,0.147,94500000.0,2290600000.0,1.0,276287335.0,275700000.0,277200000.0,15.203,3872800000.0,214200000.0,209200000.0,0.0,14.047,1671800000.0
25,TPR,MRT,2015-03-31,2015-03-28,2015-03-28,2021-08-19,-74300000.0,4512700000.0,3866000000.0,2898000000.0,1614700000.0,1.118,9.207,-186500000.0,1782000000.0,1782000000.0,1396400000.0,465900000.0,4.194,0.776,896700000.0,7500000.0,889200000.0,896700000.0,0.0,188500000.0,0.0,0.033,1.351,679000000.0,867500000.0,0.201,867500000.0,679000000.0,679500000.0,1.7,1.69,1.7,2540300000.0,2479750000.0,2540300000.0,10578280634.0,16.0,12.194,880400000.0,3.191,1.0,2927300000.0,0.677,315600000.0,-500000.0,2620800000.0,2110350000.0,456900000.0,638900000.0,239200000.0,399700000.0,1972400000.0,691000000.0,1281400000.0,11394580634.0,1318500000.0,-1800000.0,25300000.0,679600000.0,-371400000.0,314400000.0,-52000000.0,147900000.0,1066900000.0,-10800000.0,465900000.0,465900000.0,465900000.0,0.0,0.0,0.108,2248300000.0,679000000.0,165300000.0,0.795,4.486,24.457,24.3,668400000.0,0.0,41.31,2.635,2.636,196900000.0,-107900000.0,4323700000.0,4323700000.0,0.0,0.121,0.188,0.322,0.157,86500000.0,2248300000.0,1.0,275831049.0,275900000.0,277400000.0,15.671,4197100000.0,94000000.0,213600000.0,0.0,15.212,2207000000.0
26,TPR,MRT,2014-12-31,2014-12-27,2014-12-27,2021-08-19,-70300000.0,3617200000.0,3632980500.0,1947400000.0,1669800000.0,1.237,9.136,-192500000.0,836300000.0,836300000.0,1450900000.0,568500000.0,2.722,0.437,20000000.0,20000000.0,0.0,20000000.0,0.0,186300000.0,0.0,0.036,1.35,817700000.0,1004000000.0,0.223,1004000000.0,817700000.0,817400000.0,2.07,2.05,2.07,2518000000.0,2441994750.0,2518000000.0,9739012344.0,12.0,9.7,812000000.0,2.946,1.0,3043100000.0,0.677,315500000.0,300000.0,1770000000.0,1999220250.0,447200000.0,693200000.0,228600000.0,464600000.0,1099200000.0,715400000.0,383800000.0,10229912344.0,268100000.0,-1800000.0,-153300000.0,19500000.0,-372300000.0,-526700000.0,-197800000.0,-3500000.0,1004500000.0,-11900000.0,568500000.0,568500000.0,568500000.0,0.0,0.0,0.127,2225400000.0,817700000.0,160500000.0,0.652,4.063,17.995,17.932,684000000.0,0.0,37.12,2.276,2.276,228500000.0,-102900000.0,4494000000.0,4494000000.0,0.0,0.156,0.233,0.409,0.182,89700000.0,2225400000.0,1.0,275590311.0,275600000.0,276500000.0,16.306,3301700000.0,99200000.0,248900000.0,0.0,11.98,1232000000.0
27,TPR,MRT,2014-09-30,2014-09-27,2014-09-27,2021-08-19,-35600000.0,3671000000.0,3614634750.0,1938800000.0,1732200000.0,1.299,8.873,-214100000.0,660900000.0,660900000.0,1508400000.0,682400000.0,2.372,0.504,170000000.0,170000000.0,0.0,170000000.0,0.0,187700000.0,0.0,0.037,1.35,978300000.0,1166000000.0,0.248,1166000000.0,978300000.0,979500000.0,2.47,2.45,2.47,2440100000.0,2420176500.0,2440100000.0,9525933986.0,10.0,8.17,746100000.0,2.713,1.0,3185800000.0,0.679,339400000.0,-1200000.0,2023200000.0,2035551750.0,597400000.0,714300000.0,246600000.0,467700000.0,1230900000.0,817500000.0,413400000.0,9977371986.0,-53700000.0,-1800000.0,-316800000.0,169000000.0,-374100000.0,-538100000.0,-470300000.0,-254400000.0,960200000.0,-5500000.0,682400000.0,682400000.0,682400000.0,0.0,0.0,0.145,2207500000.0,978300000.0,173700000.0,0.547,4.089,14.621,14.709,701200000.0,0.0,36.33,2.125,2.128,209000000.0,-193300000.0,4694200000.0,4694200000.0,0.0,0.189,0.282,0.481,0.208,89600000.0,2207500000.0,1.0,274631764.0,275000000.0,276400000.0,17.07,3331600000.0,88900000.0,297100000.0,0.0,12.115,1121300000.0
28,TPR,MRT,2014-06-30,2014-06-28,2014-06-28,2021-08-19,-8700000.0,3663100000.0,3568732250.0,1855200000.0,1807900000.0,1.347,8.713,-219600000.0,591900000.0,591900000.0,1509200000.0,781300000.0,2.282,0.513,140500000.0,140500000.0,0.0,140500000.0,0.0,189400000.0,0.0,0.039,1.35,1120100000.0,1309500000.0,0.272,1309500000.0,1120100000.0,1122300000.0,2.81,2.79,2.81,2420600000.0,2404794250.0,2420600000.0,9197743111.0,8.0,7.024,765800000.0,2.757,1.0,3297000000.0,0.686,371200000.0,-2200000.0,2027400000.0,1953115250.0,526200000.0,761200000.0,276700000.0,484500000.0,1242500000.0,813100000.0,429400000.0,9450721111.0,-470900000.0,-3800000.0,-476300000.0,139500000.0,-376500000.0,-748100000.0,-707700000.0,-484300000.0,985400000.0,-500000.0,781300000.0,781300000.0,781300000.0,0.0,0.0,0.163,2176900000.0,1120100000.0,153900000.0,0.48,3.904,12.096,12.267,713900000.0,0.0,34.47,1.966,1.992,198600000.0,-219500000.0,4806200000.0,4806200000.0,0.0,0.219,0.325,0.573,0.233,83600000.0,2176900000.0,1.0,274172356.0,277800000.0,280400000.0,17.301,3291900000.0,224200000.0,341000000.0,0.0,11.85,1042100000.0
29,TPR,MRT,2014-03-31,2014-03-29,2014-03-29,2021-08-19,-16303000.0,3580622000.0,3535931500.0,1790089000.0,1790533000.0,1.384,8.654,-239069000.0,463463000.0,463463000.0,1414736000.0,927323000.0,2.272,0.499,210485000.0,210485000.0,0.0,210485000.0,0.0,185434000.0,0.0,0.027,1.35,1336954000.0,1522388000.0,0.311,1522388000.0,1336954000.0,1339631000.0,3.31,3.28,3.31,2389279000.0,2401933750.0,2389279000.0,13219710932.0,10.0,8.684,804824000.0,2.915,1.0,3477962000.0,0.711,363417000.0,-2677000.0,2176281000.0,1794455250.0,583743000.0,790736000.0,311441000.0,479295000.0,1191343000.0,787946000.0,403397000.0,13787453932.0,-412844000.0,-1963000.0,-459032000.0,187953000.0,-283676000.0,-584848000.0,-869850000.0,-628818000.0,1043893000.0,-2039000.0,927323000.0,927323000.0,927323000.0,0.0,0.0,0.19,2141008000.0,1336954000.0,109798000.0,0.408,5.771,14.868,15.006,742021000.0,0.0,49.67,2.818,2.803,197744000.0,-202148000.0,4892698000.0,4892698000.0,0.0,0.262,0.386,0.745,0.273,111870000.0,2139949000.0,1.0,277581114.0,276100000.0,278800000.0,17.721,3217205000.0,74085000.0,412308000.0,0.0,11.652,1002143000.0
30,TPR,MRT,2013-12-31,2013-12-28,2013-12-28,2021-08-19,-24227000.0,3543817000.0,3458806000.0,1787676000.0,1756141000.0,1.44,8.709,-231001000.0,568228000.0,568228000.0,1403826000.0,975555000.0,2.543,0.458,485000.0,485000.0,0.0,485000.0,0.0,179019000.0,0.0,0.023,1.313,1420983000.0,1600002000.0,0.321,1600002000.0,1420983000.0,1426681000.0,3.47,3.44,3.47,2430727000.0,2365605250.0,2430727000.0,15068011725.0,11.0,9.417,917487000.0,3.287,1.0,3576850000.0,0.718,357853000.0,-5698000.0,1915326000.0,1611428750.0,553026000.0,686776000.0,230607000.0,456169000.0,1113090000.0,702895000.0,410195000.0,15781643725.0,-290442000.0,-9856000.0,-284726000.0,-22150000.0,-274047000.0,-608225000.0,-825045000.0,-590675000.0,1148488000.0,-5660000.0,975555000.0,975555000.0,975555000.0,0.0,0.0,0.196,2155867000.0,1420983000.0,135128000.0,0.378,6.493,16.177,16.216,748336000.0,0.0,56.27,3.169,3.153,228631000.0,-125160000.0,4980676000.0,4980676000.0,0.0,0.282,0.412,0.882,0.285,115302000.0,2153044000.0,1.0,280462835.0,279100000.0,281500000.0,17.845,3185964000.0,61704000.0,451126000.0,0.0,11.415,1084781000.0
31,TPR,MRT,2013-09-30,2013-09-28,2013-09-28,2021-08-19,-6765000.0,3487390000.0,3392709000.0,1872065000.0,1615325000.0,1.493,8.453,-231010000.0,714617000.0,714617000.0,1385318000.0,1030919000.0,2.646,0.466,985000.0,500000.0,485000.0,985000.0,0.0,171896000.0,0.0,0.024,1.275,1510055000.0,1681951000.0,0.332,1681951000.0,1510055000.0,1514119000.0,3.65,3.61,3.65,2378571000.0,2278506500.0,2378571000.0,14230295170.0,9.0,8.461,1144916000.0,4.069,1.0,3679532000.0,0.726,372876000.0,-4064000.0,1693454000.0,1454559000.0,637214000.0,456770000.0,140128000.0,316642000.0,1108819000.0,707428000.0,401391000.0,15292095170.0,-46140000.0,-9856000.0,-318403000.0,-22204000.0,-348934000.0,-712915000.0,-700166000.0,-459300000.0,1375926000.0,-8985000.0,1030919000.0,1030919000.0,1030919000.0,0.0,0.0,0.204,2169477000.0,1510055000.0,164844000.0,0.349,6.429,14.833,14.86,720891000.0,0.0,54.24,3.019,3.014,177975000.0,-153758000.0,5064850000.0,5064850000.0,0.0,0.304,0.452,1.038,0.298,114958000.0,2165149000.0,1.0,281933908.0,281400000.0,284500000.0,17.999,3114514000.0,109147000.0,483200000.0,0.0,11.068,1164637000.0
32,TPR,MRT,2013-06-30,2013-06-29,2013-06-29,2021-08-19,-12246000.0,3531897000.0,3308706000.0,2070947000.0,1460950000.0,1.534,8.528,-241400000.0,1062785000.0,1062785000.0,1377300000.0,1034400000.0,2.866,0.466,985000.0,500000.0,485000.0,985000.0,0.0,163000000.0,0.0,0.022,1.238,1518100000.0,1681100000.0,0.331,1681100000.0,1518100000.0,1520500000.0,3.66,3.61,3.66,2409158000.0,2182387000.0,2409158000.0,15188064838.0,10.0,9.035,1172600000.0,4.151,1.0,3698100000.0,0.729,354827000.0,-2400000.0,1392760000.0,1347827750.0,524706000.0,269446000.0,72106000.0,197340000.0,1122739000.0,722510000.0,400229000.0,16041816838.0,145600000.0,-53300000.0,-319600000.0,-22300000.0,-339700000.0,-689100000.0,-570500000.0,-275800000.0,1414000000.0,-8800000.0,1034400000.0,1034400000.0,1034400000.0,0.0,0.0,0.204,2180000000.0,1518100000.0,178857000.0,0.338,6.659,15.508,15.598,694771000.0,0.0,57.09,3.161,3.178,175477000.0,-101884000.0,5075400000.0,5075400000.0,0.0,0.313,0.474,1.126,0.299,120500000.0,2173600000.0,1.0,280991712.0,282500000.0,286300000.0,17.966,3177070000.0,195963000.0,486100000.0,0.0,11.246,1348437000.0
33,TPR,MRT,2013-03-31,2013-03-30,2013-03-30,2021-08-19,10126000.0,3272120000.0,3201812000.0,1894191000.0,1377929000.0,1.564,7.991,-232664000.0,876359000.0,876359000.0,1359008000.0,1064507000.0,3.082,0.458,22607000.0,22122000.0,485000.0,22607000.0,0.0,149842000.0,0.0,0.024,1.2,1551910000.0,1701752000.0,0.34,1701752000.0,1551910000.0,1552878000.0,3.75,3.7,3.75,2243965000.0,2078330250.0,2243965000.0,13200433512.0,9.0,7.757,1089565000.0,3.88,1.0,3648885000.0,0.729,359680000.0,-968000.0,1444175000.0,1276258500.0,515915000.0,155791000.0,52136000.0,103655000.0,1028155000.0,614513000.0,413642000.0,14036380512.0,-53311000.0,-53337000.0,-501301000.0,-847000.0,-404422000.0,-908722000.0,-461184000.0,-175183000.0,1322229000.0,-5634000.0,1064507000.0,1064507000.0,1064507000.0,0.0,0.0,0.213,2095623000.0,1553262000.0,137143000.0,0.32,6.255,13.186,13.331,686597000.0,0.0,49.99,2.803,2.803,177139000.0,-228230000.0,5007893000.0,5007893000.0,0.0,0.332,0.512,1.216,0.31,90082000.0,2090468000.0,1.0,280783767.0,280818000.0,284624000.0,17.833,2912440000.0,0.0,488371000.0,0.0,10.371,1279678000.0
34,TPR,MRT,2012-12-31,2012-12-29,2012-12-29,2021-08-19,37234000.0,3279429000.0,3129999500.0,1848367000.0,1431062000.0,1.575,7.366,-231223000.0,858657000.0,858657000.0,1342532000.0,1050577000.0,2.404,0.575,22710000.0,22225000.0,485000.0,22710000.0,0.0,144708000.0,0.0,0.021,1.125,1540744000.0,1685452000.0,0.342,1685452000.0,1540744000.0,1540948000.0,3.68,3.63,3.68,2082332000.0,2002064500.0,2082332000.0,14666867909.0,10.0,8.702,984408000.0,3.482,1.0,3586764000.0,0.728,386699000.0,-204000.0,1287847000.0,1187897250.0,493659000.0,99732000.0,0.0,99732000.0,1197097000.0,768936000.0,428161000.0,15404358909.0,-226938000.0,-91084000.0,-625414000.0,-1260000.0,-385165000.0,-989385000.0,-445538000.0,-116744000.0,1215631000.0,-7646000.0,1050577000.0,1050577000.0,1050577000.0,0.0,0.0,0.213,2044668000.0,1542096000.0,152571000.0,0.306,7.398,14.663,14.755,701273000.0,0.0,54.3,3.125,3.114,223041000.0,-382891000.0,4929296000.0,4929296000.0,0.0,0.336,0.525,1.297,0.313,57767000.0,2039348000.0,1.0,283689851.0,282693000.0,286223000.0,17.437,2892730000.0,0.0,490371000.0,0.0,10.233,1079431000.0
35,TPR,MRT,2012-09-30,2012-09-29,2012-09-29,2021-08-19,58684000.0,3151378000.0,3085363500.0,1768587000.0,1382791000.0,1.58,7.007,-209704000.0,760755000.0,760755000.0,1327578000.0,1045308000.0,2.42,0.58,23264000.0,22279000.0,985000.0,23264000.0,0.0,136959000.0,0.0,0.019,1.05,1514818000.0,1651777000.0,0.339,1651777000.0,1514818000.0,1514740000.0,3.63,3.58,3.63,1994093000.0,1948663000.0,1994093000.0,15082267913.0,10.0,9.131,989193000.0,3.476,1.0,3546593000.0,0.728,416455000.0,78000.0,1266529000.0,1085004250.0,598128000.0,0.0,0.0,0.0,1157285000.0,730903000.0,426382000.0,15976122913.0,-84964000.0,-91084000.0,-698845000.0,-800000.0,-280789000.0,-957059000.0,-322670000.0,-21882000.0,1198897000.0,-4132000.0,1045308000.0,1045308000.0,1045308000.0,0.0,0.0,0.214,2030423000.0,1516170000.0,132997000.0,0.289,8.012,15.284,15.433,687475000.0,0.0,56.02,3.278,3.271,178307000.0,-426176000.0,4874171000.0,4874171000.0,0.0,0.339,0.536,1.396,0.311,52859000.0,2024853000.0,1.0,285186057.0,284569000.0,288497000.0,17.128,2734923000.0,0.0,469432000.0,0.0,9.611,1037684000.0
36,TPR,MRT,2012-06-30,2012-06-30,2012-06-30,2021-08-19,50475000.0,3104321000.0,3017038500.0,1804528000.0,1299793000.0,1.579,6.913,-184309000.0,917215000.0,917215000.0,1297102000.0,1038910000.0,2.513,0.558,23360000.0,22375000.0,985000.0,23360000.0,0.0,132909000.0,0.0,0.017,0.975,1505663000.0,1638572000.0,0.344,1638572000.0,1505663000.0,1505663000.0,3.6,3.53,3.6,1992931000.0,1904265500.0,1992931000.0,15899234992.0,11.0,9.703,1037380000.0,3.598,1.0,3466078000.0,0.728,385823000.0,0.0,1106483000.0,1036640000.0,504490000.0,6000000.0,0.0,6000000.0,1111390000.0,718160000.0,393230000.0,16805450992.0,217433000.0,-53235000.0,-514929000.0,-795000.0,-260276000.0,-741881000.0,-259426000.0,-21882000.0,1221689000.0,-2949000.0,1038910000.0,1038910000.0,1038910000.0,0.0,0.0,0.218,1961135000.0,1504943000.0,155387000.0,0.271,8.433,16.176,16.244,644449000.0,0.0,58.48,3.528,3.539,174462000.0,-387450000.0,4763180000.0,4763180000.0,0.0,0.344,0.546,1.452,0.316,39454000.0,1954089000.0,1.0,287370913.0,288284000.0,294129000.0,16.523,2718498000.0,190642000.0,466753000.0,0.0,9.43,1086368000.0
37,TPR,MRT,2012-03-31,2012-03-31,2012-03-31,2021-08-19,44057000.0,2984870000.0,2899737250.0,1759548000.0,1225322000.0,1.6,6.742,-168342000.0,929670000.0,929670000.0,1271194000.0,989961000.0,2.823,0.539,23454000.0,847000.0,22607000.0,23454000.0,0.0,129990000.0,0.0,0.012,0.9,1466654000.0,1596644000.0,0.344,1596644000.0,1466654000.0,1466239000.0,3.42,3.36,3.42,1938902000.0,1809175000.0,1938902000.0,21177070975.0,14.0,13.263,991171000.0,3.447,1.0,3368470000.0,0.726,364691000.0,415000.0,1090730000.0,1016439250.0,475364000.0,0.0,0.0,0.0,1045968000.0,623233000.0,422735000.0,22238696975.0,116930000.0,-53235000.0,-657535000.0,-791000.0,-239807000.0,-879068000.0,-160025000.0,61552000.0,1159513000.0,-3490000.0,989961000.0,989961000.0,989961000.0,0.0,0.0,0.213,1902847000.0,1465623000.0,107394000.0,0.263,11.47,22.464,22.596,602685000.0,0.0,77.28,4.793,4.79,169467000.0,-384139000.0,4639664000.0,4639664000.0,0.0,0.341,0.547,1.443,0.316,33378000.0,1896019000.0,1.0,287767818.0,287569000.0,293496000.0,16.134,2620179000.0,0.0,476278000.0,0.0,9.111,1136315000.0
38,TPR,MRT,2011-12-31,2011-12-31,2011-12-31,2021-08-19,66038000.0,3100885000.0,2833986000.0,1896006000.0,1204879000.0,1.581,6.448,-168731000.0,1085595000.0,1085595000.0,1239331000.0,950974000.0,2.338,0.659,23969000.0,804000.0,23165000.0,23969000.0,0.0,126709000.0,0.0,0.014,0.825,1383794000.0,1510503000.0,0.337,1510503000.0,1383794000.0,1383414000.0,3.27,3.21,3.27,1868726000.0,1760114000.0,1868726000.0,16991416919.0,12.0,11.249,1115394000.0,3.849,1.0,3242058000.0,0.723,351988000.0,380000.0,876275000.0,1009833250.0,429031000.0,0.0,0.0,0.0,1232159000.0,810996000.0,421163000.0,17813071919.0,301363000.0,-7595000.0,-703770000.0,-27488000.0,-219622000.0,-953050000.0,-33176000.0,143150000.0,1284125000.0,3464000.0,950974000.0,950974000.0,950974000.0,0.0,0.0,0.212,1859295000.0,1382763000.0,136731000.0,0.252,9.532,18.731,18.667,595829000.0,0.0,61.04,3.975,3.947,212041000.0,-372435000.0,4481389000.0,4481389000.0,0.0,0.336,0.54,1.37,0.309,58243000.0,1853262000.0,1.0,291826211.0,289812000.0,295509000.0,15.463,2748897000.0,0.0,432440000.0,0.0,9.485,1085010000.0
39,TPR,MRT,2011-09-30,2011-10-01,2011-10-01,2021-08-19,61730000.0,2878078000.0,2757432500.0,1689148000.0,1188930000.0,1.558,6.269,-155559000.0,845719000.0,845719000.0,1185174000.0,906907000.0,2.675,0.584,24064000.0,800000.0,23264000.0,24064000.0,0.0,124909000.0,0.0,0.014,0.75,1336859000.0,1461768000.0,0.34,1461768000.0,1336859000.0,1336725000.0,3.09,3.03,3.09,1816503000.0,1727547000.0,1816503000.0,14304479664.0,11.0,9.786,925222000.0,3.193,1.0,3112023000.0,0.724,351978000.0,134000.0,1073072000.0,1075412500.0,519586000.0,2256000.0,2256000.0,0.0,1061575000.0,631373000.0,430202000.0,14980106664.0,224348000.0,-7595000.0,-605601000.0,-751000.0,-198594000.0,-777337000.0,-83601000.0,79553000.0,1080781000.0,4505000.0,906907000.0,906907000.0,906907000.0,0.0,0.0,0.211,1776195000.0,1335828000.0,144244000.0,0.243,8.247,16.518,16.773,586914000.0,0.0,51.83,3.486,3.495,153061000.0,-354971000.0,4297197000.0,4297197000.0,0.0,0.329,0.525,1.243,0.311,27548000.0,1770793000.0,1.0,289023860.0,289778000.0,296068000.0,14.829,2526100000.0,0.0,429818000.0,0.0,8.717,1057775000.0
40,TPR,MRT,2011-06-30,2011-07-02,2011-07-02,2021-08-19,54911000.0,2635116000.0,2690370500.0,1452388000.0,1182728000.0,1.546,5.469,-147744000.0,699782000.0,699782000.0,1134966000.0,880800000.0,2.449,0.634,24155000.0,795000.0,23360000.0,24155000.0,0.0,125106000.0,0.0,0.01,0.675,1301219000.0,1426325000.0,0.343,1426325000.0,1301219000.0,1301219000.0,2.99,2.92,2.99,1612569000.0,1669089500.0,1612569000.0,18586428803.0,14.0,13.031,885527000.0,3.003,1.0,3023541000.0,0.727,340792000.0,0.0,1025680000.0,1087632250.0,421831000.0,2256000.0,2256000.0,0.0,1022547000.0,593017000.0,429530000.0,19374923803.0,103312000.0,0.0,-735843000.0,-746000.0,-178115000.0,-875126000.0,-59631000.0,88113000.0,1033271000.0,4798000.0,880800000.0,880800000.0,880800000.0,0.0,0.0,0.212,1723353000.0,1300188000.0,118612000.0,0.226,12.015,21.997,22.07,582348000.0,0.0,65.99,4.659,4.679,142898000.0,-445654000.0,4158507000.0,4158507000.0,0.0,0.327,0.528,1.196,0.313,37666000.0,1718617000.0,1.0,293603937.0,294877000.0,301558000.0,14.103,2294324000.0,197559000.0,420419000.0,0.0,7.781,859371000.0
41,TPR,MRT,2011-03-31,2011-04-02,2011-04-02,2021-08-19,42547000.0,2721865000.0,2648370250.0,1562402000.0,1159463000.0,1.54,5.911,-120474000.0,812740000.0,812740000.0,1097356000.0,873846000.0,2.841,0.562,24245000.0,791000.0,23454000.0,24245000.0,0.0,126582000.0,0.0,0.011,0.6,1286729000.0,1413311000.0,0.347,1413311000.0,1286729000.0,1289695000.0,2.94,2.89,2.94,1742658000.0,1642270500.0,1742658000.0,14854530080.0,12.0,10.51,873676000.0,2.963,1.0,2980001000.0,0.731,319035000.0,-2966000.0,1064306000.0,1093927500.0,391442000.0,73419000.0,73419000.0,0.0,979207000.0,550029000.0,429178000.0,15587303080.0,109962000.0,0.0,-776071000.0,-741000.0,-156755000.0,-893262000.0,3056000.0,123530000.0,994150000.0,6018000.0,873846000.0,873846000.0,873846000.0,0.0,0.0,0.214,1693272000.0,1286729000.0,92632000.0,0.204,8.945,17.838,17.925,552842000.0,0.0,52.7,3.823,3.811,131731000.0,-202383000.0,4077357000.0,4077357000.0,0.0,0.33,0.532,1.176,0.316,45226000.0,1690204000.0,1.0,295774252.0,294841000.0,301620000.0,13.829,2402830000.0,0.0,415849000.0,0.0,8.15,1012373000.0
42,TPR,MRT,2010-12-31,2011-01-01,2011-01-01,2021-08-19,41097000.0,2794671000.0,2628400750.0,1622624000.0,1172047000.0,1.506,5.849,-93415000.0,784232000.0,784232000.0,1053399000.0,845467000.0,2.735,0.608,51459000.0,27909000.0,23550000.0,51459000.0,0.0,128790000.0,0.0,0.009,0.525,1283148000.0,1411938000.0,0.357,1411938000.0,1283148000.0,1287848000.0,2.82,2.77,2.82,1738458000.0,1622454250.0,1738458000.0,15796289993.0,12.0,11.188,878442000.0,2.956,1.0,2903921000.0,0.734,330032000.0,-4700000.0,1138592000.0,1108332750.0,367410000.0,155600000.0,155600000.0,0.0,1056213000.0,593274000.0,462939000.0,16392846993.0,-318945000.0,0.0,-971168000.0,26382000.0,-135655000.0,-1042118000.0,-252943000.0,-159528000.0,971857000.0,4259000.0,845467000.0,845467000.0,845467000.0,0.0,0.0,0.214,1620773000.0,1283148000.0,103876000.0,0.186,9.43,19.389,19.613,541471000.0,0.0,55.31,4.142,4.154,180583000.0,-151760000.0,3957320000.0,3957320000.0,0.0,0.322,0.521,1.158,0.324,43218000.0,1618839000.0,1.0,296381251.0,297214000.0,304655000.0,13.315,2464639000.0,0.0,442381000.0,0.0,8.292,1029350000.0
43,TPR,MRT,2010-09-30,2010-10-02,2010-10-02,2021-08-19,35287000.0,2609830000.0,2647015500.0,1425250000.0,1184580000.0,1.42,5.341,-84162000.0,621371000.0,621371000.0,998184000.0,782989000.0,2.502,0.649,24814000.0,750000.0,24064000.0,24814000.0,0.0,125615000.0,0.0,0.01,0.45,1211774000.0,1337389000.0,0.356,1337389000.0,1211774000.0,1218148000.0,2.56,2.52,2.56,1582673000.0,1654231250.0,1582673000.0,12252578022.0,10.0,9.162,843632000.0,2.847,1.0,2759684000.0,0.734,321671000.0,-6374000.0,1121951000.0,1053349000.0,458920000.0,90592000.0,90592000.0,0.0,1027157000.0,569651000.0,457506000.0,12824147022.0,-373309000.0,-1200000.0,-1033715000.0,-318000.0,-115255000.0,-1127761000.0,-176730000.0,-91368000.0,927794000.0,3388000.0,782989000.0,782989000.0,782989000.0,0.0,0.0,0.208,1547910000.0,1211774000.0,105448000.0,0.176,8.103,16.378,16.844,546246000.0,0.0,43.12,3.413,3.4,133173000.0,-22935000.0,3757868000.0,3757868000.0,0.0,0.296,0.473,1.15,0.322,54953000.0,1547100000.0,1.0,297406007.0,296304000.0,301249000.0,12.682,2288159000.0,0.0,435159000.0,0.0,7.722,855599000.0
44,TPR,MRT,2010-06-30,2010-07-03,2010-07-03,2021-08-19,29395000.0,2467115000.0,2693212000.0,1302641000.0,1164474000.0,1.34,4.834,-81116000.0,596470000.0,596470000.0,973945000.0,734940000.0,2.462,0.639,24901000.0,742000.0,24159000.0,24901000.0,0.0,126744000.0,0.0,0.01,0.375,1150171000.0,1276915000.0,0.354,1276915000.0,1150171000.0,1158132000.0,2.36,2.33,2.36,1505293000.0,1718808250.0,1505293000.0,10235816388.0,9.0,8.016,909761000.0,2.921,1.0,2633691000.0,0.73,315649000.0,-7961000.0,1050861000.0,1018833500.0,363285000.0,99928000.0,99928000.0,0.0,961822000.0,529036000.0,432786000.0,10913607388.0,-203892000.0,-1200000.0,-936702000.0,-8175000.0,-94324000.0,-1019899000.0,-182244000.0,-99928000.0,990877000.0,7374000.0,734940000.0,734940000.0,734940000.0,0.0,0.0,0.204,1483520000.0,1150171000.0,105569000.0,0.159,7.25,14.85,15.157,548474000.0,0.0,35.77,3.025,3.088,109068000.0,-30053000.0,3607636000.0,3607636000.0,0.0,0.273,0.428,1.129,0.319,53804000.0,1483520000.0,1.0,305105043.0,311413000.0,315848000.0,11.585,2151466000.0,233820000.0,423192000.0,0.0,6.909,773605000.0
45,TPR,MRT,2010-03-31,2010-03-27,2010-03-27,2021-08-19,17087000.0,2641987000.0,2717517250.0,1510084000.0,1131903000.0,1.264,5.379,-77189000.0,702778000.0,702778000.0,950845000.0,685206000.0,2.739,0.588,24987000.0,742000.0,24245000.0,24987000.0,0.0,125202000.0,0.0,0.007,0.3,1057893000.0,1183095000.0,0.344,1183095000.0,1057893000.0,1071380000.0,2.17,2.14,2.17,1663393000.0,1766495500.0,1663393000.0,11587333691.0,11.0,9.794,1002359000.0,3.241,1.0,2484010000.0,0.723,291029000.0,-13487000.0,1121927000.0,1017174000.0,306673000.0,210878000.0,204878000.0,6000000.0,978594000.0,551240000.0,427354000.0,12665434691.0,151511000.0,-11093000.0,-587375000.0,-2490000.0,-71455000.0,-644074000.0,-293160000.0,-204878000.0,1079548000.0,9197000.0,685206000.0,685206000.0,685206000.0,0.0,0.0,0.199,1426117000.0,1057893000.0,111194000.0,0.138,7.614,18.484,18.576,544365000.0,0.0,40.31,3.687,3.629,118147000.0,269083000.0,3434855000.0,3434855000.0,0.0,0.252,0.388,1.04,0.308,58711000.0,1426117000.0,1.0,314200811.0,309249000.0,313960000.0,11.107,2350958000.0,76870000.0,386174000.0,0.0,7.602,958844000.0
46,TPR,MRT,2009-12-31,2009-12-26,2009-12-26,2021-08-19,13922000.0,2869130000.0,2636020750.0,1716392000.0,1152738000.0,1.269,5.877,-89039000.0,1103177000.0,1103177000.0,950627000.0,642429000.0,2.967,0.538,25076000.0,737000.0,24339000.0,25076000.0,0.0,123355000.0,0.0,0.006,0.225,994148000.0,1117503000.0,0.334,1117503000.0,994148000.0,1005488000.0,2.02,2.0,2.02,1865566000.0,1736125750.0,1865566000.0,10878640162.0,11.0,9.735,992335000.0,3.126,1.0,2393498000.0,0.716,293911000.0,-11340000.0,918657000.0,1009494250.0,269200000.0,6000000.0,0.0,6000000.0,1003564000.0,578461000.0,425103000.0,11848187162.0,679024000.0,-11093000.0,-277348000.0,-2400000.0,-47726000.0,-310705000.0,-100132000.0,0.0,1081374000.0,8487000.0,642429000.0,642429000.0,642429000.0,0.0,0.0,0.192,1399350000.0,994148000.0,120167000.0,0.111,6.351,18.443,18.391,564483000.0,0.0,37.15,3.543,3.527,178849000.0,534203000.0,3344125000.0,3344125000.0,0.0,0.244,0.37,0.985,0.297,56818000.0,1399350000.0,1.0,318928322.0,317458000.0,321381000.0,10.534,2575219000.0,66230000.0,363059000.0,0.0,8.112,1137931000.0
47,TPR,MRT,2009-09-30,2009-09-26,2009-09-26,2021-08-19,13525000.0,2794616000.0,2503228500.0,1610473000.0,1184143000.0,1.294,5.784,-202012000.0,994680000.0,994680000.0,924781000.0,618385000.0,3.026,0.518,25133000.0,704000.0,24429000.0,25133000.0,0.0,125703000.0,0.0,0.005,0.15,961674000.0,1087377000.0,0.336,1087377000.0,961674000.0,971642000.0,1.93,1.92,1.93,1840981000.0,1636237000.0,1840981000.0,9306363403.0,10.0,8.559,771197000.0,2.423,1.0,2314595000.0,0.715,309019000.0,-9968000.0,983889000.0,1059443500.0,337545000.0,6000000.0,0.0,6000000.0,953635000.0,532161000.0,421474000.0,10073649403.0,585170000.0,-15874000.0,-146997000.0,-447000.0,-23843000.0,-173439000.0,-217886000.0,0.0,973209000.0,3286000.0,618385000.0,618385000.0,618385000.0,0.0,0.0,0.191,1352921000.0,961674000.0,94198000.0,0.078,5.472,16.29,16.409,582230000.0,0.0,31.67,3.11,3.112,105120000.0,616896000.0,3239376000.0,3239376000.0,0.0,0.247,0.378,0.908,0.297,74554000.0,1352921000.0,1.0,318081762.0,318286000.0,321115000.0,10.178,2485597000.0,161278000.0,353257000.0,0.0,7.809,1078312000.0
48,TPR,MRT,2009-06-30,2009-06-27,2009-06-27,2021-08-19,3851000.0,2564336000.0,2332302500.0,1396409000.0,1167927000.0,1.385,5.239,-240329000.0,800362000.0,800362000.0,907858000.0,623369000.0,3.038,0.512,33076000.0,8004000.0,25072000.0,33076000.0,0.0,123014000.0,0.0,0.003,0.075,971913000.0,1094927000.0,0.339,1094927000.0,971913000.0,982692000.0,1.93,1.91,1.93,1696042000.0,1513750750.0,1696042000.0,8028741084.0,8.0,7.333,568823000.0,1.757,1.0,2322610000.0,0.719,293175000.0,-10779000.0,1044223000.0,1058612000.0,326148000.0,6000000.0,0.0,6000000.0,868294000.0,459652000.0,408642000.0,8552532084.0,101457000.0,-24400000.0,-446423000.0,7211000.0,0.0,-440083000.0,-264729000.0,0.0,809152000.0,-2883000.0,623369000.0,623369000.0,623369000.0,0.0,0.0,0.193,1350697000.0,971913000.0,103029000.0,0.039,5.043,13.72,13.953,592982000.0,0.0,26.93,2.647,2.699,108707000.0,499951000.0,3230468000.0,3230468000.0,0.0,0.267,0.412,0.918,0.301,67542000.0,1350697000.0,1.0,317583813.0,323714000.0,325620000.0,9.979,2271161000.0,208568000.0,359323000.0,0.0,7.016,936757000.0
49,TPR,MRT,2009-03-31,2009-03-28,2009-03-28,2021-08-19,-5739000.0,2316001000.0,2253056750.0,1231315000.0,1084686000.0,1.435,4.816,-269703000.0,551267000.0,551267000.0,865640000.0,691100000.0,2.944,0.502,27476000.0,2490000.0,24986000.0,27476000.0,0.0,117579000.0,0.0,0.0,0.0,1015842000.0,1133421000.0,0.35,1133421000.0,1015842000.0,1031608000.0,2.09,2.08,2.09,1541914000.0,1462334000.0,1541914000.0,5214942097.0,5.0,4.601,592293000.0,1.85,1.0,2368584000.0,0.732,282729000.0,-15766000.0,1091208000.0,1007922750.0,357670000.0,6000000.0,0.0,6000000.0,774087000.0,418273000.0,355814000.0,5611620097.0,-56933000.0,-14507000.0,-619746000.0,-7952000.0,0.0,-624825000.0,-284210000.0,0.0,861996000.0,-9894000.0,691100000.0,691100000.0,691100000.0,0.0,0.0,0.214,1352742000.0,1015842000.0,67623000.0,0.0,3.639,8.12,8.364,587108000.0,0.0,17.48,1.735,1.73,127148000.0,376931000.0,3234224000.0,3234224000.0,0.0,0.307,0.473,1.008,0.314,86542000.0,1352742000.0,1.0,321030898.0,320163000.0,321355000.0,10.102,2033272000.0,110257000.0,340508000.0,30609000.0,6.351,813042000.0
50,TPR,MRT,2008-12-31,2008-12-27,2008-12-27,2021-08-19,292000.0,2337961000.0,2213116500.0,1220837000.0,1117124000.0,1.463,4.53,-276410000.0,424153000.0,424153000.0,836968000.0,738649000.0,2.351,0.595,27475000.0,2399000.0,25076000.0,27475000.0,0.0,112657000.0,0.0,0.0,0.0,1087153000.0,1199810000.0,0.37,1199810000.0,1087153000.0,1112587000.0,2.2,2.18,2.2,1466011000.0,1441468750.0,1466011000.0,6249223461.0,6.0,5.209,464062000.0,1.434,1.0,2401839000.0,0.742,303520000.0,-25434000.0,1118454000.0,965576750.0,383081000.0,6000000.0,0.0,6000000.0,871950000.0,519309000.0,352641000.0,6656153461.0,-446097000.0,-14507000.0,-895249000.0,-11951000.0,0.0,-903407000.0,-278417000.0,12500000.0,740472000.0,-4745000.0,738649000.0,738649000.0,738649000.0,4000.0,0.0,0.228,1314682000.0,1087157000.0,125650000.0,0.0,4.54,9.011,9.255,600437000.0,0.0,20.36,2.055,2.035,192024000.0,312035000.0,3238807000.0,3238807000.0,0.0,0.334,0.512,1.126,0.336,84258000.0,1314682000.0,1.0,326923058.0,323655000.0,325168000.0,10.007,2034441000.0,111069000.0,373938000.0,35536000.0,6.286,701528000.0
51,TPR,MRT,2008-09-30,2008-09-27,2008-09-27,2021-08-19,19434000.0,2110912000.0,2206306750.0,1211098000.0,899814000.0,1.476,4.071,-194417000.0,409510000.0,409510000.0,809493000.0,774060000.0,2.627,0.562,2580000.0,335000.0,2245000.0,2580000.0,0.0,106732000.0,0.0,0.0,0.0,1141853000.0,1248585000.0,0.383,1248585000.0,1141853000.0,1177323000.0,2.23,2.2,2.23,1351036000.0,1470429250.0,1351036000.0,8059672545.0,7.0,6.455,683684000.0,2.06,1.0,2447075000.0,0.751,262479000.0,-35470000.0,980563000.0,882384000.0,401797000.0,8000000.0,0.0,8000000.0,759876000.0,460940000.0,298936000.0,8755712545.0,-377046000.0,-8526000.0,-1496050000.0,-285000.0,0.0,-1492362000.0,237157000.0,440100000.0,878101000.0,58000.0,774060000.0,774060000.0,774060000.0,4000.0,0.0,0.238,1305218000.0,1141857000.0,129491000.0,0.0,6.481,11.311,11.655,464885000.0,0.0,25.99,2.689,2.649,156478000.0,198447000.0,3256568000.0,3256568000.0,0.0,0.351,0.526,1.294,0.351,83090000.0,1305218000.0,1.0,336887747.0,331865000.0,334023000.0,9.813,1848433000.0,0.0,403263000.0,0.0,5.57,750158000.0
52,TPR,MRT,2008-06-30,2008-06-28,2008-06-28,2021-08-19,18845000.0,2247353000.0,2348336500.0,1359218000.0,888135000.0,1.354,4.19,-174720000.0,698905000.0,698905000.0,773654000.0,783055000.0,3.014,0.508,2865000.0,285000.0,2580000.0,2865000.0,0.0,100704000.0,0.0,0.0,0.0,1147145000.0,1247849000.0,0.392,1247849000.0,1147145000.0,1194965000.0,2.2,2.17,2.2,1490375000.0,1634128500.0,1490375000.0,9402382718.0,8.0,7.535,748641000.0,2.105,1.0,2407103000.0,0.757,258906000.0,-47820000.0,841466000.0,950427750.0,318490000.0,8000000.0,0.0,8000000.0,756978000.0,450941000.0,306037000.0,9996638718.0,141949000.0,0.0,-1253279000.0,-235000.0,0.0,-1230261000.0,445440000.0,620160000.0,923361000.0,3409000.0,783055000.0,783055000.0,783055000.0,-16000.0,0.0,0.246,1259974000.0,1147129000.0,134726000.0,0.0,6.707,12.766,13.314,464226000.0,0.0,29.29,3.143,3.276,106738000.0,353122000.0,3180757000.0,3180757000.0,0.0,0.333,0.479,1.207,0.361,66979000.0,1259974000.0,1.0,341298693.0,355731000.0,360332000.0,8.941,1988447000.0,151415000.0,411910000.0,25371000.0,5.59,908277000.0
53,TPR,MRT,2008-03-31,2008-03-29,2008-03-29,2021-08-19,33941000.0,2156240000.0,2398876250.0,1270953000.0,885287000.0,1.272,4.189,-161986000.0,608200000.0,608200000.0,728299000.0,730143000.0,3.486,0.478,13944000.0,11364000.0,2580000.0,13944000.0,0.0,96225000.0,0.0,0.0,0.0,1145139000.0,1241364000.0,0.407,1241364000.0,1145139000.0,1194058000.0,2.03,1.98,2.03,1458453000.0,1739123250.0,1458453000.0,9422675272.0,8.0,7.591,696760000.0,2.001,1.0,2323087000.0,0.761,275566000.0,-48919000.0,921824000.0,1055561500.0,319655000.0,8002000.0,8002000.0,0.0,697787000.0,364594000.0,333193000.0,10275860272.0,385884000.0,0.0,-1070418000.0,9328000.0,0.0,-1019352000.0,543171000.0,705157000.0,858746000.0,3319000.0,730143000.0,730143000.0,730143000.0,-1225000.0,0.0,0.239,1179173000.0,1143914000.0,63676000.0,0.0,7.046,14.074,14.384,420943000.0,0.0,29.2,3.368,3.331,148074000.0,332376000.0,3051386000.0,3051386000.0,0.0,0.304,0.42,1.085,0.375,89008000.0,1179173000.0,1.0,351913023.0,348125000.0,351593000.0,8.765,1880674000.0,0.0,463915000.0,161978000.0,5.402,906359000.0
54,TPR,MRT,2007-12-31,2007-12-29,2007-12-29,2021-08-19,9983000.0,2310722000.0,2395615000.0,1480548000.0,830174000.0,1.224,4.368,-153341000.0,870250000.0,870250000.0,680988000.0,717699000.0,3.467,0.461,17065000.0,14485000.0,2580000.0,17065000.0,0.0,91041000.0,0.0,0.0,0.0,1117652000.0,1208693000.0,0.412,1208693000.0,1117652000.0,1170012000.0,1.97,1.92,1.97,1581853000.0,1800871500.0,1581853000.0,10433411000.0,9.0,8.632,717170000.0,1.98,1.0,2251179000.0,0.768,244849000.0,-52360000.0,785683000.0,1162822250.0,300730000.0,21011000.0,21011000.0,0.0,728869000.0,427005000.0,301864000.0,11217102000.0,604915000.0,0.0,-708996000.0,-1253000.0,0.0,-646305000.0,379986000.0,533327000.0,870511000.0,723000.0,717699000.0,717699000.0,717699000.0,-3803000.0,0.0,0.245,1137330000.0,1113849000.0,77355000.0,0.0,7.091,15.629,15.467,407622000.0,0.0,30.47,3.826,3.764,142095000.0,497299000.0,2932167000.0,2932167000.0,0.0,0.3,0.399,0.961,0.381,65949000.0,1137330000.0,1.0,368135937.0,362167000.0,366569000.0,8.096,2065873000.0,0.0,452313000.0,169664000.0,5.704,1053543000.0
55,TPR,MRT,2007-09-30,2007-09-29,2007-09-29,2021-08-19,838000.0,2679031000.0,2318159250.0,1885897000.0,793134000.0,1.19,5.389,-143076000.0,786556000.0,786556000.0,624551000.0,692855000.0,4.69,0.336,2865000.0,285000.0,2580000.0,2865000.0,0.0,86663000.0,0.0,0.0,0.0,1068280000.0,1154943000.0,0.418,1154943000.0,1068280000.0,1117960000.0,1.89,1.84,1.89,2005833000.0,1776132750.0,2005833000.0,17082245052.0,16.0,14.791,679090000.0,1.825,1.0,2135202000.0,0.774,240478000.0,-49680000.0,1252738000.0,1240189250.0,363049000.0,448800000.0,448800000.0,0.0,673198000.0,402124000.0,271074000.0,17636101052.0,691004000.0,0.0,28075000.0,-7615000.0,0.0,98937000.0,-231312000.0,-88236000.0,822166000.0,1213000.0,692855000.0,692855000.0,692855000.0,-16779000.0,0.0,0.251,1083701000.0,1051501000.0,95438000.0,0.0,8.792,25.454,25.011,400807000.0,0.0,47.27,6.39,6.375,148942000.0,920533000.0,2759753000.0,2759753000.0,0.0,0.299,0.39,0.861,0.387,47053000.0,1083701000.0,1.0,373092893.0,372186000.0,379285000.0,7.415,2438553000.0,0.0,425105000.0,145417000.0,6.552,1483773000.0
56,TPR,MRT,2007-06-30,2007-06-30,2007-06-30,2021-08-19,-12792000.0,2449512000.0,2067526500.0,1740196000.0,709316000.0,1.264,5.168,-140567000.0,556956000.0,556956000.0,589470000.0,663665000.0,4.265,0.282,3100000.0,235000.0,2865000.0,3100000.0,0.0,80832000.0,0.0,0.0,0.0,1020533000.0,1101365000.0,0.422,1101365000.0,1020533000.0,1061806000.0,1.8,1.76,1.8,1910354000.0,1572702500.0,1910354000.0,17368849092.0,17.0,15.77,640602000.0,1.733,1.0,2022986000.0,0.774,225659000.0,-41273000.0,1262001000.0,1167442500.0,291192000.0,628860000.0,628860000.0,0.0,539158000.0,407996000.0,131162000.0,17588065092.0,413568000.0,0.0,-37880000.0,-170000.0,0.0,10392000.0,-375777000.0,-235210000.0,781169000.0,-2216000.0,663665000.0,663665000.0,663665000.0,-27136000.0,0.0,0.254,1029589000.0,993397000.0,109309000.0,0.0,9.207,26.501,26.328,368461000.0,0.0,47.39,6.732,6.706,107814000.0,940757000.0,2612456000.0,2612456000.0,0.0,0.321,0.422,0.874,0.391,56726000.0,1029589000.0,1.0,371134524.0,369661000.0,377356000.0,7.067,2223853000.0,154351000.0,398141000.0,36448000.0,6.016,1332200000.0
57,TPR,MRT,2007-03-31,2007-03-31,2007-03-31,2021-08-19,-7012000.0,2143195000.0,1861778500.0,1466264000.0,676931000.0,1.322,4.606,-132216000.0,222316000.0,222316000.0,554671000.0,620695000.0,4.335,0.257,3100000.0,235000.0,2865000.0,3100000.0,0.0,76515000.0,0.0,0.0,0.0,950941000.0,1027456000.0,0.417,1027456000.0,950941000.0,988034000.0,1.68,1.66,1.68,1705446000.0,1392297500.0,1705446000.0,18279252270.0,19.0,17.791,585540000.0,1.581,1.0,1907229000.0,0.775,234848000.0,-37093000.0,1350867000.0,1078132250.0,249818000.0,713858000.0,713858000.0,0.0,437749000.0,338264000.0,99485000.0,18527178270.0,37904000.0,0.0,-531646000.0,-1431000.0,0.0,-485891000.0,-193158000.0,-60942000.0,717756000.0,-803000.0,620695000.0,620695000.0,620695000.0,-30774000.0,0.0,0.252,987062000.0,920167000.0,62113000.0,0.0,10.864,29.849,29.792,344659000.0,0.0,50.05,7.526,7.527,124858000.0,780145000.0,2461900000.0,2461900000.0,0.0,0.333,0.446,0.882,0.386,-4387000.0,987062000.0,1.0,370173392.0,370264000.0,379289000.0,6.649,1908347000.0,0.0,367339000.0,0.0,5.154,1128000000.0
58,TPR,MRT,2006-12-31,2006-12-30,2006-12-30,2021-08-19,-6068000.0,2000899000.0,1794587250.0,1338707000.0,662192000.0,1.291,4.028,-156324000.0,265335000.0,265335000.0,519297000.0,579577000.0,3.152,0.349,17409000.0,14544000.0,2865000.0,17409000.0,0.0,72299000.0,0.0,0.0,0.0,882590000.0,954889000.0,0.412,954889000.0,882590000.0,916813000.0,1.55,1.54,1.55,1482898000.0,1344647500.0,1482898000.0,15701730512.0,18.0,16.444,561958000.0,1.526,1.0,1797018000.0,0.776,233165000.0,-34223000.0,1095151000.0,1031794250.0,249577000.0,554588000.0,554588000.0,0.0,518001000.0,424657000.0,93344000.0,15786802512.0,80210000.0,0.0,-560122000.0,1748000.0,0.0,-511009000.0,-126355000.0,29969000.0,718282000.0,-708000.0,579577000.0,579577000.0,579577000.0,-35374000.0,0.0,0.25,949802000.0,847216000.0,82094000.0,0.0,10.646,27.238,27.716,329324000.0,0.0,42.96,6.815,6.828,125099000.0,630181000.0,2316315000.0,2316315000.0,0.0,0.323,0.431,0.855,0.381,1173000.0,949802000.0,1.0,367476781.0,368138000.0,375496000.0,6.292,1767734000.0,0.0,337236000.0,0.0,4.802,914050000.0
59,TPR,MRT,2006-09-30,2006-09-30,2006-09-30,2021-08-19,-7379000.0,1676500000.0,1734153250.0,1023407000.0,653093000.0,1.246,3.238,-147681000.0,95552000.0,95552000.0,480649000.0,526278000.0,2.591,0.406,10480000.0,7615000.0,2865000.0,10480000.0,0.0,69837000.0,0.0,0.0,0.0,802841000.0,872678000.0,0.404,872678000.0,802841000.0,836166000.0,1.39,1.38,1.39,1192112000.0,1313917000.0,1192112000.0,12445609895.0,16.0,14.261,474799000.0,1.29,1.0,1680399000.0,0.778,234734000.0,-33325000.0,961751000.0,1010479750.0,300855000.0,360781000.0,360781000.0,0.0,484388000.0,394943000.0,89445000.0,12585727895.0,-12738000.0,0.0,-627213000.0,2918000.0,0.0,-552427000.0,-82232000.0,65449000.0,622480000.0,-559000.0,526278000.0,526278000.0,526278000.0,-22398000.0,0.0,0.244,899956000.0,780443000.0,86173000.0,0.0,10.558,23.915,24.748,320996000.0,0.0,34.4,5.824,5.861,118082000.0,402708000.0,2161048000.0,2161048000.0,0.0,0.303,0.401,0.795,0.372,-19635000.0,899956000.0,1.0,365864183.0,368171000.0,373672000.0,5.87,1441766000.0,0.0,309888000.0,0.0,3.916,628464000.0
60,TPR,MRT,2006-06-30,2006-07-01,2006-07-01,2021-08-19,-7260000.0,1626520000.0,1690471250.0,974482000.0,652038000.0,1.204,3.131,-133421000.0,143388000.0,143388000.0,453518000.0,494277000.0,2.851,0.368,3270000.0,170000.0,3100000.0,3270000.0,0.0,64994000.0,0.0,0.0,0.0,745144000.0,810138000.0,0.398,810138000.0,745144000.0,777767000.0,1.3,1.27,1.3,1188734000.0,1307577000.0,1188734000.0,11330790584.0,15.0,13.986,462948000.0,1.219,1.0,1581567000.0,0.777,239818000.0,-32623000.0,904760000.0,987868000.0,233494000.0,394177000.0,394177000.0,0.0,437786000.0,341824000.0,95962000.0,11510096584.0,-11178000.0,0.0,-513721000.0,-11867000.0,0.0,-426251000.0,-180737000.0,-47316000.0,596369000.0,-559000.0,494277000.0,494277000.0,494277000.0,-30437000.0,0.0,0.243,866860000.0,714707000.0,79819000.0,0.0,9.683,23.287,23.0,298531000.0,0.0,29.9,5.656,5.578,84361000.0,417087000.0,2035085000.0,2035085000.0,0.0,0.292,0.378,0.754,0.366,-30147000.0,866860000.0,1.0,384953063.0,379635000.0,388495000.0,5.361,1386702000.0,162096000.0,283490000.0,31655000.0,3.653,632658000.0
61,TPR,MRT,2006-03-31,2006-04-01,2006-04-01,2021-08-19,-6391000.0,1874430000.0,1626380500.0,1277889000.0,596541000.0,1.192,3.948,-130416000.0,184412000.0,184412000.0,434974000.0,466491000.0,4.315,0.237,5106000.0,2006000.0,3100000.0,5106000.0,0.0,59937000.0,0.0,0.0,0.0,693036000.0,752973000.0,0.388,752973000.0,693036000.0,720867000.0,1.23,1.2,1.23,1514846000.0,1274373500.0,1514846000.0,13087928578.0,19.0,17.382,402735000.0,1.05,1.0,1503972000.0,0.776,233462000.0,-27831000.0,1165515000.0,940388750.0,210465000.0,653945000.0,653945000.0,0.0,359584000.0,296147000.0,63437000.0,13256546578.0,-32493000.0,-228431000.0,-28986000.0,-19629000.0,0.0,-27043000.0,-538601000.0,-179754000.0,533151000.0,0.0,466491000.0,466491000.0,466491000.0,-29139000.0,0.0,0.241,839968000.0,664004000.0,54841000.0,0.0,8.751,28.418,28.114,269562000.0,0.0,34.58,6.837,6.844,110415000.0,754735000.0,1938946000.0,1938946000.0,0.0,0.287,0.366,0.737,0.357,-28024000.0,839968000.0,1.0,383358779.0,383739000.0,391453000.0,5.053,1640968000.0,0.0,254376000.0,0.0,4.276,981742000.0
62,TPR,MRT,2005-12-31,2005-12-31,2005-12-31,2021-08-19,-7208000.0,1759163000.0,1476966000.0,1180982000.0,578181000.0,1.27,3.571,-98957000.0,185125000.0,185125000.0,422721000.0,438517000.0,3.397,0.294,16507000.0,13407000.0,3100000.0,16507000.0,0.0,56219000.0,0.0,0.0,0.0,660281000.0,716500000.0,0.382,716500000.0,660281000.0,682939000.0,1.16,1.13,1.16,1359976000.0,1124037500.0,1359976000.0,12571323122.0,19.0,17.545,437536000.0,1.149,1.0,1452446000.0,0.775,232999000.0,-22658000.0,1009893000.0,853984250.0,205042000.0,586433000.0,560887000.0,25546000.0,399187000.0,347653000.0,51534000.0,12671476122.0,-111603000.0,-228431000.0,-202820000.0,-37374000.0,0.0,-236936000.0,-411160000.0,-83772000.0,536493000.0,0.0,438517000.0,438517000.0,438517000.0,-21965000.0,0.0,0.234,809782000.0,642664000.0,87732000.0,0.0,9.317,28.896,28.741,229614000.0,0.0,33.34,6.758,6.771,123045000.0,663191000.0,1875167000.0,1875167000.0,0.0,0.297,0.39,0.773,0.352,-65400000.0,809782000.0,1.0,380068270.0,380837000.0,390620000.0,4.924,1526164000.0,0.0,244422000.0,0.0,4.007,833329000.0
63,TPR,MRT,2005-09-30,2005-10-01,2005-10-01,2021-08-19,-2309000.0,1501772000.0,1388959250.0,863548000.0,638224000.0,1.265,3.074,-99690000.0,108290000.0,108290000.0,405852000.0,391246000.0,3.024,0.287,8137000.0,5037000.0,3100000.0,8137000.0,0.0,51788000.0,0.0,0.0,0.0,591457000.0,643245000.0,0.366,643245000.0,591457000.0,610594000.0,1.03,1.0,1.03,1166752000.0,1030909000.0,1166752000.0,11781555630.0,20.0,18.316,387056000.0,1.02,1.0,1350738000.0,0.769,244754000.0,-19137000.0,871304000.0,802158500.0,215251000.0,430230000.0,339340000.0,90890000.0,335020000.0,285561000.0,49459000.0,11920409630.0,-116524000.0,-228431000.0,-150872000.0,-18382000.0,0.0,-169541000.0,-433729000.0,-105608000.0,486746000.0,0.0,391246000.0,391246000.0,391246000.0,-21965000.0,0.0,0.223,770526000.0,580212000.0,70250000.0,0.0,10.217,30.468,30.447,214170000.0,0.0,31.36,6.786,6.776,104906000.0,550455000.0,1756590000.0,1756590000.0,0.0,0.282,0.38,0.737,0.337,-30328000.0,770526000.0,1.0,380115103.0,379551000.0,389972000.0,4.628,1257018000.0,0.0,219348000.0,0.0,3.312,577987000.0
64,TPR,MRT,2005-06-30,2005-07-02,2005-07-02,2021-08-19,903000.0,1370157000.0,1289188750.0,709360000.0,660797000.0,1.281,2.788,-94574000.0,154566000.0,154566000.0,384153000.0,358612000.0,2.67,0.298,15712000.0,12442000.0,3270000.0,15712000.0,0.0,50400000.0,0.0,0.0,0.0,543984000.0,594384000.0,0.36,594384000.0,543984000.0,559744000.0,0.95,0.92,0.95,1055920000.0,936738750.0,1055920000.0,12460344461.0,23.0,20.963,381022000.0,1.006,1.0,1267551000.0,0.767,250799000.0,-15760000.0,714843000.0,743362250.0,184419000.0,350550000.0,228485000.0,122065000.0,314237000.0,265661000.0,48576000.0,12652514461.0,-108154000.0,-228431000.0,-218136000.0,10478000.0,0.0,-211918000.0,-371832000.0,-48827000.0,475596000.0,0.0,358612000.0,358612000.0,358612000.0,-21965000.0,0.0,0.217,731891000.0,535660000.0,64985000.0,0.0,11.982,35.282,35.316,203862000.0,0.0,33.55,7.66,7.692,65399000.0,484971000.0,1651704000.0,1651704000.0,0.0,0.278,0.383,0.732,0.329,-12787000.0,731891000.0,1.0,377124127.0,378670000.0,390191000.0,4.362,1119358000.0,105365000.0,201132000.0,4512000.0,2.956,443699000.0
65,TPR,MRT,2005-03-31,2005-04-02,2005-04-02,2021-08-19,4296000.0,1276772000.0,1207755750.0,838450000.0,438322000.0,1.35,2.406,-89823000.0,216905000.0,216905000.0,384580000.0,310627000.0,3.476,0.398,24735000.0,21465000.0,3270000.0,24735000.0,0.0,46816000.0,0.0,0.0,0.0,498104000.0,544920000.0,0.334,544920000.0,498104000.0,510581000.0,0.81,0.8,0.81,913502000.0,868330250.0,913502000.0,10383634095.0,21.0,19.055,305140000.0,0.804,1.0,1245328000.0,0.764,23517000.0,-12477000.0,819897000.0,712980000.0,180814000.0,477377000.0,278786000.0,198591000.0,363270000.0,241188000.0,122082000.0,10626481095.0,-228438000.0,0.0,-213936000.0,7936000.0,0.0,-56201000.0,-567200000.0,-477377000.0,394963000.0,0.0,310627000.0,310627000.0,310627000.0,0.0,0.0,0.191,728839000.0,516489000.0,49964000.0,0.0,11.633,34.21,34.309,189775000.0,0.0,27.79,6.52,6.474,83630000.0,478576000.0,1629908000.0,1629908000.0,0.0,0.257,0.358,0.699,0.306,-138583000.0,728839000.0,1.0,382385070.0,379695000.0,391609000.0,4.293,1253255000.0,0.0,199954000.0,0.0,3.301,597262000.0
66,TPR,MRT,2004-12-31,2005-01-01,2005-01-01,2021-08-19,5344000.0,1407136000.0,1116477500.0,910878000.0,496258000.0,1.368,2.603,-90053000.0,296728000.0,296728000.0,368870000.0,288066000.0,2.695,0.425,53881000.0,50611000.0,3270000.0,53881000.0,0.0,47383000.0,0.0,0.0,0.0,465666000.0,513049000.0,0.336,513049000.0,465666000.0,473966000.0,0.76,0.74,0.76,987462000.0,808361750.0,987462000.0,10456479867.0,22.0,20.381,309393000.0,0.816,1.0,1158172000.0,0.758,23716000.0,-8300000.0,802590000.0,574460250.0,190856000.0,504940000.0,229901000.0,275039000.0,419674000.0,337983000.0,81691000.0,10654774867.0,-76047000.0,0.0,-41419000.0,15914000.0,0.0,119500000.0,-594993000.0,-504940000.0,399446000.0,0.0,288066000.0,288066000.0,288066000.0,0.0,0.0,0.189,673150000.0,485022000.0,68489000.0,0.0,10.79,36.987,37.105,171959000.0,0.0,28.2,6.977,7.006,121749000.0,547103000.0,1527042000.0,1527042000.0,0.0,0.258,0.356,0.811,0.305,-81111000.0,673150000.0,1.0,377828896.0,379354000.0,390513000.0,4.025,1383420000.0,0.0,185900000.0,0.0,3.647,572895000.0
67,TPR,MRT,2004-09-30,2004-10-02,2004-10-02,2021-08-19,1852000.0,1102690000.0,980014000.0,795864000.0,306826000.0,1.435,2.09,-76175000.0,224814000.0,224814000.0,346449000.0,256601000.0,3.249,0.396,26519000.0,23249000.0,3270000.0,26519000.0,0.0,43856000.0,0.0,0.0,0.0,415965000.0,459821000.0,0.327,459821000.0,415965000.0,421262000.0,0.69,0.67,0.69,790071000.0,708913500.0,790071000.0,7848244326.0,19.0,17.068,298168000.0,0.789,1.0,1060347000.0,0.754,23286000.0,-5297000.0,636119000.0,441473250.0,204479000.0,324621000.0,217074000.0,107547000.0,312619000.0,244990000.0,67629000.0,8105730326.0,-30543000.0,0.0,-108464000.0,-5249000.0,0.0,-4090000.0,-400796000.0,-324621000.0,374343000.0,0.0,256601000.0,256601000.0,256601000.0,0.0,0.0,0.182,626111000.0,434236000.0,60469000.0,0.0,10.259,31.589,31.232,152830000.0,0.0,21.55,5.762,5.79,85607000.0,412980000.0,1406796000.0,1406796000.0,0.0,0.262,0.362,0.942,0.296,-49436000.0,626111000.0,1.0,376135978.0,377981000.0,389492000.0,3.722,1079404000.0,0.0,164661000.0,0.0,2.856,550874000.0
68,TPR,MRT,2004-06-30,2004-07-03,2004-07-03,2021-08-19,2195000.0,1044425000.0,880464000.0,705616000.0,338809000.0,1.5,2.102,-73601000.0,262720000.0,262720000.0,331024000.0,237949000.0,4.145,0.335,5234000.0,1814000.0,3420000.0,5234000.0,0.0,40100000.0,0.0,0.0,0.0,387261000.0,427361000.0,0.323,427361000.0,387261000.0,390453000.0,0.64,0.62,0.64,782286000.0,634663000.0,782286000.0,8244885827.0,21.0,19.293,285693000.0,0.768,1.0,990082000.0,0.749,23393000.0,-3192000.0,593314000.0,352442500.0,161913000.0,301723000.0,171723000.0,130000000.0,262139000.0,170232000.0,91907000.0,8673429827.0,33544000.0,0.0,-20813000.0,-24852000.0,0.0,49574000.0,-375324000.0,-301723000.0,359294000.0,0.0,237949000.0,237949000.0,237949000.0,0.0,0.0,0.18,584778000.0,405304000.0,44771000.0,0.0,11.087,36.451,36.008,164291000.0,0.0,23.045,6.565,6.491,55724000.0,430461000.0,1321106000.0,1321106000.0,0.0,0.27,0.375,1.099,0.293,-51668000.0,584778000.0,1.0,376369270.0,372120000.0,385558000.0,3.55,1021032000.0,34521000.0,152504000.0,15791000.0,2.744,535384000.0
69,TPR,MRT,2004-03-31,2004-03-27,2004-03-27,2021-08-19,4113000.0,911659000.0,773770750.0,724812000.0,186847000.0,1.57,1.801,-70282000.0,445343000.0,445343000.0,314352000.0,225942000.0,3.733,0.353,16799000.0,13379000.0,3420000.0,16799000.0,0.0,42208000.0,0.0,0.0,0.0,368391000.0,410599000.0,0.338,410599000.0,368391000.0,370470000.0,0.62,0.585,0.62,673628000.0,545823750.0,673628000.0,7421100188.0,20.0,18.074,299611000.0,0.801,1.0,900125000.0,0.741,23119000.0,-2079000.0,265818000.0,262789750.0,153834000.0,0.0,0.0,0.0,238031000.0,194178000.0,43853000.0,7755908188.0,253080000.0,0.0,-26769000.0,-19762000.0,0.0,-46531000.0,-70282000.0,0.0,369893000.0,0.0,225942000.0,225942000.0,225942000.0,0.0,0.0,0.186,516120000.0,384005000.0,39670000.0,0.0,11.514,34.327,33.508,134506000.0,0.0,20.775,6.386,6.398,78657000.0,364791000.0,1214477000.0,1214477000.0,0.0,0.292,0.414,1.402,0.303,88781000.0,516120000.0,1.0,373328914.0,374012000.0,387139000.0,3.247,888540000.0,0.0,144528000.0,0.0,2.376,530634000.0
70,TPR,MRT,2003-12-31,2003-12-27,2003-12-27,2021-08-19,3458000.0,861282000.0,690700000.0,676001000.0,185281000.0,1.624,1.592,-64886000.0,372775000.0,372775000.0,299385000.0,199484000.0,2.904,0.461,37967000.0,34547000.0,3420000.0,37967000.0,0.0,36366000.0,0.0,0.0,0.0,323887000.0,360253000.0,0.321,360253000.0,323887000.0,325542000.0,0.55,0.52,0.55,589669000.0,471824250.0,589669000.0,6737249054.0,21.0,18.701,237552000.0,0.641,1.0,822415000.0,0.733,23048000.0,-1655000.0,270642000.0,252902750.0,157226000.0,0.0,0.0,0.0,271613000.0,232784000.0,38829000.0,6960838054.0,201634000.0,0.0,-27766000.0,-8152000.0,0.0,-35918000.0,-64886000.0,0.0,302438000.0,0.0,199484000.0,199484000.0,199484000.0,0.0,0.0,0.178,486532000.0,335883000.0,55176000.0,0.0,11.805,34.894,34.1,132353000.0,0.0,18.755,6.205,6.194,94452000.0,306480000.0,1121800000.0,1121800000.0,0.0,0.289,0.423,1.281,0.289,74815000.0,486532000.0,1.0,371145724.0,370462000.0,383970000.0,3.028,838234000.0,0.0,126058000.0,0.0,2.263,443217000.0
71,TPR,MRT,2003-09-30,2003-09-27,2003-09-27,2021-08-19,1077000.0,704490000.0,617202000.0,529441000.0,175049000.0,1.651,1.343,-62991000.0,255357000.0,255357000.0,284696000.0,166477000.0,2.972,0.429,31768000.0,28348000.0,3420000.0,31768000.0,0.0,33715000.0,0.0,0.0,0.0,268794000.0,302509000.0,0.297,302509000.0,268794000.0,270093000.0,0.465,0.44,0.465,493069000.0,408419750.0,493069000.0,4793143638.0,18.0,15.845,184179000.0,0.502,1.0,734114000.0,0.721,22780000.0,-1299000.0,279996000.0,238834250.0,176794000.0,0.0,0.0,0.0,211421000.0,178125000.0,33296000.0,4992233638.0,211324000.0,0.0,34034000.0,-6889000.0,0.0,27145000.0,-62991000.0,0.0,247170000.0,0.0,166477000.0,166477000.0,166477000.0,0.0,0.0,0.163,456335000.0,277779000.0,41537000.0,0.0,10.125,29.988,29.188,125119000.0,0.0,13.572,4.9,4.891,59859000.0,259951000.0,1018810000.0,1018810000.0,0.0,0.27,0.408,1.125,0.264,49936000.0,456335000.0,1.0,367819756.0,367176000.0,381918000.0,2.775,681710000.0,0.0,103616000.0,0.0,1.857,351316000.0
72,TPR,MRT,2003-06-30,2003-06-28,2003-06-28,2021-08-19,-1359000.0,617652000.0,547666750.0,448538000.0,169114000.0,1.741,1.189,-61830000.0,229176000.0,229176000.0,275797000.0,146628000.0,2.778,0.447,30086000.0,26551000.0,3535000.0,30086000.0,0.0,31350000.0,0.0,0.0,0.0,236154000.0,267504000.0,0.281,267504000.0,236154000.0,237213000.0,0.41,0.39,0.41,426929000.0,344875250.0,426929000.0,4379984036.0,19.0,16.374,164539000.0,0.458,1.0,677429000.0,0.711,22398000.0,-1059000.0,234703000.0,227411250.0,143807000.0,0.0,0.0,0.0,190723000.0,161461000.0,29262000.0,4535687036.0,135214000.0,0.0,-21552000.0,-7773000.0,0.0,-29325000.0,-61830000.0,0.0,226369000.0,0.0,146628000.0,146628000.0,146628000.0,0.0,0.0,0.154,433667000.0,243762000.0,26637000.0,0.0,10.624,30.933,30.451,118547000.0,0.0,12.485,4.758,4.704,35470000.0,217622000.0,953226000.0,953226000.0,0.0,0.268,0.425,1.038,0.248,41503000.0,433667000.0,1.0,363290912.0,359116000.0,371684000.0,2.654,595254000.0,30376000.0,90585000.0,0.0,1.658,287077000.0
73,TPR,MRT,2003-03-31,2003-03-29,2003-03-29,2021-08-19,-36000.0,579376000.0,503396500.0,404632000.0,174744000.0,1.774,1.046,-51555000.0,192263000.0,192263000.0,271150000.0,134070000.0,2.312,0.534,36560000.0,33025000.0,3535000.0,36560000.0,0.0,27745000.0,0.0,0.0,0.0,214597000.0,242342000.0,0.271,242342000.0,214597000.0,214631000.0,0.38,0.36,0.38,377630000.0,303232000.0,377630000.0,3325498191.0,15.0,13.722,139637000.0,0.387,1.0,621940000.0,0.696,22373000.0,-34000.0,226270000.0,219396750.0,135996000.0,0.0,0.0,0.0,201746000.0,175030000.0,26716000.0,3450520191.0,115985000.0,-1000.0,-21136000.0,-2515000.0,0.0,-23651000.0,-51556000.0,0.0,191192000.0,0.0,134070000.0,134070000.0,134070000.0,0.0,0.0,0.15,404021000.0,217919000.0,29660000.0,0.0,9.137,25.737,25.197,109370000.0,0.0,9.575,3.864,3.87,46703000.0,187758000.0,893090000.0,893090000.0,0.0,0.266,0.442,0.978,0.24,31909000.0,405115000.0,1.0,360367644.0,360924000.0,372984000.0,2.474,557003000.0,0.0,80561000.0,0.0,1.543,229602000.0
74,TPR,MRT,2002-12-31,2002-12-28,2002-12-28,2021-08-19,-386000.0,567290000.0,458207500.0,400188000.0,167102000.0,1.821,0.944,-47218000.0,171141000.0,171141000.0,261026000.0,114034000.0,1.947,0.688,46119000.0,42584000.0,3535000.0,46119000.0,0.0,26704000.0,0.0,0.0,0.0,182015000.0,208719000.0,0.25,208719000.0,182015000.0,181834000.0,0.323,0.307,0.323,336051000.0,266162000.0,336051000.0,2790728477.0,15.0,13.371,105694000.0,0.297,1.0,573239000.0,0.687,22371000.0,181000.0,214368000.0,212731500.0,135908000.0,0.0,0.0,0.0,231239000.0,205529000.0,25710000.0,2796104477.0,104618000.0,-5792000.0,-21796000.0,26512000.0,0.0,4716000.0,-53010000.0,0.0,152912000.0,0.0,114034000.0,114034000.0,114034000.0,0.0,0.0,0.137,388807000.0,184432000.0,34205000.0,0.0,8.32,24.52,24.389,104404000.0,0.0,7.878,3.352,3.361,67284000.0,155905000.0,834265000.0,834265000.0,0.0,0.249,0.428,0.856,0.218,30515000.0,385434000.0,1.0,354948204.0,355912000.0,367722000.0,2.344,544919000.0,0.0,67800000.0,0.0,1.531,194659000.0
75,TPR,MRT,2002-09-30,2002-09-28,2002-09-28,2021-08-19,-242000.0,426349000.0,408581500.0,267920000.0,158429000.0,1.864,0.673,-44874000.0,44033000.0,44033000.0,243477000.0,95769000.0,1.629,0.785,38657000.0,35122000.0,3535000.0,38657000.0,0.0,26039000.0,0.0,0.0,0.0,150830000.0,176869000.0,0.232,176869000.0,150830000.0,150318000.0,0.275,0.26,0.275,238891000.0,235055750.0,238891000.0,2332735613.0,15.0,13.189,79851000.0,0.225,1.0,518015000.0,0.68,22249000.0,512000.0,234304000.0,199324500.0,152724000.0,0.0,0.0,0.0,187458000.0,164420000.0,23038000.0,2388838613.0,39300000.0,-5792000.0,-29226000.0,-5533000.0,0.0,-34759000.0,-50666000.0,0.0,124725000.0,0.0,95769000.0,95769000.0,95769000.0,0.0,0.0,0.126,366242000.0,151773000.0,32547000.0,0.0,10.0,24.944,24.645,97099000.0,0.0,6.777,3.137,3.159,45009000.0,93474000.0,761492000.0,761492000.0,0.0,0.234,0.407,0.757,0.198,14743000.0,362869000.0,1.0,352466044.0,354916000.0,367968000.0,2.146,404100000.0,0.0,54549000.0,0.0,1.139,103500000.0
76,TPR,MRT,2002-06-30,2002-06-29,2002-06-29,2021-08-19,215000.0,440571000.0,382100250.0,287588000.0,152983000.0,1.883,0.739,-41172000.0,93962000.0,93962000.0,236041000.0,85827000.0,1.804,0.692,37859000.0,34244000.0,3615000.0,37859000.0,0.0,25494000.0,0.0,0.0,0.0,134276000.0,159770000.0,0.222,159770000.0,134276000.0,133152000.0,0.245,0.235,0.245,260356000.0,214546000.0,260356000.0,2397745968.0,18.0,15.007,66765000.0,0.19,1.0,483362000.0,0.672,22395000.0,1124000.0,202645000.0,187806000.0,136404000.0,0.0,0.0,0.0,180215000.0,159428000.0,20787000.0,2434947968.0,90271000.0,-14805000.0,10954000.0,12994000.0,0.0,38311000.0,-55977000.0,0.0,107937000.0,0.0,85827000.0,85827000.0,85827000.0,0.0,0.0,0.119,349727000.0,133635000.0,25819000.0,0.0,9.352,28.37,28.01,90589000.0,0.0,6.862,3.385,3.36,30925000.0,105509000.0,719403000.0,719403000.0,0.0,0.225,0.4,0.715,0.187,13793000.0,346354000.0,1.0,354819376.0,352192000.0,363808000.0,2.043,418176000.0,39154000.0,47325000.0,0.0,1.187,128160000.0
77,TPR,MRT,2002-03-31,2002-03-30,2002-03-30,2021-08-19,0.0,398620000.0,336635250.0,260868000.0,137752000.0,2.021,0.648,-37353000.0,76278000.0,76278000.0,228253000.0,77763000.0,1.765,0.738,39076000.0,35461000.0,3615000.0,39076000.0,0.0,25811000.0,0.0,0.0,0.0,123211000.0,149022000.0,0.219,149022000.0,123211000.0,122051000.0,0.221,0.215,0.221,229350000.0,186535500.0,229350000.0,2190857121.0,18.0,14.702,58394000.0,0.165,1.0,452024000.0,0.664,14002000.0,1160000.0,199609000.0,174068250.0,131783000.0,0.0,0.0,0.0,169270000.0,147807000.0,21463000.0,2237773121.0,69037000.0,-14804000.0,8173000.0,2911000.0,0.0,25447000.0,-52157000.0,0.0,95747000.0,0.0,77763000.0,77763000.0,77763000.0,0.0,0.0,0.114,327895000.0,124129000.0,26162000.0,0.0,9.757,28.777,28.682,84295000.0,0.0,6.339,3.29,3.296,25563000.0,,680277000.0,680277000.0,0.0,0.231,0.417,0.708,0.181,9057000.0,323446000.0,1.0,353030664.0,353696000.0,366584000.0,1.923,384618000.0,19061000.0,44288000.0,0.0,1.087,113061000.0
78,TPR,MRT,2001-12-31,2001-12-29,2001-12-29,2021-08-19,0.0,368786000.0,299907500.0,242448000.0,126338000.0,2.149,0.605,-35758000.0,66523000.0,66523000.0,223060000.0,73939000.0,1.788,0.743,19607000.0,15992000.0,3615000.0,19607000.0,0.0,24981000.0,0.0,0.0,0.0,117366000.0,142347000.0,0.221,142347000.0,117366000.0,115647000.0,0.211,0.205,0.211,211626000.0,163198750.0,211626000.0,1706676217.0,15.0,11.99,83562000.0,0.239,1.0,421360000.0,0.654,25501000.0,1719000.0,160740000.0,158398750.0,115424000.0,0.0,0.0,0.0,157160000.0,135629000.0,21531000.0,1667219217.0,61192000.0,-9013000.0,4116000.0,-31836000.0,0.0,-13357000.0,-44771000.0,0.0,119320000.0,0.0,73939000.0,73939000.0,73939000.0,0.0,0.0,0.115,303765000.0,117595000.0,21980000.0,0.0,7.878,22.549,22.737,81776000.0,0.0,4.798,2.587,2.602,29139000.0,,644420000.0,644420000.0,0.0,0.247,0.453,0.741,0.182,6223000.0,304146000.0,1.0,347518336.0,349520000.0,357652000.0,1.844,343285000.0,19061000.0,41708000.0,0.0,0.982,106819000.0
79,TPR,MRT,2001-09-30,2001-09-29,2001-09-29,2021-08-19,0.0,320424000.0,278719000.0,195988000.0,124436000.0,2.223,0.449,-32877000.0,4733000.0,4733000.0,223074000.0,68977000.0,1.372,1.043,44190000.0,40575000.0,3615000.0,44190000.0,0.0,24448000.0,0.0,0.0,0.0,109939000.0,134387000.0,0.217,134387000.0,109939000.0,107042000.0,0.196,0.193,0.196,156852000.0,142260750.0,156852000.0,1168435094.0,11.0,8.695,80585000.0,0.231,1.0,396624000.0,0.64,28777000.0,2897000.0,188230000.0,158749500.0,132469000.0,0.0,0.0,0.0,163572000.0,142874000.0,20698000.0,1160691094.0,4569000.0,-9013000.0,118899000.0,-200265000.0,0.0,-67003000.0,-41890000.0,0.0,113462000.0,0.0,68977000.0,68977000.0,68977000.0,0.0,0.0,0.111,287258000.0,109366000.0,16888000.0,0.0,7.4,16.827,16.907,76598000.0,0.0,3.314,1.873,1.868,33693000.0,,619698000.0,619698000.0,0.0,0.247,0.485,0.693,0.177,1975000.0,287639000.0,1.0,350265136.0,349256000.0,360800000.0,1.774,291647000.0,32981000.0,38065000.0,0.0,0.835,53114000.0
80,TPR,MRT,2001-06-30,2001-06-30,2001-06-30,2021-08-19,-487000.0,258711000.0,263986750.0,151567000.0,107144000.0,2.275,0.453,-31069000.0,3691000.0,3691000.0,218507000.0,64030000.0,1.451,0.744,11435000.0,7745000.0,3690000.0,11435000.0,0.0,24131000.0,0.0,0.0,0.0,101993000.0,126124000.0,0.21,126124000.0,101993000.0,99430000.0,0.195,0.19,0.195,148314000.0,125181750.0,148314000.0,1678950321.0,16.0,13.312,93260000.0,0.285,1.0,381984000.0,0.636,14313000.0,2563000.0,147694000.0,164542250.0,105162000.0,0.0,0.0,0.0,110397000.0,104448000.0,5949000.0,1655682321.0,3529000.0,0.0,124046000.0,-213777000.0,0.0,-89731000.0,-31069000.0,0.0,124329000.0,0.0,64030000.0,64030000.0,64030000.0,0.0,0.0,0.107,280296000.0,101688000.0,14313000.0,0.0,11.163,25.858,24.391,72388000.0,0.0,4.756,2.757,2.594,20608000.0,22650000.0,600491000.0,600491000.0,0.0,0.243,0.511,0.62,0.17,1405000.0,275727000.0,1.0,348106664.0,327440000.0,337248000.0,1.834,244398000.0,32982000.0,35400000.0,0.0,0.746,47119000.0
81,TPR,MRT,2001-03-31,2001-03-31,2001-03-31,2021-08-19,0.0,251709000.0,263986750.0,152767000.0,98942000.0,2.192,0.391,-28894000.0,7241000.0,7241000.0,215864000.0,60046000.0,1.392,0.851,30509000.0,26819000.0,3690000.0,30509000.0,0.0,23207000.0,0.0,0.0,0.0,93941000.0,117148000.0,0.202,117148000.0,93941000.0,91870000.0,0.181,0.179,0.181,136003000.0,125181750.0,136003000.0,1314792457.0,14.0,11.223,90696000.0,0.261,1.0,362835000.0,0.627,28333000.0,2071000.0,136931000.0,164196750.0,104183000.0,0.0,0.0,0.0,115706000.0,109713000.0,5993000.0,1257970457.0,7077000.0,0.0,122000000.0,-176153000.0,0.0,-83619000.0,-28894000.0,0.0,119590000.0,0.0,60046000.0,60046000.0,60046000.0,0.0,0.0,0.104,268927000.0,93908000.0,4564000.0,0.0,9.25,20.95,19.965,70609000.0,0.0,3.614,2.174,2.174,20642000.0,,578699000.0,578699000.0,0.0,0.227,0.48,0.572,0.162,0.0,264340000.0,1.0,348106664.0,348104000.0,363080000.0,1.662,223376000.0,0.0,31824000.0,0.0,0.642,43054000.0
82,TPR,MRT,2000-12-31,2000-12-30,2000-12-30,2021-08-19,0.0,284032000.0,,186091000.0,97941000.0,,0.367,-28013000.0,5331000.0,5331000.0,215427000.0,55087000.0,1.239,1.221,62153000.0,58423000.0,3730000.0,62153000.0,0.0,23365000.0,0.0,0.0,0.0,85684000.0,109049000.0,0.192,109049000.0,85684000.0,83946000.0,0.17,0.168,0.17,127874000.0,,127874000.0,1333698324.0,16.0,12.23,80771000.0,0.232,1.0,352630000.0,0.621,28558000.0,1738000.0,162143000.0,,101373000.0,31895000.0,31895000.0,0.0,156158000.0,150153000.0,6005000.0,1251008324.0,5173000.0,0.0,122000000.0,-168132000.0,0.0,-75598000.0,-28013000.0,0.0,108784000.0,0.0,55087000.0,55087000.0,55087000.0,0.0,0.0,0.097,266979000.0,85651000.0,756000.0,0.0,9.783,22.71,21.14,69383000.0,0.0,3.594,2.202,2.202,28698000.0,,568057000.0,568057000.0,0.0,,,,0.151,0.0,262029000.0,1.0,348106664.0,348104000.0,356104000.0,1.632,255474000.0,0.0,28859000.0,0.0,0.734,35938000.0
83,TPR,MRT,2000-09-30,2000-09-30,2000-09-30,2021-08-19,0.0,261495000.0,,161463000.0,100032000.0,,0.316,-26629000.0,164000.0,164000.0,214922000.0,44145000.0,1.63,1.954,82854000.0,11119000.0,71735000.0,82854000.0,0.0,22863000.0,0.0,,0.0,64793000.0,87656000.0,0.159,87656000.0,64793000.0,64357000.0,0.159,0.159,0.159,88536000.0,,88536000.0,,,,67361000.0,0.24,1.0,336235000.0,0.61,33718000.0,436000.0,211401000.0,,119397000.0,0.0,0.0,0.0,172959000.0,99066000.0,73893000.0,,10000.0,0.0,0.0,-37885000.0,0.0,-67351000.0,-26629000.0,0.0,93990000.0,0.0,44145000.0,44145000.0,44145000.0,0.0,0.0,0.08,271475000.0,64760000.0,4999000.0,0.0,,,,66314000.0,0.0,,,,24855000.0,,551157000.0,551157000.0,0.0,,,,0.118,0.0,266525000.0,1.0,339250664.0,280208000.0,280208000.0,1.967,227777000.0,0.0,20212000.0,0.0,0.813,62397000.0
84,TPR,MRT,2000-06-30,2000-07-01,2000-07-01,2021-08-19,0.0,258711000.0,270399500.0,151567000.0,107144000.0,1.989,0.529,-23365000.0,3691000.0,3691000.0,220085000.0,38603000.0,1.451,0.744,11435000.0,7745000.0,3690000.0,11435000.0,0.0,22628000.0,0.0,,0.0,56050000.0,78678000.0,0.146,78678000.0,56050000.0,55630000.0,0.138,0.138,0.138,148314000.0,175738000.0,148314000.0,,,,61590000.0,0.22,1.0,317609000.0,0.591,15695000.0,420000.0,146312000.0,172176000.0,105162000.0,0.0,0.0,0.0,110397000.0,104448000.0,5949000.0,,14000.0,0.0,0.0,-32110000.0,0.0,-61576000.0,-23365000.0,0.0,84955000.0,0.0,38603000.0,38603000.0,38603000.0,0.0,0.0,0.072,261592000.0,56017000.0,14313000.0,0.0,,,,72388000.0,0.0,,,,20608000.0,212753000.0,537694000.0,537694000.0,0.0,0.143,0.22,0.326,0.104,0.0,261592000.0,1.0,339250664.0,280208000.0,280208000.0,1.919,243016000.0,32982000.0,17027000.0,0.0,0.867,47119000.0
85,TPR,MRT,2000-03-31,2000-04-01,2000-04-01,2021-08-19,,,,,,,,,,,,,,,,,,,,,,,0.0,,,,,,,,,,,,,,,,,,1.0,,,,,,,,,,,,,,,,,,,,,,,,,,,,,,,,,,,,,,,,,,,,,,,,,,,,,,1.0,,280208000.0,,,,,,,,
86,TPR,MRT,1999-12-31,2000-01-01,2000-01-01,2021-08-19,,,,,,,,,,,,,,,,,,,,,,,0.0,,,,,,,,,,,,,,,,,,1.0,,,,,,,,,,,,,,,,,,,,,,,,,,,,,,,,,,,,,,,,,,,,,,,,,,,,,,1.0,,280208000.0,,,,,,,,
87,TPR,MRT,1999-09-30,1999-10-02,1999-10-02,2021-08-19,,,,,,,,,,,,,,,,,,,,,,,0.0,,,,,,,,,,,,,,,,,,1.0,,,,,,,,,,,,,,,,,,,,,,,,,,,,,,,,,,,,,,,,,,,,,,,,,,,,,,1.0,,,,,,,,,,
88,TPR,MRT,1999-06-30,1999-07-03,1999-07-03,2021-08-19,-804000.0,282088000.0,,126620000.0,155468000.0,,0.725,-10873000.0,148000.0,148000.0,226190000.0,16715000.0,1.69,0.388,7833000.0,4058000.0,3775000.0,7833000.0,0.0,22256000.0,0.0,,0.0,19475000.0,41731000.0,0.082,41731000.0,19475000.0,19061000.0,0.06,0.06,0.06,203162000.0,,203162000.0,,,,84787000.0,0.303,1.0,281591000.0,0.555,16798000.0,414000.0,198040000.0,,101395000.0,0.0,0.0,0.0,78926000.0,74935000.0,3991000.0,,-35000.0,-896000.0,0.0,-83924000.0,0.0,-83924000.0,-11769000.0,0.0,95660000.0,-2000.0,16715000.0,16715000.0,16715000.0,0.0,0.0,0.033,262116000.0,19475000.0,10122000.0,0.0,,,,61151000.0,0.0,,,,65968000.0,,507781000.0,507781000.0,0.0,,,,0.038,0.0,255008000.0,1.0,,280208000.0,280208000.0,1.812,265290000.0,29846000.0,2346000.0,5694000.0,0.947,51685000.0
89,TPR,MRT,1998-06-30,1998-06-27,1998-06-27,2021-08-19,,,,,,,,-14338000.0,,,235512000.0,20663000.0,,,,,,,,22784000.0,,,0.0,25351000.0,48135000.0,0.092,48135000.0,25351000.0,24843000.0,,,,,,,,,,28177000.0,,1.0,286708000.0,0.549,,508000.0,,,,,,,,,,,-4000.0,0.0,1095000.0,-29283000.0,0.0,-28188000.0,-14338000.0,0.0,42515000.0,7000.0,20663000.0,20663000.0,20663000.0,0.0,0.0,0.04,261695000.0,25013000.0,,,,,,,0.0,,,,,,522220000.0,522220000.0,0.0,,,,0.049,0.0,261695000.0,1.0,,,,,,,4180000.0,,,
