None,ticker,dimension,calendardate,datekey,reportperiod,lastupdated,accoci,assets,assetsavg,assetsc,assetsnc,assetturnover,bvps,capex,cashneq,cashnequsd,cor,consolinc,currentratio,de,debt,debtc,debtnc,debtusd,deferredrev,depamor,deposits,divyield,dps,ebit,ebitda,ebitdamargin,ebitdausd,ebitusd,ebt,eps,epsdil,epsusd,equity,equityavg,equityusd,ev,evebit,evebitda,fcf,fcfps,fxusd,gp,grossmargin,intangibles,intexp,invcap,invcapavg,inventory,investments,investmentsc,investmentsnc,liabilities,liabilitiesc,liabilitiesnc,marketcap,ncf,ncfbus,ncfcommon,ncfdebt,ncfdiv,ncff,ncfi,ncfinv,ncfo,ncfx,netinc,netinccmn,netinccmnusd,netincdis,netincnci,netmargin,opex,opinc,payables,payoutratio,pb,pe,pe1,ppnenet,prefdivis,price,ps,ps1,receivables,retearn,revenue,revenueusd,rnd,roa,roe,roic,ros,sbcomp,sgna,sharefactor,sharesbas,shareswa,shareswadil,sps,tangibles,taxassets,taxexp,taxliabilities,tbvps,workingcapital
0,CTX1,MRY,2009-12-31,2009-03-31,2009-03-31,2021-08-25,0.0,5918114000.0,6812415250.0,,,0.562,7.383,-4919000.0,1768548000.0,1768548000.0,4138006000.0,-1388754000.0,,5.382,3223924000.0,,,3223924000.0,0.0,37799000.0,0.0,0.011,0.08,-1422658000.0,-1384859000.0,-0.362,-1384859000.0,-1422658000.0,-1475374000.0,-11.17,-11.17,-11.17,917814000.0,1587365500.0,917814000.0,2675560530.0,-2.0,-1.932,1376485000.0,11.073,1.0,-311476000.0,-0.081,9933000.0,52716000.0,7363557000.0,8688074000.0,3268653000.0,136504000.0,,,4939448000.0,,,932620530.0,777718000.0,157730000.0,538000.0,-438550000.0,-9887000.0,-802333000.0,198647000.0,45836000.0,1381404000.0,0.0,-1388754000.0,-1388754000.0,-1388754000.0,-51397000.0,0.0,-0.363,1022896000.0,-1334372000.0,96749000.0,-0.007,1.016,-0.672,-0.671,24813000.0,0.0,7.5,0.244,0.244,589941000.0,966993000.0,3826530000.0,3826530000.0,0.0,-0.204,-0.875,-0.164,-0.372,22610000.0,984795000.0,1.0,124349404.0,124308846,124308846.0,30.782,5908181000.0,0.0,-86620000.0,0.0,47.528,
1,CTX1,MRY,2008-12-31,2008-03-31,2008-03-31,2021-08-25,0.0,8137332000.0,10295918000.0,,,0.804,18.753,-6638000.0,638250000.0,638250000.0,9260763000.0,-2657482000.0,,2.54,3662220000.0,,,3662220000.0,0.0,52473000.0,0.0,0.007,0.16,-2863030000.0,-2810557000.0,-0.34,-2810557000.0,-2863030000.0,-2871672000.0,-21.68,-21.68,-21.68,2298661000.0,3613221750.0,2298661000.0,7021993781.0,-2.0,-2.498,1466545000.0,11.964,1.0,-985201000.0,-0.119,51622000.0,8642000.0,11109680000.0,14209981250.0,5335408000.0,206822000.0,,,5838671000.0,,,2963041781.0,-295916000.0,-28757000.0,44408000.0,-1896639000.0,-19462000.0,-1801701000.0,32602000.0,72267000.0,1473183000.0,0.0,-2657482000.0,-2657482000.0,-2657482000.0,-3486000.0,0.0,-0.321,1735678000.0,-2720879000.0,259170000.0,-0.007,1.289,-1.115,-1.117,77931000.0,0.0,24.21,0.358,0.359,1339741000.0,2365634000.0,8275562000.0,8275562000.0,0.0,-0.258,-0.735,-0.201,-0.346,37761000.0,1657442000.0,1.0,122389169.0,122577071,122577071.0,67.513,8085710000.0,191246000.0,-214190000.0,0.0,65.964,
2,CTX1,MRY,2007-12-31,2007-03-31,2007-03-31,2021-08-25,0.0,13199933000.0,15910266000.0,,,0.747,42.412,-40643000.0,1029066000.0,1029066000.0,9643920000.0,268366000.0,,1.582,5565157000.0,,,5565157000.0,0.0,60075000.0,0.0,0.004,0.16,384629000.0,444704000.0,0.037,444704000.0,384629000.0,384629000.0,2.23,2.23,2.23,5112269000.0,5033437750.0,5112269000.0,11059779219.0,29.0,24.87,899354000.0,7.461,1.0,2243681000.0,0.189,130453000.0,0.0,17605571000.0,21467902500.0,8915211000.0,281644000.0,,,8087664000.0,,,4990302219.0,834799000.0,497211000.0,-209596000.0,74338000.0,-19095000.0,-192683000.0,87485000.0,-362402000.0,939997000.0,0.0,268366000.0,268366000.0,268366000.0,-277843000.0,0.0,0.023,2001935000.0,241746000.0,518421000.0,0.072,0.976,18.595,18.735,134741000.0,0.0,41.78,0.42,0.424,1907559000.0,5250873000.0,11887601000.0,11887601000.0,0.0,0.017,0.053,0.018,0.032,64850000.0,2001935000.0,1.0,119442370.0,120537235,120537235.0,98.622,13069480000.0,500703000.0,116263000.0,0.0,108.427,
3,CTX1,MRY,2006-12-31,2006-03-31,2006-03-31,2021-08-25,8630000.0,21364999000.0,21750503250.0,,,0.586,39.502,-92234000.0,176731000.0,176731000.0,10657651000.0,1289313000.0,,3.263,6059408000.0,,,6059408000.0,0.0,63069000.0,0.0,0.003,0.16,1968489000.0,2031558000.0,0.159,2031558000.0,1968489000.0,1957386000.0,10.16,9.71,10.16,5011658000.0,4744277000.0,5011658000.0,21752786152.0,11.0,10.707,-855615000.0,-6.744,1.0,2085015000.0,0.164,217728000.0,11103000.0,27029948000.0,33291424500.0,9649934000.0,2437294000.0,,,16353341000.0,,,7610872152.0,-454631000.0,173022000.0,-589667000.0,35430000.0,-20294000.0,-590032000.0,900261000.0,823366000.0,-763381000.0,-1479000.0,1289313000.0,1289313000.0,1289313000.0,-76648000.0,0.0,0.101,279172000.0,1805843000.0,617006000.0,0.016,1.519,5.903,6.101,178008000.0,0.0,61.99,0.597,0.617,326510000.0,5251325000.0,12742666000.0,12742666000.0,0.0,0.059,0.272,0.059,0.154,68743000.0,279172000.0,1.0,122775805.0,126870887,132749797.0,100.438,21147271000.0,237021000.0,668073000.0,0.0,166.683,
4,CTX1,MRY,2005-12-31,2005-03-31,2005-03-31,2021-08-25,71127000.0,20011079000.0,18441113500.0,,,0.539,34.184,-43313000.0,590171000.0,590171000.0,8356229000.0,1011364000.0,,3.675,4803772000.0,,,4803772000.0,0.0,58259000.0,0.0,0.003,0.16,1523035000.0,1581294000.0,0.159,1581294000.0,1523035000.0,1503687000.0,8.08,7.64,8.08,4280757000.0,3717687000.0,4280757000.0,19421905474.0,13.0,12.282,-282203000.0,-2.254,1.0,1578053000.0,0.159,216537000.0,19348000.0,24008143000.0,27885478000.0,6896112000.0,1939268000.0,,,15730322000.0,,,7247725474.0,323727000.0,-33491000.0,86818000.0,2244011000.0,-19947000.0,2245169000.0,-1677167000.0,-1594296000.0,-238890000.0,-5385000.0,1011364000.0,1011364000.0,1011364000.0,-125556000.0,0.0,0.102,249360000.0,1328693000.0,589609000.0,0.02,1.693,7.166,7.088,140930000.0,0.0,57.27,0.73,0.722,636707000.0,3982306000.0,9934282000.0,9934282000.0,0.0,0.055,0.272,0.055,0.153,49100000.0,249360000.0,1.0,126553614.0,125226596,132397961.0,79.33,19794542000.0,184778000.0,492323000.0,0.0,158.07,
5,CTX1,MRY,2004-12-31,2004-03-31,2004-03-31,2021-08-25,37543000.0,16087454000.0,14657365500.0,,,0.666,24.722,-53758000.0,489163000.0,489163000.0,8612213000.0,827686000.0,,4.274,10720380000.0,,,10720380000.0,0.0,77777000.0,0.0,0.002,0.11,1209328000.0,1287105000.0,0.132,1287105000.0,1209328000.0,1169794000.0,6.7,6.4,6.7,3050225000.0,2959996000.0,3050225000.0,16523298008.0,14.0,12.838,657438000.0,5.328,1.0,1143941000.0,0.117,254258000.0,39534000.0,26064413000.0,23555886500.0,5467581000.0,8547252000.0,,,13037229000.0,,,6689503008.0,-277320000.0,49829000.0,-109186000.0,1059541000.0,-13601000.0,936754000.0,-1925962000.0,-1921601000.0,711196000.0,692000.0,827686000.0,827686000.0,827686000.0,-137596000.0,0.0,0.085,105529000.0,1038412000.0,686308000.0,0.016,2.193,8.082,8.069,155891000.0,0.0,54.06,0.686,0.684,669122000.0,2990889000.0,9756154000.0,9756154000.0,0.0,0.056,0.28,0.051,0.124,30349000.0,105529000.0,1.0,123742194.0,123382068,129392821.0,79.073,15833196000.0,176564000.0,342108000.0,0.0,128.327,
6,CTX1,MRY,2003-12-31,2003-03-31,2003-03-31,2021-08-25,-5991000.0,11610536000.0,10434342750.0,,,0.808,21.864,-62701000.0,628500000.0,628500000.0,7607605000.0,555919000.0,,3.368,7023772000.0,,,7023772000.0,0.0,112403000.0,0.0,0.003,0.08,836783000.0,949186000.0,0.113,949186000.0,836783000.0,776457000.0,4.57,4.41,4.57,2657846000.0,2406901500.0,2657846000.0,9651733787.0,12.0,10.168,-66280000.0,-0.545,1.0,821100000.0,0.097,212939000.0,60326000.0,17792869000.0,16168188000.0,3412712000.0,5437633000.0,,,8952690000.0,,,3355294787.0,245870000.0,52792000.0,-22740000.0,1827920000.0,-9743000.0,1795437000.0,-1545988000.0,-1391879000.0,-3579000.0,0.0,555919000.0,555919000.0,555919000.0,-29107000.0,0.0,0.066,60289000.0,760811000.0,600816000.0,0.018,1.262,6.036,5.947,146329000.0,0.0,27.18,0.398,0.392,603337000.0,2597078000.0,8428705000.0,8428705000.0,0.0,0.053,0.231,0.052,0.099,810000.0,60289000.0,1.0,123447196.0,121564084,126116312.0,69.335,11397597000.0,172240000.0,220538000.0,0.0,93.758,
7,CTX1,MRY,2002-12-31,2002-03-31,2002-03-31,2021-08-25,-12956000.0,8985455000.0,8268435500.0,,,0.862,17.476,-60380000.0,325986000.0,325986000.0,6466399000.0,382226000.0,,3.245,5276779000.0,,,5276779000.0,0.0,90659000.0,0.0,0.003,0.08,662630000.0,753289000.0,0.106,753289000.0,662630000.0,604054000.0,3.16,3.06,3.16,2116773000.0,1949351000.0,2116773000.0,8246798548.0,12.0,10.948,-2471000.0,-0.02,1.0,657395000.0,0.092,349712000.0,58576000.0,13586536000.0,12563474750.0,2653385000.0,4010302000.0,,,6868682000.0,,,3178706548.0,158412000.0,-37327000.0,24966000.0,1689355000.0,-9724000.0,1704597000.0,-1604094000.0,-1463424000.0,57909000.0,0.0,382226000.0,382226000.0,382226000.0,-23824000.0,0.0,0.054,50189000.0,607206000.0,1438613000.0,0.025,1.502,8.316,8.217,720285000.0,0.0,25.965,0.446,0.441,567016000.0,2050902000.0,7123794000.0,7123794000.0,0.0,0.046,0.196,0.053,0.093,0.0,50189000.0,1.0,122422744.0,121121576,125058294.0,58.815,8635743000.0,76167000.0,221828000.0,0.0,71.298,
8,CTX1,MRY,2001-12-31,2001-03-31,2001-03-31,2021-08-25,-5097000.0,6649043000.0,5663641500.0,,,1.185,14.503,-52442000.0,115180000.0,115180000.0,6105996000.0,281977000.0,,2.879,3519891000.0,,,3519891000.0,0.0,40509000.0,0.0,0.004,0.08,535400000.0,575909000.0,0.086,575909000.0,535400000.0,436331000.0,2.385,2.325,2.385,1714064000.0,1575497250.0,1714064000.0,5534643231.0,10.0,9.61,162101000.0,1.372,1.0,604739000.0,0.09,310738000.0,99069000.0,9743016000.0,8016323250.0,2176237000.0,2425982000.0,,,4934979000.0,,,2470205231.0,-78101000.0,-596143000.0,35201000.0,2106496000.0,-9472000.0,2132225000.0,-2424869000.0,-1776284000.0,214543000.0,0.0,281977000.0,281977000.0,281977000.0,0.0,0.0,0.042,36924000.0,567815000.0,1271464000.0,0.034,1.441,8.76,8.732,729099000.0,0.0,20.825,0.368,0.367,606069000.0,1678400000.0,6710735000.0,6710735000.0,0.0,0.05,0.179,0.067,0.08,0.0,36924000.0,1.0,118617298.0,118190806,121321770.0,56.779,6338305000.0,58454000.0,154354000.0,0.0,53.628,
9,CTX1,MRY,2000-12-31,2000-03-31,2000-03-31,2021-08-25,-1248000.0,3987903000.0,4366592500.0,,,1.376,11.966,-87766000.0,139563000.0,139563000.0,5426644000.0,257132000.0,,1.81,1313395000.0,,,1313395000.0,0.0,48971000.0,0.0,0.007,0.08,483705000.0,532676000.0,0.089,532676000.0,483705000.0,416861000.0,2.17,2.11,2.17,1419349000.0,1336270250.0,1419349000.0,3059040028.0,6.0,5.743,773865000.0,6.524,1.0,581492000.0,0.097,200943000.0,66844000.0,4960792000.0,5812324750.0,1926152000.0,702190000.0,,,2568554000.0,,,1414112028.0,30173000.0,-89697000.0,-44301000.0,-604660000.0,-9486000.0,-638834000.0,-192624000.0,0.0,861631000.0,0.0,257132000.0,257132000.0,257132000.0,0.0,0.0,0.043,33015000.0,548477000.0,1125807000.0,0.037,0.996,5.5,5.487,360604000.0,0.0,11.906,0.235,0.235,483381000.0,1405895000.0,6008136000.0,6008136000.0,0.0,0.059,0.192,0.083,0.081,0.0,33015000.0,1.0,118770564.0,118616316,121857960.0,50.652,3786960000.0,49907000.0,159729000.0,0.0,31.926,
10,CTX1,MRY,1999-12-31,1999-03-31,1999-03-31,2021-08-25,0.0,4334746000.0,4132340000.0,,,1.259,10.066,-52453000.0,111268000.0,111268000.0,4688450000.0,231962000.0,,2.619,1910899000.0,,,1910899000.0,0.0,36172000.0,0.0,0.005,0.08,414875000.0,451047000.0,0.087,451047000.0,414875000.0,373294000.0,1.95,1.875,1.95,1197639000.0,1112788500.0,1197639000.0,3980371467.0,10.0,8.825,-309553000.0,-2.602,1.0,512216000.0,0.098,222162000.0,41581000.0,5912215000.0,5686736750.0,1519899000.0,1587569000.0,,,3137107000.0,,,1985412467.0,10000000.0,-175263000.0,-15975000.0,520311000.0,-9520000.0,494816000.0,-227716000.0,0.0,-257100000.0,0.0,231962000.0,231962000.0,231962000.0,0.0,0.0,0.045,28104000.0,484112000.0,1018650000.0,0.041,1.658,8.559,8.558,313655000.0,0.0,16.688,0.382,0.382,459778000.0,1161970000.0,5200666000.0,5200666000.0,0.0,0.056,0.208,0.073,0.08,0.0,28104000.0,1.0,118976028.0,118977402,123707634.0,43.711,4112584000.0,49107000.0,141332000.0,0.0,34.566,
11,CTX1,MRY,1998-12-31,1998-03-31,1998-03-31,2021-08-25,0.0,3416219000.0,3047524000.0,,,1.304,8.399,-36874000.0,98316000.0,98316000.0,3638413000.0,144806000.0,,2.447,1390588000.0,,,1390588000.0,0.0,25638000.0,0.0,0.004,0.068,264890000.0,290528000.0,0.073,290528000.0,264890000.0,231634000.0,1.225,1.18,1.225,991172000.0,913474500.0,991172000.0,3354813974.0,13.0,11.547,-477089000.0,-4.043,1.0,337037000.0,0.085,133847000.0,33256000.0,4574644000.0,3991409000.0,1051671000.0,1248281000.0,,,2425047000.0,,,2267372974.0,66996000.0,7195000.0,18583000.0,498532000.0,-7994000.0,536890000.0,-29679000.0,0.0,-440215000.0,0.0,144806000.0,144806000.0,144806000.0,0.0,0.0,0.036,21261000.0,315776000.0,799154000.0,0.056,2.288,15.658,15.561,295992000.0,0.0,19.062,0.57,0.566,390891000.0,939528000.0,3975450000.0,3975450000.0,0.0,0.048,0.159,0.066,0.067,0.0,21261000.0,1.0,118944156.0,118014316,122529886.0,33.686,3282372000.0,147607000.0,86828000.0,0.0,27.813,
12,CTX1,MRY,1997-12-31,1997-03-31,1997-03-31,2021-08-25,0.0,2678829000.0,,,,,7.295,-16137000.0,31320000.0,31320000.0,3536419000.0,106563000.0,,2.205,864287000.0,,,864287000.0,0.0,13512000.0,0.0,0.006,0.05,197805000.0,211317000.0,0.056,211317000.0,197805000.0,163743000.0,0.93,0.9,0.93,835777000.0,,835777000.0,,,,241371000.0,2.107,1.0,248572000.0,0.066,103622000.0,34062000.0,3408174000.0,,1000597000.0,670598000.0,,,1843052000.0,,,,17278000.0,-100169000.0,12122000.0,5502000.0,-5744000.0,11880000.0,-116306000.0,0.0,257508000.0,0.0,106563000.0,106563000.0,106563000.0,0.0,0.0,0.028,16817000.0,231755000.0,737698000.0,0.054,,,9.476,293143000.0,0.0,8.812,,0.267,354728000.0,802716000.0,3784991000.0,3784991000.0,0.0,,,,0.052,0.0,16817000.0,1.0,,114561420,118517804.0,33.039,2575207000.0,197413000.0,57180000.0,0.0,22.479,
13,CTX1,MRY,1996-12-31,1996-03-31,1996-03-31,2021-08-25,,,,,,,,-7025000.0,,,2984132000.0,53365000.0,,,,,,,,12499000.0,,0.006,0.05,128648000.0,141147000.0,0.045,141147000.0,128648000.0,87786000.0,0.47,0.455,0.47,,,,,,,-121624000.0,-1.076,1.0,118855000.0,0.038,,40862000.0,,,,,,,,,,,-9743000.0,-73842000.0,6903000.0,203607000.0,-5659000.0,204851000.0,-80867000.0,0.0,-114599000.0,0.0,53365000.0,53365000.0,53365000.0,0.0,0.0,0.017,14969000.0,103886000.0,,0.106,,,16.489,,0.0,7.75,,0.282,,,3102987000.0,3102987000.0,0.0,,,,0.041,0.0,14969000.0,1.0,,113025464,117163678.0,27.454,,,34421000.0,,,
0,CTX1,MRQ,2009-06-30,2009-06-30,2009-06-30,2021-08-25,0.0,5525530000.0,,,,,8.134,-275000.0,1898199000.0,1898199000.0,702839000.0,85115000.0,,4.438,3155160000.0,,,3155160000.0,0.0,5167000.0,0.0,0.005,0.0,-295864000.0,-290697000.0,-0.506,-290697000.0,-295864000.0,-322219000.0,0.68,0.68,0.68,1006356000.0,,1006356000.0,2508505995.0,-2.0,-1.64,195217000.0,1.578,1.0,-128866000.0,-0.225,9933000.0,26355000.0,6772558000.0,,2988070000.0,127839000.0,,,4465712000.0,,,1053129995.0,78809000.0,-4467000.0,-4000.0,-68813000.0,0.0,-115946000.0,-737000.0,4005000.0,195492000.0,0.0,85115000.0,85115000.0,85115000.0,0.0,0.0,0.148,155114000.0,-283980000.0,113089000.0,0.0,1.046,-0.913,-0.912,21076000.0,0.0,8.46,0.322,0.32,330599000.0,1052108000.0,573973000.0,573973000.0,0.0,,,,,4068000.0,155114000.0,1.0,124483451.0,123724483,123793011.0,4.639,5515597000.0,37587000.0,-407334000.0,0.0,44.58,
1,CTX1,MRQ,2009-03-31,2009-03-31,2009-03-31,2021-08-25,0.0,5918114000.0,,,,,7.383,-1609000.0,1768548000.0,1768548000.0,338478000.0,-402759000.0,,5.382,3223924000.0,,,3223924000.0,0.0,10276000.0,0.0,0.011,0.0,-444557000.0,-434281000.0,-0.528,-434281000.0,-444557000.0,-468362000.0,-3.24,-3.24,-3.24,917814000.0,,917814000.0,2675560530.0,-2.0,-1.932,288384000.0,2.32,1.0,484737000.0,0.589,9933000.0,23805000.0,7363557000.0,,3268653000.0,136504000.0,,,4939448000.0,,,932620530.0,-107309000.0,-6143000.0,0.0,-37684000.0,0.0,-392555000.0,-4747000.0,3005000.0,289993000.0,0.0,-402759000.0,-402759000.0,-402759000.0,-2754000.0,0.0,-0.489,870139000.0,-385402000.0,96749000.0,0.0,1.016,-0.672,-0.671,24813000.0,0.0,7.5,0.244,0.244,589941000.0,966993000.0,823215000.0,823215000.0,0.0,,,,,6271000.0,832038000.0,1.0,124349404.0,124308846,124308846.0,6.622,5908181000.0,0.0,-65603000.0,0.0,47.528,
2,CTX1,MRQ,2008-12-31,2008-12-31,2008-12-31,2021-08-25,0.0,6318785000.0,,,,,10.571,-1359000.0,1518619000.0,1518619000.0,1411779000.0,-663906000.0,,3.807,3261559000.0,,,3261559000.0,0.0,7164000.0,0.0,0.011,0.0,-643105000.0,-635941000.0,-0.729,-635941000.0,-643105000.0,-660863000.0,-5.34,-5.34,-5.34,1314603000.0,,1314603000.0,3378101566.0,-2.0,-1.811,278946000.0,2.243,1.0,-539591000.0,-0.619,9933000.0,17758000.0,8051792000.0,,3924443000.0,139789000.0,,,5004182000.0,,,1322697566.0,172933000.0,20344000.0,-72000.0,-142384000.0,0.0,-139493000.0,32121000.0,13136000.0,280305000.0,0.0,-663906000.0,-663906000.0,-663906000.0,0.0,0.0,-0.761,40683000.0,-580274000.0,88424000.0,0.0,1.006,-0.697,-0.693,40057000.0,0.0,10.64,0.249,0.249,493996000.0,1369752000.0,872188000.0,872188000.0,0.0,,,,,2073000.0,40683000.0,1.0,124313681.0,124360192,124360192.0,7.013,6308852000.0,50275000.0,3043000.0,0.0,50.73,
3,CTX1,MRQ,2008-09-30,2008-09-30,2008-09-30,2021-08-25,0.0,7284591000.0,,,,,15.879,-599000.0,1348489000.0,1348489000.0,1153596000.0,-171990000.0,,2.691,3403893000.0,,,3403893000.0,0.0,8773000.0,0.0,0.01,0.04,-177442000.0,-168669000.0,-0.168,-168669000.0,-177442000.0,-182415000.0,-1.38,-1.38,-1.38,1973391000.0,,1973391000.0,4370317802.0,-2.0,-2.257,252614000.0,2.033,1.0,-148591000.0,-0.148,48034000.0,4973000.0,9291961000.0,,4659955000.0,209888000.0,,,5311200000.0,,,2001880802.0,63549000.0,46738000.0,7163000.0,-250137000.0,-4945000.0,-250445000.0,60781000.0,14642000.0,253213000.0,0.0,-171990000.0,-171990000.0,-171990000.0,-29630000.0,0.0,-0.171,53435000.0,-202026000.0,133177000.0,-0.029,1.014,-0.907,-0.902,59701000.0,0.0,16.2,0.317,0.319,722412000.0,2033658000.0,1005005000.0,1005005000.0,0.0,,,,,7679000.0,53435000.0,1.0,123572889.0,124278555,124278555.0,8.087,7236557000.0,64662000.0,-10425000.0,0.0,58.229,
4,CTX1,MRQ,2008-06-30,2008-06-30,2008-06-30,2021-08-25,0.0,7728171000.0,,,,,17.255,-1352000.0,1285544000.0,1285544000.0,997582000.0,-150099000.0,,2.605,3653981000.0,,,3653981000.0,0.0,11586000.0,0.0,0.012,0.04,-157554000.0,-145968000.0,-0.13,-145968000.0,-157554000.0,-163734000.0,-1.21,-1.21,-1.21,2143654000.0,,2143654000.0,4674942470.0,-2.0,-1.682,551439000.0,4.439,1.0,128540000.0,0.114,51622000.0,6180000.0,10044986000.0,,5002039000.0,218633000.0,,,5584517000.0,,,1650972470.0,648545000.0,96791000.0,-1577000.0,-8345000.0,-4942000.0,-14738000.0,110492000.0,15053000.0,552791000.0,0.0,-150099000.0,-150099000.0,-150099000.0,-19013000.0,0.0,-0.133,290485000.0,-161945000.0,134533000.0,-0.033,0.77,-0.616,-0.612,69071000.0,0.0,13.37,0.22,0.221,783838000.0,2210593000.0,1126122000.0,1126122000.0,0.0,,,,,6587000.0,290485000.0,1.0,123483356.0,124231358,124231358.0,9.065,7676549000.0,142838000.0,-13635000.0,0.0,61.792,
5,CTX1,MRQ,2008-03-31,2008-03-31,2008-03-31,2021-08-25,0.0,8137332000.0,,,,,18.753,2957000.0,638250000.0,638250000.0,1562880000.0,-910502000.0,,2.54,3662220000.0,,,3662220000.0,0.0,12089000.0,0.0,0.007,0.04,-926731000.0,-914642000.0,-0.395,-914642000.0,-926731000.0,-935373000.0,-7.43,-7.43,-7.43,2298661000.0,,2298661000.0,7021993781.0,-2.0,-2.498,969091000.0,7.906,1.0,751425000.0,0.325,51622000.0,8642000.0,11109680000.0,,5335408000.0,206822000.0,,,5838671000.0,,,2963041781.0,524966000.0,42387000.0,12954000.0,-520659000.0,-4926000.0,-494368000.0,53200000.0,8563000.0,966134000.0,0.0,-910502000.0,-910502000.0,-910502000.0,2427000.0,0.0,-0.393,1618307000.0,-866882000.0,259170000.0,-0.005,1.289,-1.115,-1.117,77931000.0,0.0,24.21,0.358,0.359,1339741000.0,2365634000.0,2314305000.0,2314305000.0,0.0,,,,,8141000.0,1540071000.0,1.0,122389169.0,122577071,122577071.0,18.88,8085710000.0,191246000.0,-24871000.0,0.0,65.964,
6,CTX1,MRQ,2007-12-31,2007-12-31,2007-12-31,2021-08-25,0.0,9630917000.0,,,,,26.038,-4980000.0,133365000.0,133365000.0,2498386000.0,-975188000.0,,2.012,4192317000.0,,,4192317000.0,0.0,14145000.0,0.0,0.006,0.04,-721291000.0,-707146000.0,-0.377,-707146000.0,-721291000.0,-721291000.0,-7.94,-7.94,-7.94,3197125000.0,,3197125000.0,7310159371.0,-4.0,-4.395,182650000.0,1.488,1.0,-625099000.0,-0.334,158207000.0,0.0,13531662000.0,,6986416000.0,988851000.0,,,6433792000.0,,,3070685371.0,-37817000.0,-29826000.0,5519000.0,-268110000.0,-4868000.0,-217566000.0,-7881000.0,26925000.0,187630000.0,0.0,-975188000.0,-975188000.0,-975188000.0,-863000.0,0.0,-0.521,37850000.0,-662949000.0,337963000.0,-0.005,0.96,-1.983,-2.008,91214000.0,0.0,25.26,0.323,0.326,430707000.0,3281062000.0,1873287000.0,1873287000.0,0.0,,,,,7681000.0,37850000.0,1.0,121563158.0,122787414,122787414.0,15.256,9472710000.0,0.0,253897000.0,0.0,77.147,
7,CTX1,MRQ,2007-09-30,2007-09-30,2007-09-30,2021-08-25,0.0,10970445000.0,,,,,34.045,-2117000.0,220792000.0,220792000.0,3160954000.0,-643833000.0,,1.635,4460266000.0,,,4460266000.0,0.0,11393000.0,0.0,0.006,0.04,-1022265000.0,-1010872000.0,-0.462,-1010872000.0,-1022265000.0,-1022265000.0,-5.26,-5.26,-5.26,4163798000.0,,4163798000.0,8137719092.0,-6.0,-6.625,692068000.0,5.659,1.0,-974770000.0,-0.446,160318000.0,0.0,15049601000.0,,7736593000.0,1203290000.0,,,6806647000.0,,,3212075092.0,-133555000.0,-6192000.0,12125000.0,-845642000.0,-4843000.0,-837743000.0,10003000.0,18312000.0,694185000.0,0.0,-643833000.0,-643833000.0,-643833000.0,-928000.0,0.0,-0.295,34540000.0,-1009310000.0,444243000.0,-0.008,0.771,-4.01,-4.063,103305000.0,0.0,26.57,0.31,0.314,348643000.0,4261118000.0,2186184000.0,2186184000.0,0.0,,,,,8738000.0,34540000.0,1.0,120891046.0,122301587,122301587.0,17.875,10810127000.0,974903000.0,-378432000.0,0.0,88.389,
8,CTX1,MRQ,2007-06-30,2007-06-30,2007-06-30,2021-08-25,0.0,12444978000.0,,,,,39.461,-2498000.0,380264000.0,380264000.0,2038543000.0,-127959000.0,,1.596,5305908000.0,,,5305908000.0,0.0,14846000.0,0.0,0.004,0.04,-192743000.0,-177897000.0,-0.094,-177897000.0,-192743000.0,-192743000.0,-1.05,-1.05,-1.05,4793303000.0,,4793303000.0,9355407559.0,-126.0,-613.59,-377264000.0,-3.106,1.0,-136757000.0,-0.072,221640000.0,0.0,17148982000.0,,8878882000.0,1748115000.0,,,7651675000.0,,,4817228559.0,-649510000.0,-35126000.0,13810000.0,-262228000.0,-4825000.0,-252024000.0,-22720000.0,18467000.0,-374766000.0,0.0,-127959000.0,-127959000.0,-127959000.0,-4122000.0,0.0,-0.067,44981000.0,-181738000.0,433704000.0,-0.038,1.005,-242.682,-308.462,126453000.0,0.0,40.1,0.439,0.443,186909000.0,4909794000.0,1901786000.0,1901786000.0,0.0,,,,,13201000.0,44981000.0,1.0,120130388.0,121469951,121469951.0,15.656,12223338000.0,666741000.0,-64784000.0,0.0,100.628,
9,CTX1,MRQ,2007-03-31,2007-03-31,2007-03-31,2021-08-25,0.0,13199933000.0,,,,,42.412,-13714000.0,1029066000.0,1029066000.0,1616893000.0,198855000.0,,1.582,5565157000.0,,,5565157000.0,0.0,17117000.0,0.0,0.004,0.04,215559000.0,232676000.0,0.066,232676000.0,215559000.0,215559000.0,1.67,1.75,1.67,5112269000.0,,5112269000.0,11059779219.0,29.0,24.87,1445281000.0,11.99,1.0,1925004000.0,0.543,130453000.0,0.0,17605571000.0,,8915211000.0,281644000.0,,,8087664000.0,,,4990302219.0,822959000.0,42008000.0,-161000.0,-741887000.0,-4793000.0,-694989000.0,58953000.0,31235000.0,1458995000.0,0.0,198855000.0,198855000.0,198855000.0,-218837000.0,0.0,0.056,1829798000.0,95206000.0,518421000.0,0.024,0.976,18.595,18.735,134741000.0,0.0,41.78,0.42,0.424,1907559000.0,5250873000.0,3541897000.0,3541897000.0,0.0,,,,,12404000.0,1829798000.0,1.0,119442370.0,120537235,120537235.0,29.384,13069480000.0,500703000.0,16704000.0,0.0,108.427,
10,CTX1,MRQ,2006-12-31,2006-12-31,2006-12-31,2021-08-25,0.0,14261011000.0,,,,,40.866,-13795000.0,238991000.0,238991000.0,2907250000.0,-228146000.0,,1.91,6308468000.0,,,6308468000.0,0.0,13211000.0,0.0,0.003,0.04,-285369000.0,-272158000.0,-0.1,-272158000.0,-285369000.0,-285369000.0,-1.9,-1.9,-1.9,4901248000.0,,4901248000.0,12764007435.0,17.0,16.007,56906000.0,0.474,1.0,-181034000.0,-0.066,220159000.0,0.0,20110329000.0,,10194577000.0,2222936000.0,,,9359763000.0,,,6678749435.0,10930000.0,-16853000.0,21172000.0,53479000.0,-14302000.0,-701000.0,-59070000.0,-26178000.0,70701000.0,0.0,-228146000.0,-228146000.0,-228146000.0,-14199000.0,0.0,-0.084,72369000.0,-253403000.0,1007870000.0,-0.021,1.363,14.479,15.208,131798000.0,0.0,56.27,0.628,0.635,652290000.0,5056811000.0,2726216000.0,2726216000.0,0.0,,,,,15525000.0,72369000.0,1.0,118691122.0,119935522,119935522.0,22.731,14040852000.0,352915000.0,-57223000.0,0.0,117.07,
11,CTX1,MRQ,2006-09-30,2006-09-30,2006-09-30,2021-08-25,0.0,14406918000.0,,,,,42.609,-12729000.0,169246000.0,169246000.0,2638442000.0,137400000.0,,1.826,6254504000.0,,,6254504000.0,0.0,13985000.0,0.0,0.003,0.04,188147000.0,202132000.0,0.072,202132000.0,188147000.0,188147000.0,1.15,1.11,1.15,5097450000.0,,5097450000.0,12566851610.0,8.0,7.833,-185824000.0,-1.553,1.0,177146000.0,0.063,218740000.0,0.0,20273436000.0,,10474800000.0,2203099000.0,,,9309468000.0,,,6236763610.0,-62932000.0,448495000.0,-58070000.0,-292604000.0,4806000.0,-287902000.0,398065000.0,-36954000.0,-173095000.0,0.0,137400000.0,137400000.0,137400000.0,-56978000.0,0.0,0.049,44998000.0,132148000.0,1034539000.0,0.035,1.224,6.122,6.417,166556000.0,0.0,52.62,0.546,0.551,684601000.0,5298561000.0,2815588000.0,2815588000.0,0.0,,,,,16981000.0,44998000.0,1.0,118524584.0,119634303,123504535.0,23.535,14188178000.0,228537000.0,50747000.0,0.0,118.596,
12,CTX1,MRQ,2006-06-30,2006-06-30,2006-06-30,2021-08-25,16902000.0,21773202000.0,,,,,41.181,-405000.0,217714000.0,217714000.0,2481335000.0,160257000.0,,3.335,6547802000.0,,,6547802000.0,0.0,15762000.0,0.0,0.003,0.04,266292000.0,282054000.0,0.101,282054000.0,266292000.0,266292000.0,1.31,1.27,1.31,5022784000.0,,5022784000.0,11981586780.0,7.0,6.338,-417009000.0,-3.419,1.0,322565000.0,0.115,221016000.0,0.0,27882274000.0,,10083181000.0,2059804000.0,,,16750418000.0,,,6104823780.0,63842000.0,23561000.0,-172537000.0,1055350000.0,-4806000.0,790909000.0,-310463000.0,-330505000.0,-416604000.0,0.0,160257000.0,160257000.0,160257000.0,12171000.0,0.0,0.057,54770000.0,267795000.0,1013513000.0,0.031,1.215,5.021,5.212,171184000.0,0.0,50.3,0.507,0.51,659831000.0,5406776000.0,2803900000.0,2803900000.0,0.0,,,,,19940000.0,54770000.0,1.0,121368266.0,121969085,126233469.0,22.989,21552186000.0,246562000.0,106035000.0,0.0,176.702,
13,CTX1,MRQ,2006-03-31,2006-03-31,2006-03-31,2021-08-25,8630000.0,21364999000.0,,,,,40.521,-49236000.0,176731000.0,176731000.0,1593070000.0,391769000.0,,3.263,6059408000.0,,,6059408000.0,0.0,13628000.0,0.0,0.003,0.04,571742000.0,585370000.0,0.257,585370000.0,571742000.0,569344000.0,3.14,3.01,3.14,5011658000.0,,5011658000.0,21752786152.0,11.0,10.707,256084000.0,2.071,1.0,687741000.0,0.302,217728000.0,2398000.0,27029948000.0,,9649934000.0,2437294000.0,,,16353341000.0,,,7610872152.0,-30945000.0,26952000.0,-144044000.0,-1860557000.0,-4912000.0,-2025014000.0,1688749000.0,1712069000.0,305320000.0,0.0,391769000.0,391769000.0,391769000.0,-73825000.0,0.0,0.172,208237000.0,479504000.0,617006000.0,0.013,1.519,5.903,6.101,178008000.0,0.0,61.99,0.597,0.617,326510000.0,5251325000.0,2280811000.0,2280811000.0,0.0,,,,,17417000.0,208237000.0,1.0,122775805.0,123681854,129136357.0,18.441,21147271000.0,237021000.0,177575000.0,0.0,170.981,
14,CTX1,MRQ,2005-12-31,2005-12-31,2005-12-31,2021-08-25,7674000.0,22424489000.0,,,,,37.532,-11992000.0,548013000.0,548013000.0,3044271000.0,329344000.0,,3.72,14689927000.0,,,14689927000.0,0.0,15561000.0,0.0,0.002,0.04,519188000.0,534749000.0,0.152,534749000.0,519188000.0,516179000.0,2.6,2.49,2.6,4750472000.0,,4750472000.0,22789880052.0,12.0,11.743,181480000.0,1.434,1.0,480874000.0,0.136,218369000.0,3009000.0,36348034000.0,,9226279000.0,10895176000.0,,,17674017000.0,,,9132742052.0,-175100000.0,-71998000.0,-343389000.0,305768000.0,-5111000.0,-42732000.0,-325840000.0,-240380000.0,193472000.0,0.0,329344000.0,329344000.0,329344000.0,-16132000.0,0.0,0.093,26775000.0,454099000.0,824883000.0,0.015,1.922,7.207,7.192,162032000.0,0.0,71.49,0.812,0.805,742855000.0,4864468000.0,3525145000.0,3525145000.0,0.0,,,,,16834000.0,26775000.0,1.0,127748525.0,126572663,132077763.0,27.851,22206120000.0,348523000.0,186835000.0,0.0,175.442,
15,CTX1,MRQ,2005-09-30,2005-09-30,2005-09-30,2021-08-25,8003000.0,22063119000.0,,,,,36.807,-16114000.0,726671000.0,726671000.0,2949465000.0,334530000.0,,3.662,14383809000.0,,,14383809000.0,0.0,17389000.0,0.0,0.002,0.04,470818000.0,488207000.0,0.143,488207000.0,470818000.0,467746000.0,2.6,2.49,2.6,4732042000.0,,4732042000.0,21677809734.0,12.0,11.956,-305255000.0,-2.374,1.0,474915000.0,0.139,217413000.0,3072000.0,35502844000.0,,8669271000.0,10899397000.0,,,17331077000.0,,,8288182734.0,191113000.0,235798000.0,-64461000.0,681710000.0,-5135000.0,612114000.0,-130855000.0,-350539000.0,-289141000.0,-1005000.0,334530000.0,334530000.0,334530000.0,-13331000.0,0.0,0.098,23558000.0,451357000.0,793165000.0,0.015,1.752,6.955,6.892,162857000.0,0.0,64.58,0.781,0.783,746602000.0,4540235000.0,3424380000.0,3424380000.0,0.0,,,,,16815000.0,23558000.0,1.0,128339776.0,128565026,134526936.0,26.635,21845706000.0,346093000.0,133216000.0,0.0,169.92,
16,CTX1,MRQ,2005-06-30,2005-06-30,2005-06-30,2021-08-25,51737000.0,21149406000.0,,,,,34.84,-14892000.0,481835000.0,481835000.0,2550292000.0,233670000.0,,3.718,13871462000.0,,,13871462000.0,0.0,16491000.0,0.0,0.002,0.04,364345000.0,380836000.0,0.131,380836000.0,364345000.0,361721000.0,1.82,1.74,1.82,4482936000.0,,4482936000.0,21128243714.0,13.0,12.657,-987924000.0,-7.678,1.0,349618000.0,0.121,254161000.0,2624000.0,34284872000.0,,8404563000.0,10480304000.0,,,16666470000.0,,,9040509714.0,-439699000.0,-17730000.0,-37773000.0,908509000.0,-5136000.0,865600000.0,-331793000.0,-297784000.0,-973032000.0,-474000.0,233670000.0,233670000.0,233670000.0,-22831000.0,0.0,0.081,20602000.0,329016000.0,723675000.0,0.022,2.017,8.466,8.344,162758000.0,0.0,70.67,0.898,0.903,760024000.0,4210840000.0,2899910000.0,2899910000.0,0.0,,,,,17677000.0,20602000.0,1.0,127925707.0,128672028,134584442.0,22.537,20895245000.0,301366000.0,128051000.0,0.0,162.392,
17,CTX1,MRQ,2005-03-31,2005-03-31,2005-03-31,2021-08-25,71127000.0,20011079000.0,,,,,33.524,-13130000.0,590171000.0,590171000.0,796910000.0,369748000.0,,3.675,4803772000.0,,,4803772000.0,0.0,15134000.0,0.0,0.003,0.04,521810000.0,536944000.0,0.386,536944000.0,521810000.0,516540000.0,2.92,2.77,2.92,4280757000.0,,4280757000.0,19421905474.0,13.0,12.282,504441000.0,3.95,1.0,595598000.0,0.428,216537000.0,5270000.0,24008143000.0,,6896112000.0,1939268000.0,,,15730322000.0,,,7247725474.0,452263000.0,-1183000.0,29491000.0,299717000.0,-5099000.0,258396000.0,-317342000.0,-297858000.0,517571000.0,-6362000.0,369748000.0,369748000.0,369748000.0,-101104000.0,0.0,0.266,187619000.0,407979000.0,589609000.0,0.014,1.693,7.166,7.088,140930000.0,0.0,57.27,0.73,0.722,636707000.0,3982306000.0,1392508000.0,1392508000.0,0.0,,,,,12517000.0,187619000.0,1.0,126553614.0,127693961,134483585.0,10.905,19794542000.0,184778000.0,146792000.0,0.0,155.015,
18,CTX1,MRQ,2004-12-31,2004-12-31,2004-12-31,2021-08-25,66623000.0,19002532000.0,,,,,30.86,-5152000.0,496225000.0,496225000.0,2536234000.0,253771000.0,,3.95,12670405000.0,,,12670405000.0,0.0,14729000.0,0.0,0.003,0.04,392445000.0,407174000.0,0.141,407174000.0,392445000.0,388103000.0,2.03,1.91,2.03,3839069000.0,,3839069000.0,18645040510.0,13.0,12.9,-519949000.0,-4.18,1.0,354443000.0,0.123,251793000.0,4342000.0,30924919000.0,,7446650000.0,9552229000.0,,,15163463000.0,,,7405463510.0,-25723000.0,-4199000.0,42570000.0,1021271000.0,-4974000.0,1058867000.0,-570725000.0,-561074000.0,-514797000.0,932000.0,253771000.0,253771000.0,253771000.0,-17199000.0,0.0,0.088,23137000.0,331306000.0,666709000.0,0.02,1.929,7.864,7.86,159306000.0,0.0,59.58,0.666,0.666,713297000.0,3617657000.0,2890677000.0,2890677000.0,0.0,,,,,12619000.0,23137000.0,1.0,124294453.0,124404141,131702753.0,23.236,18750739000.0,123147000.0,134332000.0,0.0,150.724,
19,CTX1,MRQ,2004-09-30,2004-09-30,2004-09-30,2021-08-25,39214000.0,17564501000.0,,,,,28.093,-11324000.0,402491000.0,402491000.0,2549281000.0,210612000.0,,4.041,11642068000.0,,,11642068000.0,0.0,16467000.0,0.0,0.003,0.04,327863000.0,344330000.0,0.119,344330000.0,327863000.0,323152000.0,1.7,1.61,1.7,3484612000.0,,3484612000.0,17352548629.0,13.0,12.835,199026000.0,1.605,1.0,335743000.0,0.116,249106000.0,4711000.0,28554972000.0,,6618940000.0,8987746000.0,,,14079889000.0,,,6235800629.0,-75741000.0,11881000.0,5544000.0,13470000.0,-4945000.0,14069000.0,-299664000.0,-290883000.0,210350000.0,-496000.0,210612000.0,210612000.0,210612000.0,-7253000.0,0.0,0.073,19019000.0,316724000.0,680158000.0,0.024,1.79,7.033,7.057,166066000.0,0.0,50.46,0.577,0.579,727568000.0,3368860000.0,2885024000.0,2885024000.0,0.0,,,,,11983000.0,19019000.0,1.0,123579085.0,124036791,130981144.0,23.259,17315395000.0,160106000.0,112540000.0,0.0,139.599,
20,CTX1,MRQ,2004-06-30,2004-06-30,2004-06-30,2021-08-25,49836000.0,17186342000.0,,,,,26.432,-13707000.0,512283000.0,512283000.0,2473804000.0,177233000.0,,4.262,11629031000.0,,,11629031000.0,0.0,11929000.0,0.0,0.003,0.04,280917000.0,292846000.0,0.106,292846000.0,280917000.0,275892000.0,1.43,1.35,1.43,3266310000.0,,3266310000.0,15874787901.0,13.0,11.939,-465721000.0,-3.769,1.0,292269000.0,0.106,249212000.0,5025000.0,28053878000.0,,6112921000.0,9034769000.0,,,13920032000.0,,,5643570901.0,-27072000.0,-39990000.0,9213000.0,909553000.0,-4929000.0,913837000.0,-489436000.0,-444481000.0,-452014000.0,541000.0,177233000.0,177233000.0,177233000.0,0.0,0.0,0.064,19585000.0,272684000.0,709863000.0,0.028,1.728,6.546,6.573,166062000.0,0.0,45.75,0.545,0.546,679705000.0,3163193000.0,2766073000.0,2766073000.0,0.0,,,,,11981000.0,19585000.0,1.0,123356741.0,123573221,130926818.0,22.384,16937130000.0,159702000.0,98659000.0,0.0,137.061,
21,CTX1,MRQ,2004-03-31,2004-03-31,2004-03-31,2021-08-25,37543000.0,16087454000.0,,,,,24.693,-12625000.0,489163000.0,489163000.0,2249983000.0,300097000.0,,4.274,10720380000.0,,,10720380000.0,0.0,-328000.0,0.0,0.002,0.05,401290000.0,400962000.0,0.155,400962000.0,401290000.0,397126000.0,2.42,2.31,2.42,3050225000.0,,3050225000.0,16523298008.0,14.0,12.838,221398000.0,1.792,1.0,335359000.0,0.13,254258000.0,4164000.0,26064413000.0,,5467581000.0,8547252000.0,,,13037229000.0,,,6689503008.0,126656000.0,-21478000.0,-64772000.0,420086000.0,-6170000.0,349144000.0,-457203000.0,-437871000.0,234023000.0,692000.0,300097000.0,300097000.0,300097000.0,-105889000.0,0.0,0.116,34547000.0,300812000.0,686308000.0,0.021,2.193,8.082,8.069,155891000.0,0.0,54.06,0.686,0.684,669122000.0,2990889000.0,2585342000.0,2585342000.0,0.0,,,,,30349000.0,34547000.0,1.0,123742194.0,123524628,130509886.0,20.93,15833196000.0,176564000.0,97029000.0,0.0,128.178,
22,CTX1,MRQ,2003-12-31,2003-12-31,2003-12-31,2021-08-25,31506000.0,15579913000.0,,,,,25.328,-19659000.0,369857000.0,369857000.0,2289432000.0,198670000.0,,3.988,10203652000.0,,,10203652000.0,0.0,20711000.0,0.0,0.001,0.02,293165000.0,313876000.0,0.122,313876000.0,293165000.0,289709000.0,1.6,1.53,1.6,3123772000.0,,3123772000.0,16143792671.0,15.0,13.458,67121000.0,0.544,1.0,280425000.0,0.109,302780000.0,3456000.0,25110928000.0,,5029232000.0,8285616000.0,,,12456141000.0,,,6691264671.0,-23419000.0,79283000.0,-36446000.0,370992000.0,-2491000.0,332055000.0,-442254000.0,-479546000.0,86780000.0,0.0,198670000.0,198670000.0,198670000.0,-10800000.0,0.0,0.077,29891000.0,250534000.0,676798000.0,0.013,2.142,9.239,9.131,636581000.0,0.0,53.825,0.704,0.699,669991000.0,3024276000.0,2569857000.0,2569857000.0,0.0,,,,,0.0,29891000.0,1.0,124315182.0,123334548,129020466.0,20.836,15277133000.0,76455000.0,91039000.0,0.0,123.867,
23,CTX1,MRQ,2003-09-30,2003-09-30,2003-09-30,2021-08-25,10465000.0,14862958000.0,,,,,23.637,-11365000.0,380132000.0,380132000.0,2124961000.0,186129000.0,,4.095,9832660000.0,,,9832660000.0,0.0,27433000.0,0.0,0.002,0.02,294532000.0,321965000.0,0.133,321965000.0,294532000.0,278088000.0,1.51,1.44,1.51,2917416000.0,,2917416000.0,12052043162.0,12.0,10.459,697912000.0,5.654,1.0,303365000.0,0.125,304957000.0,16444000.0,24010529000.0,,4388129000.0,8133274000.0,,,11945542000.0,,,4809704162.0,-23861000.0,8122000.0,-27716000.0,-194644000.0,-2468000.0,-224828000.0,-508310000.0,-524734000.0,709277000.0,0.0,186129000.0,186129000.0,186129000.0,-11335000.0,0.0,0.077,21988000.0,281377000.0,621293000.0,0.013,1.649,7.058,6.972,666061000.0,0.0,38.94,0.524,0.524,714938000.0,2828097000.0,2428326000.0,2428326000.0,0.0,,,,,0.0,21988000.0,1.0,123515772.0,123427650,129076874.0,19.674,14558001000.0,70226000.0,91959000.0,0.0,117.948,
24,CTX1,MRQ,2003-06-30,2003-06-30,2003-06-30,2021-08-25,3479000.0,12099137000.0,,,,,22.439,-10109000.0,325467000.0,325467000.0,1947837000.0,142790000.0,,3.402,7567806000.0,,,7567806000.0,0.0,29961000.0,0.0,0.002,0.02,220341000.0,250302000.0,0.115,250302000.0,220341000.0,204871000.0,1.17,1.12,1.17,2748571000.0,,2748571000.0,11302840869.0,12.0,10.918,-328993000.0,-2.686,1.0,224792000.0,0.103,303800000.0,15470000.0,19037676000.0,,3807114000.0,5972924000.0,,,9350566000.0,,,4842515869.0,-356696000.0,-16098000.0,19748000.0,463107000.0,-2472000.0,480383000.0,-518195000.0,-479450000.0,-318884000.0,0.0,142790000.0,142790000.0,142790000.0,-9572000.0,0.0,0.066,19103000.0,205689000.0,619055000.0,0.017,1.762,7.926,7.74,672955000.0,0.0,38.895,0.551,0.542,726578000.0,2644436000.0,2172629000.0,2172629000.0,0.0,,,,,0.0,19103000.0,1.0,124502272.0,122490530,127865692.0,17.737,11795337000.0,58195000.0,62081000.0,0.0,96.296,
25,CTX1,MRQ,2003-03-31,2003-03-31,2003-03-31,2021-08-25,-5991000.0,11610536000.0,,,,,21.864,-17751000.0,628500000.0,628500000.0,2108951000.0,196671000.0,,3.368,7023772000.0,,,7023772000.0,0.0,42098000.0,0.0,0.003,0.02,271317000.0,313415000.0,0.135,313415000.0,271317000.0,263830000.0,1.615,1.555,1.615,2657846000.0,,2657846000.0,9651733787.0,12.0,10.168,335791000.0,2.762,1.0,220353000.0,0.095,212939000.0,7487000.0,17792869000.0,,3412712000.0,5437633000.0,,,8952690000.0,,,3355294787.0,409216000.0,24987000.0,2460000.0,620878000.0,-2434000.0,620904000.0,-565230000.0,-426917000.0,353542000.0,0.0,196671000.0,196671000.0,196671000.0,-27204000.0,0.0,0.084,19453000.0,200900000.0,600816000.0,0.012,1.262,6.036,5.947,146329000.0,0.0,27.18,0.398,0.392,603337000.0,2597078000.0,2329304000.0,2329304000.0,0.0,,,,,810000.0,19453000.0,1.0,123447196.0,121564084,126116312.0,19.161,11397597000.0,172240000.0,67159000.0,0.0,93.758,
26,CTX1,MRQ,2002-12-31,2002-12-31,2002-12-31,2021-08-25,-4109000.0,10618368000.0,,,,,20.307,3133000.0,187382000.0,187382000.0,2005466000.0,155884000.0,,3.325,6483821000.0,,,6483821000.0,0.0,23253000.0,0.0,0.003,0.02,243425000.0,266678000.0,0.119,266678000.0,243425000.0,222449000.0,1.29,1.25,1.29,2455029000.0,,2455029000.0,9026221711.0,13.0,11.147,-30401000.0,-0.251,1.0,238408000.0,0.106,334357000.0,20976000.0,16580450000.0,,3505786000.0,4937585000.0,,,8163339000.0,,,3093213711.0,-5933000.0,60393000.0,-5703000.0,360313000.0,-2422000.0,352188000.0,-324587000.0,-390293000.0,-33534000.0,0.0,155884000.0,155884000.0,155884000.0,-805000.0,0.0,0.069,13755000.0,224653000.0,1510488000.0,0.016,1.26,6.488,6.395,708745000.0,0.0,25.1,0.4,0.392,645767000.0,2402841000.0,2243874000.0,2243874000.0,0.0,,,,,0.0,13755000.0,1.0,123235606.0,120894936,124935330.0,18.561,10284011000.0,39032000.0,66565000.0,0.0,85.066,
27,CTX1,MRQ,2002-09-30,2002-09-30,2002-09-30,2021-08-25,-8728000.0,10052495000.0,,,,,18.928,-20422000.0,190500000.0,190500000.0,1843846000.0,115609000.0,,3.362,6123508000.0,,,6123508000.0,0.0,23326000.0,0.0,0.004,0.02,181496000.0,204822000.0,0.1,204822000.0,181496000.0,164967000.0,0.95,0.915,0.95,2304500000.0,,2304500000.0,8274101814.0,13.0,11.008,-40822000.0,-0.335,1.0,200268000.0,0.098,334365000.0,16529000.0,15651138000.0,,3234855000.0,4531978000.0,,,7747995000.0,,,2731744814.0,9779000.0,-16738000.0,-17029000.0,408994000.0,-2424000.0,389541000.0,-359362000.0,-322024000.0,-20400000.0,0.0,115609000.0,115609000.0,115609000.0,-613000.0,0.0,0.057,14447000.0,185821000.0,1462188000.0,0.021,1.185,6.551,6.465,723794000.0,0.0,22.175,0.37,0.366,665013000.0,2249379000.0,2044114000.0,2044114000.0,0.0,,,,,0.0,14447000.0,1.0,123190296.0,121751344,126072580.0,16.789,9718130000.0,49150000.0,49358000.0,0.0,79.819,
28,CTX1,MRQ,2002-06-30,2002-06-30,2002-06-30,2021-08-25,-6865000.0,9455972000.0,,,,,18.067,-27661000.0,172157000.0,172157000.0,1649342000.0,87755000.0,,3.278,5714514000.0,,,5714514000.0,0.0,23726000.0,0.0,0.003,0.02,140545000.0,164271000.0,0.091,164271000.0,140545000.0,125211000.0,0.715,0.69,0.715,2210231000.0,,2210231000.0,8507386259.0,13.0,11.329,-330848000.0,-2.704,1.0,162071000.0,0.089,350034000.0,15334000.0,14648295000.0,,2993688000.0,4209562000.0,,,7245741000.0,,,3556593259.0,-167192000.0,-15850000.0,-2468000.0,437735000.0,-2463000.0,432804000.0,-296809000.0,-252645000.0,-303187000.0,0.0,87755000.0,87755000.0,87755000.0,-485000.0,0.0,0.048,12634000.0,149437000.0,1369908000.0,0.028,1.609,9.009,8.891,729777000.0,0.0,28.895,0.492,0.489,611082000.0,2136194000.0,1811413000.0,1811413000.0,0.0,,,,,0.0,12634000.0,1.0,123086806.0,122337554,127194232.0,14.807,9105938000.0,82819000.0,37456000.0,0.0,74.433,
29,CTX1,MRQ,2002-03-31,2002-03-31,2002-03-31,2021-08-25,-12956000.0,8985455000.0,,,,,17.476,-10555000.0,325986000.0,325986000.0,1544689000.0,117476000.0,,3.245,5276779000.0,,,5276779000.0,0.0,24189000.0,0.0,0.003,0.02,149765000.0,173954000.0,0.106,173954000.0,149765000.0,175819000.0,0.97,0.93,0.97,2116773000.0,,2116773000.0,8246798548.0,12.0,10.948,383430000.0,3.166,1.0,91843000.0,0.056,349712000.0,-26054000.0,13586536000.0,,2653385000.0,4010302000.0,,,6868682000.0,,,3178706548.0,169043000.0,-7751000.0,-3170000.0,78601000.0,-2447000.0,72984000.0,-297926000.0,-236657000.0,393985000.0,0.0,117476000.0,117476000.0,117476000.0,-23824000.0,0.0,0.072,12637000.0,79206000.0,1438613000.0,0.021,1.502,8.316,8.217,720285000.0,0.0,25.965,0.446,0.441,567016000.0,2050902000.0,1636532000.0,1636532000.0,0.0,,,,,0.0,12637000.0,1.0,122422744.0,121121576,125058294.0,13.511,8635743000.0,76167000.0,58343000.0,0.0,71.298,
30,CTX1,MRQ,2001-12-31,2001-12-31,2001-12-31,2021-08-25,-11363000.0,8660900000.0,,,,,16.46,-3825000.0,130086000.0,130086000.0,1689112000.0,96145000.0,,3.345,5198178000.0,,,5198178000.0,0.0,22586000.0,0.0,0.003,0.02,185981000.0,208567000.0,0.11,208567000.0,185981000.0,157935000.0,0.795,0.77,0.795,1993407000.0,,1993407000.0,7996697153.0,11.0,10.51,-119029000.0,-0.983,1.0,205372000.0,0.108,369709000.0,28046000.0,13359283000.0,,2814722000.0,3761087000.0,,,6667493000.0,,,3468870153.0,-14917000.0,38550000.0,13318000.0,475375000.0,-2430000.0,486263000.0,-385976000.0,-420701000.0,-115204000.0,0.0,96145000.0,96145000.0,96145000.0,0.0,0.0,0.051,13326000.0,192046000.0,1315296000.0,0.025,1.74,9.351,9.253,727634000.0,0.0,28.545,0.463,0.461,0.0,1935873000.0,1894484000.0,1894484000.0,0.0,,,,,0.0,13326000.0,1.0,121522864.0,121108656,124859144.0,15.643,8291191000.0,39300000.0,61790000.0,0.0,68.461,
31,CTX1,MRQ,2001-09-30,2001-09-30,2001-09-30,2021-08-25,-5380000.0,8047122000.0,,,,,15.622,-20963000.0,127443000.0,127443000.0,1682760000.0,93389000.0,,3.252,4655270000.0,,,4655270000.0,0.0,22519000.0,0.0,0.005,0.02,181656000.0,204175000.0,0.108,204175000.0,181656000.0,152314000.0,0.77,0.75,0.77,1892357000.0,,1892357000.0,6111822272.0,9.0,8.711,205995000.0,1.701,1.0,200873000.0,0.107,355894000.0,29342000.0,12219055000.0,,2562441000.0,3352742000.0,,,6154765000.0,,,2047003272.0,-25261000.0,-40751000.0,3297000.0,439175000.0,-2431000.0,440041000.0,-692260000.0,-630546000.0,226958000.0,0.0,93389000.0,93389000.0,93389000.0,0.0,0.0,0.05,12980000.0,187893000.0,1348774000.0,0.026,1.082,5.963,5.876,740934000.0,0.0,16.865,0.282,0.282,0.0,1842158000.0,1883633000.0,1883633000.0,0.0,,,,,0.0,12980000.0,1.0,121375824.0,121136516,124579804.0,15.55,7691228000.0,36641000.0,58925000.0,0.0,63.492,
32,CTX1,MRQ,2001-06-30,2001-06-30,2001-06-30,2021-08-25,-8615000.0,7380265000.0,,,,,14.914,-25037000.0,151276000.0,151276000.0,1549838000.0,75216000.0,,3.112,4216095000.0,,,4216095000.0,0.0,21365000.0,0.0,0.004,0.02,145228000.0,166593000.0,0.097,166593000.0,145228000.0,117986000.0,0.625,0.61,0.625,1794867000.0,,1794867000.0,5864629860.0,10.0,9.321,-472867000.0,-3.929,1.0,159307000.0,0.093,356059000.0,27242000.0,11089025000.0,,2375065000.0,2897175000.0,,,5585398000.0,,,2459918860.0,29547000.0,-27375000.0,11521000.0,696204000.0,-2416000.0,705309000.0,-227932000.0,-175520000.0,-447830000.0,0.0,75216000.0,75216000.0,75216000.0,0.0,0.0,0.044,11246000.0,148061000.0,1222626000.0,0.032,1.371,7.961,7.837,737150000.0,0.0,20.375,0.352,0.351,0.0,1751200000.0,1709145000.0,1709145000.0,0.0,,,,,0.0,11246000.0,1.0,120732214.0,120349946,123820184.0,14.201,7024206000.0,38263000.0,42770000.0,0.0,58.365,
33,CTX1,MRQ,2001-03-31,2001-03-31,2001-03-31,2021-08-25,-5097000.0,6649043000.0,,,,,14.503,-6156000.0,115180000.0,115180000.0,1806510000.0,106211000.0,,2.879,3519891000.0,,,3519891000.0,0.0,-4208000.0,0.0,0.004,0.02,185772000.0,181564000.0,0.091,181564000.0,185772000.0,151843000.0,0.895,0.87,0.895,1714064000.0,,1714064000.0,5534643231.0,10.0,9.61,1607687000.0,13.602,1.0,198321000.0,0.099,310738000.0,33929000.0,9743016000.0,,2176237000.0,2425982000.0,,,4934979000.0,,,2470205231.0,13400000.0,-123098000.0,35985000.0,278508000.0,-2393000.0,305095000.0,-1905538000.0,-1776284000.0,1613843000.0,0.0,106211000.0,106211000.0,106211000.0,0.0,0.0,0.053,10961000.0,187360000.0,1271464000.0,0.022,1.441,8.76,8.732,729099000.0,0.0,20.825,0.368,0.367,606069000.0,1678400000.0,2004831000.0,2004831000.0,0.0,,,,,0.0,10961000.0,1.0,118617298.0,118190806,121321770.0,16.963,6338305000.0,58454000.0,45632000.0,0.0,53.628,
34,CTX1,MRQ,2000-12-31,2000-12-31,2000-12-31,2021-08-25,-490000.0,6052293000.0,,,,,13.499,-15231000.0,76945000.0,76945000.0,1507176000.0,68467000.0,,2.795,3141383000.0,,,3141383000.0,0.0,17690000.0,0.0,0.004,0.02,131570000.0,149260000.0,0.09,149260000.0,131570000.0,110494000.0,0.58,0.56,0.58,1595015000.0,,1595015000.0,4416250693.0,9.0,8.115,-429368000.0,-3.634,1.0,146322000.0,0.088,279232000.0,21076000.0,8837499000.0,,2276302000.0,1894951000.0,,,4457278000.0,,,2218038693.0,-136798000.0,-447013000.0,0.0,740891000.0,-2365000.0,740268000.0,-462244000.0,0.0,-414137000.0,-685000.0,68467000.0,68467000.0,68467000.0,0.0,0.0,0.041,8458000.0,137864000.0,1134853000.0,0.034,1.391,9.024,9.008,738055000.0,0.0,18.781,0.342,0.342,0.0,1574582000.0,1653498000.0,1653498000.0,0.0,,,,,0.0,8458000.0,1.0,118098566.0,118161576,121859350.0,13.994,5773061000.0,51504000.0,42027000.0,0.0,48.857,
35,CTX1,MRQ,2000-09-30,2000-09-30,2000-09-30,2021-08-25,23000.0,5228580000.0,,,,,12.956,-11977000.0,202280000.0,202280000.0,1477314000.0,59094000.0,,2.423,2400492000.0,,,2400492000.0,0.0,13580000.0,0.0,0.005,0.02,118199000.0,131779000.0,0.082,131779000.0,118199000.0,95925000.0,0.5,0.49,0.5,1527684000.0,,1527684000.0,3734447581.0,8.0,7.073,-364970000.0,-3.095,1.0,138470000.0,0.086,256340000.0,22274000.0,7170452000.0,,2141687000.0,1524944000.0,,,3700896000.0,,,1890429581.0,15632000.0,102000.0,0.0,378874000.0,-2362000.0,380697000.0,-11875000.0,0.0,-352993000.0,-197000.0,59094000.0,59094000.0,59094000.0,0.0,0.0,0.037,8774000.0,129696000.0,1117378000.0,0.04,1.237,7.86,7.874,368421000.0,0.0,16.062,0.302,0.303,0.0,1508480000.0,1615784000.0,1615784000.0,0.0,,,,,0.0,8774000.0,1.0,117692114.0,117909388,120607756.0,13.704,4972240000.0,48840000.0,36831000.0,0.0,42.17,
36,CTX1,MRQ,2000-06-30,2000-06-30,2000-06-30,2021-08-25,-1518000.0,4724650000.0,,,,,12.459,-19078000.0,177600000.0,177600000.0,1314996000.0,48205000.0,,2.225,2021618000.0,,,2021618000.0,0.0,13447000.0,0.0,0.007,0.02,99859000.0,113306000.0,0.079,113306000.0,99859000.0,78069000.0,0.41,0.405,0.41,1465226000.0,,1465226000.0,2556000245.0,5.0,4.817,-651248000.0,-5.538,1.0,121626000.0,0.085,254342000.0,21790000.0,6314326000.0,,2110378000.0,1131605000.0,,,3259424000.0,,,1382168245.0,29665000.0,-26134000.0,-784000.0,708223000.0,-2352000.0,706165000.0,-45212000.0,0.0,-632170000.0,882000.0,48205000.0,48205000.0,48205000.0,0.0,0.0,0.034,8731000.0,112895000.0,1043231000.0,0.049,0.943,5.598,5.622,368294000.0,0.0,11.75,0.228,0.228,0.0,1451748000.0,1436622000.0,1436622000.0,0.0,,,,,0.0,8731000.0,1.0,117631340.0,117606690,119709130.0,12.215,4470308000.0,49839000.0,29864000.0,0.0,38.011,
37,CTX1,MRQ,2000-03-31,2000-03-31,2000-03-31,2021-08-25,-1248000.0,3987903000.0,,,,,11.966,-32546000.0,139563000.0,139563000.0,1622832000.0,70025000.0,,1.81,1313395000.0,,,1313395000.0,0.0,14133000.0,0.0,0.007,0.02,135707000.0,149840000.0,0.084,149840000.0,135707000.0,114691000.0,0.595,0.58,0.595,1419349000.0,,1419349000.0,3059040028.0,6.0,5.743,482246000.0,4.066,1.0,154467000.0,0.087,200943000.0,21016000.0,4960792000.0,,1926152000.0,702190000.0,,,2568554000.0,,,1414112028.0,-20272000.0,17337000.0,-28757000.0,-34856000.0,-2352000.0,-46352000.0,-30370000.0,0.0,514792000.0,48000.0,70025000.0,70025000.0,70025000.0,0.0,0.0,0.039,9194000.0,145273000.0,1125807000.0,0.034,0.996,5.5,5.487,360604000.0,0.0,11.906,0.235,0.235,483381000.0,1405895000.0,1777299000.0,1777299000.0,0.0,,,,,0.0,9194000.0,1.0,118770564.0,118616316,121857960.0,14.984,3786960000.0,49907000.0,44666000.0,0.0,31.926,
38,CTX1,MRQ,1999-12-31,1999-12-31,1999-12-31,2021-08-25,-48000.0,4401156000.0,,,,,11.498,-24717000.0,161713000.0,161713000.0,1282883000.0,63176000.0,,2.231,1806641000.0,,,1806641000.0,0.0,12853000.0,0.0,0.006,0.02,120196000.0,133049000.0,0.093,133049000.0,120196000.0,101729000.0,0.535,0.52,0.535,1362020000.0,,1362020000.0,3413649468.0,7.0,6.618,318180000.0,2.686,1.0,146278000.0,0.102,245719000.0,18467000.0,5800365000.0,,2096026000.0,1015412000.0,,,3039136000.0,,,1463165468.0,38273000.0,-1937000.0,-8292000.0,-386213000.0,-2379000.0,-396884000.0,-26654000.0,0.0,342897000.0,-16000.0,63176000.0,63176000.0,63176000.0,0.0,0.0,0.044,8483000.0,137795000.0,1044091000.0,0.037,1.074,5.731,5.741,338025000.0,0.0,12.344,0.251,0.251,0.0,1341943000.0,1429161000.0,1429161000.0,0.0,,,,,0.0,8483000.0,1.0,118534924.0,118460012,121447144.0,12.065,4155437000.0,28123000.0,38553000.0,0.0,35.079,
39,CTX1,MRQ,1999-09-30,1999-09-30,1999-09-30,2021-08-25,-32000.0,4605441000.0,,,,,11.016,-12050000.0,123440000.0,123440000.0,1276803000.0,65495000.0,,2.517,2073924000.0,,,2073924000.0,0.0,11569000.0,0.0,0.005,0.02,122864000.0,134433000.0,0.094,134433000.0,122864000.0,107331000.0,0.55,0.535,0.55,1309531000.0,,1309531000.0,3700195531.0,8.0,7.464,111885000.0,0.941,1.0,152640000.0,0.107,245489000.0,15533000.0,6310436000.0,,1939706000.0,1408250000.0,,,3295910000.0,,,1761746531.0,18107000.0,-106619000.0,-7811000.0,-134731000.0,-2373000.0,-144915000.0,-118669000.0,0.0,123935000.0,39000.0,65495000.0,65495000.0,65495000.0,0.0,0.0,0.046,8130000.0,144510000.0,1015227000.0,0.036,1.345,7.014,7.005,324992000.0,0.0,14.781,0.312,0.311,0.0,1281146000.0,1429443000.0,1429443000.0,0.0,,,,,0.0,8130000.0,1.0,119187926.0,118870390,122563918.0,12.025,4359952000.0,28558000.0,41836000.0,0.0,36.678,
40,CTX1,MRQ,1999-06-30,1999-06-30,1999-06-30,2021-08-25,-71000.0,4471870000.0,,,,,10.549,-18453000.0,105333000.0,105333000.0,1244126000.0,58436000.0,,2.566,2043782000.0,,,2043782000.0,0.0,10416000.0,0.0,0.004,0.02,104938000.0,115354000.0,0.084,115354000.0,104938000.0,93110000.0,0.49,0.475,0.49,1254181000.0,,1254181000.0,4032388220.0,9.0,8.536,-138446000.0,-1.164,1.0,128107000.0,0.093,232613000.0,11828000.0,6177706000.0,,1681439000.0,1575405000.0,,,3217689000.0,,,2232757220.0,-5935000.0,1522000.0,559000.0,-48860000.0,-2382000.0,-50683000.0,-16931000.0,0.0,-119993000.0,-71000.0,58436000.0,58436000.0,58436000.0,0.0,0.0,0.043,7208000.0,120899000.0,967982000.0,0.041,1.78,9.217,9.229,322361000.0,0.0,18.781,0.409,0.409,0.0,1218024000.0,1372233000.0,1372233000.0,0.0,,,,,0.0,7208000.0,1.0,118882248.0,118892330,123218582.0,11.542,4239257000.0,34785000.0,34674000.0,0.0,35.656,
41,CTX1,MRQ,1999-03-31,1999-03-31,1999-03-31,2021-08-25,0.0,4334746000.0,,,,,10.066,-17617000.0,111268000.0,111268000.0,1438613000.0,68195000.0,,2.619,1910899000.0,,,1910899000.0,0.0,8992000.0,0.0,0.005,0.02,123989000.0,132981000.0,0.084,132981000.0,123989000.0,111572000.0,0.575,0.55,0.575,1197639000.0,,1197639000.0,3980371467.0,10.0,8.825,330545000.0,2.778,1.0,152279000.0,0.096,222162000.0,12417000.0,5912215000.0,,1519899000.0,1587569000.0,,,3137107000.0,,,1985412467.0,-3523000.0,-131147000.0,-4645000.0,161990000.0,-2377000.0,-202921000.0,-148764000.0,0.0,348162000.0,0.0,68195000.0,68195000.0,68195000.0,0.0,0.0,0.043,8909000.0,143370000.0,1018650000.0,0.035,1.658,8.559,8.558,313655000.0,0.0,16.688,0.382,0.382,459778000.0,1161970000.0,1590892000.0,1590892000.0,0.0,,,,,0.0,8909000.0,1.0,118976028.0,118977402,123707634.0,13.371,4112584000.0,49107000.0,43377000.0,0.0,34.566,
42,CTX1,MRQ,1998-12-31,1998-12-31,1998-12-31,2021-08-25,0.0,4393284000.0,,,,,9.564,-16171000.0,111839000.0,111839000.0,1126756000.0,59043000.0,,2.866,2106798000.0,,,2106798000.0,0.0,7402000.0,0.0,0.004,0.02,105563000.0,112965000.0,0.09,112965000.0,105563000.0,94634000.0,0.495,0.48,0.495,1136466000.0,,1136466000.0,4312953672.0,12.0,10.637,-346092000.0,-2.913,1.0,129330000.0,0.103,218683000.0,10929000.0,6169560000.0,,1541106000.0,1643520000.0,,,3256818000.0,,,2677157672.0,17688000.0,-7905000.0,-2789000.0,182443000.0,-2377000.0,371685000.0,-24076000.0,0.0,-329921000.0,0.0,59043000.0,59043000.0,59043000.0,0.0,0.0,0.047,7084000.0,122246000.0,931512000.0,0.04,2.356,12.884,12.912,301250000.0,0.0,22.531,0.564,0.564,0.0,1096152000.0,1256086000.0,1256086000.0,0.0,,,,,0.0,7084000.0,1.0,118819758.0,118821752,123323918.0,10.571,4174601000.0,103603000.0,35591000.0,0.0,35.133,
43,CTX1,MRQ,1998-09-30,1998-09-30,1998-09-30,2021-08-25,0.0,3946437000.0,,,,,9.09,-18365000.0,94151000.0,94151000.0,1117455000.0,56563000.0,,2.645,1729947000.0,,,1729947000.0,0.0,10682000.0,0.0,0.004,0.02,100408000.0,111090000.0,0.089,111090000.0,100408000.0,90366000.0,0.475,0.455,0.475,1082589000.0,,1082589000.0,3691275738.0,11.0,10.08,10675000.0,0.09,1.0,125627000.0,0.101,194619000.0,10042000.0,5387614000.0,,1301618000.0,1428409000.0,,,2863848000.0,,,2056640738.0,-7417000.0,-3402000.0,-6049000.0,-5398000.0,-2385000.0,-14690000.0,-21767000.0,0.0,29040000.0,0.0,56563000.0,56563000.0,56563000.0,0.0,0.0,0.046,6760000.0,118867000.0,909144000.0,0.042,1.9,11.05,11.022,293141000.0,0.0,17.25,0.459,0.459,0.0,1039486000.0,1243082000.0,1243082000.0,0.0,,,,,0.0,6760000.0,1.0,119225550.0,119098494,124062524.0,10.437,3751818000.0,109643000.0,33803000.0,0.0,31.502,
44,CTX1,MRQ,1998-06-30,1998-06-30,1998-06-30,2021-08-25,0.0,3854893000.0,,,,,8.688,-300000.0,101568000.0,101568000.0,1005626000.0,48161000.0,,2.726,1736203000.0,,,1736203000.0,0.0,9096000.0,0.0,0.004,0.02,84915000.0,94011000.0,0.085,94011000.0,84915000.0,76722000.0,0.405,0.39,0.405,1034460000.0,,1034460000.0,3540492352.0,12.0,10.772,-304681000.0,-2.559,1.0,104980000.0,0.095,211970000.0,8193000.0,5277558000.0,,1204073000.0,1448785000.0,,,2820433000.0,,,2248220352.0,3252000.0,-32809000.0,-2492000.0,181276000.0,-2381000.0,340742000.0,-33109000.0,0.0,-304381000.0,0.0,48161000.0,48161000.0,48161000.0,0.0,0.0,0.043,5351000.0,99629000.0,854192000.0,0.049,2.173,13.547,13.482,286146000.0,0.0,18.875,0.532,0.532,0.0,985308000.0,1110606000.0,1110606000.0,0.0,,,,,0.0,5351000.0,1.0,119111012.0,119061688,123945090.0,9.328,3642923000.0,129496000.0,28561000.0,0.0,30.597,
45,CTX1,MRQ,1998-03-31,1998-03-31,1998-03-31,2021-08-25,0.0,3416219000.0,,,,,8.399,-3280000.0,98316000.0,98316000.0,1041630000.0,44025000.0,,2.447,1390588000.0,,,1390588000.0,0.0,7373000.0,0.0,0.004,0.02,80035000.0,87408000.0,0.077,87408000.0,80035000.0,71597000.0,0.37,0.35,0.37,991172000.0,,991172000.0,3354813974.0,13.0,11.547,-204428000.0,-1.732,1.0,97616000.0,0.086,133847000.0,8438000.0,4574644000.0,,1051671000.0,1248281000.0,,,2425047000.0,,,2267372974.0,8817000.0,7195000.0,2128000.0,279793000.0,-2382000.0,213394000.0,-3429000.0,-7344000.0,-201148000.0,0.0,44025000.0,44025000.0,44025000.0,0.0,0.0,0.039,6983000.0,90633000.0,799154000.0,0.054,2.288,15.658,15.561,295992000.0,0.0,19.062,0.57,0.566,390891000.0,939528000.0,1139246000.0,1139246000.0,0.0,,,,,0.0,6983000.0,1.0,118944156.0,118014316,122529886.0,9.653,3282372000.0,147607000.0,27572000.0,0.0,27.813,
46,CTX1,MRQ,1997-12-31,1997-12-31,1997-12-31,2021-08-25,0.0,3059159000.0,,,,,7.979,-9209000.0,89499000.0,89499000.0,898536000.0,37380000.0,,2.229,1176940000.0,,,1176940000.0,0.0,6465000.0,0.0,0.004,0.018,67216000.0,73681000.0,0.075,73681000.0,67216000.0,58923000.0,0.315,0.305,0.315,947401000.0,,947401000.0,,,,-87117000.0,-0.734,1.0,84547000.0,0.086,107272000.0,8293000.0,4039328000.0,,1152879000.0,859539000.0,,,2111758000.0,,,1871511955.0,18747000.0,0.0,773000.0,98908000.0,-2079000.0,106399000.0,-9744000.0,-535000.0,-77908000.0,0.0,37380000.0,37380000.0,37380000.0,0.0,0.0,0.038,5014000.0,79533000.0,703092000.0,0.057,1.975,,,302161000.0,0.0,15.734,,,0.0,904903000.0,983083000.0,983083000.0,0.0,,,,,0.0,5014000.0,1.0,118944156.0,118733644,123518944.0,8.28,2951887000.0,166279000.0,21543000.0,0.0,24.861,
47,CTX1,MRQ,1997-09-30,1997-09-30,1997-09-30,2021-08-25,,,,,,,,-12131000.0,,,904319000.0,36391000.0,,,,,,,,6167000.0,,0.004,0.018,67414000.0,73581000.0,0.074,73581000.0,67414000.0,58695000.0,0.31,0.3,0.31,,,,,,,5642000.0,0.048,1.0,87427000.0,0.088,,8719000.0,,,,,,,,,,,28550000.0,0.0,10068000.0,39494000.0,-2074000.0,15844000.0,-5067000.0,7064000.0,17773000.0,0.0,36391000.0,36391000.0,36391000.0,0.0,0.0,0.037,4904000.0,82523000.0,,0.058,,,,,0.0,14.594,,,,,991746000.0,991746000.0,0.0,,,,,0.0,4904000.0,1.0,,118025436,122502304.0,8.403,,,22304000.0,,,
48,CTX1,MRQ,1997-06-30,1997-06-30,1997-06-30,2021-08-25,,,,,,,,-12254000.0,,,793928000.0,27010000.0,,,,,,,,5633000.0,,0.005,0.013,50225000.0,55858000.0,0.065,55858000.0,50225000.0,42419000.0,0.23,0.225,0.23,,,,,,,-191186000.0,-1.643,1.0,67447000.0,0.078,,7806000.0,,,,,,,,,,,10882000.0,0.0,5614000.0,80337000.0,-1459000.0,201253000.0,-11439000.0,815000.0,-178932000.0,0.0,27010000.0,27010000.0,27010000.0,0.0,0.0,0.031,4360000.0,63087000.0,,0.057,,,,,0.0,10.156,,,,,861375000.0,861375000.0,0.0,,,,,0.0,4360000.0,1.0,,116361620,120263504.0,7.403,,,15409000.0,,,
49,CTX1,MRQ,1997-03-31,1997-03-31,1997-03-31,2021-08-25,0.0,2678829000.0,,,,,7.295,-12038000.0,31320000.0,31320000.0,,,,2.205,864287000.0,,,864287000.0,0.0,3661000.0,0.0,0.006,0.013,,,,,,,,,,835777000.0,,835777000.0,,,,96007000.0,0.838,1.0,,,103622000.0,,3408174000.0,,1000597000.0,670598000.0,,,1843052000.0,,,,-42661000.0,-102460000.0,5023000.0,96024000.0,-1451000.0,99596000.0,-114498000.0,0.0,108045000.0,0.0,,,,,,,,,737698000.0,,,,9.476,293143000.0,,8.812,,0.267,354728000.0,802716000.0,,,,,,,,0.0,,1.0,,114561420,,,2575207000.0,197413000.0,,0.0,22.479,
50,CTX1,MRQ,1996-12-31,1996-12-31,1996-12-31,2021-08-25,,,,,,,,,,,875250000.0,27463000.0,,,,,,,,,,0.005,0.013,50463000.0,,,,50463000.0,42494000.0,0.24,0.233,0.24,,,,,,,,,1.0,63857000.0,0.068,,7969000.0,,,,,,,,,,,,,,,,,,,,,27463000.0,27463000.0,27463000.0,0.0,0.0,0.029,4285000.0,59572000.0,,0.054,,,,,0.0,9.406,,,,,939107000.0,939107000.0,0.0,,,,,,4285000.0,1.0,,114681680,118682732.0,8.189,,,15031000.0,,,
0,CTX1,MRT,2009-06-30,2009-06-30,2009-06-30,2021-08-25,0.0,5525530000.0,6261755000.0,,,0.523,8.134,-3842000.0,1898199000.0,1898199000.0,3606692000.0,-1153540000.0,,4.438,3155160000.0,,,3155160000.0,0.0,31380000.0,0.0,0.005,0.04,-1560968000.0,-1529588000.0,-0.467,-1529588000.0,-1560968000.0,-1633859000.0,-9.28,-9.28,-9.28,1006356000.0,1303041000.0,1006356000.0,2508505995.0,-2.0,-1.64,1015161000.0,8.205,1.0,-332311000.0,-0.101,9933000.0,72891000.0,6772558000.0,7869967000.0,2988070000.0,127839000.0,,,4465712000.0,,,1053129995.0,207982000.0,56472000.0,7087000.0,-499018000.0,-4945000.0,-898439000.0,87418000.0,34788000.0,1019003000.0,0.0,-1153540000.0,-1153540000.0,-1153540000.0,-32384000.0,0.0,-0.352,1119371000.0,-1451682000.0,113089000.0,-0.004,1.046,-0.913,-0.912,21076000.0,0.0,8.46,0.322,0.32,330599000.0,1052108000.0,3274381000.0,3274381000.0,0.0,-0.184,-0.885,-0.198,-0.477,20091000.0,1081270000.0,1.0,124483451.0,123724483,123793011.0,26.465,5515597000.0,37587000.0,-480319000.0,0.0,44.58,
1,CTX1,MRT,2009-03-31,2009-03-31,2009-03-31,2021-08-25,0.0,5918114000.0,6812415250.0,,,0.562,7.383,-4919000.0,1768548000.0,1768548000.0,4138006000.0,-1388754000.0,,5.382,3223924000.0,,,3223924000.0,0.0,37799000.0,0.0,0.011,0.08,-1422658000.0,-1384859000.0,-0.362,-1384859000.0,-1422658000.0,-1475374000.0,-11.17,-11.17,-11.17,917814000.0,1587365500.0,917814000.0,2675560530.0,-2.0,-1.932,1376485000.0,11.073,1.0,-311476000.0,-0.081,9933000.0,52716000.0,7363557000.0,8688074000.0,3268653000.0,136504000.0,,,4939448000.0,,,932620530.0,777718000.0,157730000.0,538000.0,-438550000.0,-9887000.0,-802333000.0,198647000.0,45836000.0,1381404000.0,0.0,-1388754000.0,-1388754000.0,-1388754000.0,-51397000.0,0.0,-0.363,1022896000.0,-1334372000.0,96749000.0,-0.007,1.016,-0.672,-0.671,24813000.0,0.0,7.5,0.244,0.244,589941000.0,966993000.0,3826530000.0,3826530000.0,0.0,-0.204,-0.875,-0.164,-0.372,22610000.0,984795000.0,1.0,124349404.0,124308846,124308846.0,30.782,5908181000.0,0.0,-86620000.0,0.0,47.528,
2,CTX1,MRT,2008-12-31,2008-12-31,2008-12-31,2021-08-25,0.0,6318785000.0,7367219750.0,,,0.722,10.571,-353000.0,1518619000.0,1518619000.0,5125837000.0,-1896497000.0,,3.807,3261559000.0,,,3261559000.0,0.0,39612000.0,0.0,0.011,0.12,-1904832000.0,-1865220000.0,-0.351,-1865220000.0,-1904832000.0,-1942385000.0,-15.36,-15.36,-15.36,1314603000.0,1932577250.0,1314603000.0,3378101566.0,-2.0,-1.811,2052090000.0,16.501,1.0,191783000.0,0.036,9933000.0,37553000.0,8051792000.0,9624604750.0,3924443000.0,139789000.0,,,5004182000.0,,,1322697566.0,1409993000.0,206260000.0,18468000.0,-921525000.0,-14813000.0,-899044000.0,256594000.0,51394000.0,2052443000.0,0.0,-1896497000.0,-1896497000.0,-1896497000.0,-46216000.0,0.0,-0.357,2002910000.0,-1811127000.0,88424000.0,-0.008,1.006,-0.697,-0.693,40057000.0,0.0,10.64,0.249,0.249,493996000.0,1369752000.0,5317620000.0,5317620000.0,0.0,-0.257,-0.981,-0.198,-0.358,24480000.0,1924674000.0,1.0,124313681.0,124360192,124360192.0,42.76,6308852000.0,50275000.0,-45888000.0,0.0,50.73,
3,CTX1,MRT,2008-09-30,2008-09-30,2008-09-30,2021-08-25,0.0,7284591000.0,8195252750.0,,,0.771,15.879,-3974000.0,1348489000.0,1348489000.0,6212444000.0,-2207779000.0,,2.691,3403893000.0,,,3403893000.0,0.0,46593000.0,0.0,0.01,0.16,-1983018000.0,-1936425000.0,-0.306,-1936425000.0,-1983018000.0,-2002813000.0,-17.96,-17.96,-17.96,1973391000.0,2403207750.0,1973391000.0,4370317802.0,-2.0,-2.257,1955794000.0,15.737,1.0,106275000.0,0.017,48034000.0,19795000.0,9291961000.0,10994572250.0,4659955000.0,209888000.0,,,5311200000.0,,,2001880802.0,1199243000.0,156090000.0,24059000.0,-1047251000.0,-19681000.0,-977117000.0,216592000.0,65183000.0,1959768000.0,0.0,-2207779000.0,-2207779000.0,-2207779000.0,-47079000.0,0.0,-0.349,2000077000.0,-1893802000.0,133177000.0,-0.009,1.014,-0.907,-0.902,59701000.0,0.0,16.2,0.317,0.319,722412000.0,2033658000.0,6318719000.0,6318719000.0,0.0,-0.269,-0.919,-0.18,-0.314,30088000.0,1921841000.0,1.0,123572889.0,124278555,124278555.0,50.843,7236557000.0,64662000.0,204966000.0,0.0,58.229,
4,CTX1,MRT,2008-06-30,2008-06-30,2008-06-30,2021-08-25,0.0,7728171000.0,9116716250.0,,,0.823,17.255,-5492000.0,1285544000.0,1285544000.0,8219802000.0,-2679622000.0,,2.605,3653981000.0,,,3653981000.0,0.0,49213000.0,0.0,0.012,0.16,-2827841000.0,-2778628000.0,-0.37,-2778628000.0,-2827841000.0,-2842663000.0,-21.84,-21.84,-21.84,2143654000.0,2950809500.0,2143654000.0,4674942470.0,-2.0,-1.682,2395248000.0,19.281,1.0,-719904000.0,-0.096,51622000.0,14822000.0,10044986000.0,12433982250.0,5002039000.0,218633000.0,,,5584517000.0,,,1650972470.0,1002139000.0,103160000.0,29021000.0,-1642756000.0,-19579000.0,-1564415000.0,165814000.0,68853000.0,2400740000.0,0.0,-2679622000.0,-2679622000.0,-2679622000.0,-18377000.0,0.0,-0.357,1981182000.0,-2701086000.0,134533000.0,-0.007,0.77,-0.616,-0.612,69071000.0,0.0,13.37,0.22,0.221,783838000.0,2210593000.0,7499898000.0,7499898000.0,0.0,-0.294,-0.908,-0.227,-0.377,31147000.0,1902946000.0,1.0,123483356.0,124231358,124231358.0,60.37,7676549000.0,142838000.0,-163041000.0,0.0,61.792,
5,CTX1,MRT,2008-03-31,2008-03-31,2008-03-31,2021-08-25,0.0,8137332000.0,10295918000.0,,,0.804,18.753,-6638000.0,638250000.0,638250000.0,9260763000.0,-2657482000.0,,2.54,3662220000.0,,,3662220000.0,0.0,52473000.0,0.0,0.007,0.16,-2863030000.0,-2810557000.0,-0.34,-2810557000.0,-2863030000.0,-2871672000.0,-21.68,-21.68,-21.68,2298661000.0,3613221750.0,2298661000.0,7021993781.0,-2.0,-2.498,1466545000.0,11.964,1.0,-985201000.0,-0.119,51622000.0,8642000.0,11109680000.0,14209981250.0,5335408000.0,206822000.0,,,5838671000.0,,,2963041781.0,-295916000.0,-28757000.0,44408000.0,-1896639000.0,-19462000.0,-1801701000.0,32602000.0,72267000.0,1473183000.0,0.0,-2657482000.0,-2657482000.0,-2657482000.0,-3486000.0,0.0,-0.321,1735678000.0,-2720879000.0,259170000.0,-0.007,1.289,-1.115,-1.117,77931000.0,0.0,24.21,0.358,0.359,1339741000.0,2365634000.0,8275562000.0,8275562000.0,0.0,-0.258,-0.735,-0.201,-0.346,37761000.0,1657442000.0,1.0,122389169.0,122577071,122577071.0,67.513,8085710000.0,191246000.0,-214190000.0,0.0,65.964,
6,CTX1,MRT,2007-12-31,2007-12-31,2007-12-31,2021-08-25,0.0,9630917000.0,11561568250.0,,,0.822,26.038,-23309000.0,133365000.0,133365000.0,9314776000.0,-1548125000.0,,2.012,4192317000.0,,,4192317000.0,0.0,57501000.0,0.0,0.006,0.16,-1720740000.0,-1663239000.0,-0.175,-1663239000.0,-1720740000.0,-1720740000.0,-12.58,-12.5,-12.58,3197125000.0,4316623750.0,3197125000.0,7310159371.0,-4.0,-4.395,1942735000.0,15.822,1.0,188378000.0,0.02,158207000.0,0.0,13531662000.0,15833954000.0,6986416000.0,988851000.0,,,6433792000.0,,,3070685371.0,2077000.0,-29136000.0,31293000.0,-2117867000.0,-19329000.0,-2002322000.0,38355000.0,94939000.0,1966044000.0,0.0,-1548125000.0,-1548125000.0,-1548125000.0,-224750000.0,0.0,-0.163,1947169000.0,-1758791000.0,337963000.0,-0.013,0.96,-1.983,-2.008,91214000.0,0.0,25.26,0.323,0.326,430707000.0,3281062000.0,9503154000.0,9503154000.0,0.0,-0.134,-0.359,-0.109,-0.181,42024000.0,1947169000.0,1.0,121563158.0,122787414,122787414.0,77.395,9472710000.0,0.0,-172615000.0,0.0,77.147,
7,CTX1,MRT,2007-09-30,2007-09-30,2007-09-30,2021-08-25,0.0,10970445000.0,12719091750.0,,,0.814,34.045,-32124000.0,220792000.0,220792000.0,9723640000.0,-801083000.0,,1.635,4460266000.0,,,4460266000.0,0.0,56567000.0,0.0,0.006,0.16,-1284818000.0,-1228251000.0,-0.119,-1228251000.0,-1284818000.0,-1284818000.0,-6.54,-6.46,-6.54,4163798000.0,4742654500.0,4163798000.0,8137719092.0,-6.0,-6.625,1816991000.0,14.857,1.0,632443000.0,0.061,160318000.0,0.0,15049601000.0,17478620750.0,7736593000.0,1203290000.0,,,6806647000.0,,,3212075092.0,50824000.0,-16163000.0,46946000.0,-1796278000.0,-28763000.0,-1785457000.0,-12834000.0,41836000.0,1849115000.0,0.0,-801083000.0,-801083000.0,-801083000.0,-238086000.0,0.0,-0.077,1981688000.0,-1349245000.0,444243000.0,-0.024,0.771,-4.01,-4.063,103305000.0,0.0,26.57,0.31,0.314,348643000.0,4261118000.0,10356083000.0,10356083000.0,0.0,-0.063,-0.169,-0.074,-0.124,49868000.0,1981688000.0,1.0,120891046.0,122301587,122301587.0,84.677,10810127000.0,974903000.0,-483735000.0,0.0,88.389,
8,CTX1,MRT,2007-06-30,2007-06-30,2007-06-30,2021-08-25,0.0,12444978000.0,13578210000.0,,,0.809,39.461,-42736000.0,380264000.0,380264000.0,9201128000.0,-19850000.0,,1.596,5305908000.0,,,5305908000.0,0.0,59159000.0,0.0,0.004,0.16,-74406000.0,-15247000.0,-0.001,-15247000.0,-74406000.0,-74406000.0,-0.13,-0.09,-0.13,4793303000.0,4976067500.0,4793303000.0,9355407559.0,-126.0,-613.59,939099000.0,7.731,1.0,1784359000.0,0.162,221640000.0,0.0,17148982000.0,18784579500.0,8878882000.0,1748115000.0,,,7651675000.0,,,4817228559.0,121447000.0,438524000.0,-23249000.0,-1243240000.0,-19114000.0,-1235616000.0,375228000.0,-13430000.0,981835000.0,0.0,-19850000.0,-19850000.0,-19850000.0,-294136000.0,0.0,-0.002,1992146000.0,-207787000.0,433704000.0,-1.231,1.005,-242.682,-308.462,126453000.0,0.0,40.1,0.439,0.443,186909000.0,4909794000.0,10985487000.0,10985487000.0,0.0,-0.001,-0.004,-0.004,-0.007,58111000.0,1992146000.0,1.0,120130388.0,121469951,121469951.0,90.438,12223338000.0,666741000.0,-54556000.0,0.0,100.628,
9,CTX1,MRT,2007-03-31,2007-03-31,2007-03-31,2021-08-25,0.0,13199933000.0,15910266000.0,,,0.747,42.412,-40643000.0,1029066000.0,1029066000.0,9643920000.0,268366000.0,,1.582,5565157000.0,,,5565157000.0,0.0,60075000.0,0.0,0.004,0.16,384629000.0,444704000.0,0.037,444704000.0,384629000.0,384629000.0,2.23,2.23,2.23,5112269000.0,5033437750.0,5112269000.0,11059779219.0,29.0,24.87,899354000.0,7.461,1.0,2243681000.0,0.189,130453000.0,0.0,17605571000.0,21467902500.0,8915211000.0,281644000.0,,,8087664000.0,,,4990302219.0,834799000.0,497211000.0,-209596000.0,74338000.0,-19095000.0,-192683000.0,87485000.0,-362402000.0,939997000.0,0.0,268366000.0,268366000.0,268366000.0,-277843000.0,0.0,0.023,2001935000.0,241746000.0,518421000.0,0.072,0.976,18.595,18.735,134741000.0,0.0,41.78,0.42,0.424,1907559000.0,5250873000.0,11887601000.0,11887601000.0,0.0,0.017,0.053,0.018,0.032,64850000.0,2001935000.0,1.0,119442370.0,120537235,120537235.0,98.622,13069480000.0,500703000.0,116263000.0,0.0,108.427,
10,CTX1,MRT,2006-12-31,2006-12-31,2006-12-31,2021-08-25,0.0,14261011000.0,17951532500.0,,,0.592,40.866,-76165000.0,238991000.0,238991000.0,9620097000.0,461280000.0,,1.91,6308468000.0,,,6308468000.0,0.0,56586000.0,0.0,0.003,0.16,740812000.0,797398000.0,0.075,797398000.0,740812000.0,738414000.0,3.7,3.49,3.7,4901248000.0,5008285000.0,4901248000.0,12764007435.0,17.0,16.007,-289843000.0,-2.417,1.0,1006418000.0,0.095,220159000.0,2398000.0,20110329000.0,23823996750.0,10194577000.0,2222936000.0,,,9359763000.0,,,6678749435.0,-19105000.0,482155000.0,-353479000.0,-1044332000.0,-19214000.0,-1522708000.0,1717281000.0,1318432000.0,-213678000.0,0.0,461280000.0,461280000.0,461280000.0,-132831000.0,0.0,0.043,380374000.0,626044000.0,1007870000.0,0.043,1.363,14.479,15.208,131798000.0,0.0,56.27,0.628,0.635,652290000.0,5056811000.0,10626515000.0,10626515000.0,0.0,0.026,0.092,0.031,0.07,69863000.0,380374000.0,1.0,118691122.0,119935522,119935522.0,88.602,14040852000.0,352915000.0,277134000.0,0.0,117.07,
11,CTX1,MRT,2006-09-30,2006-09-30,2006-09-30,2021-08-25,0.0,14406918000.0,19992402000.0,,,0.571,42.609,-74362000.0,169246000.0,169246000.0,9757118000.0,1018770000.0,,1.826,6254504000.0,,,6254504000.0,0.0,58936000.0,0.0,0.003,0.16,1545369000.0,1604305000.0,0.14,1604305000.0,1545369000.0,1539962000.0,8.2,7.88,8.2,5097450000.0,4970591000.0,5097450000.0,12566851610.0,8.0,7.833,-165269000.0,-1.381,1.0,1668326000.0,0.146,218740000.0,5407000.0,20273436000.0,27883423000.0,10474800000.0,2203099000.0,,,9309468000.0,,,6236763610.0,-205135000.0,427010000.0,-718040000.0,-792043000.0,-10023000.0,-1564739000.0,1450511000.0,1104230000.0,-90907000.0,0.0,1018770000.0,1018770000.0,1018770000.0,-134764000.0,0.0,0.089,334780000.0,1333546000.0,1034539000.0,0.02,1.224,6.122,6.417,166556000.0,0.0,52.62,0.546,0.551,684601000.0,5298561000.0,11425444000.0,11425444000.0,0.0,0.051,0.205,0.055,0.135,71172000.0,334780000.0,1.0,118524584.0,119634303,123504535.0,95.503,14188178000.0,228537000.0,521192000.0,0.0,118.596,
12,CTX1,MRT,2006-06-30,2006-06-30,2006-06-30,2021-08-25,16902000.0,21773202000.0,21906452250.0,,,0.549,41.181,-77747000.0,217714000.0,217714000.0,10068141000.0,1215900000.0,,3.335,6547802000.0,,,6547802000.0,0.0,62340000.0,0.0,0.003,0.16,1828040000.0,1890380000.0,0.157,1890380000.0,1828040000.0,1819561000.0,9.65,9.26,9.65,5022784000.0,4879239000.0,5022784000.0,11981586780.0,7.0,6.338,-284700000.0,-2.334,1.0,1966095000.0,0.163,221016000.0,8479000.0,27882274000.0,31690775000.0,10083181000.0,2059804000.0,,,16750418000.0,,,6104823780.0,48910000.0,214313000.0,-724431000.0,182271000.0,-19964000.0,-664723000.0,921591000.0,790645000.0,-206953000.0,-1005000.0,1215900000.0,1215900000.0,1215900000.0,-91117000.0,0.0,0.101,313340000.0,1652755000.0,1013513000.0,0.017,1.215,5.021,5.212,171184000.0,0.0,50.3,0.507,0.51,659831000.0,5406776000.0,12034236000.0,12034236000.0,0.0,0.056,0.249,0.058,0.152,71006000.0,313340000.0,1.0,121368266.0,121969085,126233469.0,98.666,21552186000.0,246562000.0,603661000.0,0.0,176.702,
13,CTX1,MRT,2006-03-31,2006-03-31,2006-03-31,2021-08-25,8630000.0,21364999000.0,21750503250.0,,,0.586,39.502,-92234000.0,176731000.0,176731000.0,10657651000.0,1289313000.0,,3.263,6059408000.0,,,6059408000.0,0.0,63069000.0,0.0,0.003,0.16,1968489000.0,2031558000.0,0.159,2031558000.0,1968489000.0,1957386000.0,10.16,9.71,10.16,5011658000.0,4744277000.0,5011658000.0,21752786152.0,11.0,10.707,-855615000.0,-6.744,1.0,2085015000.0,0.164,217728000.0,11103000.0,27029948000.0,33291424500.0,9649934000.0,2437294000.0,,,16353341000.0,,,7610872152.0,-454631000.0,173022000.0,-589667000.0,35430000.0,-20294000.0,-590032000.0,900261000.0,823366000.0,-763381000.0,-1479000.0,1289313000.0,1289313000.0,1289313000.0,-76648000.0,0.0,0.101,279172000.0,1805843000.0,617006000.0,0.016,1.519,5.903,6.101,178008000.0,0.0,61.99,0.597,0.617,326510000.0,5251325000.0,12742666000.0,12742666000.0,0.0,0.059,0.272,0.059,0.154,68743000.0,279172000.0,1.0,122775805.0,126870887,132749797.0,100.438,21147271000.0,237021000.0,668073000.0,0.0,166.683,
14,CTX1,MRT,2005-12-31,2005-12-31,2005-12-31,2021-08-25,7674000.0,22424489000.0,21412023250.0,,,0.525,37.532,-56128000.0,548013000.0,548013000.0,9340938000.0,1267292000.0,,3.72,14689927000.0,,,14689927000.0,0.0,64575000.0,0.0,0.002,0.16,1876161000.0,1940736000.0,0.173,1940736000.0,1876161000.0,1862186000.0,9.94,9.49,9.94,4750472000.0,4561551750.0,4750472000.0,22789880052.0,12.0,11.743,-607258000.0,-4.798,1.0,1901005000.0,0.169,218369000.0,13975000.0,36348034000.0,32535973250.0,9226279000.0,10895176000.0,,,17674017000.0,,,9132742052.0,28577000.0,144887000.0,-416132000.0,2195704000.0,-20481000.0,1693378000.0,-1105830000.0,-1186561000.0,-551130000.0,-7841000.0,1267292000.0,1267292000.0,1267292000.0,-153398000.0,0.0,0.113,258554000.0,1642451000.0,824883000.0,0.016,1.922,7.207,7.192,162032000.0,0.0,71.49,0.812,0.805,742855000.0,4864468000.0,11241943000.0,11241943000.0,0.0,0.059,0.278,0.058,0.167,63843000.0,258554000.0,1.0,127748525.0,126572663,132077763.0,88.818,22206120000.0,348523000.0,594894000.0,0.0,175.442,
15,CTX1,MRT,2005-09-30,2005-09-30,2005-09-30,2021-08-25,8003000.0,22063119000.0,20556534000.0,,,0.516,36.807,-49288000.0,726671000.0,726671000.0,8832901000.0,1191719000.0,,3.662,14383809000.0,,,14383809000.0,0.0,63743000.0,0.0,0.002,0.16,1749418000.0,1813161000.0,0.171,1813161000.0,1749418000.0,1734110000.0,9.37,8.91,9.37,4732042000.0,4333701000.0,4732042000.0,21677809734.0,12.0,11.956,-1308687000.0,-10.179,1.0,1774574000.0,0.167,217413000.0,15308000.0,35502844000.0,31180194500.0,8669271000.0,10899397000.0,,,17331077000.0,,,8288182734.0,177954000.0,212686000.0,-30173000.0,2911207000.0,-20344000.0,2794977000.0,-1350715000.0,-1507255000.0,-1259399000.0,-6909000.0,1191719000.0,1191719000.0,1191719000.0,-154465000.0,0.0,0.112,254916000.0,1519658000.0,793165000.0,0.017,1.752,6.955,6.892,162857000.0,0.0,64.58,0.781,0.783,746602000.0,4540235000.0,10607475000.0,10607475000.0,0.0,0.058,0.275,0.056,0.165,59628000.0,254916000.0,1.0,128339776.0,128565026,134526936.0,82.507,21845706000.0,346093000.0,542391000.0,0.0,169.92,
16,CTX1,MRT,2005-06-30,2005-06-30,2005-06-30,2021-08-25,51737000.0,21149406000.0,19431879500.0,,,0.518,34.84,-44498000.0,481835000.0,481835000.0,8432717000.0,1067801000.0,,3.718,13871462000.0,,,13871462000.0,0.0,62821000.0,0.0,0.002,0.16,1606463000.0,1669284000.0,0.166,1669284000.0,1606463000.0,1589516000.0,8.47,8.03,8.47,4482936000.0,4021843500.0,4482936000.0,21128243714.0,13.0,12.657,-804406000.0,-6.252,1.0,1635402000.0,0.162,254161000.0,16947000.0,34284872000.0,29443226500.0,8404563000.0,10480304000.0,,,16666470000.0,,,9040509714.0,-88900000.0,-11231000.0,39832000.0,2242967000.0,-20154000.0,2196932000.0,-1519524000.0,-1447599000.0,-759908000.0,-6400000.0,1067801000.0,1067801000.0,1067801000.0,-148387000.0,0.0,0.106,250377000.0,1385025000.0,723675000.0,0.019,2.017,8.466,8.344,162758000.0,0.0,70.67,0.898,0.903,760024000.0,4210840000.0,10068119000.0,10068119000.0,0.0,0.055,0.266,0.055,0.16,54796000.0,250377000.0,1.0,127925707.0,128672028,134584442.0,78.246,20895245000.0,301366000.0,521715000.0,0.0,162.392,
17,CTX1,MRT,2005-03-31,2005-03-31,2005-03-31,2021-08-25,71127000.0,20011079000.0,18441113500.0,,,0.539,34.184,-43313000.0,590171000.0,590171000.0,8356229000.0,1011364000.0,,3.675,4803772000.0,,,4803772000.0,0.0,58259000.0,0.0,0.003,0.16,1523035000.0,1581294000.0,0.159,1581294000.0,1523035000.0,1503687000.0,8.08,7.64,8.08,4280757000.0,3717687000.0,4280757000.0,19421905474.0,13.0,12.282,-282203000.0,-2.254,1.0,1578053000.0,0.159,216537000.0,19348000.0,24008143000.0,27885478000.0,6896112000.0,1939268000.0,,,15730322000.0,,,7247725474.0,323727000.0,-33491000.0,86818000.0,2244011000.0,-19947000.0,2245169000.0,-1677167000.0,-1594296000.0,-238890000.0,-5385000.0,1011364000.0,1011364000.0,1011364000.0,-125556000.0,0.0,0.102,249360000.0,1328693000.0,589609000.0,0.02,1.693,7.166,7.088,140930000.0,0.0,57.27,0.73,0.722,636707000.0,3982306000.0,9934282000.0,9934282000.0,0.0,0.055,0.272,0.055,0.153,49100000.0,249360000.0,1.0,126553614.0,125226596,132397961.0,79.33,19794542000.0,184778000.0,492323000.0,0.0,158.07,
18,CTX1,MRT,2004-12-31,2004-12-31,2004-12-31,2021-08-25,66623000.0,19002532000.0,17460207250.0,,,0.637,30.86,-42808000.0,496225000.0,496225000.0,9809302000.0,941713000.0,,3.95,12670405000.0,,,12670405000.0,0.0,42797000.0,0.0,0.003,0.17,1402515000.0,1445312000.0,0.13,1445312000.0,1402515000.0,1384273000.0,7.58,7.18,7.58,3839069000.0,3410054000.0,3839069000.0,18645040510.0,13.0,12.9,-565246000.0,-4.544,1.0,1317814000.0,0.118,251793000.0,18242000.0,30924919000.0,28399545500.0,7446650000.0,9552229000.0,,,15163463000.0,,,7405463510.0,-1880000.0,-53786000.0,-7445000.0,2364380000.0,-21018000.0,2335917000.0,-1817028000.0,-1734309000.0,-522438000.0,1669000.0,941713000.0,941713000.0,941713000.0,-130341000.0,0.0,0.085,96288000.0,1221526000.0,666709000.0,0.022,1.929,7.864,7.86,159306000.0,0.0,59.58,0.666,0.666,713297000.0,3617657000.0,11127116000.0,11127116000.0,0.0,0.054,0.276,0.049,0.126,66932000.0,96288000.0,1.0,124294453.0,124404141,131702753.0,89.443,18750739000.0,123147000.0,442560000.0,0.0,150.724,
19,CTX1,MRT,2004-09-30,2004-09-30,2004-09-30,2021-08-25,39214000.0,17564501000.0,16604552500.0,,,0.651,28.093,-57315000.0,402491000.0,402491000.0,9562500000.0,886612000.0,,4.041,11642068000.0,,,11642068000.0,0.0,48779000.0,0.0,0.003,0.15,1303235000.0,1352014000.0,0.125,1352014000.0,1303235000.0,1285879000.0,7.15,6.8,7.15,3484612000.0,3231229750.0,3484612000.0,17352548629.0,13.0,12.835,21824000.0,0.176,1.0,1243796000.0,0.115,249106000.0,17356000.0,28554972000.0,26946047750.0,6618940000.0,8987746000.0,,,14079889000.0,,,6235800629.0,424000.0,29696000.0,-86461000.0,1714101000.0,-18535000.0,1609105000.0,-1688557000.0,-1652781000.0,79139000.0,737000.0,886612000.0,886612000.0,886612000.0,-123942000.0,0.0,0.082,103042000.0,1140754000.0,680158000.0,0.021,1.79,7.033,7.057,166066000.0,0.0,50.46,0.577,0.579,727568000.0,3368860000.0,10806296000.0,10806296000.0,0.0,0.053,0.274,0.048,0.121,54313000.0,103042000.0,1.0,123579085.0,124036791,130981144.0,87.122,17315395000.0,160106000.0,399267000.0,0.0,139.599,
20,CTX1,MRT,2004-06-30,2004-06-30,2004-06-30,2021-08-25,49836000.0,17186342000.0,15929166750.0,,,0.65,26.432,-57356000.0,512283000.0,512283000.0,9138180000.0,862129000.0,,4.262,11629031000.0,,,11629031000.0,0.0,59745000.0,0.0,0.003,0.13,1269904000.0,1329649000.0,0.128,1329649000.0,1269904000.0,1240815000.0,6.96,6.63,6.96,3266310000.0,3089430750.0,3266310000.0,15874787901.0,13.0,11.939,520710000.0,4.214,1.0,1211418000.0,0.117,249212000.0,29089000.0,28053878000.0,25809937000.0,6112921000.0,9034769000.0,,,13920032000.0,,,5643570901.0,52304000.0,25937000.0,-119721000.0,1505987000.0,-16058000.0,1370208000.0,-1897203000.0,-1886632000.0,578066000.0,1233000.0,862129000.0,862129000.0,862129000.0,-128024000.0,0.0,0.083,106011000.0,1105407000.0,709863000.0,0.019,1.728,6.546,6.573,166062000.0,0.0,45.75,0.545,0.546,679705000.0,3163193000.0,10349598000.0,10349598000.0,0.0,0.054,0.279,0.049,0.123,42330000.0,106011000.0,1.0,123356741.0,123573221,130926818.0,83.753,16937130000.0,159702000.0,378686000.0,0.0,137.061,
21,CTX1,MRT,2004-03-31,2004-03-31,2004-03-31,2021-08-25,37543000.0,16087454000.0,14657365500.0,,,0.666,24.722,-53758000.0,489163000.0,489163000.0,8612213000.0,827686000.0,,4.274,10720380000.0,,,10720380000.0,0.0,77777000.0,0.0,0.002,0.11,1209328000.0,1287105000.0,0.132,1287105000.0,1209328000.0,1169794000.0,6.7,6.4,6.7,3050225000.0,2959996000.0,3050225000.0,16523298008.0,14.0,12.838,657438000.0,5.328,1.0,1143941000.0,0.117,254258000.0,39534000.0,26064413000.0,23555886500.0,5467581000.0,8547252000.0,,,13037229000.0,,,6689503008.0,-277320000.0,49829000.0,-109186000.0,1059541000.0,-13601000.0,936754000.0,-1925962000.0,-1921601000.0,711196000.0,692000.0,827686000.0,827686000.0,827686000.0,-137596000.0,0.0,0.085,105529000.0,1038412000.0,686308000.0,0.016,2.193,8.082,8.069,155891000.0,0.0,54.06,0.686,0.684,669122000.0,2990889000.0,9756154000.0,9756154000.0,0.0,0.056,0.28,0.051,0.124,30349000.0,105529000.0,1.0,123742194.0,123382068,129392821.0,79.073,15833196000.0,176564000.0,342108000.0,0.0,128.327,
22,CTX1,MRT,2003-12-31,2003-12-31,2003-12-31,2021-08-25,31506000.0,15579913000.0,13538136000.0,,,0.702,25.328,-58884000.0,369857000.0,369857000.0,8471181000.0,724260000.0,,3.988,10203652000.0,,,10203652000.0,0.0,120203000.0,0.0,0.001,0.08,1079355000.0,1199558000.0,0.126,1199558000.0,1079355000.0,1036498000.0,5.895,5.645,5.895,3123772000.0,2861901250.0,3123772000.0,16143792671.0,15.0,13.458,771831000.0,6.258,1.0,1028935000.0,0.108,302780000.0,42857000.0,25110928000.0,21488000500.0,5029232000.0,8285616000.0,,,12456141000.0,,,6691264671.0,5240000.0,96294000.0,-41954000.0,1260333000.0,-9865000.0,1208514000.0,-2033989000.0,-1910647000.0,830715000.0,0.0,724260000.0,724260000.0,724260000.0,-58911000.0,0.0,0.076,90435000.0,938500000.0,676798000.0,0.014,2.142,9.239,9.131,636581000.0,0.0,53.825,0.704,0.699,669991000.0,3024276000.0,9500116000.0,9500116000.0,0.0,0.053,0.253,0.05,0.114,810000.0,90435000.0,1.0,124315182.0,123334548,129020466.0,77.027,15277133000.0,76455000.0,312238000.0,0.0,123.867,
23,CTX1,MRT,2003-09-30,2003-09-30,2003-09-30,2021-08-25,10465000.0,14862958000.0,12297749750.0,,,0.746,23.637,-36092000.0,380132000.0,380132000.0,8187215000.0,681474000.0,,4.095,9832660000.0,,,9832660000.0,0.0,122745000.0,0.0,0.002,0.08,1029615000.0,1152360000.0,0.126,1152360000.0,1029615000.0,969238000.0,5.585,5.365,5.585,2917416000.0,2694715500.0,2917416000.0,12052043162.0,12.0,10.459,674309000.0,5.463,1.0,986918000.0,0.108,304957000.0,60377000.0,24010529000.0,19355381000.0,4388129000.0,8133274000.0,,,11945542000.0,,,4809704162.0,22726000.0,77404000.0,-11211000.0,1249654000.0,-9796000.0,1228647000.0,-1916322000.0,-1821394000.0,710401000.0,0.0,681474000.0,681474000.0,681474000.0,-48916000.0,0.0,0.074,74299000.0,912619000.0,621293000.0,0.014,1.649,7.058,6.972,666061000.0,0.0,38.94,0.524,0.524,714938000.0,2828097000.0,9174133000.0,9174133000.0,0.0,0.055,0.253,0.053,0.112,810000.0,74299000.0,1.0,123515772.0,123427650,129076874.0,74.328,14558001000.0,70226000.0,287764000.0,0.0,117.948,
24,CTX1,MRT,2003-06-30,2003-06-30,2003-06-30,2021-08-25,3479000.0,12099137000.0,11095134000.0,,,0.792,22.439,-45149000.0,325467000.0,325467000.0,7906100000.0,610954000.0,,3.402,7567806000.0,,,7567806000.0,0.0,118638000.0,0.0,0.002,0.08,916579000.0,1035217000.0,0.118,1035217000.0,916579000.0,856117000.0,5.025,4.84,5.025,2748571000.0,2541486500.0,2748571000.0,11302840869.0,12.0,10.918,-64425000.0,-0.526,1.0,883821000.0,0.101,303800000.0,60462000.0,19037676000.0,17265533250.0,3807114000.0,5972924000.0,,,9350566000.0,,,4842515869.0,56366000.0,52544000.0,-524000.0,1853292000.0,-9752000.0,1843016000.0,-1767374000.0,-1618684000.0,-19276000.0,0.0,610954000.0,610954000.0,610954000.0,-38194000.0,0.0,0.07,66758000.0,817063000.0,619055000.0,0.016,1.762,7.926,7.74,672955000.0,0.0,38.895,0.551,0.542,726578000.0,2644436000.0,8789921000.0,8789921000.0,0.0,0.055,0.24,0.053,0.104,810000.0,66758000.0,1.0,124502272.0,122490530,127865692.0,71.76,11795337000.0,58195000.0,245163000.0,0.0,96.296,
25,CTX1,MRT,2003-03-31,2003-03-31,2003-03-31,2021-08-25,-5991000.0,11610536000.0,10434342750.0,,,0.808,21.864,-62701000.0,628500000.0,628500000.0,7607605000.0,555919000.0,,3.368,7023772000.0,,,7023772000.0,0.0,112403000.0,0.0,0.003,0.08,836783000.0,949186000.0,0.113,949186000.0,836783000.0,776457000.0,4.57,4.41,4.57,2657846000.0,2406901500.0,2657846000.0,9651733787.0,12.0,10.168,-66280000.0,-0.545,1.0,821100000.0,0.097,212939000.0,60326000.0,17792869000.0,16168188000.0,3412712000.0,5437633000.0,,,8952690000.0,,,3355294787.0,245870000.0,52792000.0,-22740000.0,1827920000.0,-9743000.0,1795437000.0,-1545988000.0,-1391879000.0,-3579000.0,0.0,555919000.0,555919000.0,555919000.0,-29107000.0,0.0,0.066,60289000.0,760811000.0,600816000.0,0.018,1.262,6.036,5.947,146329000.0,0.0,27.18,0.398,0.392,603337000.0,2597078000.0,8428705000.0,8428705000.0,0.0,0.053,0.231,0.052,0.099,810000.0,60289000.0,1.0,123447196.0,121564084,126116312.0,69.335,11397597000.0,172240000.0,220538000.0,0.0,93.758,
26,CTX1,MRT,2002-12-31,2002-12-31,2002-12-31,2021-08-25,-4109000.0,10618368000.0,9778072500.0,,,0.791,20.307,-55505000.0,187382000.0,187382000.0,7043343000.0,476724000.0,,3.325,6483821000.0,,,6483821000.0,0.0,94494000.0,0.0,0.003,0.08,715231000.0,809725000.0,0.105,809725000.0,715231000.0,688446000.0,3.925,3.785,3.925,2455029000.0,2271633250.0,2455029000.0,9026221711.0,13.0,11.147,-18641000.0,-0.154,1.0,692590000.0,0.09,334357000.0,26785000.0,16580450000.0,15116604750.0,3505786000.0,4937585000.0,,,8163339000.0,,,3093213711.0,5697000.0,20054000.0,-28370000.0,1285643000.0,-9756000.0,1247517000.0,-1278684000.0,-1201619000.0,36864000.0,0.0,476724000.0,476724000.0,476724000.0,-25727000.0,0.0,0.062,53473000.0,639117000.0,1510488000.0,0.02,1.26,6.488,6.395,708745000.0,0.0,25.1,0.4,0.392,645767000.0,2402841000.0,7735933000.0,7735933000.0,0.0,0.049,0.21,0.047,0.092,0.0,53473000.0,1.0,123235606.0,120894936,124935330.0,63.989,10284011000.0,39032000.0,211722000.0,0.0,85.066,
27,CTX1,MRT,2002-09-30,2002-09-30,2002-09-30,2021-08-25,-8728000.0,10052495000.0,9288705500.0,,,0.795,18.928,-62463000.0,190500000.0,190500000.0,6726989000.0,416985000.0,,3.362,6123508000.0,,,6123508000.0,0.0,93827000.0,0.0,0.004,0.08,657787000.0,751614000.0,0.102,751614000.0,657787000.0,623932000.0,3.43,3.305,3.43,2304500000.0,2156227750.0,2304500000.0,8274101814.0,13.0,11.008,-107269000.0,-0.881,1.0,659554000.0,0.089,334365000.0,33855000.0,15651138000.0,14311313000.0,3234855000.0,4531978000.0,,,7747995000.0,,,2731744814.0,-3287000.0,-1789000.0,-9349000.0,1400705000.0,-9764000.0,1381592000.0,-1340073000.0,-1232027000.0,-44806000.0,0.0,416985000.0,416985000.0,416985000.0,-24922000.0,0.0,0.056,53044000.0,606510000.0,1462188000.0,0.023,1.185,6.551,6.465,723794000.0,0.0,22.175,0.37,0.366,665013000.0,2249379000.0,7386543000.0,7386543000.0,0.0,0.045,0.193,0.046,0.089,0.0,53044000.0,1.0,123190296.0,121751344,126072580.0,60.669,9718130000.0,49150000.0,206947000.0,0.0,79.819,
28,CTX1,MRT,2002-06-30,2002-06-30,2002-06-30,2021-08-25,-6865000.0,9455972000.0,8787362250.0,,,0.822,18.067,-63004000.0,172157000.0,172157000.0,6565903000.0,394765000.0,,3.278,5714514000.0,,,5714514000.0,0.0,93020000.0,0.0,0.003,0.08,657947000.0,750967000.0,0.104,750967000.0,657947000.0,611279000.0,3.25,3.14,3.25,2210231000.0,2053192000.0,2210231000.0,8507386259.0,13.0,11.329,139548000.0,1.141,1.0,660159000.0,0.091,350034000.0,46668000.0,14648295000.0,13453292250.0,2993688000.0,4209562000.0,,,7245741000.0,,,3556593259.0,-38327000.0,-25802000.0,10977000.0,1430886000.0,-9771000.0,1432092000.0,-1672971000.0,-1540549000.0,202552000.0,0.0,394765000.0,394765000.0,394765000.0,-24309000.0,0.0,0.055,51577000.0,608582000.0,1369908000.0,0.025,1.609,9.009,8.891,729777000.0,0.0,28.895,0.492,0.489,611082000.0,2136194000.0,7226062000.0,7226062000.0,0.0,0.045,0.192,0.049,0.091,0.0,51577000.0,1.0,123086806.0,122337554,127194232.0,59.067,9105938000.0,82819000.0,216514000.0,0.0,74.433,
29,CTX1,MRT,2002-03-31,2002-03-31,2002-03-31,2021-08-25,-12956000.0,8985455000.0,8268435500.0,,,0.862,17.476,-60380000.0,325986000.0,325986000.0,6466399000.0,382226000.0,,3.245,5276779000.0,,,5276779000.0,0.0,90659000.0,0.0,0.003,0.08,662630000.0,753289000.0,0.106,753289000.0,662630000.0,604054000.0,3.16,3.06,3.16,2116773000.0,1949351000.0,2116773000.0,8246798548.0,12.0,10.948,-2471000.0,-0.02,1.0,657395000.0,0.092,349712000.0,58576000.0,13586536000.0,12563474750.0,2653385000.0,4010302000.0,,,6868682000.0,,,3178706548.0,158412000.0,-37327000.0,24966000.0,1689355000.0,-9724000.0,1704597000.0,-1604094000.0,-1463424000.0,57909000.0,0.0,382226000.0,382226000.0,382226000.0,-23824000.0,0.0,0.054,50189000.0,607206000.0,1438613000.0,0.025,1.502,8.316,8.217,720285000.0,0.0,25.965,0.446,0.441,567016000.0,2050902000.0,7123794000.0,7123794000.0,0.0,0.046,0.196,0.053,0.093,0.0,50189000.0,1.0,122422744.0,121121576,125058294.0,58.815,8635743000.0,76167000.0,221828000.0,0.0,71.298,
30,CTX1,MRT,2001-12-31,2001-12-31,2001-12-31,2021-08-25,-11363000.0,8660900000.0,7684332500.0,,,0.975,16.46,-55981000.0,130086000.0,130086000.0,6728220000.0,370961000.0,,3.345,5198178000.0,,,5198178000.0,0.0,62262000.0,0.0,0.003,0.08,698637000.0,760899000.0,0.102,760899000.0,698637000.0,580078000.0,3.085,3.0,3.085,1993407000.0,1848673750.0,1993407000.0,7996697153.0,11.0,10.51,1221786000.0,10.088,1.0,763873000.0,0.102,369709000.0,118559000.0,13359283000.0,11602594750.0,2814722000.0,3761087000.0,,,6667493000.0,,,3468870153.0,2769000.0,-152674000.0,64121000.0,1889262000.0,-9670000.0,1936708000.0,-3211706000.0,-3003051000.0,1277767000.0,0.0,370961000.0,370961000.0,370961000.0,0.0,0.0,0.05,48513000.0,715360000.0,1315296000.0,0.026,1.74,9.351,9.253,727634000.0,0.0,28.545,0.463,0.461,0.0,1935873000.0,7492093000.0,7492093000.0,0.0,0.048,0.201,0.06,0.093,0.0,48513000.0,1.0,121522864.0,121108656,124859144.0,61.863,8291191000.0,39300000.0,209117000.0,0.0,68.461,
31,CTX1,MRT,2001-09-30,2001-09-30,2001-09-30,2021-08-25,-5380000.0,8047122000.0,7032180750.0,,,1.031,15.622,-67387000.0,127443000.0,127443000.0,6546284000.0,343283000.0,,3.252,4655270000.0,,,4655270000.0,0.0,57366000.0,0.0,0.005,0.08,644226000.0,701592000.0,0.097,701592000.0,644226000.0,532637000.0,2.87,2.79,2.87,1892357000.0,1749075750.0,1892357000.0,6111822272.0,9.0,8.711,911447000.0,7.524,1.0,704823000.0,0.097,355894000.0,111589000.0,12219055000.0,10472148750.0,2562441000.0,3352742000.0,,,6154765000.0,,,2047003272.0,-119112000.0,-638237000.0,50803000.0,2154778000.0,-9605000.0,2190713000.0,-3287974000.0,-2582350000.0,978834000.0,-685000.0,343283000.0,343283000.0,343283000.0,0.0,0.0,0.047,43645000.0,661178000.0,1348774000.0,0.028,1.082,5.963,5.876,740934000.0,0.0,16.865,0.282,0.282,0.0,1842158000.0,7251107000.0,7251107000.0,0.0,0.049,0.196,0.062,0.089,0.0,43645000.0,1.0,121375824.0,121136516,124579804.0,59.859,7691228000.0,36641000.0,189354000.0,0.0,63.492,
32,CTX1,MRT,2001-06-30,2001-06-30,2001-06-30,2021-08-25,-8615000.0,7380265000.0,6327545250.0,,,1.104,14.914,-58401000.0,151276000.0,151276000.0,6340838000.0,308988000.0,,3.112,4216095000.0,,,4216095000.0,0.0,48427000.0,0.0,0.004,0.08,580769000.0,629196000.0,0.09,629196000.0,580769000.0,476248000.0,2.6,2.53,2.6,1794867000.0,1657907500.0,1794867000.0,5864629860.0,10.0,9.321,340482000.0,2.829,1.0,642420000.0,0.092,356059000.0,104521000.0,11089025000.0,9209998000.0,2375065000.0,2897175000.0,,,5585398000.0,,,2459918860.0,-78219000.0,-597384000.0,47506000.0,2094477000.0,-9536000.0,2131369000.0,-2607589000.0,-1951804000.0,398883000.0,-882000.0,308988000.0,308988000.0,308988000.0,0.0,0.0,0.044,39439000.0,602981000.0,1222626000.0,0.031,1.371,7.961,7.837,737150000.0,0.0,20.375,0.352,0.351,0.0,1751200000.0,6983258000.0,6983258000.0,0.0,0.049,0.186,0.063,0.083,0.0,39439000.0,1.0,120732214.0,120349946,123820184.0,58.025,7024206000.0,38263000.0,167260000.0,0.0,58.365,
33,CTX1,MRT,2001-03-31,2001-03-31,2001-03-31,2021-08-25,-5097000.0,6649043000.0,5663641500.0,,,1.185,14.503,-52442000.0,115180000.0,115180000.0,6105996000.0,281977000.0,,2.879,3519891000.0,,,3519891000.0,0.0,40509000.0,0.0,0.004,0.08,535400000.0,575909000.0,0.086,575909000.0,535400000.0,436331000.0,2.385,2.325,2.385,1714064000.0,1575497250.0,1714064000.0,5534643231.0,10.0,9.61,162101000.0,1.372,1.0,604739000.0,0.09,310738000.0,99069000.0,9743016000.0,8016323250.0,2176237000.0,2425982000.0,,,4934979000.0,,,2470205231.0,-78101000.0,-596143000.0,35201000.0,2106496000.0,-9472000.0,2132225000.0,-2424869000.0,-1776284000.0,214543000.0,0.0,281977000.0,281977000.0,281977000.0,0.0,0.0,0.042,36924000.0,567815000.0,1271464000.0,0.034,1.441,8.76,8.732,729099000.0,0.0,20.825,0.368,0.367,606069000.0,1678400000.0,6710735000.0,6710735000.0,0.0,0.05,0.179,0.067,0.08,0.0,36924000.0,1.0,118617298.0,118190806,121321770.0,56.779,6338305000.0,58454000.0,154354000.0,0.0,53.628,
34,CTX1,MRT,2000-12-31,2000-12-31,2000-12-31,2021-08-25,-490000.0,6052293000.0,4998356500.0,,,1.297,13.499,-78832000.0,76945000.0,76945000.0,5922318000.0,245791000.0,,2.795,3141383000.0,,,3141383000.0,0.0,58850000.0,0.0,0.004,0.08,485335000.0,544185000.0,0.084,544185000.0,485335000.0,399179000.0,2.085,2.035,2.085,1595015000.0,1501818500.0,1595015000.0,4416250693.0,9.0,8.115,-963340000.0,-8.153,1.0,560885000.0,0.087,279232000.0,86156000.0,8837499000.0,6820767250.0,2276302000.0,1894951000.0,,,4457278000.0,,,2218038693.0,-111773000.0,-455708000.0,-29541000.0,1793132000.0,-9431000.0,1780778000.0,-549701000.0,0.0,-884508000.0,48000.0,245791000.0,245791000.0,245791000.0,0.0,0.0,0.038,35157000.0,525728000.0,1134853000.0,0.038,1.391,9.024,9.008,738055000.0,0.0,18.781,0.342,0.342,0.0,1574582000.0,6483203000.0,6483203000.0,0.0,0.049,0.164,0.071,0.075,0.0,35157000.0,1.0,118098566.0,118161576,121859350.0,54.867,5773061000.0,51504000.0,153388000.0,0.0,48.857,
35,CTX1,MRT,2000-09-30,2000-09-30,2000-09-30,2021-08-25,23000.0,5228580000.0,4585572250.0,,,1.365,12.956,-88318000.0,202280000.0,202280000.0,5698025000.0,240500000.0,,2.423,2400492000.0,,,2400492000.0,0.0,54013000.0,0.0,0.005,0.08,473961000.0,527974000.0,0.084,527974000.0,473961000.0,390414000.0,2.04,1.995,2.04,1527684000.0,1443569750.0,1527684000.0,3734447581.0,8.0,7.073,-215792000.0,-1.83,1.0,560841000.0,0.09,256340000.0,83547000.0,7170452000.0,6061483750.0,2141687000.0,1524944000.0,,,3700896000.0,,,1890429581.0,63298000.0,-10632000.0,-37833000.0,666028000.0,-9445000.0,643626000.0,-114111000.0,0.0,-127474000.0,717000.0,240500000.0,240500000.0,240500000.0,0.0,0.0,0.038,35182000.0,525659000.0,1117378000.0,0.039,1.237,7.86,7.874,368421000.0,0.0,16.062,0.302,0.303,0.0,1508480000.0,6258866000.0,6258866000.0,0.0,0.052,0.167,0.078,0.076,0.0,35182000.0,1.0,117692114.0,117909388,120607756.0,53.082,4972240000.0,48840000.0,149914000.0,0.0,42.17,
36,CTX1,MRT,2000-06-30,2000-06-30,2000-06-30,2021-08-25,-1518000.0,4724650000.0,4429787500.0,,,1.371,12.459,-88391000.0,177600000.0,177600000.0,5497514000.0,246901000.0,,2.225,2021618000.0,,,2021618000.0,0.0,52002000.0,0.0,0.007,0.08,478626000.0,530628000.0,0.087,530628000.0,478626000.0,401820000.0,2.09,2.04,2.09,1465226000.0,1389031500.0,1465226000.0,2556000245.0,5.0,4.817,261063000.0,2.22,1.0,575011000.0,0.095,254342000.0,76806000.0,6314326000.0,5846479750.0,2110378000.0,1131605000.0,,,3259424000.0,,,1382168245.0,65773000.0,-117353000.0,-45644000.0,152423000.0,-9456000.0,118014000.0,-220905000.0,0.0,349454000.0,953000.0,246901000.0,246901000.0,246901000.0,0.0,0.0,0.041,34538000.0,540473000.0,1043231000.0,0.038,0.943,5.598,5.622,368294000.0,0.0,11.75,0.228,0.228,0.0,1451748000.0,6072525000.0,6072525000.0,0.0,0.056,0.178,0.082,0.079,0.0,34538000.0,1.0,117631340.0,117606690,119709130.0,51.634,4470308000.0,49839000.0,154919000.0,0.0,38.011,
37,CTX1,MRT,2000-03-31,2000-03-31,2000-03-31,2021-08-25,-1248000.0,3987903000.0,4366592500.0,,,1.376,11.966,-87766000.0,139563000.0,139563000.0,5426644000.0,257132000.0,,1.81,1313395000.0,,,1313395000.0,0.0,48971000.0,0.0,0.007,0.08,483705000.0,532676000.0,0.089,532676000.0,483705000.0,416861000.0,2.17,2.11,2.17,1419349000.0,1336270250.0,1419349000.0,3059040028.0,6.0,5.743,773865000.0,6.524,1.0,581492000.0,0.097,200943000.0,66844000.0,4960792000.0,5812324750.0,1926152000.0,702190000.0,,,2568554000.0,,,1414112028.0,30173000.0,-89697000.0,-44301000.0,-604660000.0,-9486000.0,-638834000.0,-192624000.0,0.0,861631000.0,0.0,257132000.0,257132000.0,257132000.0,0.0,0.0,0.043,33015000.0,548477000.0,1125807000.0,0.037,0.996,5.5,5.487,360604000.0,0.0,11.906,0.235,0.235,483381000.0,1405895000.0,6008136000.0,6008136000.0,0.0,0.059,0.192,0.083,0.081,0.0,33015000.0,1.0,118770564.0,118616316,121857960.0,50.652,3786960000.0,49907000.0,159729000.0,0.0,31.926,
38,CTX1,MRT,1999-12-31,1999-12-31,1999-12-31,2021-08-25,-48000.0,4401156000.0,4453303250.0,,,1.307,11.498,-72837000.0,161713000.0,161713000.0,5242425000.0,255302000.0,,2.231,1806641000.0,,,1806641000.0,0.0,43830000.0,0.0,0.006,0.08,471987000.0,515817000.0,0.089,515817000.0,471987000.0,413742000.0,2.15,2.08,2.15,1362020000.0,1280842750.0,1362020000.0,3413649468.0,7.0,6.618,622164000.0,5.252,1.0,579304000.0,0.1,245719000.0,58245000.0,5800365000.0,6050180500.0,2096026000.0,1015412000.0,,,3039136000.0,,,1463165468.0,46922000.0,-238181000.0,-20189000.0,-407814000.0,-9511000.0,-795403000.0,-311018000.0,0.0,695001000.0,-48000.0,255302000.0,255302000.0,255302000.0,0.0,0.0,0.044,32730000.0,546574000.0,1044091000.0,0.037,1.074,5.731,5.741,338025000.0,0.0,12.344,0.251,0.251,0.0,1341943000.0,5821729000.0,5821729000.0,0.0,0.057,0.199,0.078,0.081,0.0,32730000.0,1.0,118534924.0,118460012,121447144.0,49.145,4155437000.0,28123000.0,158440000.0,0.0,35.079,
39,CTX1,MRT,1999-09-30,1999-09-30,1999-09-30,2021-08-25,-32000.0,4605441000.0,4451335250.0,,,1.269,11.016,-64291000.0,123440000.0,123440000.0,5086298000.0,251169000.0,,2.517,2073924000.0,,,2073924000.0,0.0,38379000.0,0.0,0.005,0.08,457354000.0,495733000.0,0.088,495733000.0,457354000.0,406647000.0,2.11,2.04,2.11,1309531000.0,1224454250.0,1309531000.0,3700195531.0,8.0,7.464,-42108000.0,-0.354,1.0,562356000.0,0.1,245489000.0,50707000.0,6310436000.0,6142479250.0,1939706000.0,1408250000.0,,,3295910000.0,,,1761746531.0,26337000.0,-244149000.0,-14686000.0,160842000.0,-9509000.0,-26834000.0,-308440000.0,0.0,22183000.0,-32000.0,251169000.0,251169000.0,251169000.0,0.0,0.0,0.044,31331000.0,531025000.0,1015227000.0,0.038,1.345,7.014,7.005,324992000.0,0.0,14.781,0.312,0.311,0.0,1281146000.0,5648654000.0,5648654000.0,0.0,0.056,0.205,0.074,0.081,0.0,31331000.0,1.0,119187926.0,118870390,122563918.0,47.519,4359952000.0,28558000.0,155478000.0,0.0,36.678,
40,CTX1,MRT,1999-06-30,1999-06-30,1999-06-30,2021-08-25,-71000.0,4471870000.0,4286584250.0,,,1.274,10.549,-70606000.0,105333000.0,105333000.0,4926950000.0,242237000.0,,2.566,2043782000.0,,,2043782000.0,0.0,37492000.0,0.0,0.004,0.08,434898000.0,472390000.0,0.086,472390000.0,434898000.0,389682000.0,2.035,1.96,2.035,1254181000.0,1167718750.0,1254181000.0,4032388220.0,9.0,8.536,-143318000.0,-1.205,1.0,535343000.0,0.098,232613000.0,45216000.0,6177706000.0,5911773750.0,1681439000.0,1575405000.0,,,3217689000.0,,,2232757220.0,813000.0,-140932000.0,-12924000.0,290175000.0,-9521000.0,103391000.0,-211538000.0,0.0,-72712000.0,-71000.0,242237000.0,242237000.0,242237000.0,0.0,0.0,0.044,29961000.0,505382000.0,967982000.0,0.039,1.78,9.217,9.229,322361000.0,0.0,18.781,0.409,0.409,0.0,1218024000.0,5462293000.0,5462293000.0,0.0,0.057,0.207,0.074,0.08,0.0,29961000.0,1.0,118882248.0,118892330,123218582.0,45.943,4239257000.0,34785000.0,147445000.0,0.0,35.656,
41,CTX1,MRT,1999-03-31,1999-03-31,1999-03-31,2021-08-25,0.0,4334746000.0,4132340000.0,,,1.259,10.066,-52453000.0,111268000.0,111268000.0,4688450000.0,231962000.0,,2.619,1910899000.0,,,1910899000.0,0.0,36172000.0,0.0,0.005,0.08,414875000.0,451047000.0,0.087,451047000.0,414875000.0,373294000.0,1.95,1.875,1.95,1197639000.0,1112788500.0,1197639000.0,3980371467.0,10.0,8.825,-309553000.0,-2.602,1.0,512216000.0,0.098,222162000.0,41581000.0,5912215000.0,5686736750.0,1519899000.0,1587569000.0,,,3137107000.0,,,1985412467.0,10000000.0,-175263000.0,-15975000.0,520311000.0,-9520000.0,494816000.0,-227716000.0,0.0,-257100000.0,0.0,231962000.0,231962000.0,231962000.0,0.0,0.0,0.045,28104000.0,484112000.0,1018650000.0,0.041,1.658,8.559,8.558,313655000.0,0.0,16.688,0.382,0.382,459778000.0,1161970000.0,5200666000.0,5200666000.0,0.0,0.056,0.208,0.073,0.08,0.0,28104000.0,1.0,118976028.0,118977402,123707634.0,43.711,4112584000.0,49107000.0,141332000.0,0.0,34.566,
42,CTX1,MRT,1998-12-31,1998-12-31,1998-12-31,2021-08-25,0.0,4393284000.0,3902708250.0,,,1.217,9.564,-38116000.0,111839000.0,111839000.0,4291467000.0,207792000.0,,2.866,2106798000.0,,,2106798000.0,0.0,34553000.0,0.0,0.004,0.08,370921000.0,405474000.0,0.085,405474000.0,370921000.0,333319000.0,1.745,1.675,1.745,1136466000.0,1061171750.0,1136466000.0,4312953672.0,12.0,10.637,-844526000.0,-7.108,1.0,457553000.0,0.096,218683000.0,37602000.0,6169560000.0,5352344000.0,1541106000.0,1643520000.0,,,3256818000.0,,,2677157672.0,22340000.0,-36921000.0,-9202000.0,638114000.0,-9525000.0,911131000.0,-82381000.0,-7344000.0,-806410000.0,0.0,207792000.0,207792000.0,207792000.0,0.0,0.0,0.044,26178000.0,431375000.0,931512000.0,0.046,2.356,12.884,12.912,301250000.0,0.0,22.531,0.564,0.564,0.0,1096152000.0,4749020000.0,4749020000.0,0.0,0.053,0.196,0.069,0.078,0.0,26178000.0,1.0,118819758.0,118821752,123323918.0,39.968,4174601000.0,103603000.0,125527000.0,0.0,35.133,
43,CTX1,MRT,1998-09-30,1998-09-30,1998-09-30,2021-08-25,0.0,3946437000.0,3569177000.0,,,1.254,9.09,-31154000.0,94151000.0,94151000.0,4063247000.0,186129000.0,,2.645,1729947000.0,,,1729947000.0,0.0,33616000.0,0.0,0.004,0.077,332574000.0,366190000.0,0.082,366190000.0,332574000.0,297608000.0,1.565,1.5,1.565,1082589000.0,1013905500.0,1082589000.0,3691275738.0,11.0,10.08,-585551000.0,-4.917,1.0,412770000.0,0.092,194619000.0,34966000.0,5387614000.0,4819786000.0,1301618000.0,1428409000.0,,,2863848000.0,,,2056640738.0,23399000.0,-29016000.0,-5640000.0,554579000.0,-9227000.0,645845000.0,-68049000.0,-7879000.0,-554397000.0,0.0,186129000.0,186129000.0,186129000.0,0.0,0.0,0.042,24108000.0,388662000.0,909144000.0,0.049,1.9,11.05,11.022,293141000.0,0.0,17.25,0.459,0.459,0.0,1039486000.0,4476017000.0,4476017000.0,0.0,0.052,0.184,0.069,0.074,0.0,24108000.0,1.0,119225550.0,119098494,124062524.0,37.582,3751818000.0,109643000.0,111479000.0,0.0,31.502,
44,CTX1,MRT,1998-06-30,1998-06-30,1998-06-30,2021-08-25,0.0,3854893000.0,,,,,8.688,-24920000.0,101568000.0,101568000.0,3850111000.0,165957000.0,,2.726,1736203000.0,,,1736203000.0,0.0,29101000.0,0.0,0.004,0.075,299580000.0,328681000.0,0.078,328681000.0,299580000.0,265937000.0,1.4,1.345,1.4,1034460000.0,,1034460000.0,3540492352.0,12.0,10.772,-590584000.0,-4.96,1.0,374570000.0,0.089,211970000.0,33643000.0,5277558000.0,,1204073000.0,1448785000.0,,,2820433000.0,,,2248220352.0,59366000.0,-25614000.0,10477000.0,599471000.0,-8916000.0,676379000.0,-51349000.0,-815000.0,-565664000.0,0.0,165957000.0,165957000.0,165957000.0,0.0,0.0,0.039,22252000.0,352318000.0,854192000.0,0.054,2.173,13.547,13.482,286146000.0,0.0,18.875,0.532,0.532,0.0,985308000.0,4224681000.0,4224681000.0,0.0,,,,0.071,0.0,22252000.0,1.0,119111012.0,119061688,123945090.0,35.483,3642923000.0,129496000.0,99980000.0,0.0,30.597,
45,CTX1,MRT,1998-03-31,1998-03-31,1998-03-31,2021-08-25,0.0,3416219000.0,3047524000.0,,,1.304,8.399,-36874000.0,98316000.0,98316000.0,3638413000.0,144806000.0,,2.447,1390588000.0,,,1390588000.0,0.0,25638000.0,0.0,0.004,0.068,264890000.0,290528000.0,0.073,290528000.0,264890000.0,231634000.0,1.225,1.18,1.225,991172000.0,913474500.0,991172000.0,3354813974.0,13.0,11.547,-477089000.0,-4.043,1.0,337037000.0,0.085,133847000.0,33256000.0,4574644000.0,3991409000.0,1051671000.0,1248281000.0,,,2425047000.0,,,2267372974.0,66996000.0,7195000.0,18583000.0,498532000.0,-7994000.0,536890000.0,-29679000.0,0.0,-440215000.0,0.0,144806000.0,144806000.0,144806000.0,0.0,0.0,0.036,21261000.0,315776000.0,799154000.0,0.056,2.288,15.658,15.561,295992000.0,0.0,19.062,0.57,0.566,390891000.0,939528000.0,3975450000.0,3975450000.0,0.0,0.048,0.159,0.066,0.067,0.0,21261000.0,1.0,118944156.0,118014316,122529886.0,33.686,3282372000.0,147607000.0,86828000.0,0.0,27.813,
46,CTX1,MRT,1997-12-31,1997-12-31,1997-12-31,2021-08-25,0.0,3059159000.0,,,,,7.979,-45632000.0,89499000.0,89499000.0,,,,2.229,1176940000.0,,,1176940000.0,0.0,21926000.0,0.0,0.004,0.06,,,,,,,,,,947401000.0,,947401000.0,,,,-176654000.0,-1.488,1.0,,,107272000.0,,4039328000.0,,1152879000.0,859539000.0,,,2111758000.0,,,1871511955.0,15518000.0,-102460000.0,21478000.0,314763000.0,-7063000.0,423092000.0,-140748000.0,7344000.0,-131022000.0,0.0,,,,,,,,,703092000.0,,1.975,,,302161000.0,,15.734,,,0.0,904903000.0,,,,,,,,0.0,,1.0,118944156.0,118733644,,,2951887000.0,166279000.0,,0.0,24.861,
47,CTX1,MRT,1997-09-30,1997-09-30,1997-09-30,2021-08-25,,,,,,,,,,,,,,,,,,,,,,0.004,0.055,,,,,,,,,,,,,,,,,,1.0,,,,,,,,,,,,,,,,,,,,,,,,,,,,,,,,,,,,,,,,14.594,,,,,,,,,,,,,,1.0,,118025436,,,,,,,,
48,CTX1,MRT,1997-06-30,1997-06-30,1997-06-30,2021-08-25,,,,,,,,,,,,,,,,,,,,,,0.005,0.05,,,,,,,,,,,,,,,,,,1.0,,,,,,,,,,,,,,,,,,,,,,,,,,,,,,,,,,,,,,,,10.156,,,,,,,,,,,,,,1.0,,116361620,,,,,,,,
49,CTX1,MRT,1997-03-31,1997-03-31,1997-03-31,2021-08-25,0.0,2678829000.0,,,,,7.295,-16137000.0,31320000.0,31320000.0,3536419000.0,106563000.0,,2.205,864287000.0,,,864287000.0,0.0,13512000.0,0.0,0.006,0.05,197805000.0,211317000.0,0.056,211317000.0,197805000.0,163743000.0,0.93,0.9,0.93,835777000.0,,835777000.0,,,,241371000.0,2.107,1.0,248572000.0,0.066,103622000.0,34062000.0,3408174000.0,,1000597000.0,670598000.0,,,1843052000.0,,,,17278000.0,-100169000.0,12122000.0,5502000.0,-5744000.0,11880000.0,-116306000.0,0.0,257508000.0,0.0,106563000.0,106563000.0,106563000.0,0.0,0.0,0.028,16817000.0,231755000.0,737698000.0,0.054,,,9.476,293143000.0,0.0,8.812,,0.267,354728000.0,802716000.0,3784991000.0,3784991000.0,0.0,,,,0.052,0.0,16817000.0,1.0,,114561420,118517804.0,33.039,2575207000.0,197413000.0,57180000.0,0.0,22.479,
50,CTX1,MRT,1996-12-31,1996-12-31,1996-12-31,2021-08-25,,,,,,,,,,,,,,,,,,,,,,0.005,0.05,,,,,,,,,,,,,,,,,,1.0,,,,,,,,,,,,,,,,,,,,,,,,,,,,,,,,,,,,,,,,9.406,,,,,,,,,,,,,,1.0,,114681680,,,,,,,,
51,CTX1,MRT,1996-03-31,1996-03-31,1996-03-31,2021-08-25,,,,,,,,-7025000.0,,,2984132000.0,53365000.0,,,,,,,,12499000.0,,0.006,0.05,128648000.0,141147000.0,0.045,141147000.0,128648000.0,87786000.0,0.47,0.455,0.47,,,,,,,-121624000.0,-1.076,1.0,118855000.0,0.038,,40862000.0,,,,,,,,,,,-9743000.0,-73842000.0,6903000.0,203607000.0,-5659000.0,204851000.0,-80867000.0,0.0,-114599000.0,0.0,53365000.0,53365000.0,53365000.0,0.0,0.0,0.017,14969000.0,103886000.0,,0.106,,,16.489,,0.0,7.75,,0.282,,,3102987000.0,3102987000.0,0.0,,,,0.041,0.0,14969000.0,1.0,,113025464,117163678.0,27.454,,,34421000.0,,,
