None,ticker,dimension,calendardate,datekey,reportperiod,lastupdated,accoci,assets,assetsavg,assetsc,assetsnc,assetturnover,bvps,capex,cashneq,cashnequsd,cor,consolinc,currentratio,de,debt,debtc,debtnc,debtusd,deferredrev,depamor,deposits,divyield,dps,ebit,ebitda,ebitdamargin,ebitdausd,ebitusd,ebt,eps,epsdil,epsusd,equity,equityavg,equityusd,ev,evebit,evebitda,fcf,fcfps,fxusd,gp,grossmargin,intangibles,intexp,invcap,invcapavg,inventory,investments,investmentsc,investmentsnc,liabilities,liabilitiesc,liabilitiesnc,marketcap,ncf,ncfbus,ncfcommon,ncfdebt,ncfdiv,ncff,ncfi,ncfinv,ncfo,ncfx,netinc,netinccmn,netinccmnusd,netincdis,netincnci,netmargin,opex,opinc,payables,payoutratio,pb,pe,pe1,ppnenet,prefdivis,price,ps,ps1,receivables,retearn,revenue,revenueusd,rnd,roa,roe,roic,ros,sbcomp,sgna,sharefactor,sharesbas,shareswa,shareswadil,sps,tangibles,taxassets,taxexp,taxliabilities,tbvps,workingcapital
0,ALK,MRY,2020-12-31,2020-12-31,2020-12-31,2021-08-03,-494000000.0,14046000000.0,14039000000.0,4006000000.0,10040000000.0,0.254,24.204,-206000000.0,1370000000.0,1370000000.0,2161000000.0,-1324000000.0,0.933,3.701,5053000000.0,1428000000.0,3625000000.0,5053000000.0,2277000000.0,420000000.0,0.0,0.007,0.375,-1742000000.0,-1322000000.0,-0.371,-1322000000.0,-1742000000.0,-1840000000.0,-10.72,-10.72,-10.72,2988000000.0,3579500000.0,2988000000.0,10000516456.0,-6.0,-7.565,-440000000.0,-3.564,1.0,1405000000.0,0.394,2050000000.0,98000000.0,11386000000.0,11180500000.0,57000000.0,1976000000.0,1976000000.0,0.0,11058000000.0,4293000000.0,6765000000.0,6430516456.0,1154000000.0,0.0,-31000000.0,1999000000.0,-45000000.0,1981000000.0,-593000000.0,-644000000.0,-234000000.0,0.0,-1324000000.0,-1324000000.0,-1324000000.0,0.0,0.0,-0.371,3180000000.0,-1775000000.0,108000000.0,-0.035,2.152,-4.857,-4.851,7611000000.0,0.0,52.0,1.803,1.8,480000000.0,3764000000.0,3566000000.0,3566000000.0,0.0,-0.094,-0.37,-0.156,-0.489,24000000.0,2154000000.0,1.0,123663778.0,123450000,123450000.0,28.886,11996000000.0,0.0,-516000000.0,407000000.0,97.173,-287000000.0
1,ALK,MRY,2019-12-31,2019-12-31,2019-12-31,2021-08-03,-465000000.0,12993000000.0,12891750000.0,2037000000.0,10956000000.0,0.681,35.132,-696000000.0,221000000.0,221000000.0,3843000000.0,769000000.0,0.636,2.0,3207000000.0,504000000.0,2703000000.0,3207000000.0,1990000000.0,423000000.0,0.0,0.021,1.4,1094000000.0,1517000000.0,0.173,1517000000.0,1094000000.0,1016000000.0,6.24,6.19,6.24,4331000000.0,4075500000.0,4331000000.0,11460999612.0,10.0,7.555,1026000000.0,8.323,1.0,4938000000.0,0.562,2065000000.0,78000000.0,10713000000.0,10669750000.0,72000000.0,1300000000.0,1300000000.0,0.0,8662000000.0,3201000000.0,5461000000.0,8344999612.0,118000000.0,0.0,-75000000.0,-608000000.0,-173000000.0,-813000000.0,-791000000.0,-136000000.0,1722000000.0,0.0,769000000.0,769000000.0,769000000.0,0.0,0.0,0.088,3875000000.0,1063000000.0,146000000.0,0.224,1.927,10.852,10.857,8613000000.0,0.0,67.75,0.95,0.951,323000000.0,5133000000.0,8781000000.0,8781000000.0,0.0,0.06,0.189,0.103,0.125,29000000.0,2683000000.0,1.0,123173426.0,123279000,124289000.0,71.229,10928000000.0,0.0,247000000.0,715000000.0,88.644,-1164000000.0
2,ALK,MRY,2018-12-31,2018-12-31,2018-12-31,2021-08-03,-448000000.0,10912000000.0,10927000000.0,1787000000.0,9125000000.0,0.756,30.439,-960000000.0,105000000.0,105000000.0,3849000000.0,437000000.0,0.607,1.909,2103000000.0,486000000.0,1617000000.0,2103000000.0,1874000000.0,398000000.0,0.0,0.021,1.28,676000000.0,1074000000.0,0.13,1074000000.0,676000000.0,585000000.0,3.55,3.52,3.55,3751000000.0,3643500000.0,3751000000.0,9357798611.0,14.0,8.713,235000000.0,1.907,1.0,4415000000.0,0.534,2070000000.0,91000000.0,7898000000.0,7974000000.0,60000000.0,1131000000.0,1131000000.0,0.0,7161000000.0,2942000000.0,4219000000.0,7502798611.0,-83000000.0,0.0,-50000000.0,-468000000.0,-158000000.0,-647000000.0,-631000000.0,282000000.0,1195000000.0,0.0,437000000.0,437000000.0,437000000.0,0.0,0.0,0.053,3772000000.0,643000000.0,132000000.0,0.361,2.0,17.169,17.141,6781000000.0,0.0,60.85,0.908,0.907,366000000.0,4534000000.0,8264000000.0,8264000000.0,0.0,0.04,0.12,0.085,0.082,47000000.0,2516000000.0,1.0,123299895.0,123230000,123975000.0,67.062,8842000000.0,0.0,148000000.0,512000000.0,71.752,-1155000000.0
3,ALK,MRY,2017-12-31,2017-12-31,2017-12-31,2021-08-03,-380000000.0,10746000000.0,10626750000.0,2152000000.0,8594000000.0,0.743,28.082,-1026000000.0,194000000.0,194000000.0,3216000000.0,960000000.0,0.801,2.106,2569000000.0,307000000.0,2262000000.0,2569000000.0,1725000000.0,372000000.0,0.0,0.016,1.2,1262000000.0,1634000000.0,0.207,1634000000.0,1262000000.0,1159000000.0,7.79,7.75,7.79,3460000000.0,3307250000.0,3460000000.0,11602030378.0,9.0,7.1,564000000.0,4.578,1.0,4678000000.0,0.593,2076000000.0,103000000.0,8359000000.0,8291000000.0,57000000.0,1427000000.0,1427000000.0,0.0,7286000000.0,2686000000.0,4600000000.0,9045030378.0,-131000000.0,0.0,-75000000.0,-397000000.0,-148000000.0,-592000000.0,-1129000000.0,-181000000.0,1590000000.0,0.0,960000000.0,960000000.0,960000000.0,0.0,0.0,0.122,3470000000.0,1208000000.0,120000000.0,0.154,2.614,9.422,9.436,6284000000.0,0.0,73.51,1.146,1.147,341000000.0,4193000000.0,7894000000.0,7894000000.0,0.0,0.09,0.29,0.152,0.16,55000000.0,2299000000.0,1.0,123044897.0,123211000,123854000.0,64.069,8670000000.0,0.0,199000000.0,370000000.0,70.367,-534000000.0
4,ALK,MRY,2016-12-31,2016-12-31,2016-12-31,2021-08-03,-305000000.0,9962000000.0,8131250000.0,2050000000.0,7912000000.0,0.729,23.722,-678000000.0,328000000.0,328000000.0,2035000000.0,797000000.0,0.809,2.399,2964000000.0,319000000.0,2645000000.0,2964000000.0,640000000.0,363000000.0,0.0,0.012,1.1,1371000000.0,1734000000.0,0.293,1734000000.0,1371000000.0,1316000000.0,6.45,6.41,6.45,2931000000.0,2719250000.0,2931000000.0,11255870701.0,8.0,6.491,708000000.0,5.73,1.0,3890000000.0,0.657,2077000000.0,55000000.0,7986000000.0,6432000000.0,47000000.0,1252000000.0,1252000000.0,0.0,7031000000.0,2535000000.0,4496000000.0,10937870701.0,255000000.0,-1951000000.0,-193000000.0,1795000000.0,-136000000.0,1491000000.0,-2622000000.0,2000000.0,1386000000.0,0.0,797000000.0,797000000.0,797000000.0,0.0,0.0,0.135,2584000000.0,1306000000.0,92000000.0,0.171,3.732,13.724,13.757,5666000000.0,0.0,88.73,1.846,1.85,302000000.0,3568000000.0,5925000000.0,5925000000.0,0.0,0.098,0.293,0.213,0.231,26000000.0,1642000000.0,1.0,123271393.0,123557000,124389000.0,47.954,7885000000.0,0.0,519000000.0,463000000.0,63.817,-485000000.0
5,ALK,MRY,2015-12-31,2015-12-31,2015-12-31,2021-08-03,-303000000.0,6530000000.0,6496000000.0,1663000000.0,4867000000.0,0.862,18.781,-831000000.0,73000000.0,73000000.0,2055000000.0,848000000.0,0.921,1.708,683000000.0,114000000.0,569000000.0,683000000.0,431000000.0,320000000.0,0.0,0.01,0.8,1354000000.0,1674000000.0,0.299,1674000000.0,1354000000.0,1312000000.0,6.61,6.56,6.61,2411000000.0,2290250000.0,2411000000.0,10776614713.0,8.0,6.438,753000000.0,5.866,1.0,3543000000.0,0.633,0.0,42000000.0,5335000000.0,5291750000.0,51000000.0,1255000000.0,1255000000.0,0.0,4119000000.0,1805000000.0,2314000000.0,10154614713.0,-34000000.0,0.0,-505000000.0,-116000000.0,-102000000.0,-688000000.0,-930000000.0,-152000000.0,1584000000.0,0.0,848000000.0,848000000.0,848000000.0,0.0,0.0,0.151,2245000000.0,1298000000.0,63000000.0,0.121,4.212,11.975,12.18,4802000000.0,0.0,80.51,1.814,1.846,212000000.0,2890000000.0,5598000000.0,5598000000.0,0.0,0.131,0.37,0.256,0.242,25000000.0,1465000000.0,1.0,126128614.0,128373000,129372000.0,43.607,6530000000.0,0.0,464000000.0,682000000.0,50.867,-142000000.0
6,ALK,MRY,2014-12-31,2014-12-31,2014-12-31,2021-08-03,-310000000.0,6064000000.0,6168750000.0,1639000000.0,4425000000.0,0.87,15.704,-694000000.0,107000000.0,107000000.0,2441000000.0,605000000.0,0.981,1.851,803000000.0,117000000.0,686000000.0,803000000.0,374000000.0,294000000.0,0.0,0.01,0.625,1023000000.0,1317000000.0,0.245,1317000000.0,1023000000.0,975000000.0,4.47,4.42,4.47,2127000000.0,2162750000.0,2127000000.0,8717084495.0,9.0,6.619,336000000.0,2.481,1.0,2927000000.0,0.545,0.0,48000000.0,5089000000.0,5171500000.0,58000000.0,1110000000.0,1110000000.0,0.0,3937000000.0,1671000000.0,2266000000.0,7926084495.0,27000000.0,0.0,-348000000.0,-68000000.0,-68000000.0,-462000000.0,-541000000.0,143000000.0,1030000000.0,0.0,605000000.0,605000000.0,605000000.0,0.0,0.0,0.113,1965000000.0,962000000.0,62000000.0,0.14,3.726,13.101,13.369,4299000000.0,0.0,59.76,1.477,1.508,259000000.0,2144000000.0,5368000000.0,5368000000.0,0.0,0.098,0.28,0.198,0.191,6000000.0,1335000000.0,1.0,132631936.0,135445000,136801000.0,39.632,6064000000.0,0.0,370000000.0,633000000.0,44.771,-32000000.0
7,ALK,MRY,2013-12-31,2013-12-31,2013-12-31,2021-08-03,-183000000.0,5838000000.0,5799000000.0,1762000000.0,4076000000.0,0.889,14.502,-566000000.0,80000000.0,80000000.0,2460000000.0,508000000.0,1.115,1.877,871000000.0,117000000.0,754000000.0,871000000.0,335000000.0,270000000.0,0.0,0.005,0.2,872000000.0,1142000000.0,0.221,1142000000.0,872000000.0,816000000.0,3.63,3.58,3.63,2029000000.0,1709000000.0,2029000000.0,5953928883.0,7.0,5.214,415000000.0,2.966,1.0,2696000000.0,0.523,0.0,56000000.0,5049000000.0,4993250000.0,60000000.0,1250000000.0,1250000000.0,0.0,3809000000.0,1580000000.0,2229000000.0,5101928883.0,-42000000.0,0.0,-159000000.0,-161000000.0,-28000000.0,-325000000.0,-698000000.0,-129000000.0,981000000.0,0.0,508000000.0,508000000.0,508000000.0,0.0,0.0,0.099,1858000000.0,838000000.0,64000000.0,0.055,2.515,10.043,10.106,3893000000.0,0.0,36.685,0.99,0.995,152000000.0,1607000000.0,5156000000.0,5156000000.0,0.0,0.088,0.297,0.175,0.169,32000000.0,1265000000.0,1.0,139073978.0,139910000,141878000.0,36.852,5838000000.0,113000000.0,308000000.0,709000000.0,41.727,182000000.0
8,ALK,MRY,2012-12-31,2012-12-31,2012-12-31,2021-08-03,-436000000.0,5505000000.0,5436675000.0,1737000000.0,3768000000.0,0.857,10.048,-518000000.0,122000000.0,122000000.0,2407000000.0,316000000.0,1.157,2.874,1032000000.0,161000000.0,871000000.0,1032000000.0,443000000.0,264000000.0,0.0,0.0,0.0,578000000.0,842000000.0,0.181,842000000.0,578000000.0,514000000.0,2.23,2.2,2.23,1421000000.0,1340300000.0,1421000000.0,4068436120.0,7.0,4.832,235000000.0,1.662,1.0,2250000000.0,0.483,0.0,64000000.0,4914000000.0,4907975000.0,58000000.0,1130000000.0,1130000000.0,0.0,4084000000.0,1501000000.0,2583000000.0,3029836120.0,20000000.0,0.0,-29000000.0,-275000000.0,0.0,-88000000.0,-645000000.0,-82000000.0,753000000.0,0.0,316000000.0,316000000.0,316000000.0,0.0,0.0,0.068,1718000000.0,532000000.0,65000000.0,0.0,2.132,9.588,9.661,3609000000.0,0.0,21.545,0.651,0.654,130000000.0,1127000000.0,4657000000.0,4657000000.0,0.0,0.058,0.236,0.118,0.124,10000000.0,1206000000.0,1.0,140628272.0,141416000,143568000.0,32.931,5505000000.0,148000000.0,198000000.0,446000000.0,38.928,236000000.0
9,ALK,MRY,2011-12-31,2011-12-31,2011-12-31,2021-08-03,-390000000.0,5167000000.0,5193100000.0,1596000000.0,3571000000.0,0.831,8.181,-387000000.0,102000000.0,102000000.0,2182000000.0,245000000.0,1.057,3.401,1307000000.0,208000000.0,1099000000.0,1307000000.0,410000000.0,247000000.0,0.0,0.0,0.0,481000000.0,728000000.0,0.169,728000000.0,481000000.0,394000000.0,1.705,1.665,1.705,1174000000.0,1203725000.0,1174000000.0,3991719247.0,8.0,5.483,309000000.0,2.153,1.0,2136000000.0,0.495,0.0,87000000.0,4862000000.0,4972050000.0,44000000.0,1039000000.0,1039000000.0,0.0,3993000000.0,1510000000.0,2483000000.0,2666819247.0,12000000.0,0.0,-61000000.0,-227000000.0,0.0,-281000000.0,-403000000.0,72000000.0,696000000.0,0.0,245000000.0,245000000.0,245000000.0,0.0,0.0,0.057,1687000000.0,449000000.0,104000000.0,0.0,2.272,10.885,11.01,3373000000.0,0.0,18.773,0.618,0.624,136000000.0,811000000.0,4318000000.0,4318000000.0,0.0,0.047,0.204,0.097,0.111,17000000.0,1166000000.0,1.0,142059888.0,143510000,146842000.0,30.088,5167000000.0,134000000.0,149000000.0,363000000.0,36.004,86000000.0
10,ALK,MRY,2010-12-31,2010-12-31,2010-12-31,2021-08-03,-267200000.0,5016600000.0,5064850000.0,1662000000.0,3354600000.0,0.757,7.715,-185000000.0,89500000.0,89500000.0,1802000000.0,251000000.0,1.167,3.538,1534200000.0,221200000.0,1313000000.0,1534200000.0,403500000.0,230000000.0,0.0,0.0,0.0,514000000.0,744000000.0,0.194,744000000.0,514000000.0,406000000.0,1.75,1.705,1.75,1105400000.0,1001050000.0,1105400000.0,3582118261.0,7.0,4.815,368000000.0,2.568,1.0,2030000000.0,0.53,0.0,108000000.0,5036600000.0,5208950000.0,45100000.0,1118700000.0,1118700000.0,0.0,3911200000.0,1424700000.0,2486500000.0,2087418261.0,-74000000.0,0.0,-8000000.0,-321000000.0,0.0,-332000000.0,-295000000.0,-91000000.0,553000000.0,0.0,251000000.0,251000000.0,251000000.0,0.0,0.0,0.066,1559000000.0,471000000.0,60200000.0,0.0,1.888,8.316,8.099,3148400000.0,0.0,14.172,0.545,0.53,120100000.0,566100000.0,3832000000.0,3832000000.0,0.0,0.05,0.251,0.099,0.134,9000000.0,1115000000.0,1.0,147286524.0,143288000,147142000.0,26.743,5016600000.0,120500000.0,155000000.0,279900000.0,35.011,237300000.0
11,ALK,MRY,2009-12-31,2009-12-31,2009-12-31,2021-08-03,-240000000.0,4996200000.0,4930625000.0,1634300000.0,3361900000.0,0.69,6.088,-438400000.0,164200000.0,164200000.0,1534800000.0,121600000.0,1.287,4.729,1855200000.0,156000000.0,1699200000.0,1855200000.0,435100000.0,219200000.0,0.0,0.0,0.0,307200000.0,526400000.0,0.155,526400000.0,307200000.0,202900000.0,0.848,0.84,0.848,872100000.0,747900000.0,872100000.0,2854430184.0,9.0,5.423,-145900000.0,-1.018,1.0,1865000000.0,0.549,0.0,104300000.0,5417700000.0,5272950000.0,45800000.0,1027900000.0,1027900000.0,0.0,4124100000.0,1269500000.0,2854600000.0,1218430184.0,-118900000.0,0.0,-10800000.0,14000000.0,0.0,246000000.0,-657400000.0,-217600000.0,292500000.0,0.0,121600000.0,121600000.0,121600000.0,0.0,0.0,0.036,1597600000.0,267400000.0,63300000.0,0.0,1.397,10.02,10.189,3167900000.0,0.0,8.64,0.358,0.364,111800000.0,315000000.0,3399800000.0,3399800000.0,0.0,0.025,0.163,0.058,0.09,12900000.0,1119900000.0,1.0,141022012.0,143260000,144616000.0,23.732,4996200000.0,120300000.0,81300000.0,151100000.0,34.875,364800000.0
12,ALK,MRY,2008-12-31,2008-12-31,2008-12-31,2021-08-03,-328300000.0,4835600000.0,4943525000.0,1508900000.0,3326700000.0,0.741,4.553,-412800000.0,283100000.0,283100000.0,2232400000.0,-135900000.0,1.109,6.306,1841200000.0,244900000.0,1596300000.0,1841200000.0,421300000.0,204600000.0,0.0,0.0,0.0,-108400000.0,96200000.0,0.026,96200000.0,-108400000.0,-213200000.0,-0.935,-0.935,-0.935,661900000.0,888725000.0,661900000.0,2667510822.0,-25.0,27.729,-240300000.0,-1.653,1.0,1430200000.0,0.39,0.0,104800000.0,5033100000.0,4939600000.0,51900000.0,794300000.0,794300000.0,0.0,4173700000.0,1360600000.0,2813100000.0,1059110822.0,78800000.0,0.0,-44900000.0,540700000.0,0.0,487600000.0,-581300000.0,-186400000.0,172500000.0,0.0,-135900000.0,-135900000.0,-135900000.0,0.0,0.0,-0.037,1602400000.0,-172200000.0,59600000.0,0.0,1.6,-7.793,-7.821,3167700000.0,0.0,7.312,0.289,0.29,116700000.0,193400000.0,3662600000.0,3662600000.0,0.0,-0.027,-0.153,-0.022,-0.03,13400000.0,1090800000.0,1.0,144835668.0,145372000,145372000.0,25.195,4835600000.0,164400000.0,-77300000.0,36700000.0,33.264,148300000.0
13,ALK,MRY,2007-12-31,2007-12-31,2007-12-31,2021-08-03,-133300000.0,4490900000.0,4442575000.0,1390300000.0,3100600000.0,0.789,6.389,-834400000.0,204300000.0,204300000.0,1753600000.0,124300000.0,1.012,3.38,1300500000.0,175900000.0,1124600000.0,1300500000.0,413600000.0,177400000.0,0.0,0.0,0.0,288500000.0,465900000.0,0.133,465900000.0,288500000.0,200500000.0,0.775,0.767,0.775,1025400000.0,968700000.0,1025400000.0,2176899368.0,8.0,4.672,-352400000.0,-2.196,1.0,1752400000.0,0.5,0.0,88000000.0,4213400000.0,4206875000.0,46600000.0,618500000.0,618500000.0,0.0,3465500000.0,1373700000.0,2091800000.0,1008199369.0,-26400000.0,0.0,-56300000.0,149700000.0,0.0,93400000.0,-601800000.0,171800000.0,482000000.0,0.0,124300000.0,124300000.0,124300000.0,0.0,0.0,0.035,1541500000.0,210900000.0,101500000.0,0.0,0.983,8.111,8.068,2962300000.0,0.0,6.253,0.288,0.286,138000000.0,329300000.0,3506000000.0,3506000000.0,0.0,0.028,0.128,0.069,0.082,12300000.0,1119500000.0,1.0,161247400.0,160500000,161696000.0,21.844,4490900000.0,84900000.0,76200000.0,131200000.0,27.981,16600000.0
14,ALK,MRY,2006-12-31,2006-12-31,2006-12-31,2021-08-03,-191400000.0,4077100000.0,4049200000.0,1572300000.0,2504800000.0,0.823,5.835,-682100000.0,230700000.0,230700000.0,1729600000.0,-54500000.0,1.271,3.604,1150800000.0,119100000.0,1031700000.0,1150800000.0,333000000.0,157500000.0,0.0,0.0,0.0,-12700000.0,144800000.0,0.043,144800000.0,-12700000.0,-90700000.0,-0.36,-0.36,-0.36,885500000.0,894050000.0,885500000.0,2577703365.0,-203.0,17.802,-232300000.0,-1.531,1.0,1604800000.0,0.481,0.0,78000000.0,3760500000.0,3661725000.0,44700000.0,783200000.0,783200000.0,0.0,3191600000.0,1236700000.0,1954900000.0,1580903365.0,157100000.0,0.0,34500000.0,205800000.0,0.0,240300000.0,-533000000.0,129400000.0,449800000.0,0.0,-54500000.0,-54500000.0,-54500000.0,0.0,0.0,-0.016,1695000000.0,-90200000.0,90000000.0,0.0,1.785,-29.007,-27.431,2359000000.0,0.0,9.875,0.474,0.449,134200000.0,206900000.0,3334400000.0,3334400000.0,0.0,-0.013,-0.061,-0.003,-0.004,11100000.0,1109200000.0,1.0,160091480.0,151756000,151756000.0,21.972,4077100000.0,134200000.0,-36200000.0,114600000.0,26.866,335600000.0
15,ALK,MRY,2005-12-31,2005-12-31,2005-12-31,2021-08-03,-132000000.0,3792000000.0,3493200000.0,1540300000.0,2251700000.0,0.852,7.494,-416900000.0,73600000.0,73600000.0,1370800000.0,-5900000.0,1.321,3.582,1082600000.0,113500000.0,969100000.0,1082600000.0,291100000.0,143400000.0,0.0,0.0,0.0,109800000.0,253200000.0,0.085,253200000.0,109800000.0,46800000.0,-0.052,-0.003,-0.052,827600000.0,678200000.0,827600000.0,1986883196.0,18.0,7.847,-146800000.0,-1.329,1.0,1604500000.0,0.539,33600000.0,63000000.0,3601800000.0,3297850000.0,44000000.0,909000000.0,909000000.0,0.0,2964400000.0,1165600000.0,1798800000.0,985983196.0,45600000.0,0.0,215200000.0,39600000.0,0.0,256600000.0,-481100000.0,-63100000.0,270100000.0,0.0,-5900000.0,-5900000.0,-5900000.0,0.0,0.0,-0.002,1438000000.0,166500000.0,86900000.0,0.0,1.191,-167.116,-171.731,2032200000.0,0.0,8.93,0.331,0.331,124200000.0,278100000.0,2975300000.0,2975300000.0,0.0,-0.002,-0.009,0.033,0.037,300000.0,1067000000.0,1.0,110412452.0,110436000,135668000.0,26.941,3758400000.0,91800000.0,52700000.0,156400000.0,34.032,374700000.0
16,ALK,MRY,2004-12-31,2004-12-31,2004-12-31,2021-08-03,-81600000.0,3335000000.0,3376950000.0,1242300000.0,2092700000.0,0.807,6.188,-167500000.0,28000000.0,28000000.0,1171700000.0,-15300000.0,1.298,4.017,1043000000.0,53400000.0,989600000.0,1043000000.0,264800000.0,205200000.0,0.0,0.0,0.0,31300000.0,236500000.0,0.087,236500000.0,31300000.0,-20600000.0,-0.142,-0.142,-0.142,664800000.0,662475000.0,664800000.0,1737229387.0,56.0,7.346,165900000.0,1.544,1.0,1552100000.0,0.57,38600000.0,51900000.0,3354100000.0,3265200000.0,42000000.0,845900000.0,845900000.0,0.0,2670200000.0,957300000.0,1712900000.0,900429387.0,-164900000.0,0.0,8400000.0,-115300000.0,0.0,-106300000.0,-392000000.0,-230800000.0,333400000.0,0.0,-15300000.0,-15300000.0,-15300000.0,0.0,0.0,-0.006,1546400000.0,5700000.0,143800000.0,0.0,1.354,-58.852,-58.961,1908300000.0,0.0,8.373,0.331,0.33,99400000.0,284000000.0,2723800000.0,2723800000.0,0.0,-0.005,-0.023,0.01,0.011,-500000.0,1112800000.0,1.0,107546060.0,107436000,107436000.0,25.353,3296400000.0,74700000.0,-5300000.0,173600000.0,30.682,285000000.0
17,ALK,MRY,2003-12-31,2003-12-31,2003-12-31,2021-08-03,-79000000.0,3259200000.0,3168775000.0,1148300000.0,2110900000.0,0.772,6.325,-354100000.0,192900000.0,192900000.0,1068000000.0,13500000.0,1.129,3.834,1113600000.0,206700000.0,906900000.0,1113600000.0,252400000.0,202200000.0,0.0,0.0,0.0,76800000.0,279000000.0,0.114,279000000.0,76800000.0,29000000.0,0.128,0.128,0.128,674200000.0,650125000.0,674200000.0,1603849831.0,21.0,5.749,1100000.0,0.01,1.0,1376800000.0,0.563,45600000.0,47800000.0,3116900000.0,3111375000.0,45800000.0,619400000.0,619400000.0,0.0,2585000000.0,1017400000.0,1567600000.0,728849831.0,-76100000.0,0.0,3700000.0,203100000.0,0.0,206800000.0,-638100000.0,-253900000.0,355200000.0,0.0,13500000.0,13500000.0,13500000.0,0.0,0.0,0.006,1394300000.0,-17500000.0,132900000.0,0.0,1.081,53.989,53.301,1949200000.0,0.0,6.822,0.298,0.297,120700000.0,299300000.0,2444800000.0,2444800000.0,0.0,0.004,0.021,0.025,0.031,0.0,1074800000.0,1.0,106830316.0,106592000,106920000.0,22.936,3213600000.0,90600000.0,15500000.0,192000000.0,30.149,130900000.0
18,ALK,MRY,2002-12-31,2002-12-31,2002-12-31,2021-08-03,-80200000.0,2880700000.0,2901550000.0,954300000.0,1926400000.0,0.767,6.175,-111900000.0,269000000.0,269000000.0,966400000.0,-118600000.0,1.227,3.393,905300000.0,48600000.0,856700000.0,905300000.0,232000000.0,194700000.0,0.0,0.0,0.0,-106900000.0,87800000.0,0.039,87800000.0,-106900000.0,-153200000.0,-1.117,-1.117,-1.117,655700000.0,748475000.0,655700000.0,1156489336.0,-11.0,13.172,12600000.0,0.119,1.0,1257700000.0,0.565,50900000.0,46300000.0,2688200000.0,2707300000.0,49900000.0,366800000.0,366800000.0,0.0,2225000000.0,777900000.0,1447100000.0,574789336.0,-221800000.0,0.0,900000.0,14200000.0,0.0,15100000.0,-361400000.0,-196900000.0,124500000.0,0.0,-118600000.0,-118600000.0,-118600000.0,0.0,0.0,-0.053,1350900000.0,-93200000.0,132100000.0,0.0,0.877,-4.846,-4.846,1801400000.0,0.0,5.412,0.258,0.258,125400000.0,285800000.0,2224100000.0,2224100000.0,0.0,-0.041,-0.158,-0.039,-0.048,0.0,1018000000.0,1.0,106196644.0,106184000,106184000.0,20.946,2829800000.0,61200000.0,-34600000.0,157200000.0,26.65,176400000.0
19,ALK,MRY,2001-12-31,2001-12-31,2001-12-31,2021-08-03,-2500000.0,2950500000.0,2812775000.0,919000000.0,2031500000.0,0.765,8.031,-346900000.0,490800000.0,490800000.0,964800000.0,-43400000.0,1.222,2.466,895400000.0,43200000.0,852200000.0,895400000.0,204300000.0,207800000.0,0.0,0.0,0.0,-16100000.0,191700000.0,0.089,191700000.0,-16100000.0,-63500000.0,-0.41,-0.41,-0.41,851300000.0,843975000.0,851300000.0,1648475509.0,-102.0,8.599,-60400000.0,-0.57,1.0,1188000000.0,0.552,51400000.0,47400000.0,2551700000.0,2633350000.0,70200000.0,169800000.0,169800000.0,0.0,2099200000.0,752000000.0,1347200000.0,771975509.0,389400000.0,0.0,1500000.0,319600000.0,0.0,321100000.0,-218200000.0,187900000.0,286500000.0,0.0,-43400000.0,-43400000.0,-43400000.0,0.0,0.0,-0.02,1314300000.0,-126300000.0,124600000.0,0.0,0.907,-17.787,-17.744,1821500000.0,0.0,7.275,0.359,0.358,83800000.0,404400000.0,2152800000.0,2152800000.0,0.0,-0.015,-0.051,-0.006,-0.007,0.0,980600000.0,1.0,106113472.0,105996000,105996000.0,20.31,2899100000.0,51200000.0,-20100000.0,173400000.0,27.351,167000000.0
20,ALK,MRY,2000-12-31,2000-12-31,2000-12-31,2021-08-03,-500000.0,2528100000.0,2377800000.0,717200000.0,1810900000.0,0.923,8.464,-300500000.0,101400000.0,101400000.0,997000000.0,-67200000.0,1.011,1.824,575900000.0,66700000.0,509200000.0,575900000.0,159600000.0,173300000.0,0.0,0.0,0.0,-37700000.0,135600000.0,0.062,135600000.0,-37700000.0,-73700000.0,-0.635,-0.635,-0.635,895100000.0,896250000.0,895100000.0,1151528100.0,-31.0,8.492,-27400000.0,-0.259,1.0,1197000000.0,0.546,53400000.0,36000000.0,2239900000.0,1924000000.0,63100000.0,357800000.0,357800000.0,0.0,1633000000.0,709300000.0,923700000.0,786728100.0,-31100000.0,0.0,1200000.0,172400000.0,0.0,173600000.0,-477800000.0,-159700000.0,273100000.0,0.0,-67200000.0,-67200000.0,-67200000.0,0.0,0.0,-0.031,1230100000.0,-33100000.0,147600000.0,0.0,0.879,-11.707,-11.713,1643100000.0,0.0,7.438,0.359,0.359,86800000.0,447800000.0,2194000000.0,2194000000.0,0.0,-0.028,-0.075,-0.02,-0.017,0.0,877300000.0,1.0,105778568.0,105760000,105760000.0,20.745,2474700000.0,0.0,-6500000.0,153400000.0,23.399,7900000.0
21,ALK,MRY,1999-12-31,1999-12-31,1999-12-31,2021-08-03,0.0,2180100000.0,1973675000.0,581900000.0,1598200000.0,1.06,8.823,-572100000.0,132500000.0,132500000.0,805800000.0,129400000.0,0.941,1.342,403500000.0,66500000.0,337000000.0,403500000.0,37400000.0,132300000.0,0.0,0.0,0.0,229300000.0,361600000.0,0.173,361600000.0,229300000.0,213000000.0,1.228,1.22,1.228,930700000.0,879100000.0,930700000.0,1031734474.0,4.0,2.853,-226600000.0,-2.148,1.0,1285700000.0,0.615,55500000.0,16300000.0,1776900000.0,1470725000.0,54300000.0,196500000.0,196500000.0,0.0,1249400000.0,618700000.0,630700000.0,927534474.0,102900000.0,0.0,6300000.0,234700000.0,0.0,241000000.0,-483600000.0,80800000.0,345500000.0,0.0,129400000.0,129400000.0,129400000.0,0.0,0.0,0.062,1095900000.0,189800000.0,104200000.0,0.0,0.997,7.168,7.152,1467400000.0,0.0,8.783,0.443,0.443,74600000.0,484800000.0,2091500000.0,2091500000.0,0.0,0.066,0.147,0.156,0.11,0.0,759700000.0,1.0,105611668.0,105488000,106028000.0,19.827,2124600000.0,0.0,83600000.0,144000000.0,20.141,-36800000.0
22,ALK,MRY,1998-12-31,1998-12-31,1998-12-31,2021-08-03,0.0,1731800000.0,1696725000.0,528800000.0,1203000000.0,1.118,8.439,-580200000.0,29400000.0,29400000.0,696300000.0,124400000.0,1.006,1.194,198700000.0,27200000.0,171500000.0,198700000.0,41500000.0,116200000.0,0.0,0.0,0.0,225600000.0,341800000.0,0.18,341800000.0,225600000.0,204400000.0,1.33,1.202,1.33,789500000.0,705125000.0,789500000.0,1176205249.0,5.0,3.441,-270000000.0,-2.886,1.0,1201400000.0,0.633,57500000.0,21200000.0,1317700000.0,1227450000.0,44100000.0,277200000.0,277200000.0,0.0,942300000.0,525900000.0,416400000.0,1159905249.0,-73200000.0,0.0,6600000.0,356500000.0,0.0,363100000.0,-746500000.0,-167100000.0,310200000.0,0.0,124400000.0,124400000.0,124400000.0,0.0,0.0,0.066,990400000.0,211000000.0,84300000.0,0.0,1.469,9.324,8.318,1061300000.0,0.0,11.062,0.611,0.545,70600000.0,350600000.0,1897700000.0,1897700000.0,0.0,0.073,0.176,0.184,0.119,0.0,689200000.0,1.0,104850192.0,93552000,105468000.0,20.285,1674300000.0,0.0,80000000.0,99200000.0,17.897,2900000.0
23,ALK,MRY,1997-12-31,1997-12-31,1997-12-31,2021-08-03,0.0,1533100000.0,1422250000.0,424600000.0,1108500000.0,1.223,8.037,-430300000.0,102600000.0,102600000.0,688700000.0,72400000.0,0.897,2.226,430100000.0,28700000.0,401400000.0,430100000.0,19500000.0,103400000.0,0.0,0.0,0.0,157200000.0,260600000.0,0.15,260600000.0,157200000.0,123600000.0,1.225,0.882,1.225,475300000.0,373900000.0,475300000.0,,,,-225100000.0,-3.806,1.0,1050700000.0,0.604,59600000.0,33600000.0,1327700000.0,1235250000.0,47200000.0,110100000.0,110100000.0,0.0,1057800000.0,473300000.0,584500000.0,708455865.0,53200000.0,0.0,129300000.0,201800000.0,0.0,331100000.0,-483100000.0,-57700000.0,205200000.0,0.0,72400000.0,72400000.0,72400000.0,0.0,0.0,0.042,911700000.0,139000000.0,73900000.0,0.0,1.491,9.785,7.908,960600000.0,0.0,9.688,0.407,0.329,72600000.0,226200000.0,1739400000.0,1739400000.0,0.0,0.051,0.194,0.127,0.09,0.0,612100000.0,1.0,73130928.0,59140000,90756000.0,29.412,1473500000.0,0.0,51200000.0,72300000.0,24.915,-48700000.0
24,ALK,MRY,1996-12-31,1996-12-31,1996-12-31,2021-08-03,0.0,1311400000.0,,300200000.0,1011200000.0,,4.784,-268700000.0,49400000.0,49400000.0,665800000.0,38000000.0,0.618,3.812,428200000.0,24100000.0,404100000.0,428200000.0,18100000.0,102100000.0,0.0,0.0,0.0,102700000.0,204800000.0,0.129,204800000.0,102700000.0,64300000.0,0.667,0.512,0.667,272500000.0,,272500000.0,,,,-45800000.0,-0.804,1.0,926400000.0,0.582,61600000.0,38400000.0,1142800000.0,,47800000.0,52400000.0,52400000.0,0.0,1038900000.0,485800000.0,553100000.0,,23600000.0,0.0,21100000.0,-67200000.0,0.0,-46100000.0,-153200000.0,56900000.0,222900000.0,0.0,38000000.0,38000000.0,38000000.0,0.0,0.0,0.024,837400000.0,89000000.0,65400000.0,0.0,,,7.871,863400000.0,0.0,5.25,,0.188,69700000.0,153800000.0,1592200000.0,1592200000.0,0.0,,,,0.065,0.0,558800000.0,1.0,,56964000,89832000.0,27.951,1249800000.0,0.0,26300000.0,49500000.0,21.94,-185600000.0
25,ALK,MRY,1995-12-31,1995-12-31,1995-12-31,2021-08-03,,,,,,,,-92500000.0,,,571700000.0,17300000.0,,,,,,,,92600000.0,,0.0,0.0,85500000.0,178100000.0,0.126,178100000.0,85500000.0,34000000.0,0.32,0.315,0.32,,,,,,,33000000.0,0.612,1.0,845800000.0,0.597,,51500000.0,,,,,,,,,,,14200000.0,0.0,2800000.0,-11700000.0,0.0,-10600000.0,-100700000.0,-15900000.0,125500000.0,0.0,17300000.0,17300000.0,17300000.0,0.0,0.0,0.012,770100000.0,75700000.0,,0.0,,,12.695,,0.0,4.062,,0.154,,,1417500000.0,1417500000.0,0.0,,,,0.06,0.0,500600000.0,1.0,,53884000,83060000.0,26.307,,,16700000.0,,,
0,ALK,MRQ,2021-06-30,2021-06-30,2021-06-30,2021-08-03,-487000000.0,14656000000.0,,4771000000.0,9885000000.0,,26.597,-75000000.0,1025000000.0,1025000000.0,705000000.0,397000000.0,0.985,3.409,4673000000.0,1132000000.0,3541000000.0,4673000000.0,2346000000.0,98000000.0,0.0,0.0,0.0,567000000.0,665000000.0,0.435,665000000.0,567000000.0,528000000.0,3.18,3.13,3.18,3324000000.0,,3324000000.0,11556496936.0,-16.0,-34.191,765000000.0,6.121,1.0,822000000.0,0.538,2046000000.0,39000000.0,11412000000.0,,52000000.0,2926000000.0,2926000000.0,0.0,11332000000.0,4846000000.0,6486000000.0,7507496936.0,-50000000.0,0.0,0.0,-392000000.0,0.0,-363000000.0,-527000000.0,-452000000.0,840000000.0,0.0,397000000.0,397000000.0,397000000.0,0.0,0.0,0.26,273000000.0,549000000.0,159000000.0,0.0,2.259,-12.267,-12.159,7503000000.0,0.0,60.31,1.959,1.966,567000000.0,4030000000.0,1527000000.0,1527000000.0,0.0,,,,,12000000.0,551000000.0,1.0,124481793.0,124977000,126825000.0,12.218,12610000000.0,0.0,131000000.0,439000000.0,100.899,-75000000.0
1,ALK,MRQ,2021-03-31,2021-03-31,2021-03-31,2021-08-03,-494000000.0,14262000000.0,,4284000000.0,9978000000.0,,23.13,-27000000.0,1076000000.0,1076000000.0,582000000.0,-131000000.0,0.9,3.961,5125000000.0,1517000000.0,3608000000.0,5125000000.0,2325000000.0,97000000.0,0.0,0.0,0.0,-141000000.0,-44000000.0,-0.055,-44000000.0,-141000000.0,-173000000.0,-1.05,-1.05,-1.05,2875000000.0,,2875000000.0,12280708867.0,-8.0,-10.496,140000000.0,1.126,1.0,215000000.0,0.27,2048000000.0,32000000.0,11501000000.0,,57000000.0,2473000000.0,2473000000.0,0.0,11387000000.0,4762000000.0,6625000000.0,8597708867.0,-294000000.0,0.0,0.0,74000000.0,0.0,82000000.0,-543000000.0,-511000000.0,167000000.0,0.0,-131000000.0,-131000000.0,-131000000.0,0.0,0.0,-0.164,376000000.0,-161000000.0,133000000.0,0.0,2.991,-7.03,-7.005,7567000000.0,0.0,69.21,3.153,3.155,517000000.0,3633000000.0,797000000.0,797000000.0,0.0,,,,,12000000.0,526000000.0,1.0,124226396.0,124299000,124299000.0,6.412,12214000000.0,0.0,-42000000.0,365000000.0,98.263,-478000000.0
2,ALK,MRQ,2020-12-31,2020-12-31,2020-12-31,2021-08-03,-494000000.0,14046000000.0,,4006000000.0,10040000000.0,,24.09,-2000000.0,1370000000.0,1370000000.0,524000000.0,-447000000.0,0.933,3.701,5053000000.0,1428000000.0,3625000000.0,5053000000.0,2277000000.0,100000000.0,0.0,0.007,0.0,-609000000.0,-509000000.0,-0.63,-509000000.0,-609000000.0,-643000000.0,-3.6,-3.6,-3.6,2988000000.0,,2988000000.0,10000516456.0,-6.0,-7.565,-352000000.0,-2.838,1.0,284000000.0,0.351,2050000000.0,34000000.0,11386000000.0,,57000000.0,1976000000.0,1976000000.0,0.0,11058000000.0,4293000000.0,6765000000.0,6430516456.0,-481000000.0,0.0,0.0,-344000000.0,0.0,-305000000.0,174000000.0,-72000000.0,-350000000.0,0.0,-447000000.0,-447000000.0,-447000000.0,0.0,0.0,-0.553,879000000.0,-595000000.0,108000000.0,0.0,2.152,-4.857,-4.851,7611000000.0,0.0,52.0,1.803,1.8,480000000.0,3764000000.0,808000000.0,808000000.0,0.0,,,,,10000000.0,492000000.0,1.0,123663778.0,124035000,124035000.0,6.514,11996000000.0,0.0,-196000000.0,407000000.0,96.715,-287000000.0
3,ALK,MRQ,2020-09-30,2020-09-30,2020-09-30,2021-08-03,-450000000.0,14749000000.0,,4465000000.0,10284000000.0,,27.934,-36000000.0,1855000000.0,1855000000.0,484000000.0,-431000000.0,1.061,3.27,5425000000.0,1433000000.0,3992000000.0,5425000000.0,2183000000.0,105000000.0,0.0,0.02,0.0,-555000000.0,-450000000.0,-0.642,-450000000.0,-555000000.0,-589000000.0,-3.49,-3.49,-3.49,3454000000.0,,3454000000.0,7304923310.0,-8.0,-16.379,-241000000.0,-1.949,1.0,217000000.0,0.31,2050000000.0,34000000.0,12062000000.0,,57000000.0,1904000000.0,1904000000.0,0.0,11295000000.0,4207000000.0,7088000000.0,4528923310.0,347000000.0,0.0,0.0,1203000000.0,0.0,1195000000.0,-643000000.0,-606000000.0,-205000000.0,0.0,-431000000.0,-431000000.0,-431000000.0,0.0,0.0,-0.615,788000000.0,-571000000.0,93000000.0,0.0,1.311,-6.507,-6.495,7897000000.0,0.0,36.63,0.908,0.908,321000000.0,4211000000.0,701000000.0,701000000.0,0.0,,,,,7000000.0,519000000.0,1.0,123639730.0,123647000,123647000.0,5.669,12699000000.0,0.0,-158000000.0,499000000.0,102.704,258000000.0
4,ALK,MRQ,2020-06-30,2020-06-30,2020-06-30,2021-08-03,-458000000.0,13998000000.0,,3244000000.0,10754000000.0,,31.315,-49000000.0,1509000000.0,1509000000.0,314000000.0,-214000000.0,0.787,2.625,4285000000.0,1360000000.0,2925000000.0,4285000000.0,2074000000.0,107000000.0,0.0,0.03,0.0,-274000000.0,-167000000.0,-0.397,-167000000.0,-274000000.0,-291000000.0,-1.74,-1.74,-1.74,3861000000.0,,3861000000.0,7536945589.0,64.0,13.855,239000000.0,1.938,1.0,107000000.0,0.254,2052000000.0,17000000.0,10602000000.0,,56000000.0,1294000000.0,1294000000.0,0.0,10137000000.0,4120000000.0,6017000000.0,4444945589.0,698000000.0,0.0,0.0,375000000.0,0.0,407000000.0,3000000.0,50000000.0,288000000.0,0.0,-214000000.0,-214000000.0,-214000000.0,0.0,0.0,-0.508,395000000.0,-288000000.0,102000000.0,0.0,1.151,77.982,78.826,8363000000.0,0.0,36.26,0.666,0.67,280000000.0,4642000000.0,421000000.0,421000000.0,0.0,,,,,-2000000.0,476000000.0,1.0,122585372.0,123296000,123296000.0,3.415,11946000000.0,0.0,-77000000.0,619000000.0,96.889,-876000000.0
5,ALK,MRQ,2020-03-31,2020-03-31,2020-03-31,2021-08-03,-482000000.0,13363000000.0,,2572000000.0,10791000000.0,,32.691,-119000000.0,811000000.0,811000000.0,839000000.0,-232000000.0,0.69,2.328,3903000000.0,1325000000.0,2578000000.0,3903000000.0,2023000000.0,108000000.0,0.0,0.05,0.375,-304000000.0,-196000000.0,-0.12,-196000000.0,-304000000.0,-317000000.0,-1.89,-1.89,-1.89,4015000000.0,,4015000000.0,6485333395.0,9.0,5.464,-86000000.0,-0.7,1.0,797000000.0,0.487,2053000000.0,13000000.0,10672000000.0,,68000000.0,1314000000.0,1314000000.0,0.0,9348000000.0,3730000000.0,5618000000.0,3499333395.0,590000000.0,0.0,-31000000.0,765000000.0,-45000000.0,684000000.0,-127000000.0,-16000000.0,33000000.0,0.0,-232000000.0,-232000000.0,-232000000.0,0.0,0.0,-0.142,1118000000.0,-321000000.0,119000000.0,-0.198,0.872,6.565,6.59,8438000000.0,0.0,28.47,0.41,0.409,279000000.0,4856000000.0,1636000000.0,1636000000.0,0.0,,,,,9000000.0,667000000.0,1.0,122913010.0,122818000,122818000.0,13.321,11310000000.0,0.0,-85000000.0,665000000.0,92.087,-1158000000.0
6,ALK,MRQ,2019-12-31,2019-12-31,2019-12-31,2021-08-03,-465000000.0,12993000000.0,,2037000000.0,10956000000.0,,35.175,-169000000.0,221000000.0,221000000.0,961000000.0,181000000.0,0.636,2.0,3207000000.0,504000000.0,2703000000.0,3207000000.0,1990000000.0,106000000.0,0.0,0.021,0.35,261000000.0,367000000.0,0.165,367000000.0,261000000.0,243000000.0,1.48,1.45,1.48,4331000000.0,,4331000000.0,11460999612.0,10.0,7.555,172000000.0,1.397,1.0,1267000000.0,0.569,2065000000.0,18000000.0,10713000000.0,,72000000.0,1300000000.0,1300000000.0,0.0,8662000000.0,3201000000.0,5461000000.0,8344999612.0,-17000000.0,0.0,677000000.0,-835000000.0,-120000000.0,-275000000.0,-83000000.0,82000000.0,341000000.0,0.0,181000000.0,181000000.0,181000000.0,0.0,0.0,0.081,1015000000.0,252000000.0,146000000.0,0.236,1.927,10.852,10.857,8613000000.0,0.0,67.75,0.95,0.951,323000000.0,5133000000.0,2228000000.0,2228000000.0,0.0,,,,,9000000.0,715000000.0,1.0,123173426.0,123126000,125003000.0,18.095,10928000000.0,0.0,62000000.0,715000000.0,88.755,-1164000000.0
7,ALK,MRQ,2019-09-30,2019-09-30,2019-09-30,2021-08-03,-421000000.0,12983000000.0,,2202000000.0,10781000000.0,,34.491,-194000000.0,237000000.0,237000000.0,992000000.0,322000000.0,0.658,2.053,3353000000.0,533000000.0,2820000000.0,3353000000.0,1971000000.0,106000000.0,0.0,0.021,0.35,434000000.0,540000000.0,0.226,540000000.0,434000000.0,416000000.0,2.61,2.6,2.61,4252000000.0,,4252000000.0,11280601942.0,13.0,8.585,154000000.0,1.249,1.0,1397000000.0,0.585,2066000000.0,18000000.0,10687000000.0,,63000000.0,1382000000.0,1382000000.0,0.0,8731000000.0,3346000000.0,5385000000.0,8001601942.0,-5000000.0,0.0,-727000000.0,505000000.0,33000000.0,-175000000.0,-178000000.0,4000000.0,348000000.0,0.0,322000000.0,322000000.0,322000000.0,0.0,0.0,0.135,975000000.0,422000000.0,120000000.0,0.134,1.882,13.096,13.113,8481000000.0,0.0,64.91,0.929,0.929,377000000.0,4996000000.0,2389000000.0,2389000000.0,0.0,,,,,4000000.0,685000000.0,1.0,123272253.0,123280000,124067000.0,19.379,10917000000.0,0.0,94000000.0,708000000.0,88.555,-1144000000.0
8,ALK,MRQ,2019-06-30,2019-06-30,2019-06-30,2021-08-03,-422000000.0,12951000000.0,,2218000000.0,10733000000.0,,32.191,-218000000.0,244000000.0,244000000.0,979000000.0,262000000.0,0.628,2.26,3523000000.0,561000000.0,2962000000.0,3523000000.0,1949000000.0,105000000.0,0.0,0.021,0.35,371000000.0,476000000.0,0.208,476000000.0,371000000.0,351000000.0,2.12,2.11,2.12,3973000000.0,,3973000000.0,11355282202.0,15.0,9.631,347000000.0,2.812,1.0,1309000000.0,0.572,2068000000.0,20000000.0,10628000000.0,,55000000.0,1383000000.0,1383000000.0,0.0,8978000000.0,3534000000.0,5444000000.0,7888282202.0,29000000.0,0.0,-12000000.0,-139000000.0,-43000000.0,-192000000.0,-344000000.0,-146000000.0,565000000.0,0.0,262000000.0,262000000.0,262000000.0,0.0,0.0,0.115,945000000.0,364000000.0,156000000.0,0.165,1.985,15.589,15.588,8440000000.0,0.0,63.91,0.935,0.935,389000000.0,4717000000.0,2288000000.0,2288000000.0,0.0,,,,,5000000.0,654000000.0,1.0,123427980.0,123418000,124301000.0,18.539,10883000000.0,0.0,89000000.0,582000000.0,88.18,-1316000000.0
9,ALK,MRQ,2019-03-31,2019-03-31,2019-03-31,2021-08-03,-433000000.0,12640000000.0,,2001000000.0,10639000000.0,,30.383,-115000000.0,215000000.0,215000000.0,911000000.0,4000000.0,0.591,2.374,3682000000.0,575000000.0,3107000000.0,3682000000.0,1915000000.0,106000000.0,0.0,0.023,0.35,28000000.0,134000000.0,0.071,134000000.0,28000000.0,6000000.0,0.03,0.03,0.03,3746000000.0,,3746000000.0,8907292929.0,13.0,8.217,353000000.0,2.863,1.0,965000000.0,0.514,2070000000.0,22000000.0,10651000000.0,,58000000.0,1221000000.0,1221000000.0,0.0,8894000000.0,3386000000.0,5508000000.0,6909292929.0,111000000.0,0.0,-13000000.0,-139000000.0,-43000000.0,-171000000.0,-186000000.0,-76000000.0,468000000.0,0.0,4000000.0,4000000.0,4000000.0,0.0,0.0,0.002,940000000.0,25000000.0,157000000.0,11.667,1.844,15.811,15.808,8344000000.0,0.0,56.12,0.832,0.833,358000000.0,4498000000.0,1876000000.0,1876000000.0,0.0,,,,,11000000.0,629000000.0,1.0,123116410.0,123291000,123915000.0,15.216,10570000000.0,0.0,2000000.0,520000000.0,85.732,-1385000000.0
10,ALK,MRQ,2018-12-31,2018-12-31,2018-12-31,2021-08-03,-448000000.0,10912000000.0,,1787000000.0,9125000000.0,,30.429,-406000000.0,105000000.0,105000000.0,1039000000.0,23000000.0,0.607,1.909,2103000000.0,486000000.0,1617000000.0,2103000000.0,1874000000.0,108000000.0,0.0,0.021,0.32,56000000.0,164000000.0,0.079,164000000.0,56000000.0,36000000.0,0.19,0.18,0.19,3751000000.0,,3751000000.0,9357798611.0,14.0,8.713,-197000000.0,-1.598,1.0,1025000000.0,0.497,2070000000.0,20000000.0,7898000000.0,,60000000.0,1131000000.0,1131000000.0,0.0,7161000000.0,2942000000.0,4219000000.0,7502798611.0,-70000000.0,0.0,-13000000.0,76000000.0,-40000000.0,19000000.0,-298000000.0,97000000.0,209000000.0,0.0,23000000.0,23000000.0,23000000.0,0.0,0.0,0.011,979000000.0,46000000.0,132000000.0,1.684,2.0,17.169,17.141,6781000000.0,0.0,60.85,0.908,0.907,366000000.0,4534000000.0,2064000000.0,2064000000.0,0.0,,,,,13000000.0,642000000.0,1.0,123299895.0,123272000,124488000.0,16.743,8842000000.0,0.0,13000000.0,512000000.0,71.728,-1155000000.0
11,ALK,MRQ,2018-09-30,2018-09-30,2018-09-30,2021-08-03,-428000000.0,10893000000.0,,2056000000.0,8837000000.0,,30.765,-131000000.0,174000000.0,174000000.0,987000000.0,217000000.0,0.712,1.873,2029000000.0,345000000.0,1684000000.0,2029000000.0,1831000000.0,99000000.0,0.0,0.018,0.32,306000000.0,405000000.0,0.183,405000000.0,306000000.0,284000000.0,1.76,1.75,1.76,3791000000.0,,3791000000.0,10689760500.0,14.0,9.223,129000000.0,1.047,1.0,1225000000.0,0.554,2071000000.0,22000000.0,7789000000.0,,57000000.0,1223000000.0,1223000000.0,0.0,7102000000.0,2888000000.0,4214000000.0,8479760500.0,76000000.0,0.0,-12000000.0,-286000000.0,-39000000.0,-319000000.0,135000000.0,240000000.0,260000000.0,0.0,217000000.0,217000000.0,217000000.0,0.0,0.0,0.098,928000000.0,297000000.0,114000000.0,0.182,2.237,11.632,11.612,6495000000.0,0.0,68.86,1.041,1.042,422000000.0,4550000000.0,2212000000.0,2212000000.0,0.0,,,,,17000000.0,628000000.0,1.0,123144939.0,123224000,123864000.0,17.951,8822000000.0,0.0,67000000.0,494000000.0,71.593,-832000000.0
12,ALK,MRQ,2018-06-30,2018-06-30,2018-06-30,2021-08-03,-435000000.0,11055000000.0,,2216000000.0,8839000000.0,,29.148,-188000000.0,102000000.0,102000000.0,937000000.0,193000000.0,0.73,2.077,2312000000.0,314000000.0,1998000000.0,2312000000.0,1777000000.0,97000000.0,0.0,0.021,0.32,284000000.0,381000000.0,0.177,381000000.0,284000000.0,259000000.0,1.57,1.56,1.57,3593000000.0,,3593000000.0,9715601166.0,11.0,7.52,232000000.0,1.882,1.0,1219000000.0,0.565,2073000000.0,25000000.0,8156000000.0,,57000000.0,1466000000.0,1466000000.0,0.0,7462000000.0,3036000000.0,4426000000.0,7443601166.0,-75000000.0,0.0,-12000000.0,-138000000.0,-39000000.0,-191000000.0,-304000000.0,-118000000.0,420000000.0,0.0,193000000.0,193000000.0,193000000.0,0.0,0.0,0.09,948000000.0,271000000.0,115000000.0,0.204,2.072,9.654,9.632,6493000000.0,0.0,60.39,0.926,0.926,411000000.0,4373000000.0,2156000000.0,2156000000.0,0.0,,,,,9000000.0,632000000.0,1.0,123258837.0,123268000,124036000.0,17.49,8982000000.0,0.0,66000000.0,437000000.0,72.866,-820000000.0
13,ALK,MRQ,2018-03-31,2018-03-31,2018-03-31,2021-08-03,-440000000.0,10848000000.0,,2114000000.0,8734000000.0,,27.924,-235000000.0,177000000.0,177000000.0,886000000.0,4000000.0,0.707,2.154,2449000000.0,387000000.0,2062000000.0,2449000000.0,1751000000.0,94000000.0,0.0,0.02,0.32,30000000.0,124000000.0,0.068,124000000.0,30000000.0,6000000.0,0.03,0.03,0.03,3439000000.0,,3439000000.0,9995868531.0,9.0,6.659,71000000.0,0.577,1.0,946000000.0,0.516,2075000000.0,24000000.0,8053000000.0,,62000000.0,1351000000.0,1351000000.0,0.0,7409000000.0,2992000000.0,4417000000.0,7620868531.0,-14000000.0,0.0,-13000000.0,-120000000.0,-40000000.0,-156000000.0,-164000000.0,63000000.0,306000000.0,0.0,4000000.0,4000000.0,4000000.0,0.0,0.0,0.002,917000000.0,29000000.0,102000000.0,10.667,2.216,8.75,8.764,6403000000.0,0.0,61.96,0.954,0.956,350000000.0,4219000000.0,1832000000.0,1832000000.0,0.0,,,,,8000000.0,614000000.0,1.0,122996587.0,123155000,123630000.0,14.876,8773000000.0,0.0,2000000.0,372000000.0,71.235,-878000000.0
14,ALK,MRQ,2017-12-31,2017-12-31,2017-12-31,2021-08-03,-380000000.0,10746000000.0,,2152000000.0,8594000000.0,,28.282,-185000000.0,194000000.0,194000000.0,875000000.0,315000000.0,0.801,2.106,2569000000.0,307000000.0,2262000000.0,2569000000.0,1725000000.0,97000000.0,0.0,0.016,0.3,152000000.0,249000000.0,0.128,249000000.0,152000000.0,126000000.0,2.57,2.56,2.57,3460000000.0,,3460000000.0,11602030378.0,9.0,7.1,48000000.0,0.392,1.0,1067000000.0,0.549,2076000000.0,26000000.0,8359000000.0,,57000000.0,1427000000.0,1427000000.0,0.0,7286000000.0,2686000000.0,4600000000.0,9045030378.0,53000000.0,0.0,-25000000.0,-132000000.0,-37000000.0,-193000000.0,13000000.0,158000000.0,233000000.0,0.0,315000000.0,315000000.0,315000000.0,0.0,0.0,0.162,930000000.0,137000000.0,120000000.0,0.117,2.614,9.422,9.436,6284000000.0,0.0,73.51,1.146,1.147,341000000.0,4193000000.0,1942000000.0,1942000000.0,0.0,,,,,12000000.0,625000000.0,1.0,123044897.0,122341000,122393000.0,15.874,8670000000.0,0.0,-189000000.0,370000000.0,70.867,-534000000.0
15,ALK,MRQ,2017-09-30,2017-09-30,2017-09-30,2021-08-03,-289000000.0,10739000000.0,,2214000000.0,8525000000.0,,28.275,-329000000.0,144000000.0,144000000.0,816000000.0,259000000.0,0.801,2.076,2701000000.0,334000000.0,2367000000.0,2701000000.0,682000000.0,95000000.0,0.0,0.015,0.3,443000000.0,538000000.0,0.255,538000000.0,443000000.0,417000000.0,2.1,2.09,2.1,3491000000.0,,3491000000.0,12029287063.0,9.0,7.114,-56000000.0,-0.454,1.0,1294000000.0,0.613,2069000000.0,26000000.0,8462000000.0,,57000000.0,1596000000.0,1596000000.0,0.0,7248000000.0,2765000000.0,4483000000.0,9421287063.0,-54000000.0,0.0,-28000000.0,-106000000.0,-37000000.0,-156000000.0,-171000000.0,130000000.0,273000000.0,0.0,259000000.0,259000000.0,259000000.0,0.0,0.0,0.123,867000000.0,427000000.0,97000000.0,0.143,2.699,12.697,12.691,6230000000.0,0.0,76.27,1.261,1.261,301000000.0,4117000000.0,2110000000.0,2110000000.0,0.0,,,,,18000000.0,569000000.0,1.0,123525463.0,123467000,124220000.0,17.09,8670000000.0,0.0,158000000.0,682000000.0,70.221,-551000000.0
16,ALK,MRQ,2017-06-30,2017-06-30,2017-06-30,2021-08-03,-294000000.0,10720000000.0,,2425000000.0,8295000000.0,,26.414,-296000000.0,198000000.0,198000000.0,762000000.0,293000000.0,0.815,2.284,2806000000.0,337000000.0,2469000000.0,2806000000.0,652000000.0,90000000.0,0.0,0.013,0.3,500000000.0,590000000.0,0.281,590000000.0,500000000.0,474000000.0,2.37,2.36,2.37,3264000000.0,,3264000000.0,13774686244.0,11.0,8.263,318000000.0,2.573,1.0,1340000000.0,0.637,2077000000.0,26000000.0,8277000000.0,,52000000.0,1724000000.0,1724000000.0,0.0,7456000000.0,2974000000.0,4482000000.0,11094686244.0,15000000.0,0.0,-22000000.0,-58000000.0,-37000000.0,-116000000.0,-483000000.0,-197000000.0,614000000.0,0.0,293000000.0,293000000.0,293000000.0,0.0,0.0,0.139,853000000.0,487000000.0,95000000.0,0.127,3.399,15.013,14.985,6002000000.0,0.0,89.76,1.602,1.601,326000000.0,3888000000.0,2102000000.0,2102000000.0,0.0,,,,,12000000.0,572000000.0,1.0,123603902.0,123573000,124332000.0,17.01,8643000000.0,0.0,181000000.0,598000000.0,69.942,-549000000.0
17,ALK,MRQ,2017-03-31,2017-03-31,2017-03-31,2021-08-03,-299000000.0,10302000000.0,,2213000000.0,8089000000.0,,24.406,-216000000.0,183000000.0,183000000.0,763000000.0,93000000.0,0.781,2.418,2863000000.0,332000000.0,2531000000.0,2863000000.0,641000000.0,90000000.0,0.0,0.012,0.3,167000000.0,257000000.0,0.148,257000000.0,167000000.0,142000000.0,0.75,0.75,0.75,3014000000.0,,3014000000.0,14022252805.0,11.0,8.775,254000000.0,2.057,1.0,977000000.0,0.561,2081000000.0,25000000.0,8066000000.0,,50000000.0,1527000000.0,1527000000.0,0.0,7288000000.0,2835000000.0,4453000000.0,11386252805.0,-145000000.0,0.0,0.0,-101000000.0,-37000000.0,-127000000.0,-488000000.0,-272000000.0,470000000.0,0.0,93000000.0,93000000.0,93000000.0,0.0,0.0,0.053,820000000.0,157000000.0,95000000.0,0.4,3.778,16.128,16.094,5809000000.0,0.0,92.22,1.802,1.803,321000000.0,3629000000.0,1740000000.0,1740000000.0,0.0,,,,,13000000.0,533000000.0,1.0,123468367.0,123495000,124299000.0,14.09,8221000000.0,0.0,49000000.0,509000000.0,66.569,-622000000.0
18,ALK,MRQ,2016-12-31,2016-12-31,2016-12-31,2021-08-03,-305000000.0,9962000000.0,,2050000000.0,7912000000.0,,23.774,-169000000.0,328000000.0,328000000.0,562000000.0,97000000.0,0.809,2.399,2964000000.0,319000000.0,2645000000.0,2964000000.0,640000000.0,82000000.0,0.0,0.012,0.275,224000000.0,306000000.0,0.202,306000000.0,224000000.0,202000000.0,0.79,0.78,0.79,2931000000.0,,2931000000.0,11255870701.0,8.0,6.491,11000000.0,0.089,1.0,956000000.0,0.63,2077000000.0,22000000.0,7986000000.0,,47000000.0,1252000000.0,1252000000.0,0.0,7031000000.0,2535000000.0,4496000000.0,10937870701.0,-1490000000.0,-1951000000.0,0.0,342000000.0,-34000000.0,311000000.0,-1981000000.0,139000000.0,180000000.0,0.0,97000000.0,97000000.0,97000000.0,0.0,0.0,0.064,758000000.0,198000000.0,92000000.0,0.348,3.732,13.724,13.757,5666000000.0,0.0,88.73,1.846,1.85,302000000.0,3568000000.0,1518000000.0,1518000000.0,0.0,,,,,7000000.0,472000000.0,1.0,123271393.0,123284000,124377000.0,12.313,7885000000.0,0.0,105000000.0,463000000.0,63.958,-485000000.0
19,ALK,MRQ,2016-09-30,2016-09-30,2016-09-30,2021-08-03,-284000000.0,8699000000.0,,3600000000.0,5099000000.0,,23.256,-169000000.0,1818000000.0,1818000000.0,528000000.0,256000000.0,1.696,2.037,2136000000.0,275000000.0,1861000000.0,2136000000.0,491000000.0,101000000.0,0.0,0.016,0.275,413000000.0,514000000.0,0.328,514000000.0,413000000.0,402000000.0,2.08,2.07,2.08,2864000000.0,,2864000000.0,8651706215.0,6.0,4.858,138000000.0,1.121,1.0,1038000000.0,0.663,0.0,11000000.0,6894000000.0,,44000000.0,1408000000.0,1408000000.0,0.0,5835000000.0,2123000000.0,3712000000.0,8106706215.0,1737000000.0,0.0,0.0,1510000000.0,-34000000.0,1481000000.0,-51000000.0,116000000.0,307000000.0,0.0,256000000.0,256000000.0,256000000.0,0.0,0.0,0.163,638000000.0,400000000.0,71000000.0,0.132,2.831,9.098,9.16,5031000000.0,0.0,65.86,1.402,1.402,232000000.0,3488000000.0,1566000000.0,1566000000.0,0.0,,,,,6000000.0,398000000.0,1.0,123089982.0,123149000,123833000.0,12.716,8699000000.0,0.0,146000000.0,733000000.0,70.638,1477000000.0
20,ALK,MRQ,2016-06-30,2016-06-30,2016-06-30,2021-08-03,-287000000.0,7035000000.0,,2003000000.0,5032000000.0,,21.314,-221000000.0,81000000.0,81000000.0,478000000.0,260000000.0,0.972,1.678,626000000.0,117000000.0,509000000.0,626000000.0,480000000.0,92000000.0,0.0,0.016,0.275,429000000.0,521000000.0,0.349,521000000.0,429000000.0,420000000.0,2.11,2.1,2.11,2627000000.0,,2627000000.0,7753391664.0,5.0,4.319,153000000.0,1.241,1.0,1016000000.0,0.68,0.0,9000000.0,5519000000.0,,45000000.0,1526000000.0,1526000000.0,0.0,4408000000.0,2061000000.0,2347000000.0,7184391664.0,3000000.0,0.0,-66000000.0,-21000000.0,-34000000.0,-117000000.0,-254000000.0,-35000000.0,374000000.0,0.0,260000000.0,260000000.0,260000000.0,0.0,0.0,0.174,598000000.0,418000000.0,78000000.0,0.13,2.735,7.904,8.029,4959000000.0,0.0,58.29,1.253,1.253,254000000.0,3266000000.0,1494000000.0,1494000000.0,0.0,,,,,4000000.0,387000000.0,1.0,123252559.0,123250000,123988000.0,12.122,7035000000.0,0.0,160000000.0,721000000.0,57.079,-58000000.0
21,ALK,MRQ,2016-03-31,2016-03-31,2016-03-31,2021-08-03,-294000000.0,6829000000.0,,1923000000.0,4906000000.0,,19.711,-119000000.0,78000000.0,78000000.0,467000000.0,184000000.0,0.929,1.782,647000000.0,116000000.0,531000000.0,647000000.0,467000000.0,88000000.0,0.0,0.011,0.275,305000000.0,393000000.0,0.292,393000000.0,305000000.0,292000000.0,1.47,1.46,1.47,2455000000.0,,2455000000.0,10843277173.0,8.0,6.232,406000000.0,3.26,1.0,880000000.0,0.653,0.0,13000000.0,5329000000.0,,45000000.0,1486000000.0,1486000000.0,0.0,4374000000.0,2069000000.0,2305000000.0,10230277173.0,5000000.0,0.0,-127000000.0,-36000000.0,-34000000.0,-184000000.0,-336000000.0,-218000000.0,525000000.0,0.0,184000000.0,184000000.0,184000000.0,0.0,0.0,0.137,590000000.0,290000000.0,63000000.0,0.187,4.167,11.586,11.801,4830000000.0,0.0,82.02,1.802,1.8,235000000.0,3039000000.0,1347000000.0,1347000000.0,0.0,,,,,9000000.0,385000000.0,1.0,124729056.0,124550000,125328000.0,10.815,6829000000.0,0.0,108000000.0,678000000.0,54.829,-146000000.0
22,ALK,MRQ,2015-12-31,2015-12-31,2015-12-31,2021-08-03,-303000000.0,6530000000.0,,1663000000.0,4867000000.0,,19.165,-163000000.0,73000000.0,73000000.0,507000000.0,191000000.0,0.921,1.708,683000000.0,114000000.0,569000000.0,683000000.0,431000000.0,84000000.0,0.0,0.01,0.2,269000000.0,353000000.0,0.256,353000000.0,269000000.0,259000000.0,1.53,1.51,1.53,2411000000.0,,2411000000.0,10776614713.0,8.0,6.438,192000000.0,1.526,1.0,870000000.0,0.632,0.0,10000000.0,5335000000.0,,51000000.0,1255000000.0,1255000000.0,0.0,4119000000.0,1805000000.0,2314000000.0,10154614713.0,-15000000.0,0.0,-124000000.0,-23000000.0,-24000000.0,-167000000.0,-203000000.0,-94000000.0,355000000.0,0.0,191000000.0,191000000.0,191000000.0,0.0,0.0,0.139,615000000.0,255000000.0,63000000.0,0.131,4.212,11.975,12.18,4802000000.0,0.0,80.51,1.814,1.846,212000000.0,2890000000.0,1377000000.0,1377000000.0,0.0,,,,,3000000.0,382000000.0,1.0,126128614.0,125799000,126888000.0,10.946,6530000000.0,0.0,68000000.0,682000000.0,51.908,-142000000.0
23,ALK,MRQ,2015-09-30,2015-09-30,2015-09-30,2021-08-03,-303000000.0,6564000000.0,,1715000000.0,4849000000.0,,18.577,-109000000.0,88000000.0,88000000.0,534000000.0,274000000.0,0.925,1.775,710000000.0,117000000.0,593000000.0,710000000.0,416000000.0,81000000.0,0.0,0.009,0.2,447000000.0,528000000.0,0.349,528000000.0,447000000.0,437000000.0,2.15,2.14,2.15,2365000000.0,,2365000000.0,10815745215.0,8.0,6.551,231000000.0,1.814,1.0,981000000.0,0.648,0.0,10000000.0,5332000000.0,,52000000.0,1170000000.0,1170000000.0,0.0,4199000000.0,1854000000.0,2345000000.0,10115745215.0,43000000.0,0.0,-119000000.0,-35000000.0,-26000000.0,-164000000.0,-133000000.0,-23000000.0,340000000.0,0.0,274000000.0,274000000.0,274000000.0,0.0,0.0,0.181,548000000.0,433000000.0,61000000.0,0.093,4.277,12.566,12.815,4734000000.0,0.0,79.45,1.83,1.83,205000000.0,2724000000.0,1515000000.0,1515000000.0,0.0,,,,,8000000.0,365000000.0,1.0,127322155.0,127308000,128205000.0,11.9,6564000000.0,126000000.0,163000000.0,746000000.0,51.56,-139000000.0
24,ALK,MRQ,2015-06-30,2015-06-30,2015-06-30,2021-08-03,-304000000.0,6480000000.0,,1654000000.0,4826000000.0,,17.17,-280000000.0,45000000.0,45000000.0,516000000.0,234000000.0,0.858,1.92,745000000.0,116000000.0,629000000.0,745000000.0,401000000.0,79000000.0,0.0,0.01,0.2,387000000.0,466000000.0,0.324,466000000.0,387000000.0,376000000.0,1.8,1.79,1.8,2219000000.0,,2219000000.0,9069415136.0,7.0,5.943,95000000.0,0.735,1.0,921000000.0,0.641,0.0,11000000.0,5253000000.0,,58000000.0,1147000000.0,1147000000.0,0.0,4261000000.0,1927000000.0,2334000000.0,8352415136.0,-6000000.0,0.0,-160000000.0,-23000000.0,-26000000.0,-208000000.0,-173000000.0,109000000.0,375000000.0,0.0,234000000.0,234000000.0,234000000.0,0.0,0.0,0.163,549000000.0,372000000.0,56000000.0,0.111,3.764,11.457,11.672,4705000000.0,0.0,64.43,1.525,1.52,194000000.0,2474000000.0,1437000000.0,1437000000.0,0.0,,,,,5000000.0,359000000.0,1.0,129635498.0,129236000,130255000.0,11.119,6480000000.0,123000000.0,142000000.0,718000000.0,50.141,-273000000.0
25,ALK,MRQ,2015-03-31,2015-03-31,2015-03-31,2021-08-03,-305000000.0,6410000000.0,,1776000000.0,4634000000.0,,16.519,-279000000.0,51000000.0,51000000.0,498000000.0,149000000.0,0.945,1.959,768000000.0,118000000.0,650000000.0,768000000.0,382000000.0,76000000.0,0.0,0.011,0.2,251000000.0,327000000.0,0.258,327000000.0,251000000.0,240000000.0,1.13,1.12,1.13,2166000000.0,,2166000000.0,9384418402.0,8.0,6.656,235000000.0,1.792,1.0,771000000.0,0.608,0.0,11000000.0,5247000000.0,,52000000.0,1261000000.0,1261000000.0,0.0,4244000000.0,1880000000.0,2364000000.0,8688418402.0,-56000000.0,0.0,-102000000.0,-35000000.0,-26000000.0,-149000000.0,-421000000.0,-144000000.0,514000000.0,0.0,149000000.0,149000000.0,149000000.0,0.0,0.0,0.117,533000000.0,238000000.0,57000000.0,0.177,4.011,13.164,13.451,4497000000.0,0.0,66.18,1.605,1.602,187000000.0,2266000000.0,1269000000.0,1269000000.0,0.0,,,,,9000000.0,359000000.0,1.0,131284654.0,131120000,132230000.0,9.678,6410000000.0,123000000.0,91000000.0,753000000.0,48.887,-104000000.0
26,ALK,MRQ,2014-12-31,2014-12-31,2014-12-31,2021-08-03,-310000000.0,6064000000.0,,1639000000.0,4425000000.0,,16.073,-135000000.0,107000000.0,107000000.0,532000000.0,148000000.0,0.981,1.851,803000000.0,117000000.0,686000000.0,803000000.0,374000000.0,76000000.0,0.0,0.01,0.125,254000000.0,330000000.0,0.253,330000000.0,254000000.0,242000000.0,1.12,1.11,1.12,2127000000.0,,2127000000.0,8717084495.0,9.0,6.619,3000000.0,0.023,1.0,774000000.0,0.593,0.0,12000000.0,5089000000.0,,58000000.0,1110000000.0,1110000000.0,0.0,3937000000.0,1671000000.0,2266000000.0,7926084495.0,73000000.0,0.0,-106000000.0,-22000000.0,-17000000.0,-142000000.0,77000000.0,198000000.0,138000000.0,0.0,148000000.0,148000000.0,148000000.0,0.0,0.0,0.113,532000000.0,242000000.0,62000000.0,0.112,3.726,13.101,13.369,4299000000.0,0.0,59.76,1.477,1.508,259000000.0,2144000000.0,1306000000.0,1306000000.0,0.0,,,,,-21000000.0,349000000.0,1.0,132631936.0,132334000,133729000.0,9.869,6064000000.0,0.0,94000000.0,633000000.0,45.823,-32000000.0
27,ALK,MRQ,2014-09-30,2014-09-30,2014-09-30,2021-08-03,-178000000.0,6236000000.0,,1799000000.0,4437000000.0,,16.528,-209000000.0,34000000.0,34000000.0,673000000.0,198000000.0,1.018,1.798,825000000.0,115000000.0,710000000.0,825000000.0,356000000.0,75000000.0,0.0,0.014,0.125,328000000.0,403000000.0,0.275,403000000.0,328000000.0,316000000.0,1.47,1.45,1.47,2229000000.0,,2229000000.0,6709782526.0,7.0,5.624,48000000.0,0.356,1.0,792000000.0,0.541,0.0,12000000.0,5260000000.0,,64000000.0,1309000000.0,1309000000.0,0.0,4007000000.0,1767000000.0,2240000000.0,5872782526.0,12000000.0,0.0,-159000000.0,-33000000.0,-17000000.0,-209000000.0,-36000000.0,175000000.0,257000000.0,0.0,198000000.0,198000000.0,198000000.0,0.0,0.0,0.135,476000000.0,316000000.0,68000000.0,0.085,2.635,10.977,11.079,4244000000.0,0.0,43.54,1.114,1.114,178000000.0,2012000000.0,1465000000.0,1465000000.0,0.0,,,,,6000000.0,334000000.0,1.0,134882465.0,134865000,136158000.0,10.863,6236000000.0,114000000.0,118000000.0,738000000.0,46.239,32000000.0
28,ALK,MRQ,2014-06-30,2014-06-30,2014-06-30,2021-08-03,-178000000.0,6314000000.0,,2020000000.0,4294000000.0,,16.026,-257000000.0,22000000.0,22000000.0,624000000.0,165000000.0,1.084,1.87,859000000.0,114000000.0,745000000.0,859000000.0,342000000.0,73000000.0,0.0,0.012,0.25,277000000.0,350000000.0,0.255,350000000.0,277000000.0,265000000.0,1.2,1.19,1.2,2200000000.0,,2200000000.0,7275694851.0,7.0,5.458,136000000.0,0.991,1.0,751000000.0,0.546,0.0,12000000.0,5287000000.0,,61000000.0,1488000000.0,1488000000.0,0.0,4114000000.0,1864000000.0,2250000000.0,6531694851.0,-68000000.0,0.0,-53000000.0,24000000.0,-17000000.0,-43000000.0,-418000000.0,-152000000.0,393000000.0,0.0,165000000.0,165000000.0,165000000.0,0.0,0.0,0.12,488000000.0,263000000.0,71000000.0,0.208,2.969,10.434,10.491,4102000000.0,0.0,47.525,1.218,1.216,203000000.0,1831000000.0,1375000000.0,1375000000.0,0.0,,,,,17000000.0,334000000.0,1.0,137437030.0,137274000,138711000.0,10.016,6314000000.0,112000000.0,100000000.0,725000000.0,45.996,156000000.0
29,ALK,MRQ,2014-03-31,2014-03-31,2014-03-31,2021-08-03,-181000000.0,6061000000.0,,1934000000.0,4127000000.0,,15.255,-93000000.0,90000000.0,90000000.0,612000000.0,94000000.0,1.102,1.893,834000000.0,113000000.0,721000000.0,834000000.0,334000000.0,70000000.0,0.0,0.007,0.125,164000000.0,234000000.0,0.191,234000000.0,164000000.0,152000000.0,0.69,0.68,0.69,2095000000.0,,2095000000.0,7200207577.0,7.0,5.84,149000000.0,1.085,1.0,610000000.0,0.499,0.0,12000000.0,5050000000.0,,58000000.0,1330000000.0,1330000000.0,0.0,3966000000.0,1755000000.0,2211000000.0,6409207577.0,10000000.0,0.0,-30000000.0,-37000000.0,-17000000.0,-68000000.0,-164000000.0,-78000000.0,242000000.0,0.0,94000000.0,94000000.0,94000000.0,0.0,0.0,0.077,469000000.0,141000000.0,75000000.0,0.181,3.059,11.344,11.435,3930000000.0,0.0,46.655,1.222,1.222,212000000.0,1684000000.0,1222000000.0,1222000000.0,0.0,,,,,4000000.0,318000000.0,1.0,137374506.0,137334000,138822000.0,8.898,6061000000.0,120000000.0,58000000.0,725000000.0,44.133,179000000.0
30,ALK,MRQ,2013-12-31,2013-12-31,2013-12-31,2021-08-03,-183000000.0,5838000000.0,,1762000000.0,4076000000.0,,14.626,-171000000.0,80000000.0,80000000.0,570000000.0,78000000.0,1.115,1.877,871000000.0,117000000.0,754000000.0,871000000.0,335000000.0,67000000.0,0.0,0.005,0.1,139000000.0,206000000.0,0.17,206000000.0,139000000.0,125000000.0,0.57,0.56,0.57,2029000000.0,,2029000000.0,5953928883.0,7.0,5.214,-12000000.0,-0.087,1.0,640000000.0,0.529,0.0,14000000.0,5049000000.0,,60000000.0,1250000000.0,1250000000.0,0.0,3809000000.0,1580000000.0,2229000000.0,5101928883.0,39000000.0,0.0,-76000000.0,-22000000.0,-14000000.0,-102000000.0,-18000000.0,153000000.0,159000000.0,0.0,78000000.0,78000000.0,78000000.0,0.0,0.0,0.064,510000000.0,130000000.0,64000000.0,0.175,2.515,10.043,10.106,3893000000.0,0.0,36.685,0.99,0.995,152000000.0,1607000000.0,1210000000.0,1210000000.0,0.0,,,,,6000000.0,322000000.0,1.0,139073978.0,138728000,140873000.0,8.722,5838000000.0,113000000.0,47000000.0,709000000.0,42.082,182000000.0
31,ALK,MRQ,2013-09-30,2013-09-30,2013-09-30,2021-08-03,-414000000.0,5862000000.0,,1935000000.0,3927000000.0,,12.912,-137000000.0,41000000.0,41000000.0,619000000.0,289000000.0,1.173,2.253,893000000.0,111000000.0,782000000.0,893000000.0,295000000.0,67000000.0,0.0,0.003,0.1,476000000.0,543000000.0,0.349,543000000.0,476000000.0,463000000.0,2.07,2.04,2.07,1802000000.0,,1802000000.0,5242198346.0,6.0,4.796,93000000.0,0.666,1.0,938000000.0,0.602,0.0,13000000.0,5064000000.0,,60000000.0,1404000000.0,1404000000.0,0.0,4060000000.0,1650000000.0,2410000000.0,4375198346.0,-16000000.0,0.0,-32000000.0,-30000000.0,-14000000.0,-78000000.0,-168000000.0,-27000000.0,230000000.0,0.0,289000000.0,289000000.0,289000000.0,0.0,0.0,0.186,468000000.0,470000000.0,60000000.0,0.048,2.428,9.23,9.222,3792000000.0,0.0,31.31,0.862,0.86,182000000.0,1542000000.0,1557000000.0,1557000000.0,0.0,,,,,9000000.0,332000000.0,1.0,139738050.0,139559000,141383000.0,11.157,5862000000.0,123000000.0,174000000.0,554000000.0,42.004,285000000.0
32,ALK,MRQ,2013-06-30,2013-06-30,2013-06-30,2021-08-03,-424000000.0,5852000000.0,,1986000000.0,3866000000.0,,10.982,-155000000.0,57000000.0,57000000.0,640000000.0,104000000.0,1.131,2.793,924000000.0,110000000.0,814000000.0,924000000.0,455000000.0,67000000.0,0.0,0.0,0.0,183000000.0,250000000.0,0.199,250000000.0,183000000.0,169000000.0,0.75,0.74,0.75,1543000000.0,,1543000000.0,4507293524.0,7.0,5.03,225000000.0,1.601,1.0,616000000.0,0.49,0.0,14000000.0,4963000000.0,,59000000.0,1372000000.0,1372000000.0,0.0,4309000000.0,1756000000.0,2553000000.0,3656293524.0,-38000000.0,0.0,-32000000.0,-21000000.0,0.0,-57000000.0,-361000000.0,-214000000.0,380000000.0,0.0,104000000.0,104000000.0,104000000.0,0.0,0.0,0.083,442000000.0,174000000.0,71000000.0,0.0,2.37,10.507,10.505,3725000000.0,0.0,26.0,0.763,0.762,195000000.0,1268000000.0,1256000000.0,1256000000.0,0.0,,,,,3000000.0,309000000.0,1.0,140626674.0,140504000,142319000.0,8.939,5852000000.0,175000000.0,65000000.0,496000000.0,41.65,230000000.0
33,ALK,MRQ,2013-03-31,2013-03-31,2013-03-31,2021-08-03,-429000000.0,5644000000.0,,1839000000.0,3805000000.0,,10.379,-103000000.0,95000000.0,95000000.0,631000000.0,37000000.0,1.151,2.86,946000000.0,106000000.0,840000000.0,946000000.0,441000000.0,69000000.0,0.0,0.0,0.0,75000000.0,144000000.0,0.127,144000000.0,75000000.0,59000000.0,0.26,0.255,0.26,1462000000.0,,1462000000.0,5409061464.0,10.0,6.462,109000000.0,0.774,1.0,502000000.0,0.443,0.0,16000000.0,4897000000.0,,61000000.0,1170000000.0,1170000000.0,0.0,4182000000.0,1598000000.0,2584000000.0,4499061464.0,-27000000.0,0.0,-19000000.0,-88000000.0,0.0,-88000000.0,-151000000.0,-41000000.0,212000000.0,0.0,37000000.0,37000000.0,37000000.0,0.0,0.0,0.033,438000000.0,64000000.0,101000000.0,0.0,3.077,14.42,14.536,3639000000.0,0.0,31.98,0.947,0.948,188000000.0,1164000000.0,1133000000.0,1133000000.0,0.0,,,,,14000000.0,302000000.0,1.0,140683598.0,140862000,142828000.0,8.043,5644000000.0,172000000.0,22000000.0,492000000.0,40.068,241000000.0
34,ALK,MRQ,2012-12-31,2012-12-31,2012-12-31,2021-08-03,-436000000.0,5505000000.0,,1737000000.0,3768000000.0,,10.11,-178000000.0,122000000.0,122000000.0,621000000.0,44000000.0,1.157,2.874,1032000000.0,161000000.0,871000000.0,1032000000.0,443000000.0,69000000.0,0.0,0.0,0.0,87000000.0,156000000.0,0.138,156000000.0,87000000.0,72000000.0,0.315,0.315,0.315,1421000000.0,,1421000000.0,4068436120.0,7.0,4.832,-63000000.0,-0.448,1.0,511000000.0,0.451,0.0,15000000.0,4914000000.0,,58000000.0,1130000000.0,1130000000.0,0.0,4084000000.0,1501000000.0,2583000000.0,3029836120.0,95000000.0,0.0,0.0,-35000000.0,0.0,111000000.0,-131000000.0,28000000.0,115000000.0,0.0,44000000.0,44000000.0,44000000.0,0.0,0.0,0.039,437000000.0,74000000.0,65000000.0,0.0,2.132,9.588,9.661,3609000000.0,0.0,21.545,0.651,0.654,130000000.0,1127000000.0,1132000000.0,1132000000.0,0.0,,,,,2000000.0,304000000.0,1.0,140628272.0,140552000,141918000.0,8.054,5505000000.0,148000000.0,28000000.0,446000000.0,39.167,236000000.0
35,ALK,MRQ,2012-09-30,2012-09-30,2012-09-30,2021-08-03,-373600000.0,5436100000.0,,1716500000.0,3719600000.0,,10.14,-85000000.0,27500000.0,27500000.0,577000000.0,163000000.0,1.123,2.777,1066100000.0,167200000.0,898900000.0,1066100000.0,423400000.0,66000000.0,0.0,0.0,0.0,280000000.0,346000000.0,0.272,346000000.0,280000000.0,265000000.0,1.15,1.135,1.15,1439200000.0,,1439200000.0,3576647968.0,6.0,4.132,98000000.0,0.691,1.0,695000000.0,0.546,0.0,15000000.0,4945900000.0,,52500000.0,1158100000.0,1158100000.0,0.0,3996900000.0,1528800000.0,2468100000.0,2471547968.0,-8000000.0,0.0,-17000000.0,-75000000.0,0.0,-88000000.0,-103000000.0,-3000000.0,183000000.0,0.0,163000000.0,163000000.0,163000000.0,0.0,0.0,0.128,426000000.0,269000000.0,70200000.0,0.0,1.717,7.345,7.428,3547500000.0,0.0,17.53,0.541,0.544,185400000.0,1082300000.0,1272000000.0,1272000000.0,0.0,,,,,2000000.0,301000000.0,1.0,140989616.0,141926000,143766000.0,8.962,5436100000.0,141500000.0,102000000.0,484900000.0,38.302,187700000.0
36,ALK,MRQ,2012-06-30,2012-06-30,2012-06-30,2021-08-03,-380800000.0,5423600000.0,,1698400000.0,3725200000.0,,9.036,-157000000.0,35400000.0,35400000.0,668000000.0,68000000.0,1.02,3.227,1140500000.0,183400000.0,957100000.0,1140500000.0,414000000.0,65000000.0,0.0,0.0,0.0,126000000.0,191000000.0,0.157,191000000.0,126000000.0,109000000.0,0.475,0.465,0.475,1283000000.0,,1283000000.0,3751206892.0,8.0,5.118,115000000.0,0.81,1.0,546000000.0,0.45,0.0,17000000.0,4864400000.0,,47800000.0,1150000000.0,1150000000.0,0.0,4140600000.0,1664300000.0,2476300000.0,2552406892.0,-13000000.0,0.0,-7000000.0,-106000000.0,0.0,-47000000.0,-238000000.0,-55000000.0,272000000.0,0.0,68000000.0,68000000.0,68000000.0,0.0,0.0,0.056,430000000.0,116000000.0,110800000.0,0.0,1.989,10.169,10.257,3547400000.0,0.0,17.95,0.568,0.567,169400000.0,918900000.0,1214000000.0,1214000000.0,0.0,,,,,1000000.0,303000000.0,1.0,142195370.0,141992000,144400000.0,8.55,5423600000.0,152100000.0,41000000.0,447500000.0,38.197,34100000.0
37,ALK,MRQ,2012-03-31,2012-03-31,2012-03-31,2021-08-03,-382400000.0,5382000000.0,,1656900000.0,3725100000.0,,8.554,-98000000.0,48200000.0,48200000.0,541000000.0,41000000.0,0.99,3.419,1247000000.0,210100000.0,1036900000.0,1247000000.0,406200000.0,64000000.0,0.0,0.0,0.0,83000000.0,147000000.0,0.141,147000000.0,83000000.0,66000000.0,0.285,0.28,0.285,1218000000.0,,1218000000.0,3744567391.0,9.0,5.584,85000000.0,0.597,1.0,498000000.0,0.479,0.0,17000000.0,4907600000.0,,45300000.0,1093000000.0,1093000000.0,0.0,4164000000.0,1673200000.0,2490800000.0,2539867391.0,-54000000.0,0.0,-5000000.0,-59000000.0,0.0,-64000000.0,-173000000.0,-52000000.0,183000000.0,0.0,41000000.0,41000000.0,41000000.0,0.0,0.0,0.039,426000000.0,72000000.0,129000000.0,0.0,2.085,11.992,12.142,3503700000.0,0.0,17.91,0.578,0.581,168300000.0,851400000.0,1039000000.0,1039000000.0,0.0,,,,,5000000.0,298000000.0,1.0,141812808.0,142384000,145318000.0,7.297,5382000000.0,142500000.0,25000000.0,405200000.0,37.799,-16300000.0
38,ALK,MRQ,2011-12-31,2011-12-31,2011-12-31,2021-08-03,-390000000.0,5167000000.0,,1596000000.0,3571000000.0,,8.254,-92500000.0,102000000.0,102000000.0,510100000.0,64500000.0,1.057,3.401,1307000000.0,208000000.0,1099000000.0,1307000000.0,410000000.0,62800000.0,0.0,0.0,0.0,118900000.0,181700000.0,0.174,181700000.0,118900000.0,101000000.0,0.45,0.435,0.45,1174000000.0,,1174000000.0,3991719247.0,8.0,5.483,-5300000.0,-0.037,1.0,534400000.0,0.512,0.0,17900000.0,4862000000.0,,44000000.0,1039000000.0,1039000000.0,0.0,3993000000.0,1510000000.0,2483000000.0,2666819247.0,34000000.0,0.0,-16100000.0,-85200000.0,0.0,-88800000.0,35600000.0,156500000.0,87200000.0,0.0,64500000.0,64500000.0,64500000.0,0.0,0.0,0.062,420200000.0,114200000.0,104000000.0,0.0,2.272,10.885,11.01,3373000000.0,0.0,18.773,0.618,0.624,136000000.0,811000000.0,1044500000.0,1044500000.0,0.0,,,,,7500000.0,295800000.0,1.0,142059888.0,142232000,146668000.0,7.344,5167000000.0,134000000.0,36500000.0,363000000.0,36.328,86000000.0
39,ALK,MRQ,2011-09-30,2011-09-30,2011-09-30,2021-08-03,-256000000.0,5260200000.0,,1726300000.0,3533900000.0,,8.785,-53400000.0,67500000.0,67500000.0,643600000.0,77500000.0,1.137,3.161,1392400000.0,213600000.0,1178800000.0,1392400000.0,394000000.0,62200000.0,0.0,0.0,0.0,151000000.0,213200000.0,0.178,213200000.0,151000000.0,125300000.0,0.54,0.53,0.54,1264300000.0,,1264300000.0,3368579204.0,7.0,4.586,186700000.0,1.297,1.0,554500000.0,0.463,0.0,25700000.0,5066800000.0,,44300000.0,1198300000.0,1198300000.0,0.0,3995900000.0,1518300000.0,2477600000.0,2026779204.0,500000.0,0.0,-26500000.0,-16400000.0,0.0,-42900000.0,-196700000.0,-115800000.0,240100000.0,0.0,77500000.0,77500000.0,77500000.0,0.0,0.0,0.065,411300000.0,143200000.0,88000000.0,0.0,1.603,8.266,8.268,3350100000.0,0.0,14.072,0.479,0.479,148300000.0,746600000.0,1198100000.0,1198100000.0,0.0,,,,,2200000.0,292500000.0,1.0,144024104.0,143908000,146476000.0,8.325,5260200000.0,130200000.0,47800000.0,398200000.0,36.553,208000000.0
40,ALK,MRQ,2011-06-30,2011-06-30,2011-06-30,2021-08-03,-260000000.0,5233800000.0,,1675700000.0,3558100000.0,,8.383,-92000000.0,67000000.0,67000000.0,617100000.0,28800000.0,1.029,3.338,1408800000.0,253900000.0,1154900000.0,1408800000.0,386700000.0,61700000.0,0.0,0.0,0.0,67000000.0,128700000.0,0.116,128700000.0,67000000.0,47000000.0,0.2,0.195,0.2,1206500000.0,,1206500000.0,3837615687.0,7.0,4.757,157900000.0,1.097,1.0,493100000.0,0.444,0.0,20000000.0,4947600000.0,,52600000.0,1086500000.0,1086500000.0,0.0,4027300000.0,1628000000.0,2399300000.0,2452815687.0,6800000.0,0.0,-400000.0,-36200000.0,0.0,-35000000.0,-208100000.0,-101100000.0,249900000.0,0.0,28800000.0,28800000.0,28800000.0,0.0,0.0,0.026,435300000.0,57800000.0,71300000.0,0.0,2.033,8.455,8.494,3249900000.0,0.0,17.115,0.598,0.601,167800000.0,669100000.0,1110200000.0,1110200000.0,0.0,,,,,600000.0,288600000.0,1.0,143313800.0,143930000,146946000.0,7.713,5233800000.0,126400000.0,18200000.0,347900000.0,36.364,47700000.0
41,ALK,MRQ,2011-03-31,2011-03-31,2011-03-31,2021-08-03,-263700000.0,5111400000.0,,1596000000.0,3515400000.0,,8.127,-149100000.0,60200000.0,60200000.0,411200000.0,74200000.0,1.075,3.368,1445000000.0,169800000.0,1275200000.0,1445000000.0,387700000.0,60300000.0,0.0,0.0,0.0,144100000.0,204400000.0,0.212,204400000.0,144100000.0,120700000.0,0.515,0.505,0.515,1170100000.0,,1170100000.0,3717136457.0,6.0,4.34,-30300000.0,-0.21,1.0,554000000.0,0.574,0.0,23400000.0,5011800000.0,,45700000.0,982300000.0,982300000.0,0.0,3941300000.0,1484400000.0,2456900000.0,2272436457.0,-29300000.0,0.0,-18000000.0,-89200000.0,0.0,-114300000.0,-33800000.0,132400000.0,118800000.0,0.0,74200000.0,74200000.0,74200000.0,0.0,0.0,0.077,420200000.0,133800000.0,59200000.0,0.0,1.942,7.104,7.126,3202200000.0,0.0,15.855,0.573,0.575,161200000.0,640300000.0,965200000.0,965200000.0,0.0,,,,,6700000.0,289100000.0,1.0,143326172.0,143976000,147364000.0,6.704,5111400000.0,116300000.0,46500000.0,321300000.0,35.502,111600000.0
42,ALK,MRQ,2010-12-31,2010-12-31,2010-12-31,2021-08-03,-267200000.0,5016600000.0,,1662000000.0,3354600000.0,,7.671,-31100000.0,89500000.0,89500000.0,446700000.0,64700000.0,1.167,3.538,1534200000.0,221200000.0,1313000000.0,1534200000.0,403500000.0,58000000.0,0.0,0.0,0.0,130200000.0,188200000.0,0.196,188200000.0,130200000.0,103600000.0,0.448,0.435,0.448,1105400000.0,,1105400000.0,3582118261.0,7.0,4.815,15500000.0,0.108,1.0,511500000.0,0.534,0.0,26600000.0,5036600000.0,,45100000.0,1118700000.0,1118700000.0,0.0,3911200000.0,1424700000.0,2486500000.0,2087418261.0,-39000000.0,0.0,-5900000.0,-89700000.0,0.0,-89600000.0,4000000.0,59100000.0,46600000.0,0.0,64700000.0,64700000.0,64700000.0,0.0,0.0,0.068,392800000.0,118700000.0,60200000.0,0.0,1.888,8.316,8.099,3148400000.0,0.0,14.172,0.545,0.53,120100000.0,566100000.0,958200000.0,958200000.0,0.0,,,,,-1600000.0,279800000.0,1.0,147286524.0,144092000,148096000.0,6.65,5016600000.0,120500000.0,38900000.0,279900000.0,34.815,237300000.0
43,ALK,MRQ,2010-09-30,2010-09-30,2010-09-30,2021-08-03,-237900000.0,5120100000.0,,1768300000.0,3351800000.0,,7.476,-42100000.0,129200000.0,129200000.0,449200000.0,122400000.0,1.201,3.77,1623900000.0,233800000.0,1390100000.0,1623900000.0,396800000.0,57800000.0,0.0,0.0,0.0,227700000.0,285500000.0,0.267,285500000.0,227700000.0,198200000.0,0.853,0.83,0.853,1073500000.0,,1073500000.0,3443947072.0,8.0,5.056,130700000.0,0.91,1.0,618800000.0,0.579,0.0,29500000.0,5142800000.0,,41600000.0,1188500000.0,1188500000.0,0.0,4046600000.0,1472000000.0,2574600000.0,1827747072.0,21100000.0,0.0,3200000.0,-100400000.0,0.0,-92600000.0,-59100000.0,-18200000.0,172800000.0,0.0,122400000.0,122400000.0,122400000.0,0.0,0.0,0.115,401900000.0,216900000.0,50800000.0,0.0,1.703,8.687,8.679,3147000000.0,0.0,12.758,0.491,0.492,139600000.0,501300000.0,1068000000.0,1068000000.0,0.0,,,,,1900000.0,284500000.0,1.0,143268436.0,143592000,147320000.0,7.438,5120100000.0,129800000.0,75800000.0,251700000.0,35.657,296300000.0
44,ALK,MRQ,2010-06-30,2010-06-30,2010-06-30,2021-08-03,-239700000.0,5107000000.0,,1739200000.0,3367800000.0,,6.582,-85900000.0,108100000.0,108100000.0,479100000.0,58600000.0,1.207,4.434,1724300000.0,154300000.0,1570000000.0,1724300000.0,407100000.0,58000000.0,0.0,0.0,0.0,120300000.0,178300000.0,0.183,178300000.0,120300000.0,94000000.0,0.41,0.4,0.41,939900000.0,,939900000.0,3305419053.0,8.0,5.331,193200000.0,1.353,1.0,497100000.0,0.509,0.0,26300000.0,5282500000.0,,48500000.0,1164600000.0,1164600000.0,0.0,4167100000.0,1440700000.0,2726400000.0,1607719053.0,-9600000.0,0.0,-5900000.0,-91100000.0,0.0,-96700000.0,-192000000.0,-108900000.0,279100000.0,0.0,58600000.0,58600000.0,58600000.0,0.0,0.0,0.06,387400000.0,109700000.0,58000000.0,0.0,1.711,9.156,9.084,3163900000.0,0.0,11.238,0.444,0.443,145200000.0,378900000.0,976200000.0,976200000.0,0.0,,,,,3700000.0,277800000.0,1.0,143067324.0,142792000,146788000.0,6.837,5107000000.0,137400000.0,35400000.0,207800000.0,35.765,298500000.0
45,ALK,MRQ,2010-03-31,2010-03-31,2010-03-31,2021-08-03,-237000000.0,5015700000.0,,1651600000.0,3364100000.0,,6.206,-25900000.0,117700000.0,117700000.0,427000000.0,5300000.0,1.233,4.665,1815400000.0,158200000.0,1657200000.0,1815400000.0,419100000.0,56200000.0,0.0,0.0,0.0,35800000.0,92000000.0,0.111,92000000.0,35800000.0,10200000.0,0.037,0.037,0.037,885400000.0,,885400000.0,3160682725.0,9.0,5.561,28600000.0,0.2,1.0,402600000.0,0.485,0.0,25600000.0,5373900000.0,,49100000.0,1053500000.0,1053500000.0,0.0,4130300000.0,1339500000.0,2790800000.0,1469682725.0,-46500000.0,0.0,600000.0,-39800000.0,0.0,-53100000.0,-47900000.0,-23000000.0,54500000.0,0.0,5300000.0,5300000.0,5300000.0,0.0,0.0,0.006,376900000.0,25700000.0,53300000.0,0.0,1.66,10.059,10.027,3136000000.0,0.0,10.307,0.421,0.422,137300000.0,320300000.0,829600000.0,829600000.0,0.0,,,,,5000000.0,272900000.0,1.0,142583820.0,142668000,145572000.0,5.815,5015700000.0,133000000.0,4900000.0,170100000.0,35.156,312100000.0
46,ALK,MRQ,2009-12-31,2009-12-31,2009-12-31,2021-08-03,-240000000.0,4996200000.0,,1634300000.0,3361900000.0,,6.173,-91100000.0,164200000.0,164200000.0,393300000.0,24100000.0,1.287,4.729,1855200000.0,156000000.0,1699200000.0,1855200000.0,435100000.0,56900000.0,0.0,0.0,0.0,68500000.0,125400000.0,0.148,125400000.0,68500000.0,42000000.0,0.17,0.167,0.17,872100000.0,,872100000.0,2854430184.0,9.0,5.423,-104000000.0,-0.736,1.0,452800000.0,0.535,0.0,26500000.0,5417700000.0,,45800000.0,1027900000.0,1027900000.0,0.0,4124100000.0,1269500000.0,2854600000.0,1218430184.0,-5800000.0,0.0,9400000.0,49200000.0,0.0,71200000.0,-64100000.0,28400000.0,-12900000.0,0.0,24100000.0,24100000.0,24100000.0,0.0,0.0,0.028,400000000.0,52800000.0,63300000.0,0.0,1.397,10.02,10.189,3167900000.0,0.0,8.64,0.358,0.364,111800000.0,315000000.0,846100000.0,846100000.0,0.0,,,,,2700000.0,283300000.0,1.0,141022012.0,141268000,142960000.0,5.989,4996200000.0,120300000.0,17900000.0,151100000.0,35.367,364800000.0
47,ALK,MRQ,2009-09-30,2009-09-30,2009-09-30,2021-08-03,-303000000.0,5006000000.0,,1685800000.0,3320200000.0,,5.484,-38800000.0,170000000.0,170000000.0,420300000.0,87600000.0,1.314,5.469,1806000000.0,148500000.0,1657500000.0,1806000000.0,454000000.0,55600000.0,0.0,0.0,0.0,168700000.0,224300000.0,0.232,224300000.0,168700000.0,142800000.0,0.62,0.615,0.62,773800000.0,,773800000.0,2614492681.0,17.0,7.179,143400000.0,1.016,1.0,547100000.0,0.566,0.0,25900000.0,5359500000.0,,47400000.0,1059600000.0,1059600000.0,0.0,4232200000.0,1282500000.0,2949700000.0,940792681.0,6700000.0,0.0,-11200000.0,-31000000.0,0.0,-44800000.0,-130700000.0,-92000000.0,182200000.0,0.0,87600000.0,87600000.0,87600000.0,0.0,0.0,0.091,387300000.0,159800000.0,55100000.0,0.0,1.216,42.188,39.397,3136300000.0,0.0,6.697,0.278,0.28,128300000.0,290900000.0,967400000.0,967400000.0,0.0,,,,,2600000.0,283200000.0,1.0,140469232.0,141100000,142724000.0,6.856,5006000000.0,138700000.0,55200000.0,93300000.0,35.478,403300000.0
48,ALK,MRQ,2009-06-30,2009-06-30,2009-06-30,2021-08-03,-309900000.0,4941300000.0,,1593900000.0,3347400000.0,,4.734,-82300000.0,163300000.0,163300000.0,349600000.0,29100000.0,1.189,6.178,1837000000.0,167300000.0,1669700000.0,1837000000.0,454300000.0,53900000.0,0.0,0.0,0.0,72800000.0,126700000.0,0.15,126700000.0,72800000.0,47700000.0,0.2,0.198,0.2,688400000.0,,688400000.0,2211010533.0,-18.0,26.043,30800000.0,0.212,1.0,494300000.0,0.586,0.0,25100000.0,5274600000.0,,43600000.0,958500000.0,958500000.0,0.0,4252900000.0,1340400000.0,2912500000.0,664410533.0,-73800000.0,0.0,-11000000.0,53300000.0,0.0,39900000.0,-226800000.0,-145400000.0,113100000.0,0.0,29100000.0,29100000.0,29100000.0,0.0,0.0,0.034,427600000.0,66700000.0,52500000.0,0.0,0.965,-4.377,-4.348,3154200000.0,0.0,4.565,0.191,0.191,156500000.0,203300000.0,843900000.0,843900000.0,0.0,,,,,2200000.0,282400000.0,1.0,145544476.0,145416000,146364000.0,5.803,4941300000.0,158200000.0,18600000.0,46100000.0,33.98,253500000.0
49,ALK,MRQ,2009-03-31,2009-03-31,2009-03-31,2021-08-03,-320900000.0,4779000000.0,,1465900000.0,3313100000.0,,4.524,-226200000.0,237100000.0,237100000.0,368900000.0,-19200000.0,1.14,6.271,1783700000.0,164400000.0,1619300000.0,1783700000.0,424700000.0,52800000.0,0.0,0.0,0.0,-1800000.0,51000000.0,0.069,51000000.0,-1800000.0,-29600000.0,-0.133,-0.133,-0.133,657300000.0,,657300000.0,2195794787.0,-29.0,16.522,-216100000.0,-1.487,1.0,373500000.0,0.503,0.0,27800000.0,5040000000.0,,43400000.0,805900000.0,805900000.0,0.0,4121700000.0,1285600000.0,2836100000.0,637694787.0,-46000000.0,0.0,2000000.0,-57500000.0,0.0,179700000.0,-235800000.0,-8600000.0,10100000.0,0.0,-19200000.0,-19200000.0,-19200000.0,0.0,0.0,-0.026,385400000.0,-11900000.0,63800000.0,0.0,0.97,-5.413,-5.409,3127200000.0,0.0,4.393,0.179,0.179,113500000.0,174200000.0,742400000.0,742400000.0,0.0,,,,,5400000.0,271000000.0,1.0,145178096.0,145304000,145304000.0,5.109,4779000000.0,170300000.0,-10400000.0,37200000.0,32.89,180300000.0
50,ALK,MRQ,2008-12-31,2008-12-31,2008-12-31,2021-08-03,-328300000.0,4835600000.0,,1508900000.0,3326700000.0,,4.568,-2300000.0,283100000.0,283100000.0,554900000.0,-75200000.0,1.109,6.306,1841200000.0,244900000.0,1596300000.0,1841200000.0,421300000.0,51700000.0,0.0,0.0,0.0,-89500000.0,-37800000.0,-0.046,-37800000.0,-89500000.0,-120000000.0,-0.518,-0.518,-0.518,661900000.0,,661900000.0,2667510822.0,-25.0,27.729,29200000.0,0.202,1.0,272200000.0,0.329,0.0,30500000.0,5033100000.0,,51900000.0,794300000.0,794300000.0,0.0,4173700000.0,1360600000.0,2813100000.0,1059110822.0,23800000.0,0.0,1400000.0,-26400000.0,0.0,-33200000.0,25500000.0,23300000.0,31500000.0,0.0,-75200000.0,-75200000.0,-75200000.0,0.0,0.0,-0.091,378900000.0,-106700000.0,59600000.0,0.0,1.6,-7.793,-7.821,3167700000.0,0.0,7.312,0.289,0.29,116700000.0,193400000.0,827100000.0,827100000.0,0.0,,,,,2600000.0,259300000.0,1.0,144835668.0,144892000,144892000.0,5.708,4835600000.0,164400000.0,-44800000.0,36700000.0,33.374,148300000.0
51,ALK,MRQ,2008-09-30,2008-09-30,2008-09-30,2021-08-03,-135700000.0,5065900000.0,,1678700000.0,3387200000.0,,6.416,-126400000.0,259200000.0,259200000.0,780000000.0,-86500000.0,1.09,4.473,1867600000.0,254500000.0,1613100000.0,1867600000.0,407800000.0,52100000.0,0.0,0.0,0.0,-107100000.0,-55000000.0,-0.052,-55000000.0,-107100000.0,-133000000.0,-0.6,-0.6,-0.6,925700000.0,,925700000.0,2262427940.0,182.0,10.753,-89500000.0,-0.62,1.0,285200000.0,0.268,0.0,25900000.0,5133800000.0,,83500000.0,808200000.0,808200000.0,0.0,4140200000.0,1540500000.0,2599700000.0,734427940.0,80200000.0,0.0,900000.0,160500000.0,0.0,161400000.0,-118100000.0,1800000.0,36900000.0,0.0,-86500000.0,-86500000.0,-86500000.0,0.0,0.0,-0.081,405200000.0,-120000000.0,81100000.0,0.0,0.793,-13.779,-14.081,3217500000.0,0.0,5.098,0.199,0.199,143000000.0,268600000.0,1065200000.0,1065200000.0,0.0,,,,,2800000.0,273800000.0,1.0,144076104.0,144276000,144276000.0,7.383,5065900000.0,130200000.0,-46500000.0,151800000.0,35.113,138200000.0
52,ALK,MRQ,2008-06-30,2008-06-30,2008-06-30,2021-08-03,-132800000.0,5095500000.0,,1734000000.0,3361500000.0,,7.004,-140000000.0,179100000.0,179100000.0,397500000.0,63100000.0,1.051,4.044,1707100000.0,262200000.0,1444900000.0,1707100000.0,442500000.0,51500000.0,0.0,0.0,0.0,123200000.0,174700000.0,0.188,174700000.0,123200000.0,98200000.0,0.438,0.435,0.438,1010200000.0,,1010200000.0,1881482581.0,7.0,4.007,-70300000.0,-0.487,1.0,533300000.0,0.573,0.0,25000000.0,4973700000.0,,59700000.0,826900000.0,826900000.0,0.0,4085300000.0,1649800000.0,2435500000.0,558382581.0,-32800000.0,0.0,-7500000.0,172100000.0,0.0,164600000.0,-267100000.0,-127400000.0,69700000.0,0.0,63100000.0,63100000.0,63100000.0,0.0,0.0,0.068,426800000.0,106500000.0,84200000.0,0.0,0.553,4.856,5.168,3141800000.0,0.0,3.835,0.155,0.153,165000000.0,359100000.0,930800000.0,930800000.0,0.0,,,,,2500000.0,278500000.0,1.0,145601716.0,144236000,145020000.0,6.453,5095500000.0,63400000.0,35100000.0,128100000.0,35.328,84200000.0
53,ALK,MRQ,2008-03-31,2008-03-31,2008-03-31,2021-08-03,-127800000.0,4777100000.0,,1541800000.0,3235300000.0,,6.463,-144100000.0,211900000.0,211900000.0,500000000.0,-37300000.0,1.04,3.991,1535000000.0,155000000.0,1380000000.0,1535000000.0,429300000.0,49300000.0,0.0,0.0,0.0,-35000000.0,14300000.0,0.017,14300000.0,-35000000.0,-58400000.0,-0.253,-0.253,-0.253,957100000.0,,957100000.0,1842754342.0,7.0,4.225,-109700000.0,-0.741,1.0,339500000.0,0.404,0.0,23400000.0,4617800000.0,,47000000.0,709900000.0,709900000.0,0.0,3820000000.0,1482400000.0,2337600000.0,746554342.0,7600000.0,0.0,-39700000.0,234500000.0,0.0,194800000.0,-221600000.0,-84100000.0,34400000.0,0.0,-37300000.0,-37300000.0,-37300000.0,0.0,0.0,-0.044,391500000.0,-52000000.0,97300000.0,0.0,0.78,7.618,8.314,3056600000.0,0.0,4.905,0.208,0.203,158800000.0,296000000.0,839500000.0,839500000.0,0.0,,,,,5500000.0,279200000.0,1.0,152202720.0,148096000,148096000.0,5.669,4777100000.0,105000000.0,-21100000.0,132900000.0,32.257,59400000.0
54,ALK,MRQ,2007-12-31,2007-12-31,2007-12-31,2021-08-03,-133300000.0,4490900000.0,,1390300000.0,3100600000.0,,6.539,-175100000.0,204300000.0,204300000.0,445700000.0,7400000.0,1.012,3.38,1300500000.0,175900000.0,1124600000.0,1300500000.0,413600000.0,45100000.0,0.0,0.0,0.0,31300000.0,76400000.0,0.09,76400000.0,31300000.0,9600000.0,0.052,0.052,0.052,1025400000.0,,1025400000.0,2176899368.0,8.0,4.672,-66500000.0,-0.424,1.0,407700000.0,0.478,0.0,21700000.0,4213400000.0,,46600000.0,618500000.0,618500000.0,0.0,3465500000.0,1373700000.0,2091800000.0,1008199369.0,124000000.0,0.0,-57100000.0,51500000.0,0.0,-5600000.0,21000000.0,193600000.0,108600000.0,0.0,7400000.0,7400000.0,7400000.0,0.0,0.0,0.009,392300000.0,15400000.0,101500000.0,0.0,0.983,8.111,8.068,2962300000.0,0.0,6.253,0.288,0.286,138000000.0,329300000.0,853400000.0,853400000.0,0.0,,,,,2700000.0,280900000.0,1.0,161247400.0,156804000,155492000.0,5.442,4490900000.0,84900000.0,2200000.0,131200000.0,28.64,16600000.0
55,ALK,MRQ,2007-09-30,2007-09-30,2007-09-30,2021-08-03,-181600000.0,4456900000.0,,1468300000.0,2988600000.0,,6.345,-186100000.0,80300000.0,80300000.0,461800000.0,81800000.0,1.13,3.338,1249000000.0,97200000.0,1151800000.0,1249000000.0,391300000.0,46600000.0,0.0,0.0,0.0,157600000.0,204200000.0,0.207,204200000.0,157600000.0,134800000.0,0.505,0.502,0.505,1027400000.0,,1027400000.0,2060721873.0,8.0,4.738,-79900000.0,-0.493,1.0,527000000.0,0.533,0.0,22800000.0,4326000000.0,,51800000.0,807700000.0,807700000.0,0.0,3429500000.0,1299600000.0,2129900000.0,934621873.0,-77900000.0,0.0,-4000000.0,-35300000.0,0.0,-39300000.0,-144800000.0,28100000.0,106200000.0,0.0,81800000.0,81800000.0,81800000.0,0.0,0.0,0.083,390000000.0,137000000.0,88800000.0,0.0,0.91,8.978,9.02,2833700000.0,0.0,5.772,0.271,0.272,156800000.0,328500000.0,988800000.0,988800000.0,0.0,,,,,4200000.0,283800000.0,1.0,161909376.0,161932000,163100000.0,6.106,4456900000.0,91500000.0,53000000.0,125600000.0,27.523,168700000.0
56,ALK,MRQ,2007-06-30,2007-06-30,2007-06-30,2021-08-03,-188400000.0,4479400000.0,,1629600000.0,2849800000.0,,5.783,-219200000.0,158200000.0,158200000.0,444400000.0,46100000.0,1.157,3.787,1284300000.0,107300000.0,1177000000.0,1284300000.0,373300000.0,43800000.0,0.0,0.0,0.0,97500000.0,141300000.0,0.156,141300000.0,97500000.0,75000000.0,0.285,0.282,0.285,935700000.0,,935700000.0,2254922600.0,23.0,8.392,-16100000.0,-0.1,1.0,460000000.0,0.509,0.0,22500000.0,4197000000.0,,55100000.0,829500000.0,829500000.0,0.0,3543700000.0,1408500000.0,2135200000.0,1126622600.0,-2800000.0,0.0,1100000.0,-5000000.0,0.0,-4400000.0,-201500000.0,-25900000.0,203100000.0,0.0,46100000.0,46100000.0,46100000.0,0.0,0.0,0.051,382300000.0,77700000.0,93300000.0,0.0,1.204,229.923,278.6,2693800000.0,0.0,6.965,0.332,0.332,189100000.0,242700000.0,904400000.0,904400000.0,0.0,,,,,3400000.0,277700000.0,1.0,161754860.0,161800000,163128000.0,5.59,4479400000.0,144300000.0,28900000.0,122800000.0,27.685,221100000.0
57,ALK,MRQ,2007-03-31,2007-03-31,2007-03-31,2021-08-03,-187900000.0,4343100000.0,,1594100000.0,2749000000.0,,5.489,-254000000.0,161000000.0,161000000.0,401700000.0,-10300000.0,1.155,3.9,1289300000.0,118000000.0,1171300000.0,1289300000.0,335600000.0,41900000.0,0.0,0.0,0.0,3200000.0,45100000.0,0.059,45100000.0,3200000.0,-17800000.0,-0.065,-0.065,-0.065,886300000.0,,886300000.0,2455289551.0,24.0,9.325,-189900000.0,-1.176,1.0,357700000.0,0.471,0.0,21000000.0,4091100000.0,,47800000.0,809100000.0,809100000.0,0.0,3456800000.0,1380300000.0,2076500000.0,1535189551.0,-69700000.0,0.0,3700000.0,138500000.0,0.0,142700000.0,-276500000.0,-24000000.0,64100000.0,0.0,-10300000.0,-10300000.0,-10300000.0,0.0,0.0,-0.014,375800000.0,-18100000.0,75800000.0,0.0,1.732,107.356,90.714,2570500000.0,0.0,9.525,0.457,0.458,158300000.0,196600000.0,759400000.0,759400000.0,0.0,,,,,2000000.0,276000000.0,1.0,161174756.0,161460000,161460000.0,4.703,4343100000.0,139700000.0,-7500000.0,91600000.0,26.899,213800000.0
58,ALK,MRQ,2006-12-31,2006-12-31,2006-12-31,2021-08-03,-191400000.0,4077100000.0,,1572300000.0,2504800000.0,,5.501,-165600000.0,230700000.0,230700000.0,441600000.0,-13500000.0,1.271,3.604,1150800000.0,119100000.0,1031700000.0,1150800000.0,333000000.0,43400000.0,0.0,0.0,0.0,900000.0,44300000.0,0.056,44300000.0,900000.0,-19500000.0,-0.085,-0.085,-0.085,885500000.0,,885500000.0,2577703365.0,-203.0,17.802,-104700000.0,-0.65,1.0,348700000.0,0.441,0.0,20400000.0,3760500000.0,,44700000.0,783200000.0,783200000.0,0.0,3191600000.0,1236700000.0,1954900000.0,1580903365.0,78400000.0,0.0,12600000.0,1900000.0,0.0,11500000.0,6000000.0,171800000.0,60900000.0,0.0,-13500000.0,-13500000.0,-13500000.0,0.0,0.0,-0.017,369800000.0,-21100000.0,90000000.0,0.0,1.785,-29.007,-27.431,2359000000.0,0.0,9.875,0.474,0.449,134200000.0,206900000.0,790300000.0,790300000.0,0.0,,,,,8300000.0,280400000.0,1.0,160091480.0,160960000,160960000.0,4.91,4077100000.0,134200000.0,-6000000.0,114600000.0,25.33,335600000.0
59,ALK,MRQ,2006-09-30,2006-09-30,2006-09-30,2021-08-03,-130200000.0,4139700000.0,,1697300000.0,2442400000.0,,6.038,-216300000.0,152300000.0,152300000.0,493300000.0,-17400000.0,1.229,3.29,1149100000.0,203600000.0,945500000.0,1149100000.0,317700000.0,40500000.0,0.0,0.0,0.0,-2500000.0,38000000.0,0.041,38000000.0,-2500000.0,-22900000.0,-0.11,-0.11,-0.11,965000000.0,,965000000.0,2466918196.0,-47.0,24.843,-64800000.0,-0.405,1.0,442400000.0,0.473,33600000.0,20400000.0,3722400000.0,,52400000.0,955400000.0,955400000.0,0.0,3174700000.0,1380500000.0,1794200000.0,1517018196.0,11800000.0,0.0,4000000.0,46100000.0,0.0,50600000.0,-190300000.0,10100000.0,151500000.0,0.0,-17400000.0,-17400000.0,-17400000.0,0.0,0.0,-0.019,466400000.0,-24000000.0,89900000.0,0.0,1.572,-20.5,-14.976,2251000000.0,0.0,9.51,0.463,0.464,145800000.0,237100000.0,935700000.0,935700000.0,0.0,,,,,1400000.0,283300000.0,1.0,159518212.0,159816000,159816000.0,5.855,4106100000.0,122900000.0,-5500000.0,155200000.0,25.693,316800000.0
60,ALK,MRQ,2006-06-30,2006-06-30,2006-06-30,2021-08-03,-131900000.0,4091800000.0,,1732300000.0,2359500000.0,,6.404,-127200000.0,140500000.0,140500000.0,418400000.0,55500000.0,1.217,3.2,1090400000.0,201200000.0,889200000.0,1090400000.0,305300000.0,36700000.0,0.0,0.0,0.0,99200000.0,135900000.0,0.156,135900000.0,99200000.0,81100000.0,0.365,0.345,0.365,974200000.0,,974200000.0,2376021815.0,21.0,9.121,25000000.0,0.164,1.0,454600000.0,0.521,33600000.0,18100000.0,3584900000.0,,43400000.0,962900000.0,962900000.0,0.0,3117600000.0,1423200000.0,1694400000.0,1320821815.0,0.0,0.0,16500000.0,44700000.0,0.0,63700000.0,-215900000.0,-90600000.0,152200000.0,0.0,55500000.0,55500000.0,55500000.0,0.0,0.0,0.064,374500000.0,80100000.0,83200000.0,0.0,1.356,39.31,33.407,2130500000.0,0.0,9.855,0.415,0.471,157100000.0,254500000.0,873000000.0,873000000.0,0.0,,,,,-500000.0,280800000.0,1.0,134025552.0,152112000,160304000.0,5.739,4058200000.0,103100000.0,25600000.0,146800000.0,26.679,309100000.0
61,ALK,MRQ,2006-03-31,2006-03-31,2006-03-31,2021-08-03,-132300000.0,3888200000.0,,1601300000.0,2286900000.0,,5.614,-173000000.0,140500000.0,140500000.0,375000000.0,-79100000.0,1.203,4.174,1195700000.0,168300000.0,1027400000.0,1195700000.0,293700000.0,36900000.0,0.0,0.0,0.0,-110300000.0,-73400000.0,-0.1,-73400000.0,-110300000.0,-129400000.0,-0.59,-0.59,-0.59,751500000.0,,751500000.0,2194949476.0,37.0,10.712,-87800000.0,-0.656,1.0,360400000.0,0.49,33600000.0,19100000.0,3579100000.0,,44400000.0,871100000.0,871100000.0,0.0,3136700000.0,1330700000.0,1806000000.0,1185949476.0,66900000.0,0.0,1400000.0,113100000.0,0.0,114500000.0,-132800000.0,38100000.0,85200000.0,0.0,-79100000.0,-79100000.0,-79100000.0,0.0,0.0,-0.108,485600000.0,-125200000.0,130200000.0,0.0,1.578,-263.544,95.296,2039300000.0,0.0,8.863,0.387,0.387,139500000.0,199000000.0,735400000.0,735400000.0,0.0,,,,,1900000.0,264800000.0,1.0,133816584.0,133856000,133856000.0,5.494,3854600000.0,98500000.0,-50300000.0,116000000.0,28.797,270600000.0
62,ALK,MRQ,2005-12-31,2005-12-31,2005-12-31,2021-08-03,-132000000.0,3792000000.0,,1540300000.0,2251700000.0,,7.231,-107100000.0,73600000.0,73600000.0,432000000.0,-33000000.0,1.321,3.582,1082600000.0,113500000.0,969100000.0,1082600000.0,291100000.0,37600000.0,0.0,0.0,0.0,-38800000.0,-1200000.0,-0.002,-1200000.0,-38800000.0,-56300000.0,-0.3,-0.235,-0.3,827600000.0,,827600000.0,1986883196.0,18.0,7.847,-16000000.0,-0.14,1.0,298600000.0,0.409,33600000.0,17500000.0,3601800000.0,,44000000.0,909000000.0,909000000.0,0.0,2964400000.0,1165600000.0,1798800000.0,985983196.0,46900000.0,0.0,201300000.0,55000000.0,0.0,256900000.0,-301100000.0,-191100000.0,91100000.0,0.0,-33000000.0,-33000000.0,-33000000.0,0.0,0.0,-0.045,349100000.0,-50500000.0,86900000.0,0.0,1.191,-167.116,-171.731,2032200000.0,0.0,8.93,0.331,0.331,124200000.0,278100000.0,730600000.0,730600000.0,0.0,,,,,400000.0,260200000.0,1.0,110412452.0,114456000,140396000.0,6.383,3758400000.0,91800000.0,-23300000.0,156400000.0,32.837,374700000.0
63,ALK,MRQ,2005-09-30,2005-09-30,2005-09-30,2021-08-03,-87700000.0,3509700000.0,,1308100000.0,2201600000.0,,6.36,-69600000.0,26700000.0,26700000.0,342000000.0,90200000.0,1.187,4.017,1027600000.0,57600000.0,970000000.0,1027600000.0,276500000.0,36300000.0,0.0,0.0,0.0,162900000.0,199200000.0,0.236,199200000.0,162900000.0,146800000.0,0.82,0.677,0.82,699600000.0,,699600000.0,1796656834.0,20.0,7.315,19100000.0,0.174,1.0,503700000.0,0.596,38600000.0,16100000.0,3370400000.0,,48100000.0,719000000.0,719000000.0,0.0,2810100000.0,1101600000.0,1708500000.0,791356834.0,-4500000.0,0.0,11700000.0,-8900000.0,0.0,4000000.0,-97200000.0,-25000000.0,88700000.0,0.0,90200000.0,90200000.0,90200000.0,0.0,0.0,0.107,350600000.0,153100000.0,138400000.0,0.0,1.131,-44.458,-41.045,1958600000.0,0.0,7.265,0.273,0.275,130100000.0,311100000.0,845700000.0,845700000.0,0.0,,,,,-700000.0,264000000.0,1.0,108927300.0,110008000,135428000.0,7.688,3471100000.0,61800000.0,56600000.0,176300000.0,31.553,206500000.0
64,ALK,MRQ,2005-06-30,2005-06-30,2005-06-30,2021-08-03,-85000000.0,3370500000.0,,1199100000.0,2171400000.0,,5.525,-135700000.0,31200000.0,31200000.0,352000000.0,17400000.0,1.104,4.607,1036500000.0,57000000.0,979500000.0,1036500000.0,313800000.0,35300000.0,0.0,0.0,0.0,45000000.0,80300000.0,0.106,80300000.0,45000000.0,29700000.0,0.163,0.143,0.163,601100000.0,,601100000.0,1570682588.0,27.0,6.886,-42100000.0,-0.387,1.0,404500000.0,0.535,38600000.0,15300000.0,3251300000.0,,46100000.0,694900000.0,694900000.0,0.0,2769400000.0,1085900000.0,1683500000.0,808682588.0,-132300000.0,0.0,1200000.0,2100000.0,0.0,3300000.0,-229200000.0,-94800000.0,93600000.0,0.0,17400000.0,17400000.0,17400000.0,0.0,0.0,0.023,367900000.0,36600000.0,132600000.0,0.0,1.345,-23.785,-24.226,1932000000.0,0.0,7.438,0.286,0.287,125800000.0,220900000.0,756500000.0,756500000.0,0.0,,,,,300000.0,264800000.0,1.0,108730432.0,108796000,133416000.0,6.953,3331900000.0,75500000.0,12300000.0,137000000.0,30.625,113200000.0
65,ALK,MRQ,2005-03-31,2005-03-31,2005-03-31,2021-08-03,-82700000.0,3300600000.0,,1234100000.0,2066500000.0,,5.383,-104500000.0,272400000.0,272400000.0,244200000.0,-80500000.0,1.169,4.647,1034400000.0,54000000.0,980400000.0,1034400000.0,307400000.0,34200000.0,0.0,0.0,0.0,-59300000.0,-25100000.0,-0.039,-25100000.0,-59300000.0,-73400000.0,-0.743,-0.598,-0.743,584500000.0,,584500000.0,1787290029.0,70.0,8.507,-107800000.0,-0.993,1.0,398300000.0,0.62,38600000.0,14100000.0,2967900000.0,,43700000.0,491100000.0,491100000.0,0.0,2716100000.0,1056100000.0,1660000000.0,798590029.0,135500000.0,0.0,1000000.0,-8600000.0,0.0,-7600000.0,146400000.0,247800000.0,-3300000.0,0.0,-80500000.0,-80500000.0,-80500000.0,0.0,0.0,-0.125,371000000.0,27300000.0,142300000.0,0.0,1.366,-15.039,-15.082,1823500000.0,0.0,7.36,0.288,0.289,119600000.0,203500000.0,642500000.0,642500000.0,0.0,,,,,300000.0,278000000.0,1.0,108504080.0,108588000,132632000.0,5.917,3262000000.0,80200000.0,7100000.0,131100000.0,30.04,178000000.0
66,ALK,MRQ,2004-12-31,2004-12-31,2004-12-31,2021-08-03,-81600000.0,3335000000.0,,1242300000.0,2092700000.0,,6.161,-42900000.0,28000000.0,28000000.0,250400000.0,-44900000.0,1.298,4.017,1043000000.0,53400000.0,989600000.0,1043000000.0,264800000.0,51100000.0,0.0,0.0,0.0,-59900000.0,-8800000.0,-0.013,-8800000.0,-59900000.0,-72900000.0,-0.417,-0.387,-0.417,664800000.0,,664800000.0,1737229387.0,56.0,7.346,7000000.0,0.065,1.0,405900000.0,0.618,38600000.0,13000000.0,3354100000.0,,42000000.0,845900000.0,845900000.0,0.0,2670200000.0,957300000.0,1712900000.0,900429387.0,-133000000.0,0.0,6100000.0,-16700000.0,0.0,-10000000.0,-172900000.0,-129700000.0,49900000.0,0.0,-44900000.0,-44900000.0,-44900000.0,0.0,0.0,-0.068,377900000.0,28000000.0,143800000.0,0.0,1.354,-58.852,-58.961,1908300000.0,0.0,8.373,0.331,0.33,99400000.0,284000000.0,656300000.0,656300000.0,0.0,,,,,-500000.0,264200000.0,1.0,107546060.0,107904000,107436000.0,6.082,3296400000.0,74700000.0,-28000000.0,173600000.0,30.549,285000000.0
67,ALK,MRQ,2004-09-30,2004-09-30,2004-09-30,2021-08-03,-76700000.0,3411500000.0,,1293600000.0,2117900000.0,,6.592,-35900000.0,222900000.0,222900000.0,315400000.0,74000000.0,1.343,3.816,1059700000.0,52100000.0,1007600000.0,1059700000.0,291200000.0,48900000.0,0.0,0.0,0.0,132800000.0,181700000.0,0.237,181700000.0,132800000.0,119200000.0,0.69,0.66,0.69,708400000.0,,708400000.0,1553141179.0,20.0,5.419,58800000.0,0.547,1.0,452800000.0,0.589,44600000.0,13600000.0,3240300000.0,,47400000.0,655600000.0,655600000.0,0.0,2703100000.0,963400000.0,1739700000.0,665241179.0,-44100000.0,0.0,700000.0,-48400000.0,0.0,-47700000.0,-91100000.0,-57400000.0,94700000.0,0.0,74000000.0,74000000.0,74000000.0,0.0,0.0,0.096,396000000.0,56800000.0,139300000.0,0.0,0.939,49.277,49.56,1917100000.0,0.0,6.195,0.248,0.248,120500000.0,328900000.0,768200000.0,768200000.0,0.0,,,,,0.0,286400000.0,1.0,107383564.0,107456000,130764000.0,7.149,3366900000.0,77700000.0,45200000.0,207500000.0,31.333,330200000.0
68,ALK,MRQ,2004-06-30,2004-06-30,2004-06-30,2021-08-03,-74900000.0,3362000000.0,,1253100000.0,2108900000.0,,5.924,-39800000.0,206100000.0,206100000.0,317800000.0,-1700000.0,1.213,4.29,1094000000.0,91100000.0,1002900000.0,1094000000.0,281100000.0,50400000.0,0.0,0.0,0.0,11900000.0,62300000.0,0.089,62300000.0,11900000.0,-700000.0,-0.017,-0.017,-0.017,635500000.0,,635500000.0,1670504104.0,67.0,7.136,127400000.0,1.188,1.0,383500000.0,0.547,45600000.0,12600000.0,3171200000.0,,46500000.0,659100000.0,659100000.0,0.0,2726500000.0,1033100000.0,1693400000.0,639804104.0,40200000.0,0.0,900000.0,-97700000.0,0.0,-96800000.0,-30200000.0,1900000.0,167200000.0,0.0,-1700000.0,-1700000.0,-1700000.0,0.0,0.0,-0.002,404100000.0,-20600000.0,139400000.0,0.0,1.007,-32.313,-32.788,1919400000.0,0.0,5.968,0.245,0.245,121100000.0,254900000.0,701300000.0,701300000.0,0.0,,,,,0.0,282000000.0,1.0,107214764.0,107272000,107272000.0,6.538,3316400000.0,94200000.0,1000000.0,182400000.0,30.916,220000000.0
69,ALK,MRQ,2004-03-31,2004-03-31,2004-03-31,2021-08-03,-70000000.0,3399300000.0,,1232300000.0,2167000000.0,,5.986,-48900000.0,164900000.0,164900000.0,288100000.0,-42700000.0,1.131,4.301,1195600000.0,201800000.0,993800000.0,1195600000.0,276300000.0,54800000.0,0.0,0.0,0.0,-53500000.0,1300000.0,0.002,1300000.0,-53500000.0,-66200000.0,-0.398,-0.398,-0.398,641200000.0,,641200000.0,1580649440.0,16.0,5.107,-27300000.0,-0.255,1.0,309900000.0,0.518,45600000.0,12700000.0,3295200000.0,,47200000.0,665000000.0,665000000.0,0.0,2758100000.0,1089200000.0,1668900000.0,659949440.0,-28000000.0,0.0,700000.0,47500000.0,0.0,48200000.0,-97800000.0,-45600000.0,21600000.0,0.0,-42700000.0,-42700000.0,-42700000.0,0.0,0.0,-0.071,368400000.0,-58500000.0,125400000.0,0.0,1.029,24.352,23.712,1976600000.0,0.0,6.165,0.261,0.261,143000000.0,256600000.0,598000000.0,598000000.0,0.0,,,,,0.0,280200000.0,1.0,107047760.0,107112000,107112000.0,5.583,3353700000.0,95100000.0,-23500000.0,178300000.0,31.31,143100000.0
70,ALK,MRQ,2003-12-31,2003-12-31,2003-12-31,2021-08-03,-79000000.0,3259200000.0,,1148300000.0,2110900000.0,,6.306,-57400000.0,192900000.0,192900000.0,269500000.0,-16100000.0,1.129,3.834,1113600000.0,206700000.0,906900000.0,1113600000.0,252400000.0,56200000.0,0.0,0.0,0.0,-14900000.0,41300000.0,0.067,41300000.0,-14900000.0,-24100000.0,-0.15,-0.15,-0.15,674200000.0,,674200000.0,1603849831.0,21.0,5.749,25300000.0,0.237,1.0,343800000.0,0.561,45600000.0,9200000.0,3116900000.0,,45800000.0,619400000.0,619400000.0,0.0,2585000000.0,1017400000.0,1567600000.0,728849831.0,-28800000.0,0.0,1600000.0,16400000.0,0.0,18000000.0,-129500000.0,-94000000.0,82700000.0,0.0,-16100000.0,-16100000.0,-16100000.0,0.0,0.0,-0.026,360000000.0,-16200000.0,132900000.0,0.0,1.081,53.989,53.301,1949200000.0,0.0,6.822,0.298,0.297,120700000.0,299300000.0,613300000.0,613300000.0,0.0,,,,,0.0,278200000.0,1.0,106830316.0,106916000,107520000.0,5.736,3213600000.0,90600000.0,-8000000.0,192000000.0,30.057,130900000.0
71,ALK,MRQ,2003-09-30,2003-09-30,2003-09-30,2021-08-03,-84600000.0,3239400000.0,,1122600000.0,2116800000.0,,6.404,-63400000.0,221700000.0,221700000.0,278600000.0,40700000.0,1.304,3.743,1096700000.0,55700000.0,1041000000.0,1096700000.0,238700000.0,47700000.0,0.0,0.0,0.0,81500000.0,129200000.0,0.184,129200000.0,81500000.0,68200000.0,0.383,0.383,0.383,683000000.0,,683000000.0,1704895893.0,44.0,7.352,22100000.0,0.207,1.0,425100000.0,0.604,50900000.0,13300000.0,3202600000.0,,68000000.0,526900000.0,526900000.0,0.0,2556400000.0,860900000.0,1695500000.0,741295893.0,107100000.0,0.0,900000.0,18600000.0,0.0,19500000.0,2100000.0,79000000.0,85500000.0,0.0,40700000.0,40700000.0,40700000.0,0.0,0.0,0.058,351800000.0,73300000.0,125600000.0,0.0,1.085,-54.911,-53.5,1951200000.0,0.0,6.955,0.314,0.314,142100000.0,315400000.0,703700000.0,703700000.0,0.0,,,,,0.0,280800000.0,1.0,106584600.0,106652000,107360000.0,6.598,3188500000.0,83400000.0,27500000.0,200300000.0,29.896,261700000.0
72,ALK,MRQ,2003-06-30,2003-06-30,2003-06-30,2021-08-03,-82700000.0,3184400000.0,,1093700000.0,2090700000.0,,6.042,-132500000.0,114600000.0,114600000.0,265000000.0,45200000.0,1.224,3.95,1078200000.0,62000000.0,1016200000.0,1078200000.0,235500000.0,50700000.0,0.0,0.0,0.0,87000000.0,137700000.0,0.226,137700000.0,87000000.0,72800000.0,0.425,0.425,0.425,643300000.0,,643300000.0,1383792973.0,-110.0,7.558,59300000.0,0.557,1.0,345600000.0,0.566,50900000.0,14200000.0,3203500000.0,,70100000.0,606900000.0,606900000.0,0.0,2541100000.0,893600000.0,1647500000.0,570692973.0,-91200000.0,0.0,600000.0,59000000.0,0.0,59600000.0,-342600000.0,-198700000.0,191800000.0,0.0,45200000.0,45200000.0,45200000.0,0.0,0.0,0.074,345000000.0,600000.0,124300000.0,0.0,0.887,-13.686,-13.68,1931700000.0,0.0,5.362,0.251,0.251,141300000.0,274700000.0,610600000.0,610600000.0,0.0,,,,,0.0,265000000.0,1.0,106422932.0,106472000,106476000.0,5.735,3133500000.0,74700000.0,27600000.0,165000000.0,29.43,200100000.0
73,ALK,MRQ,2003-03-31,2003-03-31,2003-03-31,2021-08-03,-80200000.0,2992100000.0,,990300000.0,2001800000.0,,5.643,-100800000.0,205800000.0,205800000.0,259800000.0,-56300000.0,1.191,3.987,1018900000.0,39900000.0,979000000.0,1018900000.0,233100000.0,47600000.0,0.0,0.0,0.0,-76800000.0,-29200000.0,-0.056,-29200000.0,-76800000.0,-87900000.0,-0.53,-0.53,-0.53,600000000.0,,600000000.0,1052440055.0,-11.0,10.248,-105600000.0,-0.993,1.0,258900000.0,0.499,50900000.0,11100000.0,2922500000.0,,67800000.0,409800000.0,409800000.0,0.0,2392100000.0,831800000.0,1560300000.0,416140055.0,-63200000.0,0.0,600000.0,109100000.0,0.0,109700000.0,-168100000.0,-40200000.0,-4800000.0,0.0,-56300000.0,-56300000.0,-56300000.0,0.0,0.0,-0.109,337500000.0,-78600000.0,139500000.0,0.0,0.694,-4.634,-4.633,1839300000.0,0.0,3.915,0.186,0.186,134800000.0,229500000.0,518700000.0,518700000.0,0.0,,,,,0.0,257600000.0,1.0,106293756.0,106328000,106328000.0,4.878,2941200000.0,74000000.0,-31600000.0,138200000.0,27.662,158500000.0
74,ALK,MRQ,2002-12-31,2002-12-31,2002-12-31,2021-08-03,-80200000.0,2880700000.0,,954300000.0,1926400000.0,,6.173,-38400000.0,269000000.0,269000000.0,257800000.0,-43100000.0,1.227,3.393,905300000.0,48600000.0,856700000.0,905300000.0,232000000.0,47500000.0,0.0,0.0,0.0,-53300000.0,-5800000.0,-0.011,-5800000.0,-53300000.0,-64900000.0,-0.407,-0.407,-0.407,655700000.0,,655700000.0,1156489336.0,-11.0,13.172,-31000000.0,-0.292,1.0,269900000.0,0.511,50900000.0,11600000.0,2688200000.0,,49900000.0,366800000.0,366800000.0,0.0,2225000000.0,777900000.0,1447100000.0,574789336.0,-39700000.0,0.0,600000.0,15500000.0,0.0,16100000.0,-63200000.0,-15500000.0,7400000.0,0.0,-43100000.0,-43100000.0,-43100000.0,0.0,0.0,-0.082,334000000.0,-64100000.0,132100000.0,0.0,0.877,-4.846,-4.846,1801400000.0,0.0,5.412,0.258,0.258,125400000.0,285800000.0,527700000.0,527700000.0,0.0,,,,,0.0,283000000.0,1.0,106196644.0,106220000,106220000.0,4.968,2829800000.0,61200000.0,-21800000.0,157200000.0,26.641,176400000.0
75,ALK,MRQ,2002-09-30,2002-09-30,2002-09-30,2021-08-03,10600000.0,2900900000.0,,954100000.0,1946800000.0,,7.431,-54200000.0,308700000.0,308700000.0,245700000.0,12500000.0,1.277,2.676,889900000.0,46200000.0,843700000.0,889900000.0,222300000.0,49900000.0,0.0,0.0,0.0,30500000.0,80400000.0,0.13,80400000.0,30500000.0,19300000.0,0.12,0.12,0.12,789100000.0,,789100000.0,1097820150.0,-13.0,9.375,-18700000.0,-0.176,1.0,374900000.0,0.604,0.0,11200000.0,2734800000.0,,71100000.0,352300000.0,352300000.0,0.0,2111800000.0,747300000.0,1364500000.0,469920150.0,38300000.0,0.0,0.0,-8000000.0,0.0,-8000000.0,10800000.0,84100000.0,35500000.0,0.0,12500000.0,12500000.0,12500000.0,0.0,0.0,0.02,349400000.0,25500000.0,138600000.0,0.0,0.596,-4.162,-4.167,1780800000.0,0.0,4.425,0.217,0.217,88000000.0,328800000.0,620600000.0,620600000.0,0.0,,,,,0.0,256600000.0,1.0,106196644.0,106196000,106196000.0,5.844,2900900000.0,0.0,6800000.0,172100000.0,27.316,206800000.0
76,ALK,MRQ,2002-06-30,2002-06-30,2002-06-30,2021-08-03,6100000.0,2945500000.0,,1010600000.0,1934900000.0,,7.272,-21000000.0,270400000.0,270400000.0,239700000.0,-2900000.0,1.243,2.814,897800000.0,45700000.0,852100000.0,897800000.0,218600000.0,49500000.0,0.0,0.0,0.0,7800000.0,57300000.0,0.1,57300000.0,7800000.0,-3800000.0,-0.027,-0.027,-0.027,772200000.0,,772200000.0,1245153993.0,-17.0,9.447,88400000.0,0.832,1.0,336000000.0,0.584,0.0,11600000.0,2759800000.0,,70800000.0,434900000.0,434900000.0,0.0,2173300000.0,813100000.0,1360200000.0,692853993.0,-84000000.0,0.0,0.0,14300000.0,0.0,14300000.0,-207700000.0,-170000000.0,109400000.0,0.0,-2900000.0,-2900000.0,-2900000.0,0.0,0.0,-0.005,341000000.0,-5000000.0,130000000.0,0.0,0.897,-6.984,-6.979,1762200000.0,0.0,6.525,0.325,0.325,100100000.0,316400000.0,575700000.0,575700000.0,0.0,,,,,0.0,245300000.0,1.0,106184520.0,106192000,106192000.0,5.421,2945500000.0,0.0,-900000.0,165800000.0,27.737,197500000.0
77,ALK,MRQ,2002-03-31,2002-03-31,2002-03-31,2021-08-03,7900000.0,2879100000.0,,940100000.0,1939000000.0,,7.32,1700000.0,354400000.0,354400000.0,223200000.0,-85100000.0,1.234,2.706,883500000.0,43700000.0,839800000.0,883500000.0,210800000.0,47800000.0,0.0,0.0,0.0,-91900000.0,-44100000.0,-0.088,-44100000.0,-91900000.0,-103800000.0,-0.802,-0.802,-0.802,776900000.0,,776900000.0,1299329371.0,-20.0,9.17,-26100000.0,-0.246,1.0,276900000.0,0.554,0.0,11900000.0,2646400000.0,,69000000.0,263700000.0,263700000.0,0.0,2102200000.0,761800000.0,1340400000.0,883129371.0,-136400000.0,0.0,300000.0,-7600000.0,0.0,-7300000.0,-101300000.0,-95500000.0,-27800000.0,0.0,-85100000.0,-85100000.0,-85100000.0,0.0,0.0,-0.17,326500000.0,-49600000.0,134800000.0,0.0,1.137,-9.516,-9.511,1775500000.0,0.0,8.322,0.413,0.413,104700000.0,319300000.0,500100000.0,500100000.0,0.0,,,,,0.0,233100000.0,1.0,106113472.0,106128000,106128000.0,4.712,2879100000.0,0.0,-18700000.0,169300000.0,27.129,178300000.0
78,ALK,MRQ,2001-12-31,2001-12-31,2001-12-31,2021-08-03,-2500000.0,2950500000.0,,919000000.0,2031500000.0,,8.022,-26400000.0,490800000.0,490800000.0,216400000.0,-37400000.0,1.222,2.466,895400000.0,43200000.0,852200000.0,895400000.0,204300000.0,55600000.0,0.0,0.0,0.0,-32100000.0,23500000.0,0.05,23500000.0,-32100000.0,-54300000.0,-0.352,-0.352,-0.352,851300000.0,,851300000.0,1648475509.0,-102.0,8.599,-14500000.0,-0.137,1.0,249700000.0,0.536,51400000.0,22200000.0,2551700000.0,,70200000.0,169800000.0,169800000.0,0.0,2099200000.0,752000000.0,1347200000.0,771975509.0,459700000.0,0.0,100000.0,17900000.0,0.0,18000000.0,429800000.0,468400000.0,11900000.0,0.0,-37400000.0,-37400000.0,-37400000.0,0.0,0.0,-0.08,344700000.0,-95000000.0,124600000.0,0.0,0.907,-17.787,-17.744,1821500000.0,0.0,7.275,0.359,0.358,83800000.0,404400000.0,466100000.0,466100000.0,0.0,,,,,0.0,296000000.0,1.0,106113472.0,106116000,106116000.0,4.392,2899100000.0,51200000.0,-16900000.0,173400000.0,27.32,167000000.0
79,ALK,MRQ,2001-09-30,2001-09-30,2001-09-30,2021-08-03,0.0,2982700000.0,,1006500000.0,1976200000.0,,8.113,-39000000.0,30700000.0,30700000.0,244900000.0,26200000.0,1.344,2.466,907200000.0,37800000.0,869400000.0,907200000.0,157400000.0,52700000.0,0.0,0.0,0.0,42400000.0,95100000.0,0.162,95100000.0,42400000.0,39900000.0,0.247,0.247,0.247,860500000.0,,860500000.0,1187937611.0,-43.0,6.804,109400000.0,1.031,1.0,342600000.0,0.583,51900000.0,2500000.0,3058500000.0,,76700000.0,636600000.0,636600000.0,0.0,2122200000.0,748800000.0,1373400000.0,529037611.0,-4900000.0,0.0,800000.0,212900000.0,0.0,213700000.0,-367000000.0,-301700000.0,148400000.0,0.0,26200000.0,26200000.0,26200000.0,0.0,0.0,0.045,328900000.0,13700000.0,129800000.0,0.0,0.615,-16.636,-16.531,1866200000.0,0.0,4.992,0.237,0.237,88200000.0,411400000.0,587500000.0,587500000.0,0.0,,,,,0.0,234500000.0,1.0,105966472.0,106060000,106060000.0,5.539,2930800000.0,0.0,13700000.0,170700000.0,27.633,257700000.0
80,ALK,MRQ,2001-06-30,2001-06-30,2001-06-30,2021-08-03,0.0,2706700000.0,,749400000.0,1957300000.0,,7.878,-181800000.0,35700000.0,35700000.0,251200000.0,3500000.0,0.976,2.243,694600000.0,38600000.0,656000000.0,694600000.0,142200000.0,50100000.0,0.0,0.0,0.0,17100000.0,67200000.0,0.115,67200000.0,17100000.0,6500000.0,0.033,0.033,0.033,834500000.0,,834500000.0,1325520124.0,-59.0,7.592,-110000000.0,-1.038,1.0,331600000.0,0.569,52400000.0,10600000.0,2545700000.0,,71700000.0,334900000.0,334900000.0,0.0,1872200000.0,767500000.0,1104700000.0,765220124.0,-49100000.0,0.0,200000.0,99000000.0,0.0,99200000.0,-220100000.0,-28200000.0,71800000.0,0.0,3500000.0,3500000.0,3500000.0,0.0,0.0,0.006,322600000.0,9000000.0,131600000.0,0.0,0.917,-18.176,-18.153,1868200000.0,0.0,7.225,0.34,0.34,120100000.0,386100000.0,582800000.0,582800000.0,0.0,,,,,0.0,226800000.0,1.0,105912820.0,105924000,105924000.0,5.502,2654300000.0,0.0,3000000.0,141000000.0,25.059,-18100000.0
81,ALK,MRQ,2001-03-31,2001-03-31,2001-03-31,2021-08-03,0.0,2611200000.0,,747400000.0,1863800000.0,,7.835,-99700000.0,84900000.0,84900000.0,252300000.0,-35700000.0,1.009,2.148,645200000.0,33900000.0,611300000.0,645200000.0,135100000.0,49400000.0,0.0,0.0,0.0,-43500000.0,5900000.0,0.011,5900000.0,-43500000.0,-55600000.0,-0.338,-0.338,-0.338,829600000.0,,829600000.0,1254755052.0,-75.0,7.364,-45300000.0,-0.428,1.0,264100000.0,0.511,52900000.0,12100000.0,2377500000.0,,67900000.0,306700000.0,306700000.0,0.0,1781600000.0,741100000.0,1040500000.0,679955052.0,-16300000.0,0.0,400000.0,-10200000.0,0.0,-9800000.0,-60900000.0,49400000.0,54400000.0,0.0,-35700000.0,-35700000.0,-35700000.0,0.0,0.0,-0.069,318100000.0,-54000000.0,142500000.0,0.0,0.82,-18.477,-18.463,1774400000.0,0.0,6.425,0.306,0.306,101600000.0,381400000.0,516400000.0,516400000.0,0.0,,,,,0.0,223300000.0,1.0,105829580.0,105884000,105884000.0,4.877,2558300000.0,0.0,-19900000.0,137400000.0,24.161,6300000.0
82,ALK,MRQ,2000-12-31,2000-12-31,2000-12-31,2021-08-03,-500000.0,2528100000.0,,717200000.0,1810900000.0,,8.462,35800000.0,101400000.0,101400000.0,278000000.0,-25800000.0,1.011,1.824,575900000.0,66700000.0,509200000.0,575900000.0,159600000.0,50300000.0,0.0,0.0,0.0,-43900000.0,6400000.0,0.012,6400000.0,-43900000.0,-54800000.0,-0.245,-0.245,-0.245,895100000.0,,895100000.0,1151528100.0,-31.0,8.492,57500000.0,0.544,1.0,271200000.0,0.494,53400000.0,10900000.0,2239900000.0,,63100000.0,357800000.0,357800000.0,0.0,1633000000.0,709300000.0,923700000.0,786728100.0,-36100000.0,0.0,200000.0,73600000.0,0.0,73800000.0,-131600000.0,-110300000.0,21700000.0,0.0,-25800000.0,-25800000.0,-25800000.0,0.0,0.0,-0.047,338000000.0,-66800000.0,147600000.0,0.0,0.879,-11.707,-11.713,1643100000.0,0.0,7.438,0.359,0.359,86800000.0,447800000.0,549200000.0,549200000.0,0.0,,,,,0.0,256800000.0,1.0,105778568.0,105784000,105100000.0,5.192,2474700000.0,0.0,-29000000.0,153400000.0,23.394,7900000.0
83,ALK,MRQ,2000-09-30,2000-09-30,2000-09-30,2021-08-03,0.0,2461800000.0,,699300000.0,1762500000.0,,8.421,-109700000.0,137500000.0,137500000.0,259100000.0,15900000.0,0.895,1.763,502300000.0,95800000.0,406500000.0,502300000.0,120100000.0,47200000.0,0.0,0.0,0.0,47900000.0,95100000.0,0.158,95100000.0,47900000.0,38600000.0,0.152,0.152,0.152,890900000.0,,890900000.0,903656456.0,30.0,4.869,-10700000.0,-0.101,1.0,343200000.0,0.57,53900000.0,9300000.0,1991500000.0,,61300000.0,245900000.0,245900000.0,0.0,1570900000.0,781200000.0,789700000.0,634656456.0,17600000.0,0.0,200000.0,113400000.0,0.0,113600000.0,-195000000.0,-86200000.0,99000000.0,0.0,15900000.0,15900000.0,15900000.0,0.0,0.0,0.026,306000000.0,37200000.0,133000000.0,0.0,0.712,-21.735,-21.818,1670700000.0,0.0,6.0,0.294,0.294,99500000.0,443400000.0,602300000.0,602300000.0,0.0,,,,,0.0,218500000.0,1.0,105776076.0,105800000,106484000.0,5.693,2407900000.0,0.0,22700000.0,117500000.0,22.759,-81900000.0
84,ALK,MRQ,2000-06-30,2000-06-30,2000-06-30,2021-08-03,0.0,2297700000.0,,605900000.0,1691800000.0,,8.272,-124800000.0,119900000.0,119900000.0,230200000.0,8800000.0,0.797,1.627,388900000.0,94900000.0,294000000.0,388900000.0,121400000.0,40300000.0,0.0,0.0,0.0,22700000.0,63000000.0,0.114,63000000.0,22700000.0,14800000.0,0.083,0.083,0.083,874800000.0,,874800000.0,988795225.0,13.0,4.486,-22600000.0,-0.214,1.0,322600000.0,0.584,54500000.0,7900000.0,1751500000.0,,59700000.0,159700000.0,159700000.0,0.0,1422900000.0,760700000.0,662200000.0,717295225.0,-5700000.0,0.0,0.0,-8200000.0,0.0,-8200000.0,-99700000.0,-12300000.0,102200000.0,0.0,8800000.0,8800000.0,8800000.0,0.0,0.0,0.016,309500000.0,13100000.0,115000000.0,0.0,0.82,73.193,71.395,1600700000.0,0.0,6.782,0.335,0.335,104800000.0,427500000.0,552800000.0,552800000.0,0.0,,,,,0.0,204800000.0,1.0,105756760.0,105752000,105752000.0,5.227,2243200000.0,0.0,6000000.0,105900000.0,21.212,-154800000.0
85,ALK,MRQ,2000-03-31,2000-03-31,2000-03-31,2021-08-03,0.0,2223600000.0,,597000000.0,1626600000.0,,8.743,-101800000.0,125600000.0,125600000.0,229700000.0,-66100000.0,0.821,1.406,397100000.0,97000000.0,300100000.0,397100000.0,36400000.0,35500000.0,0.0,0.0,0.0,-64400000.0,-28900000.0,-0.059,-28900000.0,-64400000.0,-72300000.0,-0.625,-0.625,-0.625,924200000.0,,924200000.0,1064908768.0,8.0,4.023,-51600000.0,-0.488,1.0,260000000.0,0.531,55000000.0,7900000.0,1713100000.0,,57700000.0,147400000.0,147400000.0,0.0,1299400000.0,727000000.0,572400000.0,793908768.0,-6900000.0,0.0,800000.0,-6400000.0,0.0,-5600000.0,-51500000.0,49100000.0,50200000.0,0.0,-66100000.0,-66100000.0,-66100000.0,0.0,0.0,-0.135,276600000.0,-16600000.0,112400000.0,0.0,0.859,18.42,18.329,1536000000.0,0.0,7.515,0.374,0.375,99400000.0,477300000.0,489700000.0,489700000.0,0.0,,,,,0.0,197200000.0,1.0,105643216.0,105704000,105704000.0,4.633,2168600000.0,0.0,-6200000.0,136800000.0,20.516,-130000000.0
86,ALK,MRQ,1999-12-31,1999-12-31,1999-12-31,2021-08-03,0.0,2180100000.0,,581900000.0,1598200000.0,,8.81,-165800000.0,132500000.0,132500000.0,217900000.0,12200000.0,0.941,1.342,403500000.0,66500000.0,337000000.0,403500000.0,37400000.0,32900000.0,0.0,0.0,0.0,23500000.0,56400000.0,0.11,56400000.0,23500000.0,18300000.0,0.115,0.113,0.115,930700000.0,,930700000.0,1031734474.0,4.0,2.853,-144200000.0,-1.365,1.0,293600000.0,0.574,55500000.0,5200000.0,1776900000.0,,54300000.0,196500000.0,196500000.0,0.0,1249400000.0,618700000.0,630700000.0,927534474.0,55500000.0,0.0,200000.0,222600000.0,0.0,222800000.0,-188900000.0,-26400000.0,21600000.0,0.0,12200000.0,12200000.0,12200000.0,0.0,0.0,0.024,284000000.0,9600000.0,104200000.0,0.0,0.997,7.168,7.152,1467400000.0,0.0,8.783,0.443,0.443,74600000.0,484800000.0,511500000.0,511500000.0,0.0,,,,,0.0,194400000.0,1.0,105611668.0,105644000,106304000.0,4.842,2124600000.0,0.0,6100000.0,144000000.0,20.111,-36800000.0
87,ALK,MRQ,1999-09-30,1999-09-30,1999-09-30,2021-08-03,0.0,1977200000.0,,495400000.0,1481800000.0,,8.652,-193000000.0,76800000.0,76800000.0,215100000.0,54900000.0,0.825,1.165,181000000.0,27100000.0,153900000.0,181000000.0,38400000.0,35100000.0,0.0,0.0,0.0,94800000.0,129900000.0,0.221,129900000.0,94800000.0,91200000.0,0.523,0.52,0.523,913300000.0,,913300000.0,1192832701.0,5.0,3.128,-101800000.0,-0.964,1.0,374000000.0,0.635,56000000.0,3600000.0,1424800000.0,,54700000.0,170100000.0,170100000.0,0.0,1063900000.0,600600000.0,463300000.0,1073332701.0,9000000.0,0.0,600000.0,23500000.0,0.0,24100000.0,-106300000.0,83400000.0,91200000.0,0.0,54900000.0,54900000.0,54900000.0,0.0,0.0,0.093,287700000.0,86300000.0,100400000.0,0.0,1.175,7.443,7.292,1350800000.0,0.0,10.172,0.527,0.527,90500000.0,467800000.0,589100000.0,589100000.0,0.0,,,,,0.0,200000000.0,1.0,105513168.0,105556000,105952000.0,5.581,1921200000.0,0.0,36300000.0,153500000.0,18.201,-105200000.0
88,ALK,MRQ,1999-06-30,1999-06-30,1999-06-30,2021-08-03,0.0,1928700000.0,,575600000.0,1353100000.0,,8.129,-118000000.0,67800000.0,67800000.0,193000000.0,42100000.0,0.92,1.249,187300000.0,27000000.0,160300000.0,187300000.0,39400000.0,33500000.0,0.0,0.0,0.0,73800000.0,107300000.0,0.203,107300000.0,73800000.0,70100000.0,0.397,0.398,0.397,857600000.0,,857600000.0,1231939552.0,5.0,3.394,38400000.0,0.364,1.0,336700000.0,0.636,56500000.0,3700000.0,1365800000.0,,50100000.0,253500000.0,253500000.0,0.0,1071100000.0,625900000.0,445200000.0,1100639552.0,6700000.0,0.0,500000.0,-5100000.0,0.0,-4600000.0,-145100000.0,-25100000.0,156400000.0,0.0,42100000.0,42100000.0,42100000.0,0.0,0.0,0.079,271400000.0,65300000.0,96000000.0,0.0,1.283,8.171,7.998,1218400000.0,0.0,10.438,0.554,0.554,99800000.0,412900000.0,529700000.0,529700000.0,0.0,,,,,0.0,188800000.0,1.0,105450496.0,105500000,105840000.0,5.021,1872200000.0,0.0,28000000.0,132900000.0,17.746,-50300000.0
89,ALK,MRQ,1999-03-31,1999-03-31,1999-03-31,2021-08-03,0.0,1808700000.0,,541900000.0,1266800000.0,,7.741,-95300000.0,61100000.0,61100000.0,179800000.0,20200000.0,0.955,1.22,192400000.0,27400000.0,165000000.0,192400000.0,40500000.0,30800000.0,0.0,0.0,0.0,37200000.0,68000000.0,0.147,68000000.0,37200000.0,33400000.0,0.193,0.19,0.193,814800000.0,,814800000.0,1414940238.0,6.0,4.003,-19000000.0,-0.181,1.0,281400000.0,0.61,57000000.0,3800000.0,1315400000.0,,45600000.0,228300000.0,228300000.0,0.0,993900000.0,567600000.0,426300000.0,1245640238.0,31700000.0,0.0,5000000.0,-6300000.0,0.0,-1300000.0,-43300000.0,48900000.0,76300000.0,0.0,20200000.0,20200000.0,20200000.0,0.0,0.0,0.044,252800000.0,28600000.0,86400000.0,0.0,1.529,9.473,8.796,1130300000.0,0.0,11.875,0.641,0.643,90800000.0,370800000.0,461200000.0,461200000.0,0.0,,,,,0.0,176500000.0,1.0,104896020.0,105252000,106016000.0,4.382,1751700000.0,0.0,13200000.0,111500000.0,16.643,-25700000.0
90,ALK,MRQ,1998-12-31,1998-12-31,1998-12-31,2021-08-03,0.0,1731800000.0,,528800000.0,1203000000.0,,8.439,-158000000.0,29400000.0,29400000.0,173600000.0,27000000.0,1.006,1.194,198700000.0,27200000.0,171500000.0,198700000.0,41500000.0,31100000.0,0.0,0.0,0.0,45000000.0,76100000.0,0.167,76100000.0,45000000.0,41000000.0,0.283,0.255,0.283,789500000.0,,789500000.0,1176205249.0,5.0,3.441,-150700000.0,-1.611,1.0,283400000.0,0.62,57500000.0,4000000.0,1317700000.0,,44100000.0,277200000.0,277200000.0,0.0,942300000.0,525900000.0,416400000.0,1159905249.0,-163000000.0,0.0,400000.0,47400000.0,0.0,47800000.0,-218100000.0,-62300000.0,7300000.0,0.0,27000000.0,27000000.0,27000000.0,0.0,0.0,0.059,247000000.0,36400000.0,84300000.0,0.0,1.469,9.324,8.318,1061300000.0,0.0,11.062,0.611,0.545,70600000.0,350600000.0,457000000.0,457000000.0,0.0,,,,,0.0,171600000.0,1.0,104850192.0,93552000,105468000.0,4.885,1674300000.0,0.0,14000000.0,99200000.0,17.897,2900000.0
91,ALK,MRQ,1998-09-30,1998-09-30,1998-09-30,2021-08-03,0.0,1765900000.0,,635000000.0,1130900000.0,,7.267,-131400000.0,192400000.0,192400000.0,183300000.0,45400000.0,1.106,1.318,208700000.0,27600000.0,181100000.0,208700000.0,40800000.0,29900000.0,0.0,0.0,0.0,81700000.0,111600000.0,0.207,111600000.0,81700000.0,77400000.0,0.432,0.43,0.432,761800000.0,,761800000.0,954694923.0,4.0,2.939,-19000000.0,-0.181,1.0,356100000.0,0.66,58000000.0,4300000.0,1149900000.0,,48200000.0,214900000.0,214900000.0,0.0,1004100000.0,574300000.0,429800000.0,892594923.0,39700000.0,0.0,100000.0,76800000.0,0.0,76900000.0,-149600000.0,-17500000.0,112400000.0,0.0,45400000.0,45400000.0,45400000.0,0.0,0.0,0.084,266600000.0,89500000.0,83700000.0,0.0,1.172,7.934,6.591,988800000.0,0.0,8.515,0.479,0.479,90700000.0,323600000.0,539400000.0,539400000.0,0.0,,,,,0.0,186700000.0,1.0,104826180.0,104836000,105692000.0,5.145,1707900000.0,0.0,32000000.0,107400000.0,16.291,60700000.0
92,ALK,MRQ,1998-06-30,1998-06-30,1998-06-30,2021-08-03,0.0,1686900000.0,,583600000.0,1103300000.0,,8.162,-174200000.0,152700000.0,152700000.0,175600000.0,38900000.0,1.045,1.356,214800000.0,31500000.0,183300000.0,214800000.0,36100000.0,27700000.0,0.0,0.0,0.0,70100000.0,97800000.0,0.202,97800000.0,70100000.0,64000000.0,0.443,0.378,0.443,716100000.0,,716100000.0,1394554537.0,7.0,4.348,-57400000.0,-0.654,1.0,309300000.0,0.638,58500000.0,6100000.0,1132100000.0,,44000000.0,197400000.0,197400000.0,0.0,970800000.0,558400000.0,412400000.0,1108354537.0,75000000.0,0.0,500000.0,156100000.0,0.0,156600000.0,-198400000.0,-24000000.0,116800000.0,0.0,38900000.0,38900000.0,38900000.0,0.0,0.0,0.08,246700000.0,62600000.0,82300000.0,0.0,1.548,10.14,8.633,959000000.0,0.0,13.64,0.607,0.656,94200000.0,278200000.0,484900000.0,484900000.0,0.0,,,,,0.0,172500000.0,1.0,81257664.0,87732000,105816000.0,5.527,1628400000.0,0.0,25100000.0,96300000.0,18.561,25200000.0
93,ALK,MRQ,1998-03-31,1998-03-31,1998-03-31,2021-08-03,0.0,1602300000.0,,481000000.0,1121300000.0,,7.244,-116600000.0,77700000.0,77700000.0,163800000.0,13100000.0,0.926,1.897,363900000.0,29200000.0,334700000.0,363900000.0,24200000.0,27500000.0,0.0,0.0,0.0,28800000.0,56300000.0,0.135,56300000.0,28800000.0,22000000.0,0.172,0.14,0.172,553100000.0,,553100000.0,1318241247.0,7.0,4.491,-42900000.0,-0.562,1.0,252600000.0,0.607,59000000.0,6800000.0,1310100000.0,,46400000.0,173400000.0,173400000.0,0.0,1049200000.0,519400000.0,529800000.0,990741247.0,-24900000.0,0.0,5600000.0,76200000.0,0.0,81800000.0,-180400000.0,-63300000.0,73700000.0,0.0,13100000.0,13100000.0,13100000.0,0.0,0.0,0.031,230100000.0,22500000.0,81400000.0,0.0,1.791,10.863,9.062,974700000.0,0.0,13.547,0.558,0.583,86000000.0,239300000.0,416400000.0,416400000.0,0.0,,,,,0.0,158400000.0,1.0,73130928.0,76348000,105536000.0,5.454,1543300000.0,0.0,8900000.0,78600000.0,20.214,-38400000.0
94,ALK,MRQ,1997-12-31,1997-12-31,1997-12-31,2021-08-03,0.0,1533100000.0,,424600000.0,1108500000.0,,8.037,-123900000.0,102600000.0,102600000.0,173600000.0,15100000.0,0.897,2.226,430100000.0,28700000.0,401400000.0,430100000.0,19500000.0,26400000.0,0.0,0.0,0.0,32700000.0,59100000.0,0.14,59100000.0,32700000.0,24700000.0,0.245,0.238,0.245,475300000.0,,475300000.0,,,,-145900000.0,-2.467,1.0,249200000.0,0.589,59600000.0,8000000.0,1327700000.0,,47200000.0,110100000.0,110100000.0,0.0,1057800000.0,473300000.0,584500000.0,708455865.0,3900000.0,0.0,123700000.0,37200000.0,0.0,160900000.0,-135000000.0,-16700000.0,-22000000.0,0.0,15100000.0,15100000.0,15100000.0,0.0,0.0,0.036,222000000.0,27200000.0,73900000.0,0.0,1.491,9.785,7.908,960600000.0,0.0,9.688,0.407,0.329,72600000.0,226200000.0,422800000.0,422800000.0,0.0,,,,,0.0,148600000.0,1.0,73130928.0,59140000,90756000.0,7.149,1473500000.0,0.0,9600000.0,72300000.0,24.915,-48700000.0
95,ALK,MRQ,1997-09-30,1997-09-30,1997-09-30,2021-08-03,,,,,,,,-120800000.0,,,177500000.0,42200000.0,,,,,,,,26400000.0,,0.0,0.0,81100000.0,107500000.0,0.214,107500000.0,81100000.0,72500000.0,0.72,0.49,0.72,,,,,,,-5900000.0,-0.101,1.0,323700000.0,0.646,,8600000.0,,,,,,,,,,,16400000.0,0.0,3600000.0,65600000.0,0.0,69200000.0,-167700000.0,-47100000.0,114900000.0,0.0,42200000.0,42200000.0,42200000.0,0.0,0.0,0.084,247400000.0,76300000.0,,0.0,,,,,0.0,8.22,,,,,501200000.0,501200000.0,0.0,,,,,0.0,167900000.0,1.0,,58684000,90232000.0,8.541,,,30300000.0,,,
96,ALK,MRQ,1997-06-30,1997-06-30,1997-06-30,2021-08-03,,,,,,,,-146900000.0,,,166400000.0,20800000.0,,,,,,,,25500000.0,,0.0,0.0,45100000.0,70600000.0,0.162,70600000.0,45100000.0,36500000.0,0.357,0.253,0.357,,,,,,,-71300000.0,-1.223,1.0,268600000.0,0.617,,8600000.0,,,,,,,,,,,64000000.0,0.0,300000.0,124400000.0,0.0,124700000.0,-136300000.0,13700000.0,75600000.0,0.0,20800000.0,20800000.0,20800000.0,0.0,0.0,0.048,227700000.0,40900000.0,,0.0,,,,,0.0,6.407,,,,,435000000.0,435000000.0,0.0,,,,,0.0,152700000.0,1.0,,58304000,89884000.0,7.461,,,15700000.0,,,
97,ALK,MRQ,1997-03-31,1997-03-31,1997-03-31,2021-08-03,,,,,,,,-38700000.0,,,171200000.0,-5700000.0,,,,,,,,25100000.0,,0.0,0.0,-1700000.0,23400000.0,0.062,23400000.0,-1700000.0,-10100000.0,-0.098,-0.098,-0.098,,,,,,,-2000000.0,-0.034,1.0,209200000.0,0.55,,8400000.0,,,,,,,,,,,-31100000.0,0.0,1700000.0,-25400000.0,0.0,-23700000.0,-44100000.0,-7600000.0,36700000.0,0.0,-5700000.0,-5700000.0,-5700000.0,0.0,0.0,-0.015,214600000.0,-5400000.0,,0.0,,,,,0.0,6.407,,,,,380400000.0,380400000.0,0.0,,,,,0.0,142900000.0,1.0,,58000000,58000000.0,6.559,,,-4400000.0,,,
98,ALK,MRQ,1996-12-31,1996-12-31,1996-12-31,2021-08-03,0.0,1311400000.0,,300200000.0,1011200000.0,,4.784,,49400000.0,49400000.0,,,0.618,3.812,428200000.0,24100000.0,404100000.0,428200000.0,18100000.0,,0.0,0.0,0.0,,,,,,,,,,272500000.0,,272500000.0,,,,,,1.0,,,61600000.0,,1142800000.0,,47800000.0,52400000.0,52400000.0,0.0,1038900000.0,485800000.0,553100000.0,,,,,,,,,,,,,,,,,,,,65400000.0,,,,7.871,863400000.0,,5.25,,0.188,69700000.0,153800000.0,,,,,,,,,,1.0,,56964000,,,1249800000.0,0.0,,49500000.0,21.94,-185600000.0
0,ALK,MRT,2021-06-30,2021-06-30,2021-06-30,2021-08-03,-487000000.0,14656000000.0,14428250000.0,4771000000.0,9885000000.0,0.266,26.597,-140000000.0,1025000000.0,1025000000.0,2295000000.0,-612000000.0,0.985,3.409,4673000000.0,1132000000.0,3541000000.0,4673000000.0,2346000000.0,400000000.0,0.0,0.0,0.0,-738000000.0,-338000000.0,-0.088,-338000000.0,-738000000.0,-877000000.0,-4.96,-5.01,-4.96,3324000000.0,3160250000.0,3324000000.0,11556496936.0,-16.0,-34.191,312000000.0,2.496,1.0,1538000000.0,0.401,2046000000.0,139000000.0,11412000000.0,11590250000.0,52000000.0,2926000000.0,2926000000.0,0.0,11332000000.0,4846000000.0,6486000000.0,7507496936.0,-478000000.0,0.0,0.0,541000000.0,0.0,609000000.0,-1539000000.0,-1641000000.0,452000000.0,0.0,-612000000.0,-612000000.0,-612000000.0,0.0,0.0,-0.16,2316000000.0,-778000000.0,159000000.0,0.0,2.259,-12.267,-12.159,7503000000.0,0.0,60.31,1.959,1.966,567000000.0,4030000000.0,3833000000.0,3833000000.0,0.0,-0.042,-0.194,-0.064,-0.193,41000000.0,2088000000.0,1.0,124481793.0,124977000,126825000.0,30.67,12610000000.0,0.0,-265000000.0,439000000.0,100.899,-75000000.0
1,ALK,MRT,2021-03-31,2021-03-31,2021-03-31,2021-08-03,-494000000.0,14262000000.0,14263750000.0,4284000000.0,9978000000.0,0.191,23.13,-114000000.0,1076000000.0,1076000000.0,1904000000.0,-1223000000.0,0.9,3.961,5125000000.0,1517000000.0,3608000000.0,5125000000.0,2325000000.0,409000000.0,0.0,0.0,0.0,-1579000000.0,-1170000000.0,-0.429,-1170000000.0,-1579000000.0,-1696000000.0,-9.88,-9.88,-9.88,2875000000.0,3294500000.0,2875000000.0,12280708867.0,-8.0,-10.496,-214000000.0,-1.722,1.0,823000000.0,0.302,2048000000.0,117000000.0,11501000000.0,11387750000.0,57000000.0,2473000000.0,2473000000.0,0.0,11387000000.0,4762000000.0,6625000000.0,8597708867.0,270000000.0,0.0,0.0,1308000000.0,0.0,1379000000.0,-1009000000.0,-1139000000.0,-100000000.0,0.0,-1223000000.0,-1223000000.0,-1223000000.0,0.0,0.0,-0.448,2438000000.0,-1615000000.0,133000000.0,0.0,2.991,-7.03,-7.005,7567000000.0,0.0,69.21,3.153,3.155,517000000.0,3633000000.0,2727000000.0,2727000000.0,0.0,-0.086,-0.371,-0.139,-0.579,27000000.0,2013000000.0,1.0,124226396.0,124299000,124299000.0,21.939,12214000000.0,0.0,-473000000.0,365000000.0,98.263,-478000000.0
2,ALK,MRT,2020-12-31,2020-12-31,2020-12-31,2021-08-03,-494000000.0,14046000000.0,14039000000.0,4006000000.0,10040000000.0,0.254,24.204,-206000000.0,1370000000.0,1370000000.0,2161000000.0,-1324000000.0,0.933,3.701,5053000000.0,1428000000.0,3625000000.0,5053000000.0,2277000000.0,420000000.0,0.0,0.007,0.375,-1742000000.0,-1322000000.0,-0.371,-1322000000.0,-1742000000.0,-1840000000.0,-10.72,-10.72,-10.72,2988000000.0,3579500000.0,2988000000.0,10000516456.0,-6.0,-7.565,-440000000.0,-3.564,1.0,1405000000.0,0.394,2050000000.0,98000000.0,11386000000.0,11180500000.0,57000000.0,1976000000.0,1976000000.0,0.0,11058000000.0,4293000000.0,6765000000.0,6430516456.0,1154000000.0,0.0,-31000000.0,1999000000.0,-45000000.0,1981000000.0,-593000000.0,-644000000.0,-234000000.0,0.0,-1324000000.0,-1324000000.0,-1324000000.0,0.0,0.0,-0.371,3180000000.0,-1775000000.0,108000000.0,-0.035,2.152,-4.857,-4.851,7611000000.0,0.0,52.0,1.803,1.8,480000000.0,3764000000.0,3566000000.0,3566000000.0,0.0,-0.094,-0.37,-0.156,-0.489,24000000.0,2154000000.0,1.0,123663778.0,123450000,123450000.0,28.886,11996000000.0,0.0,-516000000.0,407000000.0,97.173,-287000000.0
3,ALK,MRT,2020-09-30,2020-09-30,2020-09-30,2021-08-03,-450000000.0,14749000000.0,13775750000.0,4465000000.0,10284000000.0,0.362,27.934,-373000000.0,1855000000.0,1855000000.0,2598000000.0,-696000000.0,1.061,3.27,5425000000.0,1433000000.0,3992000000.0,5425000000.0,2183000000.0,426000000.0,0.0,0.02,0.725,-872000000.0,-446000000.0,-0.089,-446000000.0,-872000000.0,-954000000.0,-5.64,-5.67,-5.64,3454000000.0,3915250000.0,3454000000.0,7304923310.0,-8.0,-16.379,84000000.0,0.679,1.0,2388000000.0,0.479,2050000000.0,82000000.0,12062000000.0,11012250000.0,57000000.0,1904000000.0,1904000000.0,0.0,11295000000.0,4207000000.0,7088000000.0,4528923310.0,1618000000.0,0.0,646000000.0,1508000000.0,-165000000.0,2011000000.0,-850000000.0,-490000000.0,457000000.0,0.0,-696000000.0,-696000000.0,-696000000.0,0.0,0.0,-0.14,3316000000.0,-928000000.0,93000000.0,-0.129,1.311,-6.507,-6.495,7897000000.0,0.0,36.63,0.908,0.908,321000000.0,4211000000.0,4986000000.0,4986000000.0,0.0,-0.051,-0.178,-0.079,-0.175,23000000.0,2377000000.0,1.0,123639730.0,123647000,123647000.0,40.324,12699000000.0,0.0,-258000000.0,499000000.0,102.704,258000000.0
4,ALK,MRT,2020-06-30,2020-06-30,2020-06-30,2021-08-03,-458000000.0,13998000000.0,13334250000.0,3244000000.0,10754000000.0,0.501,31.315,-531000000.0,1509000000.0,1509000000.0,3106000000.0,57000000.0,0.787,2.625,4285000000.0,1360000000.0,2925000000.0,4285000000.0,2074000000.0,427000000.0,0.0,0.03,1.075,117000000.0,544000000.0,0.082,544000000.0,117000000.0,51000000.0,0.46,0.42,0.46,3861000000.0,4114750000.0,3861000000.0,7536945589.0,64.0,13.855,479000000.0,3.885,1.0,3568000000.0,0.535,2052000000.0,66000000.0,10602000000.0,10668500000.0,56000000.0,1294000000.0,1294000000.0,0.0,10137000000.0,4120000000.0,6017000000.0,4444945589.0,1266000000.0,0.0,-81000000.0,810000000.0,-132000000.0,641000000.0,-385000000.0,120000000.0,1010000000.0,0.0,57000000.0,57000000.0,57000000.0,0.0,0.0,0.009,3503000000.0,65000000.0,102000000.0,2.337,1.151,77.982,78.826,8363000000.0,0.0,36.26,0.666,0.67,280000000.0,4642000000.0,6674000000.0,6674000000.0,0.0,0.004,0.014,0.011,0.018,20000000.0,2543000000.0,1.0,122585372.0,123296000,123296000.0,54.13,11946000000.0,0.0,-6000000.0,619000000.0,96.889,-876000000.0
5,ALK,MRT,2020-03-31,2020-03-31,2020-03-31,2021-08-03,-482000000.0,13363000000.0,13072500000.0,2572000000.0,10791000000.0,0.653,32.691,-700000000.0,811000000.0,811000000.0,3771000000.0,533000000.0,0.69,2.328,3903000000.0,1325000000.0,2578000000.0,3903000000.0,2023000000.0,425000000.0,0.0,0.05,1.425,762000000.0,1187000000.0,0.139,1187000000.0,762000000.0,693000000.0,4.32,4.27,4.32,4015000000.0,4142750000.0,4015000000.0,6485333395.0,9.0,5.464,587000000.0,4.779,1.0,4770000000.0,0.558,2053000000.0,69000000.0,10672000000.0,10675000000.0,68000000.0,1314000000.0,1314000000.0,0.0,9348000000.0,3730000000.0,5618000000.0,3499333395.0,597000000.0,0.0,-93000000.0,296000000.0,-175000000.0,42000000.0,-732000000.0,-76000000.0,1287000000.0,0.0,533000000.0,533000000.0,533000000.0,0.0,0.0,0.062,4053000000.0,717000000.0,119000000.0,0.33,0.872,6.565,6.59,8438000000.0,0.0,28.47,0.41,0.409,279000000.0,4856000000.0,8541000000.0,8541000000.0,0.0,0.041,0.129,0.071,0.089,27000000.0,2721000000.0,1.0,122913010.0,122818000,122818000.0,69.542,11310000000.0,0.0,160000000.0,665000000.0,92.087,-1158000000.0
6,ALK,MRT,2019-12-31,2019-12-31,2019-12-31,2021-08-03,-465000000.0,12993000000.0,12891750000.0,2037000000.0,10956000000.0,0.681,35.132,-696000000.0,221000000.0,221000000.0,3843000000.0,769000000.0,0.636,2.0,3207000000.0,504000000.0,2703000000.0,3207000000.0,1990000000.0,423000000.0,0.0,0.021,1.4,1094000000.0,1517000000.0,0.173,1517000000.0,1094000000.0,1016000000.0,6.24,6.19,6.24,4331000000.0,4075500000.0,4331000000.0,11460999612.0,10.0,7.555,1026000000.0,8.323,1.0,4938000000.0,0.562,2065000000.0,78000000.0,10713000000.0,10669750000.0,72000000.0,1300000000.0,1300000000.0,0.0,8662000000.0,3201000000.0,5461000000.0,8344999612.0,118000000.0,0.0,-75000000.0,-608000000.0,-173000000.0,-813000000.0,-791000000.0,-136000000.0,1722000000.0,0.0,769000000.0,769000000.0,769000000.0,0.0,0.0,0.088,3875000000.0,1063000000.0,146000000.0,0.224,1.927,10.852,10.857,8613000000.0,0.0,67.75,0.95,0.951,323000000.0,5133000000.0,8781000000.0,8781000000.0,0.0,0.06,0.189,0.103,0.125,29000000.0,2683000000.0,1.0,123173426.0,123279000,124289000.0,71.229,10928000000.0,0.0,247000000.0,715000000.0,88.644,-1164000000.0
7,ALK,MRT,2019-09-30,2019-09-30,2019-09-30,2021-08-03,-421000000.0,12983000000.0,12371500000.0,2202000000.0,10781000000.0,0.697,34.491,-933000000.0,237000000.0,237000000.0,3921000000.0,611000000.0,0.658,2.053,3353000000.0,533000000.0,2820000000.0,3353000000.0,1971000000.0,425000000.0,0.0,0.021,1.37,889000000.0,1314000000.0,0.152,1314000000.0,889000000.0,809000000.0,4.95,4.92,4.95,4252000000.0,3930500000.0,4252000000.0,11280601942.0,13.0,8.585,657000000.0,5.329,1.0,4696000000.0,0.545,2066000000.0,80000000.0,10687000000.0,9966000000.0,63000000.0,1382000000.0,1382000000.0,0.0,8731000000.0,3346000000.0,5385000000.0,8001601942.0,65000000.0,0.0,-765000000.0,303000000.0,-93000000.0,-519000000.0,-1006000000.0,-121000000.0,1590000000.0,0.0,611000000.0,611000000.0,611000000.0,0.0,0.0,0.071,3839000000.0,857000000.0,120000000.0,0.277,1.882,13.096,13.113,8481000000.0,0.0,64.91,0.929,0.929,377000000.0,4996000000.0,8617000000.0,8617000000.0,0.0,0.049,0.155,0.089,0.103,33000000.0,2610000000.0,1.0,123272253.0,123280000,124067000.0,69.898,10917000000.0,0.0,198000000.0,708000000.0,88.555,-1144000000.0
8,ALK,MRT,2019-06-30,2019-06-30,2019-06-30,2021-08-03,-422000000.0,12951000000.0,11849000000.0,2218000000.0,10733000000.0,0.712,32.191,-870000000.0,244000000.0,244000000.0,3916000000.0,506000000.0,0.628,2.26,3523000000.0,561000000.0,2962000000.0,3523000000.0,1949000000.0,418000000.0,0.0,0.021,1.34,761000000.0,1179000000.0,0.14,1179000000.0,761000000.0,677000000.0,4.1,4.07,4.1,3973000000.0,3815250000.0,3973000000.0,11355282202.0,15.0,9.631,632000000.0,5.121,1.0,4524000000.0,0.536,2068000000.0,84000000.0,10628000000.0,9241500000.0,55000000.0,1383000000.0,1383000000.0,0.0,8978000000.0,3534000000.0,5444000000.0,7888282202.0,146000000.0,0.0,-50000000.0,-488000000.0,-165000000.0,-663000000.0,-693000000.0,115000000.0,1502000000.0,0.0,506000000.0,506000000.0,506000000.0,0.0,0.0,0.06,3792000000.0,732000000.0,156000000.0,0.327,1.985,15.589,15.588,8440000000.0,0.0,63.91,0.935,0.935,389000000.0,4717000000.0,8440000000.0,8440000000.0,0.0,0.043,0.133,0.082,0.09,46000000.0,2553000000.0,1.0,123427980.0,123418000,124301000.0,68.385,10883000000.0,0.0,171000000.0,582000000.0,88.18,-1316000000.0
9,ALK,MRT,2019-03-31,2019-03-31,2019-03-31,2021-08-03,-433000000.0,12640000000.0,11375000000.0,2001000000.0,10639000000.0,0.73,30.383,-840000000.0,215000000.0,215000000.0,3874000000.0,437000000.0,0.591,2.374,3682000000.0,575000000.0,3107000000.0,3682000000.0,1915000000.0,410000000.0,0.0,0.023,1.31,674000000.0,1084000000.0,0.13,1084000000.0,674000000.0,585000000.0,3.55,3.52,3.55,3746000000.0,3720250000.0,3746000000.0,8907292929.0,13.0,8.217,517000000.0,4.193,1.0,4434000000.0,0.534,2070000000.0,89000000.0,10651000000.0,8623500000.0,58000000.0,1221000000.0,1221000000.0,0.0,8894000000.0,3386000000.0,5508000000.0,6909292929.0,42000000.0,0.0,-50000000.0,-487000000.0,-161000000.0,-662000000.0,-653000000.0,143000000.0,1357000000.0,0.0,437000000.0,437000000.0,437000000.0,0.0,0.0,0.053,3795000000.0,639000000.0,157000000.0,0.369,1.844,15.811,15.808,8344000000.0,0.0,56.12,0.832,0.833,358000000.0,4498000000.0,8308000000.0,8308000000.0,0.0,0.038,0.117,0.078,0.081,50000000.0,2531000000.0,1.0,123116410.0,123291000,123915000.0,67.385,10570000000.0,0.0,148000000.0,520000000.0,85.732,-1385000000.0
10,ALK,MRT,2018-12-31,2018-12-31,2018-12-31,2021-08-03,-448000000.0,10912000000.0,10927000000.0,1787000000.0,9125000000.0,0.756,30.439,-960000000.0,105000000.0,105000000.0,3849000000.0,437000000.0,0.607,1.909,2103000000.0,486000000.0,1617000000.0,2103000000.0,1874000000.0,398000000.0,0.0,0.021,1.28,676000000.0,1074000000.0,0.13,1074000000.0,676000000.0,585000000.0,3.55,3.52,3.55,3751000000.0,3643500000.0,3751000000.0,9357798611.0,14.0,8.713,235000000.0,1.907,1.0,4415000000.0,0.534,2070000000.0,91000000.0,7898000000.0,7974000000.0,60000000.0,1131000000.0,1131000000.0,0.0,7161000000.0,2942000000.0,4219000000.0,7502798611.0,-83000000.0,0.0,-50000000.0,-468000000.0,-158000000.0,-647000000.0,-631000000.0,282000000.0,1195000000.0,0.0,437000000.0,437000000.0,437000000.0,0.0,0.0,0.053,3772000000.0,643000000.0,132000000.0,0.361,2.0,17.169,17.141,6781000000.0,0.0,60.85,0.908,0.907,366000000.0,4534000000.0,8264000000.0,8264000000.0,0.0,0.04,0.12,0.085,0.082,47000000.0,2516000000.0,1.0,123299895.0,123230000,123975000.0,67.062,8842000000.0,0.0,148000000.0,512000000.0,71.752,-1155000000.0
11,ALK,MRT,2018-09-30,2018-09-30,2018-09-30,2021-08-03,-428000000.0,10893000000.0,10885500000.0,2056000000.0,8837000000.0,0.748,30.765,-739000000.0,174000000.0,174000000.0,3685000000.0,729000000.0,0.712,1.873,2029000000.0,345000000.0,1684000000.0,2029000000.0,1831000000.0,387000000.0,0.0,0.018,1.26,772000000.0,1159000000.0,0.142,1159000000.0,772000000.0,675000000.0,5.93,5.9,5.93,3791000000.0,3570750000.0,3791000000.0,10689760500.0,14.0,9.223,480000000.0,3.895,1.0,4457000000.0,0.547,2071000000.0,97000000.0,7789000000.0,8089250000.0,57000000.0,1223000000.0,1223000000.0,0.0,7102000000.0,2888000000.0,4214000000.0,8479760500.0,40000000.0,0.0,-62000000.0,-676000000.0,-155000000.0,-859000000.0,-320000000.0,343000000.0,1219000000.0,0.0,729000000.0,729000000.0,729000000.0,0.0,0.0,0.09,3723000000.0,734000000.0,114000000.0,0.212,2.237,11.632,11.612,6495000000.0,0.0,68.86,1.041,1.042,422000000.0,4550000000.0,8142000000.0,8142000000.0,0.0,0.067,0.204,0.095,0.095,46000000.0,2499000000.0,1.0,123144939.0,123224000,123864000.0,66.075,8822000000.0,0.0,-54000000.0,494000000.0,71.593,-832000000.0
12,ALK,MRT,2018-06-30,2018-06-30,2018-06-30,2021-08-03,-435000000.0,11055000000.0,10847000000.0,2216000000.0,8839000000.0,0.741,29.148,-937000000.0,102000000.0,102000000.0,3514000000.0,771000000.0,0.73,2.077,2312000000.0,314000000.0,1998000000.0,2312000000.0,1777000000.0,383000000.0,0.0,0.021,1.24,909000000.0,1292000000.0,0.161,1292000000.0,909000000.0,808000000.0,6.27,6.24,6.27,3593000000.0,3495750000.0,3593000000.0,9715601166.0,11.0,7.52,295000000.0,2.393,1.0,4526000000.0,0.563,2073000000.0,101000000.0,8156000000.0,8257500000.0,57000000.0,1466000000.0,1466000000.0,0.0,7462000000.0,3036000000.0,4426000000.0,7443601166.0,-90000000.0,0.0,-78000000.0,-496000000.0,-153000000.0,-696000000.0,-626000000.0,233000000.0,1232000000.0,0.0,771000000.0,771000000.0,771000000.0,0.0,0.0,0.096,3662000000.0,864000000.0,115000000.0,0.198,2.072,9.654,9.632,6493000000.0,0.0,60.39,0.926,0.926,411000000.0,4373000000.0,8040000000.0,8040000000.0,0.0,0.071,0.221,0.11,0.113,47000000.0,2440000000.0,1.0,123258837.0,123268000,124036000.0,65.224,8982000000.0,0.0,37000000.0,437000000.0,72.866,-820000000.0
13,ALK,MRT,2018-03-31,2018-03-31,2018-03-31,2021-08-03,-440000000.0,10848000000.0,10763250000.0,2114000000.0,8734000000.0,0.742,27.924,-1045000000.0,177000000.0,177000000.0,3339000000.0,871000000.0,0.707,2.154,2449000000.0,387000000.0,2062000000.0,2449000000.0,1751000000.0,376000000.0,0.0,0.02,1.22,1125000000.0,1501000000.0,0.188,1501000000.0,1125000000.0,1023000000.0,7.07,7.04,7.07,3439000000.0,3413500000.0,3439000000.0,9995868531.0,9.0,6.659,381000000.0,3.094,1.0,4647000000.0,0.582,2075000000.0,102000000.0,8053000000.0,8287750000.0,62000000.0,1351000000.0,1351000000.0,0.0,7409000000.0,2992000000.0,4417000000.0,7620868531.0,0.0,0.0,-88000000.0,-416000000.0,-151000000.0,-621000000.0,-805000000.0,154000000.0,1426000000.0,0.0,871000000.0,871000000.0,871000000.0,0.0,0.0,0.109,3567000000.0,1080000000.0,102000000.0,0.173,2.216,8.75,8.764,6403000000.0,0.0,61.96,0.954,0.956,350000000.0,4219000000.0,7986000000.0,7986000000.0,0.0,0.081,0.255,0.136,0.141,50000000.0,2380000000.0,1.0,122996587.0,123155000,123630000.0,64.845,8773000000.0,0.0,152000000.0,372000000.0,71.235,-878000000.0
14,ALK,MRT,2017-12-31,2017-12-31,2017-12-31,2021-08-03,-380000000.0,10746000000.0,10626750000.0,2152000000.0,8594000000.0,0.743,28.082,-1026000000.0,194000000.0,194000000.0,3216000000.0,960000000.0,0.801,2.106,2569000000.0,307000000.0,2262000000.0,2569000000.0,1725000000.0,372000000.0,0.0,0.016,1.2,1262000000.0,1634000000.0,0.207,1634000000.0,1262000000.0,1159000000.0,7.79,7.75,7.79,3460000000.0,3307250000.0,3460000000.0,11602030378.0,9.0,7.1,564000000.0,4.578,1.0,4678000000.0,0.593,2076000000.0,103000000.0,8359000000.0,8291000000.0,57000000.0,1427000000.0,1427000000.0,0.0,7286000000.0,2686000000.0,4600000000.0,9045030378.0,-131000000.0,0.0,-75000000.0,-397000000.0,-148000000.0,-592000000.0,-1129000000.0,-181000000.0,1590000000.0,0.0,960000000.0,960000000.0,960000000.0,0.0,0.0,0.122,3470000000.0,1208000000.0,120000000.0,0.154,2.614,9.422,9.436,6284000000.0,0.0,73.51,1.146,1.147,341000000.0,4193000000.0,7894000000.0,7894000000.0,0.0,0.09,0.29,0.152,0.16,55000000.0,2299000000.0,1.0,123044897.0,123211000,123854000.0,64.069,8670000000.0,0.0,199000000.0,370000000.0,70.367,-534000000.0
15,ALK,MRT,2017-09-30,2017-09-30,2017-09-30,2021-08-03,-289000000.0,10739000000.0,10430750000.0,2214000000.0,8525000000.0,0.716,28.275,-1010000000.0,144000000.0,144000000.0,2903000000.0,742000000.0,0.801,2.076,2701000000.0,334000000.0,2367000000.0,2701000000.0,682000000.0,357000000.0,0.0,0.015,1.175,1334000000.0,1691000000.0,0.226,1691000000.0,1334000000.0,1235000000.0,6.01,5.98,6.01,3491000000.0,3175000000.0,3491000000.0,12029287063.0,9.0,7.114,527000000.0,4.268,1.0,4567000000.0,0.611,2069000000.0,99000000.0,8462000000.0,8197750000.0,57000000.0,1596000000.0,1596000000.0,0.0,7248000000.0,2765000000.0,4483000000.0,9421287063.0,-1674000000.0,-1951000000.0,-50000000.0,77000000.0,-145000000.0,-88000000.0,-3123000000.0,-200000000.0,1537000000.0,0.0,742000000.0,742000000.0,742000000.0,0.0,0.0,0.099,3298000000.0,1269000000.0,97000000.0,0.196,2.699,12.697,12.691,6230000000.0,0.0,76.27,1.261,1.261,301000000.0,4117000000.0,7470000000.0,7470000000.0,0.0,0.071,0.234,0.163,0.179,50000000.0,2146000000.0,1.0,123525463.0,123467000,124220000.0,60.502,8670000000.0,0.0,493000000.0,682000000.0,70.221,-551000000.0
16,ALK,MRT,2017-06-30,2017-06-30,2017-06-30,2021-08-03,-294000000.0,10720000000.0,9920750000.0,2425000000.0,8295000000.0,0.698,26.414,-850000000.0,198000000.0,198000000.0,2615000000.0,739000000.0,0.815,2.284,2806000000.0,337000000.0,2469000000.0,2806000000.0,652000000.0,363000000.0,0.0,0.013,1.15,1304000000.0,1667000000.0,0.241,1667000000.0,1304000000.0,1220000000.0,5.99,5.96,5.99,3264000000.0,3018250000.0,3264000000.0,13774686244.0,11.0,8.263,721000000.0,5.835,1.0,4311000000.0,0.622,2077000000.0,84000000.0,8277000000.0,7805750000.0,52000000.0,1724000000.0,1724000000.0,0.0,7456000000.0,2974000000.0,4482000000.0,11094686244.0,117000000.0,-1951000000.0,-22000000.0,1693000000.0,-142000000.0,1549000000.0,-3003000000.0,-214000000.0,1571000000.0,0.0,739000000.0,739000000.0,739000000.0,0.0,0.0,0.107,3069000000.0,1242000000.0,95000000.0,0.192,3.399,15.013,14.985,6002000000.0,0.0,89.76,1.602,1.601,326000000.0,3888000000.0,6926000000.0,6926000000.0,0.0,0.074,0.245,0.167,0.188,38000000.0,1975000000.0,1.0,123603902.0,123573000,124332000.0,56.048,8643000000.0,0.0,481000000.0,598000000.0,69.942,-549000000.0
17,ALK,MRT,2017-03-31,2017-03-31,2017-03-31,2021-08-03,-299000000.0,10302000000.0,8999500000.0,2213000000.0,8089000000.0,0.702,24.406,-775000000.0,183000000.0,183000000.0,2331000000.0,706000000.0,0.781,2.418,2863000000.0,332000000.0,2531000000.0,2863000000.0,641000000.0,365000000.0,0.0,0.012,1.125,1233000000.0,1598000000.0,0.253,1598000000.0,1233000000.0,1166000000.0,5.73,5.7,5.73,3014000000.0,2859000000.0,3014000000.0,14022252805.0,11.0,8.775,556000000.0,4.502,1.0,3987000000.0,0.631,2081000000.0,67000000.0,8066000000.0,7116250000.0,50000000.0,1527000000.0,1527000000.0,0.0,7288000000.0,2835000000.0,4453000000.0,11386252805.0,105000000.0,-1951000000.0,-66000000.0,1730000000.0,-139000000.0,1548000000.0,-2774000000.0,-52000000.0,1331000000.0,0.0,706000000.0,706000000.0,706000000.0,0.0,0.0,0.112,2814000000.0,1173000000.0,95000000.0,0.196,3.778,16.128,16.094,5809000000.0,0.0,92.22,1.802,1.803,321000000.0,3629000000.0,6318000000.0,6318000000.0,0.0,0.078,0.247,0.173,0.195,30000000.0,1790000000.0,1.0,123468367.0,123495000,124299000.0,51.16,8221000000.0,0.0,460000000.0,509000000.0,66.569,-622000000.0
18,ALK,MRT,2016-12-31,2016-12-31,2016-12-31,2021-08-03,-305000000.0,9962000000.0,8131250000.0,2050000000.0,7912000000.0,0.729,23.722,-678000000.0,328000000.0,328000000.0,2035000000.0,797000000.0,0.809,2.399,2964000000.0,319000000.0,2645000000.0,2964000000.0,640000000.0,363000000.0,0.0,0.012,1.1,1371000000.0,1734000000.0,0.293,1734000000.0,1371000000.0,1316000000.0,6.45,6.41,6.45,2931000000.0,2719250000.0,2931000000.0,11255870701.0,8.0,6.491,708000000.0,5.73,1.0,3890000000.0,0.657,2077000000.0,55000000.0,7986000000.0,6432000000.0,47000000.0,1252000000.0,1252000000.0,0.0,7031000000.0,2535000000.0,4496000000.0,10937870701.0,255000000.0,-1951000000.0,-193000000.0,1795000000.0,-136000000.0,1491000000.0,-2622000000.0,2000000.0,1386000000.0,0.0,797000000.0,797000000.0,797000000.0,0.0,0.0,0.135,2584000000.0,1306000000.0,92000000.0,0.171,3.732,13.724,13.757,5666000000.0,0.0,88.73,1.846,1.85,302000000.0,3568000000.0,5925000000.0,5925000000.0,0.0,0.098,0.293,0.213,0.231,26000000.0,1642000000.0,1.0,123271393.0,123557000,124389000.0,47.954,7885000000.0,0.0,519000000.0,463000000.0,63.817,-485000000.0
19,ALK,MRT,2016-09-30,2016-09-30,2016-09-30,2021-08-03,-284000000.0,8699000000.0,7273250000.0,3600000000.0,5099000000.0,0.795,23.256,-672000000.0,1818000000.0,1818000000.0,1980000000.0,891000000.0,1.696,2.037,2136000000.0,275000000.0,1861000000.0,2136000000.0,491000000.0,365000000.0,0.0,0.016,1.025,1416000000.0,1781000000.0,0.308,1781000000.0,1416000000.0,1373000000.0,7.19,7.14,7.19,2864000000.0,2589250000.0,2864000000.0,8651706215.0,6.0,4.858,889000000.0,7.219,1.0,3804000000.0,0.658,0.0,43000000.0,6894000000.0,5769250000.0,44000000.0,1408000000.0,1408000000.0,0.0,5835000000.0,2123000000.0,3712000000.0,8106706215.0,1730000000.0,0.0,-317000000.0,1430000000.0,-126000000.0,1013000000.0,-844000000.0,-231000000.0,1561000000.0,0.0,891000000.0,891000000.0,891000000.0,0.0,0.0,0.154,2441000000.0,1363000000.0,71000000.0,0.143,2.831,9.098,9.16,5031000000.0,0.0,65.86,1.402,1.402,232000000.0,3488000000.0,5784000000.0,5784000000.0,0.0,0.123,0.344,0.245,0.245,22000000.0,1552000000.0,1.0,123089982.0,123149000,123833000.0,46.967,8699000000.0,0.0,482000000.0,733000000.0,70.638,1477000000.0
20,ALK,MRT,2016-06-30,2016-06-30,2016-06-30,2021-08-03,-287000000.0,7035000000.0,6739500000.0,2003000000.0,5032000000.0,0.851,21.314,-612000000.0,81000000.0,81000000.0,1986000000.0,909000000.0,0.972,1.678,626000000.0,117000000.0,509000000.0,626000000.0,480000000.0,345000000.0,0.0,0.016,0.95,1450000000.0,1795000000.0,0.313,1795000000.0,1450000000.0,1408000000.0,7.26,7.21,7.26,2627000000.0,2464500000.0,2627000000.0,7753391664.0,5.0,4.319,982000000.0,7.968,1.0,3747000000.0,0.654,0.0,42000000.0,5519000000.0,5378750000.0,45000000.0,1526000000.0,1526000000.0,0.0,4408000000.0,2061000000.0,2347000000.0,7184391664.0,36000000.0,0.0,-436000000.0,-115000000.0,-118000000.0,-632000000.0,-926000000.0,-370000000.0,1594000000.0,0.0,909000000.0,909000000.0,909000000.0,0.0,0.0,0.159,2351000000.0,1396000000.0,78000000.0,0.131,2.735,7.904,8.029,4959000000.0,0.0,58.29,1.253,1.253,254000000.0,3266000000.0,5733000000.0,5733000000.0,0.0,0.135,0.369,0.27,0.253,24000000.0,1519000000.0,1.0,123252559.0,123250000,123988000.0,46.515,7035000000.0,0.0,499000000.0,721000000.0,57.079,-58000000.0
21,ALK,MRT,2016-03-31,2016-03-31,2016-03-31,2021-08-03,-294000000.0,6829000000.0,6600750000.0,1923000000.0,4906000000.0,0.86,19.711,-671000000.0,78000000.0,78000000.0,2024000000.0,883000000.0,0.929,1.782,647000000.0,116000000.0,531000000.0,647000000.0,467000000.0,332000000.0,0.0,0.011,0.875,1408000000.0,1740000000.0,0.307,1740000000.0,1408000000.0,1364000000.0,6.95,6.9,6.95,2455000000.0,2362500000.0,2455000000.0,10843277173.0,8.0,6.232,924000000.0,7.419,1.0,3652000000.0,0.643,0.0,44000000.0,5329000000.0,5312250000.0,45000000.0,1486000000.0,1486000000.0,0.0,4374000000.0,2069000000.0,2305000000.0,10230277173.0,27000000.0,0.0,-530000000.0,-117000000.0,-110000000.0,-723000000.0,-845000000.0,-226000000.0,1595000000.0,0.0,883000000.0,883000000.0,883000000.0,0.0,0.0,0.156,2302000000.0,1350000000.0,63000000.0,0.126,4.167,11.586,11.801,4830000000.0,0.0,82.02,1.802,1.8,235000000.0,3039000000.0,5676000000.0,5676000000.0,0.0,0.134,0.374,0.265,0.248,25000000.0,1491000000.0,1.0,124729056.0,124550000,125328000.0,45.572,6829000000.0,0.0,481000000.0,678000000.0,54.829,-146000000.0
22,ALK,MRT,2015-12-31,2015-12-31,2015-12-31,2021-08-03,-303000000.0,6530000000.0,6496000000.0,1663000000.0,4867000000.0,0.862,18.781,-831000000.0,73000000.0,73000000.0,2055000000.0,848000000.0,0.921,1.708,683000000.0,114000000.0,569000000.0,683000000.0,431000000.0,320000000.0,0.0,0.01,0.8,1354000000.0,1674000000.0,0.299,1674000000.0,1354000000.0,1312000000.0,6.61,6.56,6.61,2411000000.0,2290250000.0,2411000000.0,10776614713.0,8.0,6.438,753000000.0,5.866,1.0,3543000000.0,0.633,0.0,42000000.0,5335000000.0,5291750000.0,51000000.0,1255000000.0,1255000000.0,0.0,4119000000.0,1805000000.0,2314000000.0,10154614713.0,-34000000.0,0.0,-505000000.0,-116000000.0,-102000000.0,-688000000.0,-930000000.0,-152000000.0,1584000000.0,0.0,848000000.0,848000000.0,848000000.0,0.0,0.0,0.151,2245000000.0,1298000000.0,63000000.0,0.121,4.212,11.975,12.18,4802000000.0,0.0,80.51,1.814,1.846,212000000.0,2890000000.0,5598000000.0,5598000000.0,0.0,0.131,0.37,0.256,0.242,25000000.0,1465000000.0,1.0,126128614.0,128373000,129372000.0,43.607,6530000000.0,0.0,464000000.0,682000000.0,50.867,-142000000.0
23,ALK,MRT,2015-09-30,2015-09-30,2015-09-30,2021-08-03,-303000000.0,6564000000.0,6379500000.0,1715000000.0,4849000000.0,0.866,18.577,-803000000.0,88000000.0,88000000.0,2080000000.0,805000000.0,0.925,1.775,710000000.0,117000000.0,593000000.0,710000000.0,416000000.0,312000000.0,0.0,0.009,0.725,1339000000.0,1651000000.0,0.299,1651000000.0,1339000000.0,1295000000.0,6.2,6.16,6.2,2365000000.0,2219250000.0,2365000000.0,10815745215.0,8.0,6.551,564000000.0,4.43,1.0,3447000000.0,0.624,0.0,44000000.0,5332000000.0,5230250000.0,52000000.0,1170000000.0,1170000000.0,0.0,4199000000.0,1854000000.0,2345000000.0,10115745215.0,54000000.0,0.0,-487000000.0,-115000000.0,-95000000.0,-663000000.0,-650000000.0,140000000.0,1367000000.0,0.0,805000000.0,805000000.0,805000000.0,0.0,0.0,0.146,2162000000.0,1285000000.0,61000000.0,0.117,4.277,12.566,12.815,4734000000.0,0.0,79.45,1.83,1.83,205000000.0,2724000000.0,5527000000.0,5527000000.0,0.0,0.126,0.363,0.256,0.242,1000000.0,1432000000.0,1.0,127322155.0,127308000,128205000.0,43.414,6564000000.0,126000000.0,490000000.0,746000000.0,51.56,-139000000.0
24,ALK,MRT,2015-06-30,2015-06-30,2015-06-30,2021-08-03,-304000000.0,6480000000.0,6297500000.0,1654000000.0,4826000000.0,0.87,17.17,-903000000.0,45000000.0,45000000.0,2219000000.0,729000000.0,0.858,1.92,745000000.0,116000000.0,629000000.0,745000000.0,401000000.0,306000000.0,0.0,0.01,0.65,1220000000.0,1526000000.0,0.279,1526000000.0,1220000000.0,1174000000.0,5.52,5.47,5.52,2219000000.0,2185250000.0,2219000000.0,9069415136.0,7.0,5.943,381000000.0,2.948,1.0,3258000000.0,0.595,0.0,46000000.0,5253000000.0,5212250000.0,58000000.0,1147000000.0,1147000000.0,0.0,4261000000.0,1927000000.0,2334000000.0,8352415136.0,23000000.0,0.0,-527000000.0,-113000000.0,-86000000.0,-708000000.0,-553000000.0,338000000.0,1284000000.0,0.0,729000000.0,729000000.0,729000000.0,0.0,0.0,0.133,2090000000.0,1168000000.0,56000000.0,0.118,3.764,11.457,11.672,4705000000.0,0.0,64.43,1.525,1.52,194000000.0,2474000000.0,5477000000.0,5477000000.0,0.0,0.116,0.334,0.234,0.223,-1000000.0,1401000000.0,1.0,129635498.0,129236000,130255000.0,42.38,6480000000.0,123000000.0,445000000.0,718000000.0,50.141,-273000000.0
25,ALK,MRT,2015-03-31,2015-03-31,2015-03-31,2021-08-03,-305000000.0,6410000000.0,6256000000.0,1776000000.0,4634000000.0,0.866,16.519,-880000000.0,51000000.0,51000000.0,2327000000.0,660000000.0,0.945,1.959,768000000.0,118000000.0,650000000.0,768000000.0,382000000.0,300000000.0,0.0,0.011,0.7,1110000000.0,1410000000.0,0.26,1410000000.0,1110000000.0,1063000000.0,4.92,4.87,4.92,2166000000.0,2180500000.0,2166000000.0,9384418402.0,8.0,6.656,422000000.0,3.218,1.0,3088000000.0,0.57,0.0,47000000.0,5247000000.0,5220750000.0,52000000.0,1261000000.0,1261000000.0,0.0,4244000000.0,1880000000.0,2364000000.0,8688418402.0,-39000000.0,0.0,-420000000.0,-66000000.0,-77000000.0,-543000000.0,-798000000.0,77000000.0,1302000000.0,0.0,660000000.0,660000000.0,660000000.0,0.0,0.0,0.122,2029000000.0,1059000000.0,57000000.0,0.142,4.011,13.164,13.451,4497000000.0,0.0,66.18,1.605,1.602,187000000.0,2266000000.0,5415000000.0,5415000000.0,0.0,0.105,0.303,0.213,0.205,11000000.0,1376000000.0,1.0,131284654.0,131120000,132230000.0,41.298,6410000000.0,123000000.0,403000000.0,753000000.0,48.887,-104000000.0
26,ALK,MRT,2014-12-31,2014-12-31,2014-12-31,2021-08-03,-310000000.0,6064000000.0,6168750000.0,1639000000.0,4425000000.0,0.87,15.704,-694000000.0,107000000.0,107000000.0,2441000000.0,605000000.0,0.981,1.851,803000000.0,117000000.0,686000000.0,803000000.0,374000000.0,294000000.0,0.0,0.01,0.625,1023000000.0,1317000000.0,0.245,1317000000.0,1023000000.0,975000000.0,4.47,4.42,4.47,2127000000.0,2162750000.0,2127000000.0,8717084495.0,9.0,6.619,336000000.0,2.481,1.0,2927000000.0,0.545,0.0,48000000.0,5089000000.0,5171500000.0,58000000.0,1110000000.0,1110000000.0,0.0,3937000000.0,1671000000.0,2266000000.0,7926084495.0,27000000.0,0.0,-348000000.0,-68000000.0,-68000000.0,-462000000.0,-541000000.0,143000000.0,1030000000.0,0.0,605000000.0,605000000.0,605000000.0,0.0,0.0,0.113,1965000000.0,962000000.0,62000000.0,0.14,3.726,13.101,13.369,4299000000.0,0.0,59.76,1.477,1.508,259000000.0,2144000000.0,5368000000.0,5368000000.0,0.0,0.098,0.28,0.198,0.191,6000000.0,1335000000.0,1.0,132631936.0,135445000,136801000.0,39.632,6064000000.0,0.0,370000000.0,633000000.0,44.771,-32000000.0
27,ALK,MRT,2014-09-30,2014-09-30,2014-09-30,2021-08-03,-178000000.0,6236000000.0,6112250000.0,1799000000.0,4437000000.0,0.863,16.528,-730000000.0,34000000.0,34000000.0,2479000000.0,535000000.0,1.018,1.798,825000000.0,115000000.0,710000000.0,825000000.0,356000000.0,285000000.0,0.0,0.014,0.6,908000000.0,1193000000.0,0.226,1193000000.0,908000000.0,858000000.0,3.93,3.88,3.93,2229000000.0,2138250000.0,2229000000.0,6709782526.0,7.0,5.624,321000000.0,2.38,1.0,2793000000.0,0.53,0.0,50000000.0,5260000000.0,5161500000.0,64000000.0,1309000000.0,1309000000.0,0.0,4007000000.0,1767000000.0,2240000000.0,5872782526.0,-7000000.0,0.0,-318000000.0,-68000000.0,-65000000.0,-422000000.0,-636000000.0,98000000.0,1051000000.0,0.0,535000000.0,535000000.0,535000000.0,0.0,0.0,0.101,1943000000.0,850000000.0,68000000.0,0.153,2.635,10.977,11.079,4244000000.0,0.0,43.54,1.114,1.114,178000000.0,2012000000.0,5272000000.0,5272000000.0,0.0,0.088,0.25,0.176,0.172,33000000.0,1308000000.0,1.0,134882465.0,134865000,136158000.0,39.091,6236000000.0,114000000.0,323000000.0,738000000.0,46.239,32000000.0
28,ALK,MRT,2014-06-30,2014-06-30,2014-06-30,2021-08-03,-178000000.0,6314000000.0,6018750000.0,2020000000.0,4294000000.0,0.891,16.026,-658000000.0,22000000.0,22000000.0,2425000000.0,626000000.0,1.084,1.87,859000000.0,114000000.0,745000000.0,859000000.0,342000000.0,277000000.0,0.0,0.012,0.575,1056000000.0,1333000000.0,0.249,1333000000.0,1056000000.0,1005000000.0,4.53,4.47,4.53,2200000000.0,2031500000.0,2200000000.0,7275694851.0,7.0,5.458,366000000.0,2.666,1.0,2939000000.0,0.548,0.0,51000000.0,5287000000.0,5112500000.0,61000000.0,1488000000.0,1488000000.0,0.0,4114000000.0,1864000000.0,2250000000.0,6531694851.0,-35000000.0,0.0,-191000000.0,-65000000.0,-62000000.0,-291000000.0,-768000000.0,-104000000.0,1024000000.0,0.0,626000000.0,626000000.0,626000000.0,0.0,0.0,0.117,1935000000.0,1004000000.0,71000000.0,0.127,2.969,10.434,10.491,4102000000.0,0.0,47.525,1.218,1.216,203000000.0,1831000000.0,5364000000.0,5364000000.0,0.0,0.104,0.308,0.207,0.197,36000000.0,1306000000.0,1.0,137437030.0,137274000,138711000.0,39.075,6314000000.0,112000000.0,379000000.0,725000000.0,45.996,156000000.0
29,ALK,MRT,2014-03-31,2014-03-31,2014-03-31,2021-08-03,-181000000.0,6061000000.0,5903250000.0,1934000000.0,4127000000.0,0.888,15.255,-556000000.0,90000000.0,90000000.0,2441000000.0,565000000.0,1.102,1.893,834000000.0,113000000.0,721000000.0,834000000.0,334000000.0,271000000.0,0.0,0.007,0.325,962000000.0,1233000000.0,0.235,1233000000.0,962000000.0,909000000.0,4.08,4.02,4.08,2095000000.0,1867250000.0,2095000000.0,7200207577.0,7.0,5.84,455000000.0,3.313,1.0,2804000000.0,0.535,0.0,53000000.0,5050000000.0,5031500000.0,58000000.0,1330000000.0,1330000000.0,0.0,3966000000.0,1755000000.0,2211000000.0,6409207577.0,-5000000.0,0.0,-170000000.0,-110000000.0,-45000000.0,-305000000.0,-711000000.0,-166000000.0,1011000000.0,0.0,565000000.0,565000000.0,565000000.0,0.0,0.0,0.108,1889000000.0,915000000.0,75000000.0,0.08,3.059,11.344,11.435,3930000000.0,0.0,46.655,1.222,1.222,212000000.0,1684000000.0,5245000000.0,5245000000.0,0.0,0.096,0.303,0.191,0.183,22000000.0,1281000000.0,1.0,137374506.0,137334000,138822000.0,38.192,6061000000.0,120000000.0,344000000.0,725000000.0,44.133,179000000.0
30,ALK,MRT,2013-12-31,2013-12-31,2013-12-31,2021-08-03,-183000000.0,5838000000.0,5799000000.0,1762000000.0,4076000000.0,0.889,14.502,-566000000.0,80000000.0,80000000.0,2460000000.0,508000000.0,1.115,1.877,871000000.0,117000000.0,754000000.0,871000000.0,335000000.0,270000000.0,0.0,0.005,0.2,872000000.0,1142000000.0,0.221,1142000000.0,872000000.0,816000000.0,3.63,3.58,3.63,2029000000.0,1709000000.0,2029000000.0,5953928883.0,7.0,5.214,415000000.0,2.966,1.0,2696000000.0,0.523,0.0,56000000.0,5049000000.0,4993250000.0,60000000.0,1250000000.0,1250000000.0,0.0,3809000000.0,1580000000.0,2229000000.0,5101928883.0,-42000000.0,0.0,-159000000.0,-161000000.0,-28000000.0,-325000000.0,-698000000.0,-129000000.0,981000000.0,0.0,508000000.0,508000000.0,508000000.0,0.0,0.0,0.099,1858000000.0,838000000.0,64000000.0,0.055,2.515,10.043,10.106,3893000000.0,0.0,36.685,0.99,0.995,152000000.0,1607000000.0,5156000000.0,5156000000.0,0.0,0.088,0.297,0.175,0.169,32000000.0,1265000000.0,1.0,139073978.0,139910000,141878000.0,36.852,5838000000.0,113000000.0,308000000.0,709000000.0,41.727,182000000.0
31,ALK,MRT,2013-09-30,2013-09-30,2013-09-30,2021-08-03,-414000000.0,5862000000.0,5715750000.0,1935000000.0,3927000000.0,0.888,12.912,-573000000.0,41000000.0,41000000.0,2511000000.0,474000000.0,1.173,2.253,893000000.0,111000000.0,782000000.0,893000000.0,295000000.0,272000000.0,0.0,0.003,0.1,821000000.0,1093000000.0,0.215,1093000000.0,821000000.0,763000000.0,3.395,3.35,3.395,1802000000.0,1557000000.0,1802000000.0,5242198346.0,6.0,4.796,364000000.0,2.608,1.0,2567000000.0,0.506,0.0,58000000.0,5064000000.0,4959500000.0,60000000.0,1404000000.0,1404000000.0,0.0,4060000000.0,1650000000.0,2410000000.0,4375198346.0,14000000.0,0.0,-83000000.0,-174000000.0,-14000000.0,-112000000.0,-811000000.0,-254000000.0,937000000.0,0.0,474000000.0,474000000.0,474000000.0,0.0,0.0,0.093,1785000000.0,782000000.0,60000000.0,0.029,2.428,9.23,9.222,3792000000.0,0.0,31.31,0.862,0.86,182000000.0,1542000000.0,5078000000.0,5078000000.0,0.0,0.083,0.304,0.166,0.162,28000000.0,1247000000.0,1.0,139738050.0,139559000,141383000.0,36.386,5862000000.0,123000000.0,289000000.0,554000000.0,42.004,285000000.0
32,ALK,MRT,2013-06-30,2013-06-30,2013-06-30,2021-08-03,-424000000.0,5852000000.0,5609275000.0,1986000000.0,3866000000.0,0.854,10.982,-521000000.0,57000000.0,57000000.0,2469000000.0,348000000.0,1.131,2.793,924000000.0,110000000.0,814000000.0,924000000.0,455000000.0,271000000.0,0.0,0.0,0.0,625000000.0,896000000.0,0.187,896000000.0,625000000.0,565000000.0,2.475,2.445,2.475,1543000000.0,1466300000.0,1543000000.0,4507293524.0,7.0,5.03,369000000.0,2.626,1.0,2324000000.0,0.485,0.0,60000000.0,4963000000.0,4929975000.0,59000000.0,1372000000.0,1372000000.0,0.0,4309000000.0,1756000000.0,2553000000.0,3656293524.0,22000000.0,0.0,-68000000.0,-219000000.0,0.0,-122000000.0,-746000000.0,-230000000.0,890000000.0,0.0,348000000.0,348000000.0,348000000.0,0.0,0.0,0.073,1743000000.0,581000000.0,71000000.0,0.0,2.37,10.507,10.505,3725000000.0,0.0,26.0,0.763,0.762,195000000.0,1268000000.0,4793000000.0,4793000000.0,0.0,0.062,0.237,0.127,0.13,21000000.0,1216000000.0,1.0,140626674.0,140504000,142319000.0,34.113,5852000000.0,175000000.0,217000000.0,496000000.0,41.65,230000000.0
33,ALK,MRT,2013-03-31,2013-03-31,2013-03-31,2021-08-03,-429000000.0,5644000000.0,5502175000.0,1839000000.0,3805000000.0,0.863,10.379,-523000000.0,95000000.0,95000000.0,2497000000.0,312000000.0,1.151,2.86,946000000.0,106000000.0,840000000.0,946000000.0,441000000.0,269000000.0,0.0,0.0,0.0,568000000.0,837000000.0,0.176,837000000.0,568000000.0,505000000.0,2.2,2.17,2.2,1462000000.0,1401300000.0,1462000000.0,5409061464.0,10.0,6.462,259000000.0,1.839,1.0,2254000000.0,0.474,0.0,63000000.0,4897000000.0,4905325000.0,61000000.0,1170000000.0,1170000000.0,0.0,4182000000.0,1598000000.0,2584000000.0,4499061464.0,47000000.0,0.0,-43000000.0,-304000000.0,0.0,-112000000.0,-623000000.0,-71000000.0,782000000.0,0.0,312000000.0,312000000.0,312000000.0,0.0,0.0,0.066,1731000000.0,523000000.0,101000000.0,0.0,3.077,14.42,14.536,3639000000.0,0.0,31.98,0.947,0.948,188000000.0,1164000000.0,4751000000.0,4751000000.0,0.0,0.057,0.223,0.116,0.12,19000000.0,1210000000.0,1.0,140683598.0,140862000,142828000.0,33.728,5644000000.0,172000000.0,193000000.0,492000000.0,40.068,241000000.0
34,ALK,MRT,2012-12-31,2012-12-31,2012-12-31,2021-08-03,-436000000.0,5505000000.0,5436675000.0,1737000000.0,3768000000.0,0.857,10.048,-518000000.0,122000000.0,122000000.0,2407000000.0,316000000.0,1.157,2.874,1032000000.0,161000000.0,871000000.0,1032000000.0,443000000.0,264000000.0,0.0,0.0,0.0,578000000.0,842000000.0,0.181,842000000.0,578000000.0,514000000.0,2.23,2.2,2.23,1421000000.0,1340300000.0,1421000000.0,4068436120.0,7.0,4.832,235000000.0,1.662,1.0,2250000000.0,0.483,0.0,64000000.0,4914000000.0,4907975000.0,58000000.0,1130000000.0,1130000000.0,0.0,4084000000.0,1501000000.0,2583000000.0,3029836120.0,20000000.0,0.0,-29000000.0,-275000000.0,0.0,-88000000.0,-645000000.0,-82000000.0,753000000.0,0.0,316000000.0,316000000.0,316000000.0,0.0,0.0,0.068,1718000000.0,532000000.0,65000000.0,0.0,2.132,9.588,9.661,3609000000.0,0.0,21.545,0.651,0.654,130000000.0,1127000000.0,4657000000.0,4657000000.0,0.0,0.058,0.236,0.118,0.124,10000000.0,1206000000.0,1.0,140628272.0,141416000,143568000.0,32.931,5505000000.0,148000000.0,198000000.0,446000000.0,38.928,236000000.0
35,ALK,MRT,2012-09-30,2012-09-30,2012-09-30,2021-08-03,-373600000.0,5436100000.0,5352175000.0,1716500000.0,3719600000.0,0.854,10.14,-432500000.0,27500000.0,27500000.0,2296100000.0,336500000.0,1.123,2.777,1066100000.0,167200000.0,898900000.0,1066100000.0,423400000.0,257800000.0,0.0,0.0,0.0,607900000.0,865700000.0,0.189,865700000.0,607900000.0,541000000.0,2.36,2.315,2.36,1439200000.0,1278550000.0,1439200000.0,3576647968.0,6.0,4.132,292700000.0,2.062,1.0,2273400000.0,0.498,0.0,66900000.0,4945900000.0,4894975000.0,52500000.0,1158100000.0,1158100000.0,0.0,3996900000.0,1528800000.0,2468100000.0,2471547968.0,-41000000.0,0.0,-45100000.0,-325200000.0,0.0,-287800000.0,-478400000.0,46500000.0,725200000.0,0.0,336500000.0,336500000.0,336500000.0,0.0,0.0,0.074,1702200000.0,571200000.0,70200000.0,0.0,1.717,7.345,7.428,3547500000.0,0.0,17.53,0.541,0.544,185400000.0,1082300000.0,4569500000.0,4569500000.0,0.0,0.063,0.263,0.124,0.133,15500000.0,1197800000.0,1.0,140989616.0,141926000,143766000.0,32.196,5436100000.0,141500000.0,204500000.0,484900000.0,38.302,187700000.0
36,ALK,MRT,2012-06-30,2012-06-30,2012-06-30,2021-08-03,-380800000.0,5423600000.0,5308200000.0,1698400000.0,3725200000.0,0.847,9.036,-400900000.0,35400000.0,35400000.0,2362700000.0,251000000.0,1.02,3.227,1140500000.0,183400000.0,957100000.0,1140500000.0,414000000.0,254000000.0,0.0,0.0,0.0,478900000.0,732900000.0,0.163,732900000.0,478900000.0,401300000.0,1.75,1.71,1.75,1283000000.0,1234825000.0,1283000000.0,3751206892.0,8.0,5.118,381400000.0,2.686,1.0,2132900000.0,0.474,0.0,77600000.0,4864400000.0,4925200000.0,47800000.0,1150000000.0,1150000000.0,0.0,4140600000.0,1664300000.0,2476300000.0,2552406892.0,-32500000.0,0.0,-54600000.0,-266600000.0,0.0,-242700000.0,-572100000.0,-66300000.0,782300000.0,0.0,251000000.0,251000000.0,251000000.0,0.0,0.0,0.056,1687500000.0,445400000.0,110800000.0,0.0,1.989,10.169,10.257,3547400000.0,0.0,17.95,0.568,0.567,169400000.0,918900000.0,4495600000.0,4495600000.0,0.0,0.047,0.203,0.097,0.107,15700000.0,1189300000.0,1.0,142195370.0,141992000,144400000.0,31.661,5423600000.0,152100000.0,150300000.0,447500000.0,38.197,34100000.0
37,ALK,MRT,2012-03-31,2012-03-31,2012-03-31,2021-08-03,-382400000.0,5382000000.0,5260750000.0,1656900000.0,3725100000.0,0.835,8.554,-335900000.0,48200000.0,48200000.0,2311800000.0,211800000.0,0.99,3.419,1247000000.0,210100000.0,1036900000.0,1247000000.0,406200000.0,250700000.0,0.0,0.0,0.0,419900000.0,670600000.0,0.153,670600000.0,419900000.0,339300000.0,1.475,1.44,1.475,1218000000.0,1215700000.0,1218000000.0,3744567391.0,9.0,5.584,424300000.0,2.98,1.0,2080000000.0,0.474,0.0,80600000.0,4907600000.0,4946000000.0,45300000.0,1093000000.0,1093000000.0,0.0,4164000000.0,1673200000.0,2490800000.0,2539867391.0,-12700000.0,0.0,-48000000.0,-196800000.0,0.0,-230700000.0,-542200000.0,-112400000.0,760200000.0,0.0,211800000.0,211800000.0,211800000.0,0.0,0.0,0.048,1692800000.0,387200000.0,129000000.0,0.0,2.085,11.992,12.142,3503700000.0,0.0,17.91,0.578,0.581,168300000.0,851400000.0,4391800000.0,4391800000.0,0.0,0.04,0.174,0.085,0.096,15300000.0,1174900000.0,1.0,141812808.0,142384000,145318000.0,30.845,5382000000.0,142500000.0,127500000.0,405200000.0,37.799,-16300000.0
38,ALK,MRT,2011-12-31,2011-12-31,2011-12-31,2021-08-03,-390000000.0,5167000000.0,5193100000.0,1596000000.0,3571000000.0,0.831,8.181,-387000000.0,102000000.0,102000000.0,2182000000.0,245000000.0,1.057,3.401,1307000000.0,208000000.0,1099000000.0,1307000000.0,410000000.0,247000000.0,0.0,0.0,0.0,481000000.0,728000000.0,0.169,728000000.0,481000000.0,394000000.0,1.705,1.665,1.705,1174000000.0,1203725000.0,1174000000.0,3991719247.0,8.0,5.483,309000000.0,2.153,1.0,2136000000.0,0.495,0.0,87000000.0,4862000000.0,4972050000.0,44000000.0,1039000000.0,1039000000.0,0.0,3993000000.0,1510000000.0,2483000000.0,2666819247.0,12000000.0,0.0,-61000000.0,-227000000.0,0.0,-281000000.0,-403000000.0,72000000.0,696000000.0,0.0,245000000.0,245000000.0,245000000.0,0.0,0.0,0.057,1687000000.0,449000000.0,104000000.0,0.0,2.272,10.885,11.01,3373000000.0,0.0,18.773,0.618,0.624,136000000.0,811000000.0,4318000000.0,4318000000.0,0.0,0.047,0.204,0.097,0.111,17000000.0,1166000000.0,1.0,142059888.0,143510000,146842000.0,30.088,5167000000.0,134000000.0,149000000.0,363000000.0,36.004,86000000.0
39,ALK,MRT,2011-09-30,2011-09-30,2011-09-30,2021-08-03,-256000000.0,5260200000.0,5155500000.0,1726300000.0,3533900000.0,0.821,8.785,-325600000.0,67500000.0,67500000.0,2118600000.0,245200000.0,1.137,3.161,1392400000.0,213600000.0,1178800000.0,1392400000.0,394000000.0,242200000.0,0.0,0.0,0.0,492300000.0,734500000.0,0.174,734500000.0,492300000.0,396600000.0,1.702,1.665,1.702,1264300000.0,1186575000.0,1264300000.0,3368579204.0,7.0,4.586,329800000.0,2.292,1.0,2113100000.0,0.499,0.0,95700000.0,5066800000.0,5015700000.0,44300000.0,1198300000.0,1198300000.0,0.0,3995900000.0,1518300000.0,2477600000.0,2026779204.0,-61000000.0,0.0,-50800000.0,-231500000.0,0.0,-281800000.0,-434600000.0,-25400000.0,655400000.0,0.0,245200000.0,245200000.0,245200000.0,0.0,0.0,0.058,1659600000.0,453500000.0,88000000.0,0.0,1.603,8.266,8.268,3350100000.0,0.0,14.072,0.479,0.479,148300000.0,746600000.0,4231700000.0,4231700000.0,0.0,0.048,0.207,0.098,0.116,7900000.0,1150000000.0,1.0,144024104.0,143908000,146476000.0,29.406,5260200000.0,130200000.0,151400000.0,398200000.0,36.553,208000000.0
40,ALK,MRT,2011-06-30,2011-06-30,2011-06-30,2021-08-03,-260000000.0,5233800000.0,5120475000.0,1675700000.0,3558100000.0,0.801,8.383,-314300000.0,67000000.0,67000000.0,1924200000.0,290100000.0,1.029,3.338,1408800000.0,253900000.0,1154900000.0,1408800000.0,386700000.0,237800000.0,0.0,0.0,0.0,569000000.0,806800000.0,0.197,806800000.0,569000000.0,469500000.0,2.015,1.965,2.015,1206500000.0,1138875000.0,1206500000.0,3837615687.0,7.0,4.757,273800000.0,1.902,1.0,2177400000.0,0.531,0.0,99500000.0,4947600000.0,5034700000.0,52600000.0,1086500000.0,1086500000.0,0.0,4027300000.0,1628000000.0,2399300000.0,2452815687.0,-40400000.0,0.0,-21100000.0,-315500000.0,0.0,-331500000.0,-297000000.0,72200000.0,588100000.0,0.0,290100000.0,290100000.0,290100000.0,0.0,0.0,0.071,1650200000.0,527200000.0,71300000.0,0.0,2.033,8.455,8.494,3249900000.0,0.0,17.115,0.598,0.601,167800000.0,669100000.0,4101600000.0,4101600000.0,0.0,0.057,0.255,0.113,0.139,7600000.0,1142000000.0,1.0,143313800.0,143930000,146946000.0,28.497,5233800000.0,126400000.0,179400000.0,347900000.0,36.364,47700000.0
41,ALK,MRT,2011-03-31,2011-03-31,2011-03-31,2021-08-03,-263700000.0,5111400000.0,5088775000.0,1596000000.0,3515400000.0,0.78,8.127,-308200000.0,60200000.0,60200000.0,1786200000.0,319900000.0,1.075,3.368,1445000000.0,169800000.0,1275200000.0,1445000000.0,387700000.0,234100000.0,0.0,0.0,0.0,622300000.0,856400000.0,0.216,856400000.0,622300000.0,516500000.0,2.225,2.17,2.225,1170100000.0,1072225000.0,1170100000.0,3717136457.0,6.0,4.34,309100000.0,2.147,1.0,2181400000.0,0.55,0.0,105800000.0,5011800000.0,5118425000.0,45700000.0,982300000.0,982300000.0,0.0,3941300000.0,1484400000.0,2456900000.0,2272436457.0,-56800000.0,0.0,-26600000.0,-370400000.0,0.0,-393200000.0,-280900000.0,64400000.0,617300000.0,0.0,319900000.0,319900000.0,319900000.0,0.0,0.0,0.081,1602300000.0,579100000.0,59200000.0,0.0,1.942,7.104,7.126,3202200000.0,0.0,15.855,0.573,0.575,161200000.0,640300000.0,3967600000.0,3967600000.0,0.0,0.063,0.298,0.122,0.157,10700000.0,1131200000.0,1.0,143326172.0,143976000,147364000.0,27.557,5111400000.0,116300000.0,196600000.0,321300000.0,35.502,111600000.0
42,ALK,MRT,2010-12-31,2010-12-31,2010-12-31,2021-08-03,-267200000.0,5016600000.0,5064850000.0,1662000000.0,3354600000.0,0.757,7.715,-185000000.0,89500000.0,89500000.0,1802000000.0,251000000.0,1.167,3.538,1534200000.0,221200000.0,1313000000.0,1534200000.0,403500000.0,230000000.0,0.0,0.0,0.0,514000000.0,744000000.0,0.194,744000000.0,514000000.0,406000000.0,1.75,1.705,1.75,1105400000.0,1001050000.0,1105400000.0,3582118261.0,7.0,4.815,368000000.0,2.568,1.0,2030000000.0,0.53,0.0,108000000.0,5036600000.0,5208950000.0,45100000.0,1118700000.0,1118700000.0,0.0,3911200000.0,1424700000.0,2486500000.0,2087418261.0,-74000000.0,0.0,-8000000.0,-321000000.0,0.0,-332000000.0,-295000000.0,-91000000.0,553000000.0,0.0,251000000.0,251000000.0,251000000.0,0.0,0.0,0.066,1559000000.0,471000000.0,60200000.0,0.0,1.888,8.316,8.099,3148400000.0,0.0,14.172,0.545,0.53,120100000.0,566100000.0,3832000000.0,3832000000.0,0.0,0.05,0.251,0.099,0.134,9000000.0,1115000000.0,1.0,147286524.0,143288000,147142000.0,26.743,5016600000.0,120500000.0,155000000.0,279900000.0,35.011,237300000.0
43,ALK,MRT,2010-09-30,2010-09-30,2010-09-30,2021-08-03,-237900000.0,5120100000.0,5059750000.0,1768300000.0,3351800000.0,0.735,7.476,-245000000.0,129200000.0,129200000.0,1748600000.0,210400000.0,1.201,3.77,1623900000.0,233800000.0,1390100000.0,1623900000.0,396800000.0,228900000.0,0.0,0.0,0.0,452300000.0,681200000.0,0.183,681200000.0,452300000.0,344400000.0,1.47,1.435,1.47,1073500000.0,942725000.0,1073500000.0,3443947072.0,8.0,5.056,248500000.0,1.731,1.0,1971300000.0,0.53,0.0,107900000.0,5142800000.0,5304225000.0,41600000.0,1188500000.0,1188500000.0,0.0,4046600000.0,1472000000.0,2574600000.0,1827747072.0,-40800000.0,0.0,7300000.0,-182100000.0,0.0,-171200000.0,-363100000.0,-121700000.0,493500000.0,0.0,210400000.0,210400000.0,210400000.0,0.0,0.0,0.057,1566200000.0,405100000.0,50800000.0,0.0,1.703,8.687,8.679,3147000000.0,0.0,12.758,0.491,0.492,139600000.0,501300000.0,3719900000.0,3719900000.0,0.0,0.042,0.223,0.085,0.122,13300000.0,1118500000.0,1.0,143268436.0,143592000,147320000.0,25.906,5120100000.0,129800000.0,134000000.0,251700000.0,35.657,296300000.0
44,ALK,MRT,2010-06-30,2010-06-30,2010-06-30,2021-08-03,-239700000.0,5107000000.0,5031225000.0,1739200000.0,3367800000.0,0.719,6.582,-241700000.0,108100000.0,108100000.0,1719700000.0,175600000.0,1.207,4.434,1724300000.0,154300000.0,1570000000.0,1724300000.0,407100000.0,226700000.0,0.0,0.0,0.0,393300000.0,620000000.0,0.171,620000000.0,393300000.0,289000000.0,1.237,1.22,1.237,939900000.0,867800000.0,939900000.0,3305419053.0,8.0,5.331,261200000.0,1.829,1.0,1899600000.0,0.525,0.0,104300000.0,5282500000.0,5358400000.0,48500000.0,1164600000.0,1164600000.0,0.0,4167100000.0,1440700000.0,2726400000.0,1607719053.0,-55200000.0,0.0,-7100000.0,-112700000.0,0.0,-123400000.0,-434700000.0,-195500000.0,502900000.0,0.0,175600000.0,175600000.0,175600000.0,0.0,0.0,0.049,1551600000.0,348000000.0,58000000.0,0.0,1.711,9.156,9.084,3163900000.0,0.0,11.238,0.444,0.443,145200000.0,378900000.0,3619300000.0,3619300000.0,0.0,0.035,0.202,0.073,0.109,14000000.0,1117200000.0,1.0,143067324.0,142792000,146788000.0,25.347,5107000000.0,137400000.0,113400000.0,207800000.0,35.765,298500000.0
45,ALK,MRT,2010-03-31,2010-03-31,2010-03-31,2021-08-03,-237000000.0,5015700000.0,4989800000.0,1651600000.0,3364100000.0,0.699,6.206,-238100000.0,117700000.0,117700000.0,1590200000.0,146100000.0,1.233,4.665,1815400000.0,158200000.0,1657200000.0,1815400000.0,419100000.0,222600000.0,0.0,0.0,0.0,345800000.0,568400000.0,0.163,568400000.0,345800000.0,242700000.0,1.028,1.018,1.028,885400000.0,804925000.0,885400000.0,3160682725.0,9.0,5.561,98800000.0,0.693,1.0,1896800000.0,0.544,0.0,103100000.0,5373900000.0,5356425000.0,49100000.0,1053500000.0,1053500000.0,0.0,4130300000.0,1339500000.0,2790800000.0,1469682725.0,-119400000.0,0.0,-12200000.0,31700000.0,0.0,13200000.0,-469500000.0,-232000000.0,336900000.0,0.0,146100000.0,146100000.0,146100000.0,0.0,0.0,0.042,1591800000.0,305000000.0,53300000.0,0.0,1.66,10.059,10.027,3136000000.0,0.0,10.307,0.421,0.422,137300000.0,320300000.0,3487000000.0,3487000000.0,0.0,0.029,0.182,0.065,0.099,12500000.0,1121800000.0,1.0,142583820.0,142668000,145572000.0,24.441,5015700000.0,133000000.0,96600000.0,170100000.0,35.156,312100000.0
46,ALK,MRT,2009-12-31,2009-12-31,2009-12-31,2021-08-03,-240000000.0,4996200000.0,4930625000.0,1634300000.0,3361900000.0,0.69,6.088,-438400000.0,164200000.0,164200000.0,1534800000.0,121600000.0,1.287,4.729,1855200000.0,156000000.0,1699200000.0,1855200000.0,435100000.0,219200000.0,0.0,0.0,0.0,307200000.0,526400000.0,0.155,526400000.0,307200000.0,202900000.0,0.848,0.84,0.848,872100000.0,747900000.0,872100000.0,2854430184.0,9.0,5.423,-145900000.0,-1.018,1.0,1865000000.0,0.549,0.0,104300000.0,5417700000.0,5272950000.0,45800000.0,1027900000.0,1027900000.0,0.0,4124100000.0,1269500000.0,2854600000.0,1218430184.0,-118900000.0,0.0,-10800000.0,14000000.0,0.0,246000000.0,-657400000.0,-217600000.0,292500000.0,0.0,121600000.0,121600000.0,121600000.0,0.0,0.0,0.036,1597600000.0,267400000.0,63300000.0,0.0,1.397,10.02,10.189,3167900000.0,0.0,8.64,0.358,0.364,111800000.0,315000000.0,3399800000.0,3399800000.0,0.0,0.025,0.163,0.058,0.09,12900000.0,1119900000.0,1.0,141022012.0,143260000,144616000.0,23.732,4996200000.0,120300000.0,81300000.0,151100000.0,34.875,364800000.0
47,ALK,MRT,2009-09-30,2009-09-30,2009-09-30,2021-08-03,-303000000.0,5006000000.0,4890475000.0,1685800000.0,3320200000.0,0.691,5.484,-349600000.0,170000000.0,170000000.0,1693700000.0,22300000.0,1.314,5.469,1806000000.0,148500000.0,1657500000.0,1806000000.0,454000000.0,214000000.0,0.0,0.0,0.0,150200000.0,364200000.0,0.108,364200000.0,150200000.0,40900000.0,0.17,0.162,0.17,773800000.0,695350000.0,773800000.0,2614492681.0,17.0,7.179,-12700000.0,-0.09,1.0,1687100000.0,0.499,0.0,109300000.0,5359500000.0,5176800000.0,47400000.0,1059600000.0,1059600000.0,0.0,4232200000.0,1282500000.0,2949700000.0,940792681.0,-89300000.0,0.0,-18800000.0,-61600000.0,0.0,141600000.0,-567800000.0,-222700000.0,336900000.0,0.0,22300000.0,22300000.0,22300000.0,0.0,0.0,0.007,1579200000.0,107900000.0,55100000.0,0.0,1.216,42.188,39.397,3136300000.0,0.0,6.697,0.278,0.28,128300000.0,290900000.0,3380800000.0,3380800000.0,0.0,0.005,0.032,0.029,0.044,12800000.0,1095900000.0,1.0,140469232.0,141100000,142724000.0,23.96,5006000000.0,138700000.0,18600000.0,93300000.0,35.478,403300000.0
48,ALK,MRT,2009-06-30,2009-06-30,2009-06-30,2021-08-03,-309900000.0,4941300000.0,4905450000.0,1593900000.0,3347400000.0,0.709,4.734,-437200000.0,163300000.0,163300000.0,2053400000.0,-151800000.0,1.189,6.178,1837000000.0,167300000.0,1669700000.0,1837000000.0,454300000.0,210500000.0,0.0,0.0,0.0,-125600000.0,84900000.0,0.024,84900000.0,-125600000.0,-234900000.0,-1.05,-1.052,-1.05,688400000.0,733325000.0,688400000.0,2211010533.0,-18.0,26.043,-245600000.0,-1.689,1.0,1425200000.0,0.41,0.0,109300000.0,5274600000.0,5120375000.0,43600000.0,958500000.0,958500000.0,0.0,4252900000.0,1340400000.0,2912500000.0,664410533.0,-15800000.0,0.0,-6700000.0,129900000.0,0.0,347800000.0,-555200000.0,-128900000.0,191600000.0,0.0,-151800000.0,-151800000.0,-151800000.0,0.0,0.0,-0.044,1597100000.0,-171900000.0,52500000.0,0.0,0.965,-4.377,-4.348,3154200000.0,0.0,4.565,0.191,0.191,156500000.0,203300000.0,3478600000.0,3478600000.0,0.0,-0.031,-0.207,-0.025,-0.036,13000000.0,1086500000.0,1.0,145544476.0,145416000,146364000.0,23.922,4941300000.0,158200000.0,-83100000.0,46100000.0,33.98,253500000.0
49,ALK,MRT,2009-03-31,2009-03-31,2009-03-31,2021-08-03,-320900000.0,4779000000.0,4944000000.0,1465900000.0,3313100000.0,0.721,4.524,-494900000.0,237100000.0,237100000.0,2101300000.0,-117800000.0,1.14,6.271,1783700000.0,164400000.0,1619300000.0,1783700000.0,424700000.0,208100000.0,0.0,0.0,0.0,-75200000.0,132900000.0,0.037,132900000.0,-75200000.0,-184400000.0,-0.812,-0.815,-0.812,657300000.0,813775000.0,657300000.0,2195794787.0,-29.0,16.522,-346700000.0,-2.386,1.0,1464200000.0,0.411,0.0,109200000.0,5040000000.0,5045150000.0,43400000.0,805900000.0,805900000.0,0.0,4121700000.0,1285600000.0,2836100000.0,637694787.0,25200000.0,0.0,-3200000.0,248700000.0,0.0,472500000.0,-595500000.0,-110900000.0,148200000.0,0.0,-117800000.0,-117800000.0,-117800000.0,0.0,0.0,-0.033,1596300000.0,-132100000.0,63800000.0,0.0,0.97,-5.413,-5.409,3127200000.0,0.0,4.393,0.179,0.179,113500000.0,174200000.0,3565500000.0,3565500000.0,0.0,-0.024,-0.145,-0.015,-0.021,13300000.0,1082600000.0,1.0,145178096.0,145304000,145304000.0,24.538,4779000000.0,170300000.0,-66600000.0,37200000.0,32.89,180300000.0
50,ALK,MRT,2008-12-31,2008-12-31,2008-12-31,2021-08-03,-328300000.0,4835600000.0,4943525000.0,1508900000.0,3326700000.0,0.741,4.553,-412800000.0,283100000.0,283100000.0,2232400000.0,-135900000.0,1.109,6.306,1841200000.0,244900000.0,1596300000.0,1841200000.0,421300000.0,204600000.0,0.0,0.0,0.0,-108400000.0,96200000.0,0.026,96200000.0,-108400000.0,-213200000.0,-0.935,-0.935,-0.935,661900000.0,888725000.0,661900000.0,2667510822.0,-25.0,27.729,-240300000.0,-1.653,1.0,1430200000.0,0.39,0.0,104800000.0,5033100000.0,4939600000.0,51900000.0,794300000.0,794300000.0,0.0,4173700000.0,1360600000.0,2813100000.0,1059110822.0,78800000.0,0.0,-44900000.0,540700000.0,0.0,487600000.0,-581300000.0,-186400000.0,172500000.0,0.0,-135900000.0,-135900000.0,-135900000.0,0.0,0.0,-0.037,1602400000.0,-172200000.0,59600000.0,0.0,1.6,-7.793,-7.821,3167700000.0,0.0,7.312,0.289,0.29,116700000.0,193400000.0,3662600000.0,3662600000.0,0.0,-0.027,-0.153,-0.022,-0.03,13400000.0,1090800000.0,1.0,144835668.0,145372000,145372000.0,25.195,4835600000.0,164400000.0,-77300000.0,36700000.0,33.264,148300000.0
51,ALK,MRT,2008-09-30,2008-09-30,2008-09-30,2021-08-03,-135700000.0,5065900000.0,4857350000.0,1678700000.0,3387200000.0,0.759,6.416,-585600000.0,259200000.0,259200000.0,2123200000.0,-53300000.0,1.09,4.473,1867600000.0,254500000.0,1613100000.0,1867600000.0,407800000.0,198000000.0,0.0,0.0,0.0,12400000.0,210400000.0,0.057,210400000.0,12400000.0,-83600000.0,-0.362,-0.365,-0.362,925700000.0,979600000.0,925700000.0,2262427940.0,182.0,10.753,-336000000.0,-2.329,1.0,1565700000.0,0.424,0.0,96000000.0,5133800000.0,4734675000.0,83500000.0,808200000.0,808200000.0,0.0,4140200000.0,1540500000.0,2599700000.0,734427940.0,179000000.0,0.0,-103400000.0,618600000.0,0.0,515200000.0,-585800000.0,-16100000.0,249600000.0,0.0,-53300000.0,-53300000.0,-53300000.0,0.0,0.0,-0.014,1615800000.0,-50100000.0,81100000.0,0.0,0.793,-13.779,-14.081,3217500000.0,0.0,5.098,0.199,0.199,143000000.0,268600000.0,3688900000.0,3688900000.0,0.0,-0.011,-0.054,0.003,0.003,13500000.0,1112400000.0,1.0,144076104.0,144276000,144276000.0,25.568,5065900000.0,130200000.0,-30300000.0,151800000.0,35.113,138200000.0
52,ALK,MRT,2008-06-30,2008-06-30,2008-06-30,2021-08-03,-132800000.0,5095500000.0,4705100000.0,1734000000.0,3361500000.0,0.768,7.004,-645300000.0,179100000.0,179100000.0,1805000000.0,115000000.0,1.051,4.044,1707100000.0,262200000.0,1444900000.0,1707100000.0,442500000.0,192500000.0,0.0,0.0,0.0,277100000.0,469600000.0,0.13,469600000.0,277100000.0,184200000.0,0.742,0.737,0.742,1010200000.0,1005025000.0,1010200000.0,1881482581.0,7.0,4.007,-326400000.0,-2.263,1.0,1807500000.0,0.5,0.0,92900000.0,4973700000.0,4532725000.0,59700000.0,826900000.0,826900000.0,0.0,4085300000.0,1649800000.0,2435500000.0,558382581.0,20900000.0,0.0,-108300000.0,422800000.0,0.0,314500000.0,-612500000.0,10200000.0,318900000.0,0.0,115000000.0,115000000.0,115000000.0,0.0,0.0,0.032,1600600000.0,206900000.0,84200000.0,0.0,0.553,4.856,5.168,3141800000.0,0.0,3.835,0.155,0.153,165000000.0,359100000.0,3612500000.0,3612500000.0,0.0,0.024,0.114,0.061,0.077,14900000.0,1122400000.0,1.0,145601716.0,144236000,145020000.0,25.046,5095500000.0,63400000.0,69200000.0,128100000.0,35.328,84200000.0
53,ALK,MRT,2008-03-31,2008-03-31,2008-03-31,2021-08-03,-127800000.0,4777100000.0,4551075000.0,1541800000.0,3235300000.0,0.788,6.463,-724500000.0,211900000.0,211900000.0,1851900000.0,98000000.0,1.04,3.991,1535000000.0,155000000.0,1380000000.0,1535000000.0,429300000.0,184800000.0,0.0,0.0,0.0,251400000.0,436200000.0,0.122,436200000.0,251400000.0,161000000.0,0.59,0.585,0.59,957100000.0,986400000.0,957100000.0,1842754342.0,7.0,4.225,-272200000.0,-1.838,1.0,1734200000.0,0.484,0.0,90400000.0,4617800000.0,4338550000.0,47000000.0,709900000.0,709900000.0,0.0,3820000000.0,1482400000.0,2337600000.0,746554342.0,50900000.0,0.0,-99700000.0,245700000.0,0.0,145500000.0,-546900000.0,111700000.0,452300000.0,0.0,98000000.0,98000000.0,98000000.0,0.0,0.0,0.027,1556100000.0,178100000.0,97300000.0,0.0,0.78,7.618,8.314,3056600000.0,0.0,4.905,0.208,0.203,158800000.0,296000000.0,3586100000.0,3586100000.0,0.0,0.022,0.099,0.058,0.07,15800000.0,1121600000.0,1.0,152202720.0,148096000,148096000.0,24.215,4777100000.0,105000000.0,63000000.0,132900000.0,32.257,59400000.0
54,ALK,MRT,2007-12-31,2007-12-31,2007-12-31,2021-08-03,-133300000.0,4490900000.0,4442575000.0,1390300000.0,3100600000.0,0.789,6.389,-834400000.0,204300000.0,204300000.0,1753600000.0,124300000.0,1.012,3.38,1300500000.0,175900000.0,1124600000.0,1300500000.0,413600000.0,177400000.0,0.0,0.0,0.0,288500000.0,465900000.0,0.133,465900000.0,288500000.0,200500000.0,0.775,0.767,0.775,1025400000.0,968700000.0,1025400000.0,2176899368.0,8.0,4.672,-352400000.0,-2.196,1.0,1752400000.0,0.5,0.0,88000000.0,4213400000.0,4206875000.0,46600000.0,618500000.0,618500000.0,0.0,3465500000.0,1373700000.0,2091800000.0,1008199369.0,-26400000.0,0.0,-56300000.0,149700000.0,0.0,93400000.0,-601800000.0,171800000.0,482000000.0,0.0,124300000.0,124300000.0,124300000.0,0.0,0.0,0.035,1541500000.0,210900000.0,101500000.0,0.0,0.983,8.111,8.068,2962300000.0,0.0,6.253,0.288,0.286,138000000.0,329300000.0,3506000000.0,3506000000.0,0.0,0.028,0.128,0.069,0.082,12300000.0,1119500000.0,1.0,161247400.0,160500000,161696000.0,21.844,4490900000.0,84900000.0,76200000.0,131200000.0,27.981,16600000.0
55,ALK,MRT,2007-09-30,2007-09-30,2007-09-30,2021-08-03,-181600000.0,4456900000.0,4339125000.0,1468300000.0,2988600000.0,0.793,6.345,-824900000.0,80300000.0,80300000.0,1749500000.0,104100000.0,1.13,3.338,1249000000.0,97200000.0,1151800000.0,1249000000.0,391300000.0,175700000.0,0.0,0.0,0.0,259200000.0,434900000.0,0.126,434900000.0,259200000.0,172500000.0,0.64,0.635,0.64,1027400000.0,933725000.0,1027400000.0,2060721873.0,8.0,4.738,-390600000.0,-2.412,1.0,1693400000.0,0.492,0.0,86700000.0,4326000000.0,4093650000.0,51800000.0,807700000.0,807700000.0,0.0,3429500000.0,1299600000.0,2129900000.0,934621873.0,-72000000.0,0.0,13400000.0,100100000.0,0.0,110500000.0,-616800000.0,150000000.0,434300000.0,0.0,104100000.0,104100000.0,104100000.0,0.0,0.0,0.03,1517900000.0,175500000.0,88800000.0,0.0,0.91,8.978,9.02,2833700000.0,0.0,5.772,0.271,0.272,156800000.0,328500000.0,3442900000.0,3442900000.0,0.0,0.024,0.111,0.063,0.075,17900000.0,1117900000.0,1.0,161909376.0,161932000,163100000.0,21.261,4456900000.0,91500000.0,68400000.0,125600000.0,27.523,168700000.0
56,ALK,MRT,2007-06-30,2007-06-30,2007-06-30,2021-08-03,-188400000.0,4479400000.0,4259825000.0,1629600000.0,2849800000.0,0.796,5.783,-855100000.0,158200000.0,158200000.0,1781000000.0,4900000.0,1.157,3.787,1284300000.0,107300000.0,1177000000.0,1284300000.0,373300000.0,169600000.0,0.0,0.0,0.0,99100000.0,268700000.0,0.079,268700000.0,99100000.0,14800000.0,0.025,0.023,0.025,935700000.0,918125000.0,935700000.0,2254922600.0,23.0,8.392,-375500000.0,-2.321,1.0,1608800000.0,0.475,0.0,84300000.0,4197000000.0,3942750000.0,55100000.0,829500000.0,829500000.0,0.0,3543700000.0,1408500000.0,2135200000.0,1126622600.0,17700000.0,0.0,21400000.0,181500000.0,0.0,200400000.0,-662300000.0,132000000.0,479600000.0,0.0,4900000.0,4900000.0,4900000.0,0.0,0.0,0.001,1594300000.0,14500000.0,93300000.0,0.0,1.204,229.923,278.6,2693800000.0,0.0,6.965,0.332,0.332,189100000.0,242700000.0,3389800000.0,3389800000.0,0.0,0.001,0.005,0.025,0.029,15100000.0,1117400000.0,1.0,161754860.0,161800000,163128000.0,20.951,4479400000.0,144300000.0,9900000.0,122800000.0,27.685,221100000.0
57,ALK,MRT,2007-03-31,2007-03-31,2007-03-31,2021-08-03,-187900000.0,4343100000.0,4162925000.0,1594100000.0,2749000000.0,0.807,5.489,-763100000.0,161000000.0,161000000.0,1755000000.0,14300000.0,1.155,3.9,1289300000.0,118000000.0,1171300000.0,1289300000.0,335600000.0,162500000.0,0.0,0.0,0.0,100800000.0,263300000.0,0.078,263300000.0,100800000.0,20900000.0,0.105,0.085,0.105,886300000.0,927750000.0,886300000.0,2455289551.0,24.0,9.325,-334400000.0,-2.071,1.0,1603400000.0,0.477,0.0,79900000.0,4091100000.0,3789725000.0,47800000.0,809100000.0,809100000.0,0.0,3456800000.0,1380300000.0,2076500000.0,1535189551.0,20500000.0,0.0,36800000.0,231200000.0,0.0,268500000.0,-676700000.0,67300000.0,428700000.0,0.0,14300000.0,14300000.0,14300000.0,0.0,0.0,0.004,1586500000.0,16900000.0,75800000.0,0.0,1.732,107.356,90.714,2570500000.0,0.0,9.525,0.457,0.458,158300000.0,196600000.0,3358400000.0,3358400000.0,0.0,0.003,0.015,0.027,0.03,11200000.0,1120500000.0,1.0,161174756.0,161460000,161460000.0,20.8,4343100000.0,139700000.0,6600000.0,91600000.0,26.899,213800000.0
58,ALK,MRT,2006-12-31,2006-12-31,2006-12-31,2021-08-03,-191400000.0,4077100000.0,4049200000.0,1572300000.0,2504800000.0,0.823,5.835,-682100000.0,230700000.0,230700000.0,1729600000.0,-54500000.0,1.271,3.604,1150800000.0,119100000.0,1031700000.0,1150800000.0,333000000.0,157500000.0,0.0,0.0,0.0,-12700000.0,144800000.0,0.043,144800000.0,-12700000.0,-90700000.0,-0.36,-0.36,-0.36,885500000.0,894050000.0,885500000.0,2577703365.0,-203.0,17.802,-232300000.0,-1.531,1.0,1604800000.0,0.481,0.0,78000000.0,3760500000.0,3661725000.0,44700000.0,783200000.0,783200000.0,0.0,3191600000.0,1236700000.0,1954900000.0,1580903365.0,157100000.0,0.0,34500000.0,205800000.0,0.0,240300000.0,-533000000.0,129400000.0,449800000.0,0.0,-54500000.0,-54500000.0,-54500000.0,0.0,0.0,-0.016,1695000000.0,-90200000.0,90000000.0,0.0,1.785,-29.007,-27.431,2359000000.0,0.0,9.875,0.474,0.449,134200000.0,206900000.0,3334400000.0,3334400000.0,0.0,-0.013,-0.061,-0.003,-0.004,11100000.0,1109200000.0,1.0,160091480.0,151756000,151756000.0,21.972,4077100000.0,134200000.0,-36200000.0,114600000.0,26.866,335600000.0
59,ALK,MRT,2006-09-30,2006-09-30,2006-09-30,2021-08-03,-130200000.0,4139700000.0,3977925000.0,1697300000.0,2442400000.0,0.823,6.038,-623600000.0,152300000.0,152300000.0,1718700000.0,-74000000.0,1.229,3.29,1149100000.0,203600000.0,945500000.0,1149100000.0,317700000.0,151700000.0,0.0,0.0,0.0,-52400000.0,99300000.0,0.03,99300000.0,-52400000.0,-127500000.0,-0.635,-0.59,-0.635,965000000.0,879575000.0,965000000.0,2466918196.0,-47.0,24.843,-143600000.0,-0.899,1.0,1556000000.0,0.475,33600000.0,75100000.0,3722400000.0,3622050000.0,52400000.0,955400000.0,955400000.0,0.0,3174700000.0,1380500000.0,1794200000.0,1517018196.0,125600000.0,0.0,223200000.0,258900000.0,0.0,485700000.0,-840100000.0,-233500000.0,480000000.0,0.0,-74000000.0,-74000000.0,-74000000.0,0.0,0.0,-0.023,1675600000.0,-119600000.0,89900000.0,0.0,1.572,-20.5,-14.976,2251000000.0,0.0,9.51,0.463,0.464,145800000.0,237100000.0,3274700000.0,3274700000.0,0.0,-0.019,-0.084,-0.014,-0.016,3200000.0,1089100000.0,1.0,159518212.0,159816000,159816000.0,20.49,4106100000.0,122900000.0,-53500000.0,155200000.0,25.693,316800000.0
60,ALK,MRT,2006-06-30,2006-06-30,2006-06-30,2021-08-03,-131900000.0,4091800000.0,3820425000.0,1732300000.0,2359500000.0,0.834,6.404,-476900000.0,140500000.0,140500000.0,1567400000.0,33600000.0,1.217,3.2,1090400000.0,201200000.0,889200000.0,1090400000.0,305300000.0,147500000.0,0.0,0.0,0.0,113000000.0,260500000.0,0.082,260500000.0,113000000.0,42200000.0,0.295,0.198,0.295,974200000.0,813225000.0,974200000.0,2376021815.0,21.0,9.121,-59700000.0,-0.392,1.0,1617300000.0,0.508,33600000.0,70800000.0,3584900000.0,3534050000.0,43400000.0,962900000.0,962900000.0,0.0,3117600000.0,1423200000.0,1694400000.0,1320821815.0,109300000.0,0.0,230900000.0,203900000.0,0.0,439100000.0,-747000000.0,-268600000.0,417200000.0,0.0,33600000.0,33600000.0,33600000.0,0.0,0.0,0.011,1559800000.0,57500000.0,83200000.0,0.0,1.356,39.31,33.407,2130500000.0,0.0,9.855,0.415,0.471,157100000.0,254500000.0,3184700000.0,3184700000.0,0.0,0.009,0.041,0.032,0.035,1100000.0,1069800000.0,1.0,134025552.0,152112000,160304000.0,20.937,4058200000.0,103100000.0,8600000.0,146800000.0,26.679,309100000.0
61,ALK,MRT,2006-03-31,2006-03-31,2006-03-31,2021-08-03,-132300000.0,3888200000.0,3640100000.0,1601300000.0,2286900000.0,0.843,5.614,-485400000.0,140500000.0,140500000.0,1501000000.0,-4500000.0,1.203,4.174,1195700000.0,168300000.0,1027400000.0,1195700000.0,293700000.0,146100000.0,0.0,0.0,0.0,58800000.0,204900000.0,0.067,204900000.0,58800000.0,-9200000.0,0.093,-0.005,0.093,751500000.0,719950000.0,751500000.0,2194949476.0,37.0,10.712,-126800000.0,-0.947,1.0,1567200000.0,0.511,33600000.0,68000000.0,3579100000.0,3450650000.0,44400000.0,871100000.0,871100000.0,0.0,3136700000.0,1330700000.0,1806000000.0,1185949476.0,-23000000.0,0.0,215600000.0,161300000.0,0.0,378700000.0,-760300000.0,-272800000.0,358600000.0,0.0,-4500000.0,-4500000.0,-4500000.0,0.0,0.0,-0.001,1553200000.0,14000000.0,130200000.0,0.0,1.578,-263.544,95.296,2039300000.0,0.0,8.863,0.387,0.387,139500000.0,199000000.0,3068200000.0,3068200000.0,0.0,-0.001,-0.006,0.017,0.019,1900000.0,1053800000.0,1.0,133816584.0,133856000,133856000.0,22.922,3854600000.0,98500000.0,-4700000.0,116000000.0,28.797,270600000.0
62,ALK,MRT,2005-12-31,2005-12-31,2005-12-31,2021-08-03,-132000000.0,3792000000.0,3493200000.0,1540300000.0,2251700000.0,0.852,7.494,-416900000.0,73600000.0,73600000.0,1370800000.0,-5900000.0,1.321,3.582,1082600000.0,113500000.0,969100000.0,1082600000.0,291100000.0,143400000.0,0.0,0.0,0.0,109800000.0,253200000.0,0.085,253200000.0,109800000.0,46800000.0,-0.052,-0.003,-0.052,827600000.0,678200000.0,827600000.0,1986883196.0,18.0,7.847,-146800000.0,-1.329,1.0,1604500000.0,0.539,33600000.0,63000000.0,3601800000.0,3297850000.0,44000000.0,909000000.0,909000000.0,0.0,2964400000.0,1165600000.0,1798800000.0,985983196.0,45600000.0,0.0,215200000.0,39600000.0,0.0,256600000.0,-481100000.0,-63100000.0,270100000.0,0.0,-5900000.0,-5900000.0,-5900000.0,0.0,0.0,-0.002,1438000000.0,166500000.0,86900000.0,0.0,1.191,-167.116,-171.731,2032200000.0,0.0,8.93,0.331,0.331,124200000.0,278100000.0,2975300000.0,2975300000.0,0.0,-0.002,-0.009,0.033,0.037,300000.0,1067000000.0,1.0,110412452.0,110436000,135668000.0,26.941,3758400000.0,91800000.0,52700000.0,156400000.0,34.032,374700000.0
63,ALK,MRT,2005-09-30,2005-09-30,2005-09-30,2021-08-03,-87700000.0,3509700000.0,3378950000.0,1308100000.0,2201600000.0,0.859,6.36,-352700000.0,26700000.0,26700000.0,1188600000.0,-17800000.0,1.187,4.017,1027600000.0,57600000.0,970000000.0,1027600000.0,276500000.0,156900000.0,0.0,0.0,0.0,88700000.0,245600000.0,0.085,245600000.0,88700000.0,30200000.0,-0.177,-0.165,-0.177,699600000.0,637500000.0,699600000.0,1796656834.0,20.0,7.315,-123800000.0,-1.125,1.0,1712400000.0,0.59,38600000.0,58500000.0,3370400000.0,3235925000.0,48100000.0,719000000.0,719000000.0,0.0,2810100000.0,1101600000.0,1708500000.0,791356834.0,-134300000.0,0.0,20000000.0,-32100000.0,0.0,-10300000.0,-352900000.0,-1700000.0,228900000.0,0.0,-17800000.0,-17800000.0,-17800000.0,0.0,0.0,-0.006,1467400000.0,245000000.0,138400000.0,0.0,1.131,-44.458,-41.045,1958600000.0,0.0,7.265,0.273,0.275,130100000.0,311100000.0,2901000000.0,2901000000.0,0.0,-0.005,-0.028,0.027,0.031,-600000.0,1071000000.0,1.0,108927300.0,110008000,135428000.0,26.371,3471100000.0,61800000.0,48000000.0,176300000.0,31.553,206500000.0
64,ALK,MRT,2005-06-30,2005-06-30,2005-06-30,2021-08-03,-85000000.0,3370500000.0,3354400000.0,1199100000.0,2171400000.0,0.842,5.525,-319000000.0,31200000.0,31200000.0,1162000000.0,-34000000.0,1.104,4.607,1036500000.0,57000000.0,979500000.0,1036500000.0,313800000.0,169500000.0,0.0,0.0,0.0,58600000.0,228100000.0,0.081,228100000.0,58600000.0,2600000.0,-0.307,-0.183,-0.307,601100000.0,639700000.0,601100000.0,1570682588.0,27.0,6.886,-84100000.0,-0.773,1.0,1661500000.0,0.588,38600000.0,56000000.0,3251300000.0,3203400000.0,46100000.0,694900000.0,694900000.0,0.0,2769400000.0,1085900000.0,1683500000.0,808682588.0,-173900000.0,0.0,9000000.0,-71600000.0,0.0,-62000000.0,-346800000.0,-34100000.0,234900000.0,0.0,-34000000.0,-34000000.0,-34000000.0,0.0,0.0,-0.012,1512800000.0,148700000.0,132600000.0,0.0,1.345,-23.785,-24.226,1932000000.0,0.0,7.438,0.286,0.287,125800000.0,220900000.0,2823500000.0,2823500000.0,0.0,-0.01,-0.053,0.018,0.021,100000.0,1093400000.0,1.0,108730432.0,108796000,133416000.0,25.952,3331900000.0,75500000.0,36600000.0,137000000.0,30.625,113200000.0
65,ALK,MRT,2005-03-31,2005-03-31,2005-03-31,2021-08-03,-82700000.0,3300600000.0,3352275000.0,1234100000.0,2066500000.0,0.826,5.383,-223100000.0,272400000.0,272400000.0,1127800000.0,-53100000.0,1.169,4.647,1034400000.0,54000000.0,980400000.0,1034400000.0,307400000.0,184600000.0,0.0,0.0,0.0,25500000.0,210100000.0,0.076,210100000.0,25500000.0,-27800000.0,-0.488,-0.343,-0.488,584500000.0,648300000.0,584500000.0,1787290029.0,70.0,8.507,85400000.0,0.786,1.0,1640500000.0,0.593,38600000.0,53300000.0,2967900000.0,3183375000.0,43700000.0,491100000.0,491100000.0,0.0,2716100000.0,1056100000.0,1660000000.0,798590029.0,-1400000.0,0.0,8700000.0,-171400000.0,0.0,-162100000.0,-147800000.0,62600000.0,308500000.0,0.0,-53100000.0,-53100000.0,-53100000.0,0.0,0.0,-0.019,1549000000.0,91500000.0,142300000.0,0.0,1.366,-15.039,-15.082,1823500000.0,0.0,7.36,0.288,0.289,119600000.0,203500000.0,2768300000.0,2768300000.0,0.0,-0.016,-0.082,0.008,0.009,-200000.0,1110600000.0,1.0,108504080.0,108588000,132632000.0,25.494,3262000000.0,80200000.0,25300000.0,131100000.0,30.04,178000000.0
66,ALK,MRT,2004-12-31,2004-12-31,2004-12-31,2021-08-03,-81600000.0,3335000000.0,3376950000.0,1242300000.0,2092700000.0,0.807,6.188,-167500000.0,28000000.0,28000000.0,1171700000.0,-15300000.0,1.298,4.017,1043000000.0,53400000.0,989600000.0,1043000000.0,264800000.0,205200000.0,0.0,0.0,0.0,31300000.0,236500000.0,0.087,236500000.0,31300000.0,-20600000.0,-0.142,-0.142,-0.142,664800000.0,662475000.0,664800000.0,1737229387.0,56.0,7.346,165900000.0,1.544,1.0,1552100000.0,0.57,38600000.0,51900000.0,3354100000.0,3265200000.0,42000000.0,845900000.0,845900000.0,0.0,2670200000.0,957300000.0,1712900000.0,900429387.0,-164900000.0,0.0,8400000.0,-115300000.0,0.0,-106300000.0,-392000000.0,-230800000.0,333400000.0,0.0,-15300000.0,-15300000.0,-15300000.0,0.0,0.0,-0.006,1546400000.0,5700000.0,143800000.0,0.0,1.354,-58.852,-58.961,1908300000.0,0.0,8.373,0.331,0.33,99400000.0,284000000.0,2723800000.0,2723800000.0,0.0,-0.005,-0.023,0.01,0.011,-500000.0,1112800000.0,1.0,107546060.0,107436000,107436000.0,25.353,3296400000.0,74700000.0,-5300000.0,173600000.0,30.682,285000000.0
67,ALK,MRT,2004-09-30,2004-09-30,2004-09-30,2021-08-03,-76700000.0,3411500000.0,3358000000.0,1293600000.0,2117900000.0,0.798,6.592,-182000000.0,222900000.0,222900000.0,1190800000.0,13500000.0,1.343,3.816,1059700000.0,52100000.0,1007600000.0,1059700000.0,291200000.0,210300000.0,0.0,0.0,0.0,76300000.0,286600000.0,0.107,286600000.0,76300000.0,28200000.0,0.125,0.095,0.125,708400000.0,664825000.0,708400000.0,1553141179.0,20.0,5.419,184200000.0,1.714,1.0,1490000000.0,0.556,44600000.0,48100000.0,3240300000.0,3205900000.0,47400000.0,655600000.0,655600000.0,0.0,2703100000.0,963400000.0,1739700000.0,665241179.0,-60700000.0,0.0,3900000.0,-82200000.0,0.0,-78300000.0,-348600000.0,-195100000.0,366200000.0,0.0,13500000.0,13500000.0,13500000.0,0.0,0.0,0.005,1528500000.0,-38500000.0,139300000.0,0.0,0.939,49.277,49.56,1917100000.0,0.0,6.195,0.248,0.248,120500000.0,328900000.0,2680800000.0,2680800000.0,0.0,0.004,0.02,0.024,0.028,0.0,1126800000.0,1.0,107383564.0,107456000,130764000.0,24.948,3366900000.0,77700000.0,14700000.0,207500000.0,31.333,330200000.0
68,ALK,MRT,2004-06-30,2004-06-30,2004-06-30,2021-08-03,-74900000.0,3362000000.0,3314975000.0,1253100000.0,2108900000.0,0.789,5.924,-209500000.0,206100000.0,206100000.0,1154000000.0,-19800000.0,1.213,4.29,1094000000.0,91100000.0,1002900000.0,1094000000.0,281100000.0,209100000.0,0.0,0.0,0.0,25000000.0,234100000.0,0.089,234100000.0,25000000.0,-22800000.0,-0.182,-0.182,-0.182,635500000.0,658475000.0,635500000.0,1670504104.0,67.0,7.136,147500000.0,1.375,1.0,1462300000.0,0.559,45600000.0,47800000.0,3171200000.0,3196475000.0,46500000.0,659100000.0,659100000.0,0.0,2726500000.0,1033100000.0,1693400000.0,639804104.0,90500000.0,0.0,4100000.0,-15200000.0,0.0,-11100000.0,-255400000.0,-58700000.0,357000000.0,0.0,-19800000.0,-19800000.0,-19800000.0,0.0,0.0,-0.008,1484300000.0,-22000000.0,139400000.0,0.0,1.007,-32.313,-32.788,1919400000.0,0.0,5.968,0.245,0.245,121100000.0,254900000.0,2616300000.0,2616300000.0,0.0,-0.006,-0.03,0.008,0.01,0.0,1121200000.0,1.0,107214764.0,107272000,107272000.0,24.389,3316400000.0,94200000.0,-3000000.0,182400000.0,30.916,220000000.0
69,ALK,MRT,2004-03-31,2004-03-31,2004-03-31,2021-08-03,-70000000.0,3399300000.0,3270575000.0,1232300000.0,2167000000.0,0.772,5.986,-302200000.0,164900000.0,164900000.0,1101200000.0,27100000.0,1.131,4.301,1195600000.0,201800000.0,993800000.0,1195600000.0,276300000.0,209400000.0,0.0,0.0,0.0,100100000.0,309500000.0,0.123,309500000.0,100100000.0,50700000.0,0.26,0.26,0.26,641200000.0,660425000.0,641200000.0,1580649440.0,16.0,5.107,79400000.0,0.741,1.0,1424400000.0,0.564,45600000.0,49400000.0,3295200000.0,3204550000.0,47200000.0,665000000.0,665000000.0,0.0,2758100000.0,1089200000.0,1668900000.0,659949440.0,-40900000.0,0.0,3800000.0,141500000.0,0.0,145300000.0,-567800000.0,-259300000.0,381600000.0,0.0,27100000.0,27100000.0,27100000.0,0.0,0.0,0.011,1425200000.0,-800000.0,125400000.0,0.0,1.029,24.352,23.712,1976600000.0,0.0,6.165,0.261,0.261,143000000.0,256600000.0,2525600000.0,2525600000.0,0.0,0.008,0.041,0.031,0.04,0.0,1104200000.0,1.0,107047760.0,107112000,107112000.0,23.579,3353700000.0,95100000.0,23600000.0,178300000.0,31.31,143100000.0
70,ALK,MRT,2003-12-31,2003-12-31,2003-12-31,2021-08-03,-79000000.0,3259200000.0,3168775000.0,1148300000.0,2110900000.0,0.772,6.325,-354100000.0,192900000.0,192900000.0,1068000000.0,13500000.0,1.129,3.834,1113600000.0,206700000.0,906900000.0,1113600000.0,252400000.0,202200000.0,0.0,0.0,0.0,76800000.0,279000000.0,0.114,279000000.0,76800000.0,29000000.0,0.128,0.128,0.128,674200000.0,650125000.0,674200000.0,1603849831.0,21.0,5.749,1100000.0,0.01,1.0,1376800000.0,0.563,45600000.0,47800000.0,3116900000.0,3111375000.0,45800000.0,619400000.0,619400000.0,0.0,2585000000.0,1017400000.0,1567600000.0,728849831.0,-76100000.0,0.0,3700000.0,203100000.0,0.0,206800000.0,-638100000.0,-253900000.0,355200000.0,0.0,13500000.0,13500000.0,13500000.0,0.0,0.0,0.006,1394300000.0,-17500000.0,132900000.0,0.0,1.081,53.989,53.301,1949200000.0,0.0,6.822,0.298,0.297,120700000.0,299300000.0,2444800000.0,2444800000.0,0.0,0.004,0.021,0.025,0.031,0.0,1074800000.0,1.0,106830316.0,106592000,106920000.0,22.936,3213600000.0,90600000.0,15500000.0,192000000.0,30.149,130900000.0
71,ALK,MRT,2003-09-30,2003-09-30,2003-09-30,2021-08-03,-84600000.0,3239400000.0,3074150000.0,1122600000.0,2116800000.0,0.768,6.404,-335100000.0,221700000.0,221700000.0,1061200000.0,-13500000.0,1.304,3.743,1096700000.0,55700000.0,1041000000.0,1096700000.0,238700000.0,193500000.0,0.0,0.0,0.0,38400000.0,231900000.0,0.098,231900000.0,38400000.0,-11800000.0,-0.13,-0.13,-0.13,683000000.0,645500000.0,683000000.0,1704895893.0,44.0,7.352,-55200000.0,-0.518,1.0,1299500000.0,0.55,50900000.0,50200000.0,3202600000.0,3004200000.0,68000000.0,526900000.0,526900000.0,0.0,2556400000.0,860900000.0,1695500000.0,741295893.0,-87000000.0,0.0,2700000.0,202200000.0,0.0,204900000.0,-571800000.0,-175400000.0,279900000.0,0.0,-13500000.0,-13500000.0,-13500000.0,0.0,0.0,-0.006,1368300000.0,-68800000.0,125600000.0,0.0,1.085,-54.911,-53.5,1951200000.0,0.0,6.955,0.314,0.314,142100000.0,315400000.0,2360700000.0,2360700000.0,0.0,-0.004,-0.021,0.013,0.016,0.0,1086400000.0,1.0,106584600.0,106652000,107360000.0,22.135,3188500000.0,83400000.0,1700000.0,200300000.0,29.896,261700000.0
72,ALK,MRT,2003-06-30,2003-06-30,2003-06-30,2021-08-03,-82700000.0,3184400000.0,2989525000.0,1093700000.0,2090700000.0,0.762,6.042,-325900000.0,114600000.0,114600000.0,1028300000.0,-41700000.0,1.224,3.95,1078200000.0,62000000.0,1016200000.0,1078200000.0,235500000.0,195700000.0,0.0,0.0,0.0,-12600000.0,183100000.0,0.08,183100000.0,-12600000.0,-60700000.0,-0.392,-0.392,-0.392,643300000.0,672025000.0,643300000.0,1383792973.0,-110.0,7.558,-96000000.0,-0.902,1.0,1249300000.0,0.549,50900000.0,48100000.0,3203500000.0,2887250000.0,70100000.0,606900000.0,606900000.0,0.0,2541100000.0,893600000.0,1647500000.0,570692973.0,-155800000.0,0.0,1800000.0,175600000.0,0.0,177400000.0,-563100000.0,-170300000.0,229900000.0,0.0,-41700000.0,-41700000.0,-41700000.0,0.0,0.0,-0.018,1365900000.0,-116600000.0,124300000.0,0.0,0.887,-13.686,-13.68,1931700000.0,0.0,5.362,0.251,0.251,141300000.0,274700000.0,2277600000.0,2277600000.0,0.0,-0.014,-0.062,-0.004,-0.006,0.0,1062200000.0,1.0,106422932.0,106472000,106476000.0,21.392,3133500000.0,74700000.0,-19000000.0,165000000.0,29.43,200100000.0
73,ALK,MRT,2003-03-31,2003-03-31,2003-03-31,2021-08-03,-80200000.0,2992100000.0,2929800000.0,990300000.0,2001800000.0,0.765,5.643,-214400000.0,205800000.0,205800000.0,1003000000.0,-89800000.0,1.191,3.987,1018900000.0,39900000.0,979000000.0,1018900000.0,233100000.0,194500000.0,0.0,0.0,0.0,-91800000.0,102700000.0,0.046,102700000.0,-91800000.0,-137300000.0,-0.845,-0.845,-0.845,600000000.0,704250000.0,600000000.0,1052440055.0,-11.0,10.248,-66900000.0,-0.629,1.0,1239700000.0,0.553,50900000.0,45500000.0,2922500000.0,2776325000.0,67800000.0,409800000.0,409800000.0,0.0,2392100000.0,831800000.0,1560300000.0,416140055.0,-148600000.0,0.0,1200000.0,130900000.0,0.0,132100000.0,-428200000.0,-141600000.0,147500000.0,0.0,-89800000.0,-89800000.0,-89800000.0,0.0,0.0,-0.04,1361900000.0,-122200000.0,139500000.0,0.0,0.694,-4.634,-4.633,1839300000.0,0.0,3.915,0.186,0.186,134800000.0,229500000.0,2242700000.0,2242700000.0,0.0,-0.031,-0.128,-0.033,-0.041,0.0,1042500000.0,1.0,106293756.0,106328000,106328000.0,21.092,2941200000.0,74000000.0,-47500000.0,138200000.0,27.662,158500000.0
74,ALK,MRT,2002-12-31,2002-12-31,2002-12-31,2021-08-03,-80200000.0,2880700000.0,2901550000.0,954300000.0,1926400000.0,0.767,6.175,-111900000.0,269000000.0,269000000.0,966400000.0,-118600000.0,1.227,3.393,905300000.0,48600000.0,856700000.0,905300000.0,232000000.0,194700000.0,0.0,0.0,0.0,-106900000.0,87800000.0,0.039,87800000.0,-106900000.0,-153200000.0,-1.117,-1.117,-1.117,655700000.0,748475000.0,655700000.0,1156489336.0,-11.0,13.172,12600000.0,0.119,1.0,1257700000.0,0.565,50900000.0,46300000.0,2688200000.0,2707300000.0,49900000.0,366800000.0,366800000.0,0.0,2225000000.0,777900000.0,1447100000.0,574789336.0,-221800000.0,0.0,900000.0,14200000.0,0.0,15100000.0,-361400000.0,-196900000.0,124500000.0,0.0,-118600000.0,-118600000.0,-118600000.0,0.0,0.0,-0.053,1350900000.0,-93200000.0,132100000.0,0.0,0.877,-4.846,-4.846,1801400000.0,0.0,5.412,0.258,0.258,125400000.0,285800000.0,2224100000.0,2224100000.0,0.0,-0.041,-0.158,-0.039,-0.048,0.0,1018000000.0,1.0,106196644.0,106184000,106184000.0,20.946,2829800000.0,61200000.0,-34600000.0,157200000.0,26.65,176400000.0
75,ALK,MRT,2002-09-30,2002-09-30,2002-09-30,2021-08-03,10600000.0,2900900000.0,2919000000.0,954100000.0,1946800000.0,0.741,7.431,-99900000.0,308700000.0,308700000.0,925000000.0,-112900000.0,1.277,2.676,889900000.0,46200000.0,843700000.0,889900000.0,222300000.0,202800000.0,0.0,0.0,0.0,-85700000.0,117100000.0,0.054,117100000.0,-85700000.0,-142600000.0,-1.062,-1.062,-1.062,789100000.0,797375000.0,789100000.0,1097820150.0,-13.0,9.375,29100000.0,0.274,1.0,1237500000.0,0.572,0.0,56900000.0,2734800000.0,2673175000.0,71100000.0,352300000.0,352300000.0,0.0,2111800000.0,747300000.0,1364500000.0,469920150.0,277600000.0,0.0,400000.0,16600000.0,0.0,17000000.0,131600000.0,287000000.0,129000000.0,0.0,-112900000.0,-112900000.0,-112900000.0,0.0,0.0,-0.052,1361600000.0,-124100000.0,138600000.0,0.0,0.596,-4.162,-4.167,1780800000.0,0.0,4.425,0.217,0.217,88000000.0,328800000.0,2162500000.0,2162500000.0,0.0,-0.039,-0.142,-0.032,-0.04,0.0,1031000000.0,1.0,106196644.0,106196000,106196000.0,20.363,2900900000.0,0.0,-29700000.0,172100000.0,27.316,206800000.0
76,ALK,MRT,2002-06-30,2002-06-30,2002-06-30,2021-08-03,6100000.0,2945500000.0,2939450000.0,1010600000.0,1934900000.0,0.724,7.272,-84700000.0,270400000.0,270400000.0,924200000.0,-99200000.0,1.243,2.814,897800000.0,45700000.0,852100000.0,897800000.0,218600000.0,205600000.0,0.0,0.0,0.0,-73800000.0,131800000.0,0.062,131800000.0,-73800000.0,-122000000.0,-0.935,-0.935,-0.935,772200000.0,815225000.0,772200000.0,1245153993.0,-17.0,9.447,157200000.0,1.48,1.0,1205200000.0,0.566,0.0,48200000.0,2759800000.0,2754100000.0,70800000.0,434900000.0,434900000.0,0.0,2173300000.0,813100000.0,1360200000.0,692853993.0,234400000.0,0.0,1200000.0,237500000.0,0.0,238700000.0,-246200000.0,-98800000.0,241900000.0,0.0,-99200000.0,-99200000.0,-99200000.0,0.0,0.0,-0.047,1341100000.0,-135900000.0,130000000.0,0.0,0.897,-6.984,-6.979,1762200000.0,0.0,6.525,0.325,0.325,100100000.0,316400000.0,2129400000.0,2129400000.0,0.0,-0.034,-0.122,-0.027,-0.035,0.0,1008900000.0,1.0,106184520.0,106192000,106192000.0,20.052,2945500000.0,0.0,-22800000.0,165800000.0,27.737,197500000.0
77,ALK,MRT,2002-03-31,2002-03-31,2002-03-31,2021-08-03,7900000.0,2879100000.0,2879750000.0,940100000.0,1939000000.0,0.742,7.32,-245500000.0,354400000.0,354400000.0,935700000.0,-92800000.0,1.234,2.706,883500000.0,43700000.0,839800000.0,883500000.0,210800000.0,206200000.0,0.0,0.0,0.0,-64500000.0,141700000.0,0.066,141700000.0,-64500000.0,-111700000.0,-0.875,-0.875,-0.875,776900000.0,830800000.0,776900000.0,1299329371.0,-20.0,9.17,-41200000.0,-0.388,1.0,1200800000.0,0.562,0.0,47200000.0,2646400000.0,2700575000.0,69000000.0,263700000.0,263700000.0,0.0,2102200000.0,761800000.0,1340400000.0,883129371.0,269300000.0,0.0,1400000.0,322200000.0,0.0,323600000.0,-258600000.0,43000000.0,204300000.0,0.0,-92800000.0,-92800000.0,-92800000.0,0.0,0.0,-0.043,1322700000.0,-121900000.0,134800000.0,0.0,1.137,-9.516,-9.511,1775500000.0,0.0,8.322,0.413,0.413,104700000.0,319300000.0,2136500000.0,2136500000.0,0.0,-0.032,-0.112,-0.024,-0.03,0.0,990400000.0,1.0,106113472.0,106128000,106128000.0,20.131,2879100000.0,0.0,-18900000.0,169300000.0,27.129,178300000.0
78,ALK,MRT,2001-12-31,2001-12-31,2001-12-31,2021-08-03,-2500000.0,2950500000.0,2812775000.0,919000000.0,2031500000.0,0.765,8.031,-346900000.0,490800000.0,490800000.0,964800000.0,-43400000.0,1.222,2.466,895400000.0,43200000.0,852200000.0,895400000.0,204300000.0,207800000.0,0.0,0.0,0.0,-16100000.0,191700000.0,0.089,191700000.0,-16100000.0,-63500000.0,-0.41,-0.41,-0.41,851300000.0,843975000.0,851300000.0,1648475509.0,-102.0,8.599,-60400000.0,-0.57,1.0,1188000000.0,0.552,51400000.0,47400000.0,2551700000.0,2633350000.0,70200000.0,169800000.0,169800000.0,0.0,2099200000.0,752000000.0,1347200000.0,771975509.0,389400000.0,0.0,1500000.0,319600000.0,0.0,321100000.0,-218200000.0,187900000.0,286500000.0,0.0,-43400000.0,-43400000.0,-43400000.0,0.0,0.0,-0.02,1314300000.0,-126300000.0,124600000.0,0.0,0.907,-17.787,-17.744,1821500000.0,0.0,7.275,0.359,0.358,83800000.0,404400000.0,2152800000.0,2152800000.0,0.0,-0.015,-0.051,-0.006,-0.007,0.0,980600000.0,1.0,106113472.0,105996000,105996000.0,20.31,2899100000.0,51200000.0,-20100000.0,173400000.0,27.351,167000000.0
79,ALK,MRT,2001-09-30,2001-09-30,2001-09-30,2021-08-03,0.0,2982700000.0,2707175000.0,1006500000.0,1976200000.0,0.826,8.113,-284700000.0,30700000.0,30700000.0,1026400000.0,-31800000.0,1.344,2.466,907200000.0,37800000.0,869400000.0,907200000.0,157400000.0,202500000.0,0.0,0.0,0.0,-27900000.0,174600000.0,0.078,174600000.0,-27900000.0,-64000000.0,-0.302,-0.302,-0.302,860500000.0,854925000.0,860500000.0,1187937611.0,-43.0,6.804,11600000.0,0.109,1.0,1209500000.0,0.541,51900000.0,36100000.0,3058500000.0,2555400000.0,76700000.0,636600000.0,636600000.0,0.0,2122200000.0,748800000.0,1373400000.0,529037611.0,-106400000.0,0.0,1600000.0,375300000.0,0.0,376900000.0,-779600000.0,-390800000.0,296300000.0,0.0,-31800000.0,-31800000.0,-31800000.0,0.0,0.0,-0.014,1307600000.0,-98100000.0,129800000.0,0.0,0.615,-16.636,-16.531,1866200000.0,0.0,4.992,0.237,0.237,88200000.0,411400000.0,2235900000.0,2235900000.0,0.0,-0.012,-0.037,-0.011,-0.012,0.0,941400000.0,1.0,105966472.0,106060000,106060000.0,21.081,2930800000.0,0.0,-32200000.0,170700000.0,27.633,257700000.0
80,ALK,MRT,2001-06-30,2001-06-30,2001-06-30,2021-08-03,0.0,2706700000.0,2576950000.0,749400000.0,1957300000.0,0.873,7.878,-355400000.0,35700000.0,35700000.0,1040600000.0,-42100000.0,0.976,2.243,694600000.0,38600000.0,656000000.0,694600000.0,142200000.0,197000000.0,0.0,0.0,0.0,-22400000.0,174600000.0,0.078,174600000.0,-22400000.0,-65300000.0,-0.398,-0.398,-0.398,834500000.0,862525000.0,834500000.0,1325520124.0,-59.0,7.592,-108500000.0,-1.024,1.0,1210100000.0,0.538,52400000.0,42900000.0,2545700000.0,2288650000.0,71700000.0,334900000.0,334900000.0,0.0,1872200000.0,767500000.0,1104700000.0,765220124.0,-83900000.0,0.0,1000000.0,275800000.0,0.0,276800000.0,-607600000.0,-175300000.0,246900000.0,0.0,-42100000.0,-42100000.0,-42100000.0,0.0,0.0,-0.019,1284700000.0,-74600000.0,131600000.0,0.0,0.917,-18.176,-18.153,1868200000.0,0.0,7.225,0.34,0.34,120100000.0,386100000.0,2250700000.0,2250700000.0,0.0,-0.016,-0.049,-0.01,-0.01,0.0,925400000.0,1.0,105912820.0,105924000,105924000.0,21.248,2654300000.0,0.0,-23200000.0,141000000.0,25.059,-18100000.0
81,ALK,MRT,2001-03-31,2001-03-31,2001-03-31,2021-08-03,0.0,2611200000.0,2474700000.0,747400000.0,1863800000.0,0.897,7.835,-298400000.0,84900000.0,84900000.0,1019600000.0,-36800000.0,1.009,2.148,645200000.0,33900000.0,611300000.0,645200000.0,135100000.0,187200000.0,0.0,0.0,0.0,-16800000.0,170400000.0,0.077,170400000.0,-16800000.0,-57000000.0,-0.348,-0.348,-0.348,829600000.0,872600000.0,829600000.0,1254755052.0,-75.0,7.364,-21100000.0,-0.199,1.0,1201100000.0,0.541,52900000.0,40200000.0,2377500000.0,2090100000.0,67900000.0,306700000.0,306700000.0,0.0,1781600000.0,741100000.0,1040500000.0,679955052.0,-40500000.0,0.0,800000.0,168600000.0,0.0,169400000.0,-487200000.0,-159400000.0,277300000.0,0.0,-36800000.0,-36800000.0,-36800000.0,0.0,0.0,-0.017,1271600000.0,-70500000.0,142500000.0,0.0,0.82,-18.477,-18.463,1774400000.0,0.0,6.425,0.306,0.306,101600000.0,381400000.0,2220700000.0,2220700000.0,0.0,-0.015,-0.042,-0.008,-0.008,0.0,903400000.0,1.0,105829580.0,105884000,105884000.0,20.973,2558300000.0,0.0,-20200000.0,137400000.0,24.161,6300000.0
82,ALK,MRT,2000-12-31,2000-12-31,2000-12-31,2021-08-03,-500000.0,2528100000.0,2377800000.0,717200000.0,1810900000.0,0.923,8.464,-300500000.0,101400000.0,101400000.0,997000000.0,-67200000.0,1.011,1.824,575900000.0,66700000.0,509200000.0,575900000.0,159600000.0,173300000.0,0.0,0.0,0.0,-37700000.0,135600000.0,0.062,135600000.0,-37700000.0,-73700000.0,-0.635,-0.635,-0.635,895100000.0,896250000.0,895100000.0,1151528100.0,-31.0,8.492,-27400000.0,-0.259,1.0,1197000000.0,0.546,53400000.0,36000000.0,2239900000.0,1924000000.0,63100000.0,357800000.0,357800000.0,0.0,1633000000.0,709300000.0,923700000.0,786728100.0,-31100000.0,0.0,1200000.0,172400000.0,0.0,173600000.0,-477800000.0,-159700000.0,273100000.0,0.0,-67200000.0,-67200000.0,-67200000.0,0.0,0.0,-0.031,1230100000.0,-33100000.0,147600000.0,0.0,0.879,-11.707,-11.713,1643100000.0,0.0,7.438,0.359,0.359,86800000.0,447800000.0,2194000000.0,2194000000.0,0.0,-0.028,-0.075,-0.02,-0.017,0.0,877300000.0,1.0,105778568.0,105760000,105760000.0,20.745,2474700000.0,0.0,-6500000.0,153400000.0,23.399,7900000.0
83,ALK,MRT,2000-09-30,2000-09-30,2000-09-30,2021-08-03,0.0,2461800000.0,2290800000.0,699300000.0,1762500000.0,0.941,8.421,-502100000.0,137500000.0,137500000.0,936900000.0,-29200000.0,0.895,1.763,502300000.0,95800000.0,406500000.0,502300000.0,120100000.0,155900000.0,0.0,0.0,0.0,29700000.0,185600000.0,0.086,185600000.0,29700000.0,-600000.0,-0.275,-0.277,-0.275,890900000.0,905150000.0,890900000.0,903656456.0,30.0,4.869,-229100000.0,-2.165,1.0,1219400000.0,0.566,53900000.0,30300000.0,1991500000.0,1808250000.0,61300000.0,245900000.0,245900000.0,0.0,1570900000.0,781200000.0,789700000.0,634656456.0,60500000.0,0.0,1200000.0,321400000.0,0.0,322600000.0,-535100000.0,-75800000.0,273000000.0,0.0,-29200000.0,-29200000.0,-29200000.0,0.0,0.0,-0.014,1176100000.0,43300000.0,133000000.0,0.0,0.712,-21.735,-21.818,1670700000.0,0.0,6.0,0.294,0.294,99500000.0,443400000.0,2156300000.0,2156300000.0,0.0,-0.013,-0.032,0.016,0.014,0.0,814900000.0,1.0,105776076.0,105800000,106484000.0,20.381,2407900000.0,0.0,28600000.0,117500000.0,22.759,-81900000.0
84,ALK,MRT,2000-06-30,2000-06-30,2000-06-30,2021-08-03,0.0,2297700000.0,2169650000.0,605900000.0,1691800000.0,0.988,8.272,-585400000.0,119900000.0,119900000.0,892900000.0,9800000.0,0.797,1.627,388900000.0,94900000.0,294000000.0,388900000.0,121400000.0,143800000.0,0.0,0.0,0.0,76600000.0,220400000.0,0.103,220400000.0,76600000.0,52000000.0,0.095,0.09,0.095,874800000.0,910750000.0,874800000.0,988795225.0,13.0,4.486,-320200000.0,-3.028,1.0,1250200000.0,0.583,54500000.0,24600000.0,1751500000.0,1666575000.0,59700000.0,159700000.0,159700000.0,0.0,1422900000.0,760700000.0,662200000.0,717295225.0,51900000.0,0.0,1600000.0,231500000.0,0.0,233100000.0,-446400000.0,93800000.0,265200000.0,0.0,9800000.0,9800000.0,9800000.0,0.0,0.0,0.005,1157800000.0,92400000.0,115000000.0,0.0,0.82,73.193,71.395,1600700000.0,0.0,6.782,0.335,0.335,104800000.0,427500000.0,2143100000.0,2143100000.0,0.0,0.005,0.011,0.046,0.036,0.0,796400000.0,1.0,105756760.0,105752000,105752000.0,20.265,2243200000.0,0.0,42200000.0,105900000.0,21.212,-154800000.0
85,ALK,MRT,2000-03-31,2000-03-31,2000-03-31,2021-08-03,0.0,2223600000.0,2077400000.0,597000000.0,1626600000.0,1.021,8.743,-578600000.0,125600000.0,125600000.0,855700000.0,43100000.0,0.821,1.406,397100000.0,97000000.0,300100000.0,397100000.0,36400000.0,137000000.0,0.0,0.0,0.0,127700000.0,264700000.0,0.125,264700000.0,127700000.0,107300000.0,0.41,0.405,0.41,924200000.0,906450000.0,924200000.0,1064908768.0,8.0,4.023,-259200000.0,-2.452,1.0,1264300000.0,0.596,55000000.0,20400000.0,1713100000.0,1570150000.0,57700000.0,147400000.0,147400000.0,0.0,1299400000.0,727000000.0,572400000.0,793908768.0,64300000.0,0.0,2100000.0,234600000.0,0.0,236700000.0,-491800000.0,81000000.0,319400000.0,0.0,43100000.0,43100000.0,43100000.0,0.0,0.0,0.02,1119700000.0,144600000.0,112400000.0,0.0,0.859,18.42,18.329,1536000000.0,0.0,7.515,0.374,0.375,99400000.0,477300000.0,2120000000.0,2120000000.0,0.0,0.021,0.048,0.081,0.06,0.0,780400000.0,1.0,105643216.0,105704000,105704000.0,20.056,2168600000.0,0.0,64200000.0,136800000.0,20.516,-130000000.0
86,ALK,MRT,1999-12-31,1999-12-31,1999-12-31,2021-08-03,0.0,2180100000.0,1973675000.0,581900000.0,1598200000.0,1.06,8.823,-572100000.0,132500000.0,132500000.0,805800000.0,129400000.0,0.941,1.342,403500000.0,66500000.0,337000000.0,403500000.0,37400000.0,132300000.0,0.0,0.0,0.0,229300000.0,361600000.0,0.173,361600000.0,229300000.0,213000000.0,1.228,1.22,1.228,930700000.0,879100000.0,930700000.0,1031734474.0,4.0,2.853,-226600000.0,-2.148,1.0,1285700000.0,0.615,55500000.0,16300000.0,1776900000.0,1470725000.0,54300000.0,196500000.0,196500000.0,0.0,1249400000.0,618700000.0,630700000.0,927534474.0,102900000.0,0.0,6300000.0,234700000.0,0.0,241000000.0,-483600000.0,80800000.0,345500000.0,0.0,129400000.0,129400000.0,129400000.0,0.0,0.0,0.062,1095900000.0,189800000.0,104200000.0,0.0,0.997,7.168,7.152,1467400000.0,0.0,8.783,0.443,0.443,74600000.0,484800000.0,2091500000.0,2091500000.0,0.0,0.066,0.147,0.156,0.11,0.0,759700000.0,1.0,105611668.0,105488000,106028000.0,19.827,2124600000.0,0.0,83600000.0,144000000.0,20.141,-36800000.0
87,ALK,MRT,1999-09-30,1999-09-30,1999-09-30,2021-08-03,0.0,1977200000.0,1861600000.0,495400000.0,1481800000.0,1.094,8.652,-564300000.0,76800000.0,76800000.0,761500000.0,144200000.0,0.825,1.165,181000000.0,27100000.0,153900000.0,181000000.0,38400000.0,130500000.0,0.0,0.0,0.0,250800000.0,381300000.0,0.187,381300000.0,250800000.0,235700000.0,1.395,1.362,1.395,913300000.0,843800000.0,913300000.0,1192832701.0,5.0,3.128,-233100000.0,-2.208,1.0,1275500000.0,0.626,56000000.0,15100000.0,1424800000.0,1355925000.0,54700000.0,170100000.0,170100000.0,0.0,1063900000.0,600600000.0,463300000.0,1073332701.0,-115600000.0,0.0,6500000.0,59500000.0,0.0,66000000.0,-512800000.0,44900000.0,331200000.0,0.0,144200000.0,144200000.0,144200000.0,0.0,0.0,0.071,1058900000.0,216600000.0,100400000.0,0.0,1.175,7.443,7.292,1350800000.0,0.0,10.172,0.527,0.527,90500000.0,467800000.0,2037000000.0,2037000000.0,0.0,0.077,0.171,0.185,0.123,0.0,736900000.0,1.0,105513168.0,105556000,105952000.0,19.298,1921200000.0,0.0,91500000.0,153500000.0,18.201,-105200000.0
88,ALK,MRT,1999-06-30,1999-06-30,1999-06-30,2021-08-03,0.0,1928700000.0,1808775000.0,575600000.0,1353100000.0,1.099,8.129,-502700000.0,67800000.0,67800000.0,729700000.0,134700000.0,0.92,1.249,187300000.0,27000000.0,160300000.0,187300000.0,39400000.0,125300000.0,0.0,0.0,0.0,237700000.0,363000000.0,0.183,363000000.0,237700000.0,221900000.0,1.305,1.272,1.305,857600000.0,805925000.0,857600000.0,1231939552.0,5.0,3.394,-150300000.0,-1.425,1.0,1257600000.0,0.633,56500000.0,15800000.0,1365800000.0,1287200000.0,50100000.0,253500000.0,253500000.0,0.0,1071100000.0,625900000.0,445200000.0,1100639552.0,-84900000.0,0.0,6000000.0,112800000.0,0.0,118800000.0,-556100000.0,-56000000.0,352400000.0,0.0,134700000.0,134700000.0,134700000.0,0.0,0.0,0.068,1037800000.0,219800000.0,96000000.0,0.0,1.283,8.171,7.998,1218400000.0,0.0,10.438,0.554,0.554,99800000.0,412900000.0,1987300000.0,1987300000.0,0.0,0.074,0.167,0.185,0.12,0.0,723600000.0,1.0,105450496.0,105500000,105840000.0,18.837,1872200000.0,0.0,87200000.0,132900000.0,17.746,-50300000.0
89,ALK,MRT,1999-03-31,1999-03-31,1999-03-31,2021-08-03,0.0,1808700000.0,1748325000.0,541900000.0,1266800000.0,1.111,7.741,-558900000.0,61100000.0,61100000.0,712300000.0,131500000.0,0.955,1.22,192400000.0,27400000.0,165000000.0,192400000.0,40500000.0,119500000.0,0.0,0.0,0.0,234000000.0,353500000.0,0.182,353500000.0,234000000.0,215800000.0,1.35,1.252,1.35,814800000.0,770550000.0,814800000.0,1414940238.0,6.0,4.003,-246100000.0,-2.338,1.0,1230200000.0,0.633,57000000.0,18200000.0,1315400000.0,1228775000.0,45600000.0,228300000.0,228300000.0,0.0,993900000.0,567600000.0,426300000.0,1245640238.0,-16600000.0,0.0,6000000.0,274000000.0,0.0,280000000.0,-609400000.0,-54900000.0,312800000.0,0.0,131500000.0,131500000.0,131500000.0,0.0,0.0,0.068,1013100000.0,217100000.0,86400000.0,0.0,1.529,9.473,8.796,1130300000.0,0.0,11.875,0.641,0.643,90800000.0,370800000.0,1942500000.0,1942500000.0,0.0,0.075,0.171,0.19,0.12,0.0,707300000.0,1.0,104896020.0,105252000,106016000.0,18.456,1751700000.0,0.0,84300000.0,111500000.0,16.643,-25700000.0
90,ALK,MRT,1998-12-31,1998-12-31,1998-12-31,2021-08-03,0.0,1731800000.0,1696725000.0,528800000.0,1203000000.0,1.118,8.439,-580200000.0,29400000.0,29400000.0,696300000.0,124400000.0,1.006,1.194,198700000.0,27200000.0,171500000.0,198700000.0,41500000.0,116200000.0,0.0,0.0,0.0,225600000.0,341800000.0,0.18,341800000.0,225600000.0,204400000.0,1.33,1.202,1.33,789500000.0,705125000.0,789500000.0,1176205249.0,5.0,3.441,-270000000.0,-2.886,1.0,1201400000.0,0.633,57500000.0,21200000.0,1317700000.0,1227450000.0,44100000.0,277200000.0,277200000.0,0.0,942300000.0,525900000.0,416400000.0,1159905249.0,-73200000.0,0.0,6600000.0,356500000.0,0.0,363100000.0,-746500000.0,-167100000.0,310200000.0,0.0,124400000.0,124400000.0,124400000.0,0.0,0.0,0.066,990400000.0,211000000.0,84300000.0,0.0,1.469,9.324,8.318,1061300000.0,0.0,11.062,0.611,0.545,70600000.0,350600000.0,1897700000.0,1897700000.0,0.0,0.073,0.176,0.184,0.119,0.0,689200000.0,1.0,104850192.0,93552000,105468000.0,20.285,1674300000.0,0.0,80000000.0,99200000.0,17.897,2900000.0
91,ALK,MRT,1998-09-30,1998-09-30,1998-09-30,2021-08-03,0.0,1765900000.0,1647050000.0,635000000.0,1130900000.0,1.131,7.267,-546100000.0,192400000.0,192400000.0,696300000.0,112500000.0,1.106,1.318,208700000.0,27600000.0,181100000.0,208700000.0,40800000.0,111500000.0,0.0,0.0,0.0,213300000.0,324800000.0,0.174,324800000.0,213300000.0,188100000.0,1.292,1.185,1.292,761800000.0,626575000.0,761800000.0,954694923.0,4.0,2.939,-265200000.0,-2.53,1.0,1167200000.0,0.626,58000000.0,25200000.0,1149900000.0,1229950000.0,48200000.0,214900000.0,214900000.0,0.0,1004100000.0,574300000.0,429800000.0,892594923.0,93700000.0,0.0,129900000.0,346300000.0,0.0,476200000.0,-663400000.0,-121500000.0,280900000.0,0.0,112500000.0,112500000.0,112500000.0,0.0,0.0,0.06,965400000.0,201800000.0,83700000.0,0.0,1.172,7.934,6.591,988800000.0,0.0,8.515,0.479,0.479,90700000.0,323600000.0,1863500000.0,1863500000.0,0.0,0.068,0.18,0.173,0.114,0.0,666200000.0,1.0,104826180.0,104836000,105692000.0,17.775,1707900000.0,0.0,75600000.0,107400000.0,16.291,60700000.0
92,ALK,MRT,1998-06-30,1998-06-30,1998-06-30,2021-08-03,0.0,1686900000.0,,583600000.0,1103300000.0,,8.162,-535500000.0,152700000.0,152700000.0,690500000.0,109300000.0,1.045,1.356,214800000.0,31500000.0,183300000.0,214800000.0,36100000.0,108000000.0,0.0,0.0,0.0,212700000.0,320700000.0,0.176,320700000.0,212700000.0,183200000.0,1.58,1.245,1.58,716100000.0,,716100000.0,1394554537.0,7.0,4.348,-252100000.0,-2.874,1.0,1134800000.0,0.622,58500000.0,29500000.0,1132100000.0,,44000000.0,197400000.0,197400000.0,0.0,970800000.0,558400000.0,412400000.0,1108354537.0,70400000.0,0.0,133400000.0,335100000.0,0.0,468500000.0,-681500000.0,-151100000.0,283400000.0,0.0,109300000.0,109300000.0,109300000.0,0.0,0.0,0.06,946200000.0,188600000.0,82300000.0,0.0,1.548,10.14,8.633,959000000.0,0.0,13.64,0.607,0.656,94200000.0,278200000.0,1825300000.0,1825300000.0,0.0,,,,0.117,0.0,647400000.0,1.0,81257664.0,87732000,105816000.0,20.805,1628400000.0,0.0,73900000.0,96300000.0,18.561,25200000.0
93,ALK,MRT,1998-03-31,1998-03-31,1998-03-31,2021-08-03,0.0,1602300000.0,,481000000.0,1121300000.0,,7.244,-508200000.0,77700000.0,77700000.0,681300000.0,91200000.0,0.926,1.897,363900000.0,29200000.0,334700000.0,363900000.0,24200000.0,105800000.0,0.0,0.0,0.0,187700000.0,293500000.0,0.165,293500000.0,187700000.0,155700000.0,1.495,1.12,1.495,553100000.0,,553100000.0,1318241247.0,7.0,4.491,-266000000.0,-3.484,1.0,1094100000.0,0.616,59000000.0,32000000.0,1310100000.0,,46400000.0,173400000.0,173400000.0,0.0,1049200000.0,519400000.0,529800000.0,990741247.0,59400000.0,0.0,133200000.0,303400000.0,0.0,436600000.0,-619400000.0,-113400000.0,242200000.0,0.0,91200000.0,91200000.0,91200000.0,0.0,0.0,0.051,927200000.0,166900000.0,81400000.0,0.0,1.791,10.863,9.062,974700000.0,0.0,13.547,0.558,0.583,86000000.0,239300000.0,1775400000.0,1775400000.0,0.0,,,,0.106,0.0,627600000.0,1.0,73130928.0,76348000,105536000.0,23.254,1543300000.0,0.0,64500000.0,78600000.0,20.214,-38400000.0
94,ALK,MRT,1997-12-31,1997-12-31,1997-12-31,2021-08-03,0.0,1533100000.0,1422250000.0,424600000.0,1108500000.0,1.223,8.037,-430300000.0,102600000.0,102600000.0,688700000.0,72400000.0,0.897,2.226,430100000.0,28700000.0,401400000.0,430100000.0,19500000.0,103400000.0,0.0,0.0,0.0,157200000.0,260600000.0,0.15,260600000.0,157200000.0,123600000.0,1.225,0.882,1.225,475300000.0,373900000.0,475300000.0,,,,-225100000.0,-3.806,1.0,1050700000.0,0.604,59600000.0,33600000.0,1327700000.0,1235250000.0,47200000.0,110100000.0,110100000.0,0.0,1057800000.0,473300000.0,584500000.0,708455865.0,53200000.0,0.0,129300000.0,201800000.0,0.0,331100000.0,-483100000.0,-57700000.0,205200000.0,0.0,72400000.0,72400000.0,72400000.0,0.0,0.0,0.042,911700000.0,139000000.0,73900000.0,0.0,1.491,9.785,7.908,960600000.0,0.0,9.688,0.407,0.329,72600000.0,226200000.0,1739400000.0,1739400000.0,0.0,0.051,0.194,0.127,0.09,0.0,612100000.0,1.0,73130928.0,59140000,90756000.0,29.412,1473500000.0,0.0,51200000.0,72300000.0,24.915,-48700000.0
95,ALK,MRT,1997-09-30,1997-09-30,1997-09-30,2021-08-03,,,,,,,,,,,,,,,,,,,,,,0.0,0.0,,,,,,,,,,,,,,,,,,1.0,,,,,,,,,,,,,,,,,,,,,,,,,,,,,,,,,,,,,,,,8.22,,,,,,,,,,,,,,1.0,,58684000,,,,,,,,
96,ALK,MRT,1997-06-30,1997-06-30,1997-06-30,2021-08-03,,,,,,,,,,,,,,,,,,,,,,0.0,0.0,,,,,,,,,,,,,,,,,,1.0,,,,,,,,,,,,,,,,,,,,,,,,,,,,,,,,,,,,,,,,6.407,,,,,,,,,,,,,,1.0,,58304000,,,,,,,,
97,ALK,MRT,1997-03-31,1997-03-31,1997-03-31,2021-08-03,,,,,,,,,,,,,,,,,,,,,,0.0,0.0,,,,,,,,,,,,,,,,,,1.0,,,,,,,,,,,,,,,,,,,,,,,,,,,,,,,,,,,,,,,,6.407,,,,,,,,,,,,,,1.0,,58000000,,,,,,,,
98,ALK,MRT,1996-12-31,1996-12-31,1996-12-31,2021-08-03,0.0,1311400000.0,,300200000.0,1011200000.0,,4.784,-268700000.0,49400000.0,49400000.0,665800000.0,38000000.0,0.618,3.812,428200000.0,24100000.0,404100000.0,428200000.0,18100000.0,102100000.0,0.0,0.0,0.0,102700000.0,204800000.0,0.129,204800000.0,102700000.0,64300000.0,0.667,0.512,0.667,272500000.0,,272500000.0,,,,-45800000.0,-0.804,1.0,926400000.0,0.582,61600000.0,38400000.0,1142800000.0,,47800000.0,52400000.0,52400000.0,0.0,1038900000.0,485800000.0,553100000.0,,23600000.0,0.0,21100000.0,-67200000.0,0.0,-46100000.0,-153200000.0,56900000.0,222900000.0,0.0,38000000.0,38000000.0,38000000.0,0.0,0.0,0.024,837400000.0,89000000.0,65400000.0,0.0,,,7.871,863400000.0,0.0,5.25,,0.188,69700000.0,153800000.0,1592200000.0,1592200000.0,0.0,,,,0.065,0.0,558800000.0,1.0,,56964000,89832000.0,27.951,1249800000.0,0.0,26300000.0,49500000.0,21.94,-185600000.0
99,ALK,MRT,1995-12-31,1995-12-31,1995-12-31,2021-08-03,,,,,,,,-92500000.0,,,571700000.0,17300000.0,,,,,,,,92600000.0,,0.0,0.0,85500000.0,178100000.0,0.126,178100000.0,85500000.0,34000000.0,0.32,0.315,0.32,,,,,,,33000000.0,0.612,1.0,845800000.0,0.597,,51500000.0,,,,,,,,,,,14200000.0,0.0,2800000.0,-11700000.0,0.0,-10600000.0,-100700000.0,-15900000.0,125500000.0,0.0,17300000.0,17300000.0,17300000.0,0.0,0.0,0.012,770100000.0,75700000.0,,0.0,,,12.695,,0.0,4.062,,0.154,,,1417500000.0,1417500000.0,0.0,,,,0.06,0.0,500600000.0,1.0,,53884000,83060000.0,26.307,,,16700000.0,,,
