None,ticker,dimension,calendardate,datekey,reportperiod,lastupdated,accoci,assets,assetsavg,assetsc,assetsnc,assetturnover,bvps,capex,cashneq,cashnequsd,cor,consolinc,currentratio,de,debt,debtc,debtnc,debtusd,deferredrev,depamor,deposits,divyield,dps,ebit,ebitda,ebitdamargin,ebitdausd,ebitusd,ebt,eps,epsdil,epsusd,equity,equityavg,equityusd,ev,evebit,evebitda,fcf,fcfps,fxusd,gp,grossmargin,intangibles,intexp,invcap,invcapavg,inventory,investments,investmentsc,investmentsnc,liabilities,liabilitiesc,liabilitiesnc,marketcap,ncf,ncfbus,ncfcommon,ncfdebt,ncfdiv,ncff,ncfi,ncfinv,ncfo,ncfx,netinc,netinccmn,netinccmnusd,netincdis,netincnci,netmargin,opex,opinc,payables,payoutratio,pb,pe,pe1,ppnenet,prefdivis,price,ps,ps1,receivables,retearn,revenue,revenueusd,rnd,roa,roe,roic,ros,sbcomp,sgna,sharefactor,sharesbas,shareswa,shareswadil,sps,tangibles,taxassets,taxexp,taxliabilities,tbvps,workingcapital
0,VAR,MRY,2020-12-31,2020-10-02,2020-10-02,2021-08-25,-85700000.0,4462200000.0,4427800000.0,2603300000.0,1858900000.0,0.716,22.833,-84300000.0,766100000.0,766100000.0,1791000000.0,269400000.0,1.404,1.145,456100000.0,355000000.0,101100000.0,456100000.0,782200000.0,98900000.0,0.0,0.0,0.0,372100000.0,471000000.0,0.149,471000000.0,372100000.0,358100000.0,2.96,2.94,2.96,2075500000.0,1929275000.0,2075500000.0,15548909856.0,42.0,33.013,399800000.0,4.398,1.0,1377200000.0,0.435,895200000.0,14000000.0,1402500000.0,1442775000.0,516300000.0,0.0,0.0,0.0,2377400000.0,1854500000.0,522900000.0,15635509856.0,241700000.0,-36200000.0,-10200000.0,-55000000.0,0.0,-93100000.0,-140300000.0,-17100000.0,484100000.0,-9000000.0,269200000.0,269200000.0,269200000.0,0.0,200000.0,0.085,1054000000.0,323200000.0,194900000.0,0.0,7.533,58.081,58.084,465900000.0,0.0,171.93,4.935,4.933,1066100000.0,1133000000.0,3168200000.0,3168200000.0,280600000.0,0.061,0.14,0.258,0.117,43900000.0,671800000.0,1.0,90941138.0,90900000,91500000.0,34.854,3567000000.0,81500000.0,88900000.0,0.0,39.241,748800000.0
1,VAR,MRY,2019-12-31,2019-09-27,2019-09-27,2021-08-25,-102100000.0,4101700000.0,3707500000.0,2395400000.0,1706300000.0,0.87,19.432,-58000000.0,531400000.0,531400000.0,1854800000.0,292200000.0,1.271,1.314,410000000.0,410000000.0,0.0,410000000.0,766000000.0,93000000.0,0.0,0.0,0.0,429300000.0,522300000.0,0.162,522300000.0,429300000.0,420500000.0,3.21,3.18,3.21,1768300000.0,1731050000.0,1768300000.0,10640034321.0,25.0,20.371,313800000.0,3.448,1.0,1370300000.0,0.425,912900000.0,8800000.0,1183400000.0,1129975000.0,551500000.0,0.0,0.0,0.0,2324100000.0,1884000000.0,440100000.0,10759734321.0,27700000.0,-576200000.0,-103300000.0,393200000.0,0.0,279200000.0,-631700000.0,5600000.0,371800000.0,8400000.0,291900000.0,291900000.0,291900000.0,0.0,300000.0,0.091,984100000.0,386200000.0,248500000.0,0.0,6.085,36.861,36.81,311500000.0,0.0,118.16,3.336,3.334,1106300000.0,934000000.0,3225100000.0,3225100000.0,247600000.0,0.079,0.169,0.38,0.133,47900000.0,623100000.0,1.0,91060717.0,91000000,91900000.0,35.441,3188800000.0,84700000.0,128600000.0,0.0,35.042,511400000.0
2,VAR,MRY,2018-12-31,2018-09-28,2018-09-28,2021-08-25,-65300000.0,3252700000.0,3257950000.0,2188400000.0,1064300000.0,0.896,17.316,-47700000.0,504800000.0,504800000.0,1645500000.0,150300000.0,1.634,1.05,0.0,0.0,0.0,0.0,729700000.0,72700000.0,0.0,0.0,0.0,458500000.0,531200000.0,0.182,531200000.0,458500000.0,451700000.0,1.64,1.62,1.64,1584400000.0,1480100000.0,1584400000.0,9729108541.0,21.0,18.315,407200000.0,4.45,1.0,1273600000.0,0.436,394700000.0,6800000.0,1013500000.0,957525000.0,438100000.0,0.0,0.0,0.0,1664000000.0,1339700000.0,324300000.0,10246908541.0,-202100000.0,-109000000.0,-121200000.0,-350000000.0,0.0,-487000000.0,-174700000.0,-12000000.0,454900000.0,4700000.0,149900000.0,149900000.0,149900000.0,0.0,400000.0,0.051,836200000.0,437400000.0,190300000.0,0.0,6.467,68.358,68.25,274600000.0,0.0,111.93,3.51,3.508,1009900000.0,780400000.0,2919100000.0,2919100000.0,233900000.0,0.046,0.101,0.479,0.157,45900000.0,543500000.0,1.0,91547472.0,91500000,92500000.0,31.903,2858000000.0,102200000.0,301800000.0,0.0,31.235,848700000.0
3,VAR,MRY,2017-12-31,2017-09-29,2017-09-29,2021-08-25,-68800000.0,3294400000.0,3289250000.0,2296800000.0,997600000.0,0.796,16.406,-59100000.0,716200000.0,716200000.0,1505400000.0,219200000.0,1.396,1.168,350000000.0,350000000.0,0.0,350000000.0,755400000.0,76900000.0,0.0,0.0,0.0,306300000.0,383200000.0,0.146,383200000.0,306300000.0,295600000.0,2.36,2.35,2.36,1517600000.0,1480225000.0,1517600000.0,8891397454.0,29.0,23.203,340000000.0,3.676,1.0,1113900000.0,0.425,294200000.0,10700000.0,988900000.0,1251950000.0,417700000.0,0.0,0.0,0.0,1772500000.0,1645100000.0,127400000.0,9185597454.0,-127600000.0,-3000000.0,-222400000.0,-114500000.0,0.0,-392400000.0,-130400000.0,-64500000.0,399100000.0,-3900000.0,218500000.0,218500000.0,218500000.0,6800000.0,700000.0,0.083,816100000.0,297800000.0,162300000.0,0.0,6.053,42.039,42.398,255300000.0,0.0,100.06,3.507,3.534,961500000.0,778600000.0,2619300000.0,2619300000.0,210000000.0,0.066,0.148,0.245,0.117,41200000.0,552800000.0,1.0,91800894.0,92500000,93200000.0,28.317,3000200000.0,147300000.0,77100000.0,0.0,32.435,651700000.0
4,VAR,MRY,2016-12-31,2016-09-30,2016-09-30,2021-08-25,-100800000.0,3814800000.0,3791793000.0,2615400000.0,1199400000.0,0.684,18.244,-80400000.0,811400000.0,811400000.0,1489000000.0,399700000.0,1.621,1.184,665900000.0,379000000.0,286900000.0,665900000.0,608600000.0,79800000.0,0.0,0.0,0.0,521000000.0,600800000.0,0.232,600800000.0,521000000.0,509400000.0,4.19,4.16,4.19,1740500000.0,1686571000.0,1740500000.0,9159681791.0,18.0,15.246,275900000.0,2.892,1.0,1104700000.0,0.426,304100000.0,11600000.0,1751800000.0,1707016000.0,442400000.0,95300000.0,95300000.0,0.0,2060300000.0,1613400000.0,446900000.0,9294176791.0,-2000000.0,-21700000.0,-400700000.0,167100000.0,0.0,-245800000.0,-109200000.0,-8100000.0,356300000.0,-3300000.0,399300000.0,399300000.0,399300000.0,-77400000.0,400000.0,0.154,677900000.0,426800000.0,159200000.0,0.0,5.34,23.276,23.754,258600000.0,0.0,99.53,3.583,3.661,769600000.0,1069000000.0,2593700000.0,2593700000.0,200400000.0,0.105,0.237,0.305,0.201,48300000.0,472200000.0,1.0,93380657.0,95400000,96000000.0,27.188,3510700000.0,136800000.0,110100000.0,0.0,36.8,1002000000.0
5,VAR,MRY,2015-12-31,2015-10-02,2015-10-02,2021-08-25,-86500000.0,3578700000.0,3491529250.0,2393000000.0,1185700000.0,0.713,17.168,-91400000.0,845500000.0,845500000.0,1458600000.0,412000000.0,1.738,1.082,495900000.0,158400000.0,337500000.0,495900000.0,668200000.0,68500000.0,0.0,0.0,0.0,509300000.0,577800000.0,0.232,577800000.0,509300000.0,501400000.0,4.13,4.09,4.13,1711600000.0,1682650000.0,1711600000.0,6965531320.0,14.0,12.055,378200000.0,3.793,1.0,1032100000.0,0.414,356100000.0,7900000.0,1496300000.0,1542309000.0,612600000.0,0.0,0.0,0.0,1852400000.0,1376700000.0,475700000.0,7422517320.0,-3800000.0,-95300000.0,-331000000.0,58600000.0,0.0,-276700000.0,-210900000.0,-24900000.0,469600000.0,14200000.0,411500000.0,411500000.0,411500000.0,-100600000.0,500000.0,0.165,636400000.0,395700000.0,202900000.0,0.0,4.337,18.038,18.206,379200000.0,0.0,75.19,2.98,3.01,770900000.0,1017800000.0,2490700000.0,2490700000.0,195400000.0,0.118,0.245,0.33,0.204,46300000.0,441000000.0,1.0,98716815.0,99700000,100600000.0,24.982,3222600000.0,119400000.0,89900000.0,0.0,32.323,1016300000.0
6,VAR,MRY,2014-12-31,2014-09-26,2014-09-26,2021-08-25,-58611000.0,3357290000.0,3424809250.0,2494165000.0,863125000.0,0.891,15.543,-89600000.0,849275000.0,849275000.0,1748100000.0,403700000.0,2.076,1.077,437500000.0,50000000.0,387500000.0,437500000.0,421845000.0,62500000.0,0.0,0.0,0.0,581700000.0,644200000.0,0.211,644200000.0,581700000.0,574500000.0,3.88,3.83,3.88,1616420000.0,1677484500.0,1616420000.0,7902584296.0,14.0,12.267,359400000.0,3.456,1.0,1301700000.0,0.427,240626000.0,7200000.0,1503235000.0,1542713750.0,572261000.0,66176000.0,66176000.0,0.0,1740870000.0,1201654000.0,539216000.0,8348989296.0,-268600000.0,-31500000.0,-528000000.0,-68800000.0,0.0,-595500000.0,-133100000.0,-12600000.0,449000000.0,11000000.0,403700000.0,403700000.0,403700000.0,0.0,0.0,0.132,730500000.0,571200000.0,187377000.0,0.0,5.165,20.681,20.851,337999000.0,0.0,80.9,2.738,2.759,731929000.0,931241000.0,3049800000.0,3049800000.0,234800000.0,0.118,0.241,0.377,0.191,39600000.0,470600000.0,1.0,103201351.0,104000000,105300000.0,29.325,3116664000.0,125962000.0,170800000.0,0.0,29.968,1292511000.0
7,VAR,MRY,2013-12-31,2013-09-27,2013-09-27,2021-08-25,-40071000.0,3468474000.0,3132043000.0,2704783000.0,763691000.0,0.94,15.817,-76277000.0,1117861000.0,1117861000.0,1693210000.0,438248000.0,2.331,1.024,506250000.0,56250000.0,450000000.0,506250000.0,389479000.0,62859000.0,0.0,0.0,0.0,616212000.0,679071000.0,0.231,679071000.0,616212000.0,612083000.0,4.04,3.98,4.04,1713847000.0,1650538000.0,1713847000.0,7394560172.0,12.0,10.889,378908000.0,3.497,1.0,1249687000.0,0.425,225335000.0,4129000.0,1470949000.0,1116791000.0,535223000.0,62700000.0,62700000.0,0.0,1754627000.0,1160579000.0,594048000.0,7985753172.0,413291000.0,0.0,-290351000.0,345000000.0,0.0,51646000.0,-96271000.0,-20044000.0,455185000.0,2731000.0,438248000.0,438248000.0,438248000.0,0.0,0.0,0.149,640797000.0,608890000.0,194272000.0,0.0,4.66,18.222,18.361,315331000.0,0.0,74.18,2.714,2.731,698254000.0,1010343000.0,2942897000.0,2942897000.0,208208000.0,0.14,0.266,0.552,0.209,43762000.0,432589000.0,1.0,107653723.0,108352000,110053000.0,27.161,3243139000.0,122250000.0,173835000.0,0.0,29.932,1544204000.0
8,VAR,MRY,2012-12-31,2012-09-28,2012-09-28,2021-08-25,-56621000.0,2878726000.0,2710295000.0,2170515000.0,708211000.0,1.036,13.556,-61103000.0,704570000.0,704570000.0,1610679000.0,427049000.0,1.755,0.907,161250000.0,155000000.0,6250000.0,161250000.0,369456000.0,60982000.0,0.0,0.0,0.0,599343000.0,660325000.0,0.235,660325000.0,599343000.0,595924000.0,3.83,3.76,3.83,1509776000.0,1442109250.0,1509776000.0,6219972645.0,10.0,9.42,431672000.0,3.876,1.0,1196336000.0,0.426,222242000.0,3419000.0,876633000.0,882714500.0,457869000.0,49709000.0,49709000.0,0.0,1368950000.0,1236531000.0,132419000.0,6678348645.0,140113000.0,-28241000.0,-197108000.0,-36276000.0,0.0,-234676000.0,-122295000.0,-21703000.0,492775000.0,4309000.0,427049000.0,427049000.0,427049000.0,0.0,0.0,0.152,602262000.0,594074000.0,180736000.0,0.0,4.423,15.638,15.749,296592000.0,0.0,60.32,2.379,2.393,691806000.0,893115000.0,2807015000.0,2807015000.0,185742000.0,0.158,0.296,0.679,0.214,46835000.0,416520000.0,1.0,110715329.0,111376000,113473000.0,25.203,2656484000.0,115786000.0,168875000.0,0.0,23.851,933984000.0
9,VAR,MRY,2011-12-31,2011-09-30,2011-09-30,2021-08-25,-46848000.0,2498761000.0,2488144750.0,1854617000.0,644144000.0,1.044,10.659,-70928000.0,564457000.0,564457000.0,1460777000.0,398933000.0,1.647,1.009,197526000.0,191276000.0,6250000.0,197526000.0,140173000.0,52591000.0,0.0,0.0,0.0,581616000.0,634207000.0,0.244,634207000.0,581616000.0,579017000.0,3.42,3.36,3.42,1243891000.0,1370495750.0,1243891000.0,5562344716.0,10.0,8.771,401851000.0,3.443,1.0,1135889000.0,0.437,212452000.0,2599000.0,793466000.0,780927250.0,409962000.0,19205000.0,19205000.0,0.0,1254870000.0,1125912000.0,128958000.0,6112327716.0,44236000.0,-9124000.0,-367587000.0,154136000.0,0.0,-311335000.0,-117932000.0,-33583000.0,472779000.0,724000.0,398933000.0,398933000.0,398933000.0,9693000.0,0.0,0.154,547438000.0,588451000.0,154946000.0,0.0,4.914,15.322,15.251,285894000.0,0.0,52.16,2.354,2.344,635153000.0,677473000.0,2596666000.0,2596666000.0,170725000.0,0.16,0.291,0.745,0.224,43889000.0,376713000.0,1.0,117184197.0,116703000,118735000.0,22.25,2286309000.0,113965000.0,180084000.0,0.0,19.591,728705000.0
10,VAR,MRY,2010-12-31,2010-10-01,2010-10-01,2021-08-25,-37604000.0,2323952000.0,2337682500.0,1681344000.0,642608000.0,1.008,10.47,-67545000.0,520221000.0,520221000.0,1330943000.0,360422000.0,1.861,0.822,43394000.0,25525000.0,17869000.0,43394000.0,141916000.0,48293000.0,0.0,0.0,0.0,529974000.0,578267000.0,0.245,578267000.0,529974000.0,525866000.0,2.96,2.91,2.96,1275367000.0,1352616000.0,1275367000.0,6816219991.0,13.0,11.787,393241000.0,3.228,1.0,1025642000.0,0.435,208451000.0,4108000.0,735133000.0,724540000.0,363933000.0,0.0,0.0,0.0,1048585000.0,903541000.0,145044000.0,7380371991.0,-33308000.0,-1800000.0,-413069000.0,6593000.0,0.0,-422175000.0,-74815000.0,862000.0,460786000.0,2896000.0,360422000.0,360422000.0,360422000.0,7059000.0,0.0,0.153,491440000.0,534202000.0,119018000.0,0.0,5.787,20.477,20.5,267927000.0,0.0,60.68,3.132,3.137,591677000.0,686598000.0,2356585000.0,2356585000.0,156748000.0,0.154,0.266,0.731,0.225,43024000.0,334692000.0,1.0,121627752.0,121816000,124025000.0,19.345,2115501000.0,118246000.0,165444000.0,0.0,17.366,777803000.0
11,VAR,MRY,2009-12-31,2009-10-02,2009-10-02,2021-08-25,-26385000.0,2308248000.0,2134452750.0,1672451000.0,635797000.0,1.037,10.576,-62562000.0,553529000.0,553529000.0,1253555000.0,319022000.0,1.986,0.76,36844000.0,13450000.0,23394000.0,36844000.0,130588000.0,44609000.0,0.0,0.0,0.0,466286000.0,510895000.0,0.231,510895000.0,466286000.0,462189000.0,2.57,2.55,2.57,1311783000.0,1177542250.0,1311783000.0,4580584585.0,10.0,8.966,241871000.0,1.95,1.0,960505000.0,0.434,210346000.0,4097000.0,738897000.0,723486250.0,321861000.0,0.0,0.0,0.0,996465000.0,842320000.0,154145000.0,5022474585.0,156223000.0,-2550000.0,-73660000.0,-3816000.0,0.0,-71281000.0,-77906000.0,-5662000.0,304433000.0,977000.0,319022000.0,319022000.0,319022000.0,12454000.0,0.0,0.144,486359000.0,474146000.0,116093000.0,0.0,3.829,15.743,15.568,264060000.0,0.0,40.01,2.268,2.241,580918000.0,696409000.0,2214060000.0,2214060000.0,147375000.0,0.149,0.271,0.644,0.211,41208000.0,338984000.0,1.0,125530482.0,124034000,124995000.0,17.85,2097902000.0,144392000.0,143167000.0,0.0,16.914,830131000.0
12,VAR,MRY,2008-12-31,2008-09-26,2008-09-26,2021-08-25,-18228000.0,1975512000.0,1899408000.0,1394401000.0,581111000.0,1.09,8.231,-81424000.0,397306000.0,397306000.0,1192198000.0,279484000.0,1.784,0.923,40386000.0,7987000.0,32399000.0,40386000.0,141368000.0,36709000.0,0.0,0.0,0.0,415130000.0,451839000.0,0.218,451839000.0,415130000.0,410251000.0,2.24,2.19,2.24,1027185000.0,937530250.0,1027185000.0,7339789802.0,18.0,16.244,290803000.0,2.33,1.0,877532000.0,0.424,209146000.0,4879000.0,627769000.0,605038250.0,282980000.0,0.0,0.0,0.0,948327000.0,781677000.0,166650000.0,7638146802.0,134060000.0,-2092000.0,-132815000.0,-49971000.0,0.0,-142076000.0,-87585000.0,-8098000.0,372227000.0,-8506000.0,279484000.0,279484000.0,279484000.0,15772000.0,0.0,0.135,458128000.0,419404000.0,105281000.0,0.0,7.436,27.329,27.312,218183000.0,0.0,61.18,3.69,3.689,486310000.0,451439000.0,2069730000.0,2069730000.0,135599000.0,0.147,0.298,0.686,0.201,44630000.0,322529000.0,1.0,124847120.0,124800000,127604000.0,16.584,1766366000.0,130988000.0,130767000.0,0.0,14.154,612724000.0
13,VAR,MRY,2007-12-31,2007-09-28,2007-09-28,2021-08-25,-10913000.0,1684375000.0,1561976500.0,1160229000.0,524146000.0,1.124,6.447,-64135000.0,263246000.0,263246000.0,1022209000.0,239456000.0,1.484,1.05,90356000.0,49970000.0,40386000.0,90356000.0,101839000.0,32206000.0,0.0,0.0,0.0,347330000.0,379536000.0,0.216,379536000.0,347330000.0,342539000.0,1.88,1.83,1.88,821455000.0,810275750.0,821455000.0,5133879896.0,15.0,13.527,236058000.0,1.853,1.0,732863000.0,0.418,205553000.0,4791000.0,524245000.0,536093000.0,213095000.0,0.0,0.0,0.0,862920000.0,781687000.0,81233000.0,5277260896.0,-9262000.0,-52374000.0,-274796000.0,26453000.0,0.0,-240520000.0,-55658000.0,70308000.0,300193000.0,-13277000.0,239456000.0,239456000.0,239456000.0,3460000.0,0.0,0.136,394238000.0,338625000.0,88121000.0,0.0,6.424,22.039,22.282,167946000.0,0.0,41.89,3.007,3.041,499330000.0,395742000.0,1755072000.0,1755072000.0,117320000.0,0.153,0.296,0.648,0.198,46348000.0,276918000.0,1.0,125979014.0,127407000,130622000.0,13.775,1478822000.0,106610000.0,103083000.0,0.0,11.607,378542000.0
14,VAR,MRY,2006-12-31,2006-09-29,2006-09-29,2021-08-25,-4531000.0,1511751000.0,1411625500.0,1156049000.0,355702000.0,1.132,6.088,-40199000.0,272508000.0,272508000.0,934493000.0,245091000.0,1.795,0.896,57310000.0,7954000.0,49356000.0,57310000.0,117813000.0,29576000.0,0.0,0.0,0.0,324859000.0,354435000.0,0.222,354435000.0,324859000.0,320211000.0,1.87,1.81,1.87,797253000.0,751951750.0,797253000.0,6669672458.0,21.0,18.818,161559000.0,1.234,1.0,663327000.0,0.415,121389000.0,4648000.0,531208000.0,508923500.0,189653000.0,93599000.0,93599000.0,0.0,714498000.0,643956000.0,70542000.0,6937023458.0,29422000.0,0.0,-196921000.0,-2697000.0,0.0,-155749000.0,-11487000.0,33168000.0,201758000.0,-5100000.0,245091000.0,245091000.0,245091000.0,-1529000.0,0.0,0.153,353971000.0,309356000.0,77985000.0,0.0,8.701,28.304,28.551,130318000.0,0.0,53.39,4.342,4.376,471820000.0,406849000.0,1597820000.0,1597820000.0,100408000.0,0.174,0.326,0.638,0.203,44467000.0,253563000.0,1.0,129931138.0,130964000,135439000.0,12.2,1390362000.0,102516000.0,75120000.0,0.0,10.616,512093000.0
15,VAR,MRY,2005-12-31,2005-09-30,2005-09-30,2021-08-25,-5821000.0,1317402000.0,1252117750.0,1016895000.0,300507000.0,1.104,4.976,-43823000.0,243086000.0,243086000.0,789536000.0,206576000.0,1.87,0.999,60007000.0,2689000.0,57318000.0,60007000.0,96683000.0,27135000.0,0.0,0.0,0.0,313024000.0,340159000.0,0.246,340159000.0,313024000.0,308326000.0,1.56,1.5,1.56,659027000.0,638231250.0,659027000.0,5044957225.0,16.0,14.831,207974000.0,1.57,1.0,593021000.0,0.429,121389000.0,4698000.0,469001000.0,459752250.0,164873000.0,139035000.0,135356000.0,3679000.0,658375000.0,543933000.0,114442000.0,5170228225.0,110216000.0,-12372000.0,-188996000.0,-5340000.0,0.0,-194336000.0,51760000.0,116157000.0,251797000.0,995000.0,206576000.0,206576000.0,206576000.0,0.0,0.0,0.149,288045000.0,304976000.0,71007000.0,0.0,7.845,25.028,25.327,114540000.0,0.0,39.51,3.74,3.785,351899000.0,383667000.0,1382557000.0,1382557000.0,82063000.0,0.165,0.324,0.681,0.226,23106000.0,205982000.0,1.0,130858725.0,132435000,137835000.0,10.44,1196013000.0,95470000.0,101750000.0,0.0,9.031,472962000.0
16,VAR,MRY,2004-12-31,2004-10-01,2004-10-01,2021-08-25,0.0,1180640000.0,1142682750.0,895584000.0,285056000.0,1.081,4.588,-23907000.0,132870000.0,132870000.0,717354000.0,167687000.0,1.941,0.892,58500000.0,5250000.0,53250000.0,58500000.0,0.0,25123000.0,0.0,0.0,0.0,262655000.0,287778000.0,0.233,287778000.0,262655000.0,257987000.0,1.23,1.18,1.23,624162000.0,613816250.0,624162000.0,4493690707.0,17.0,15.615,210003000.0,1.544,1.0,518169000.0,0.419,112653000.0,4668000.0,532278000.0,446798500.0,144389000.0,260048000.0,219078000.0,40970000.0,556478000.0,461339000.0,95139000.0,4705528707.0,53221000.0,-71770000.0,-155708000.0,0.0,0.0,-142251000.0,-35751000.0,66904000.0,233910000.0,-2687000.0,167687000.0,167687000.0,167687000.0,0.0,0.0,0.136,261484000.0,256685000.0,59639000.0,0.0,7.539,28.061,28.163,85377000.0,0.0,34.64,3.809,3.814,288663000.0,357242000.0,1235523000.0,1235523000.0,72106000.0,0.147,0.273,0.588,0.213,35087000.0,189378000.0,1.0,135840898.0,136036000,142215000.0,9.082,1067987000.0,81130000.0,90300000.0,0.0,7.851,434245000.0
17,VAR,MRY,2003-12-31,2003-09-26,2003-09-26,2021-08-25,-3416000.0,1053487000.0,986830750.0,805524000.0,247963000.0,1.055,4.141,-18699000.0,210448000.0,210448000.0,620464000.0,130355000.0,1.967,0.869,58500000.0,0.0,58500000.0,58500000.0,0.0,20314000.0,0.0,0.0,0.0,204938000.0,225252000.0,0.216,225252000.0,204938000.0,200555000.0,0.96,0.92,0.96,563676000.0,527536000.0,563676000.0,3715515210.0,18.0,16.495,191100000.0,1.404,1.0,421093000.0,0.404,59979000.0,4383000.0,432144000.0,413369250.0,116815000.0,196948000.0,112128000.0,84820000.0,489811000.0,409416000.0,80395000.0,3867811210.0,13237000.0,-135000.0,-68445000.0,-58000.0,0.0,-68503000.0,-121047000.0,-96669000.0,209799000.0,-7012000.0,130355000.0,130355000.0,130355000.0,0.0,0.0,0.125,223556000.0,197537000.0,53231000.0,0.0,6.862,29.671,29.505,81172000.0,0.0,28.325,3.713,3.702,252265000.0,341863000.0,1041557000.0,1041557000.0,59176000.0,0.132,0.247,0.496,0.197,29197000.0,164380000.0,1.0,136551146.0,136113000,142153000.0,7.652,993508000.0,87725000.0,70200000.0,0.0,7.299,396108000.0
18,VAR,MRY,2002-12-31,2002-09-27,2002-09-27,2021-08-25,-2530000.0,910277000.0,833172250.0,651359000.0,258918000.0,1.048,3.494,-25470000.0,160285000.0,160285000.0,533777000.0,93609000.0,1.819,0.925,58558000.0,58000.0,58500000.0,58558000.0,0.0,19849000.0,0.0,0.0,0.0,150745000.0,170594000.0,0.195,170594000.0,150745000.0,146259000.0,0.69,0.67,0.69,472803000.0,439004250.0,472803000.0,2869593726.0,19.0,16.821,130567000.0,0.965,1.0,339315000.0,0.389,59996000.0,4486000.0,390471000.0,343535750.0,123815000.0,138564000.0,41035000.0,97529000.0,437474000.0,358083000.0,79391000.0,2973004726.0,-58676000.0,-14086000.0,-31132000.0,-116000.0,0.0,-31248000.0,-181850000.0,-139110000.0,156037000.0,-1615000.0,93609000.0,93609000.0,93609000.0,0.0,0.0,0.107,194338000.0,144977000.0,45776000.0,0.0,6.288,31.76,31.652,82140000.0,0.0,21.84,3.405,3.385,237345000.0,292455000.0,873092000.0,873092000.0,48442000.0,0.112,0.213,0.439,0.173,18460000.0,146088000.0,1.0,136126590.0,135327000,140477000.0,6.452,850281000.0,0.0,52650000.0,0.0,6.283,293276000.0
19,VAR,MRY,2001-12-31,2001-09-28,2001-09-28,2021-08-25,0.0,759199000.0,690638250.0,619503000.0,139696000.0,1.12,2.993,-16485000.0,218961000.0,218961000.0,486610000.0,54250000.0,2.171,0.925,58674000.0,174000.0,58500000.0,58674000.0,0.0,22882000.0,0.0,0.0,0.0,97452000.0,120334000.0,0.156,120334000.0,97452000.0,93320000.0,0.41,0.395,0.41,394396000.0,352446250.0,394396000.0,2035495023.0,21.0,16.915,101951000.0,0.774,1.0,287033000.0,0.371,49870000.0,4132000.0,263688000.0,314929500.0,111777000.0,0.0,0.0,0.0,364803000.0,285354000.0,79449000.0,2159251023.0,135640000.0,571000.0,38186000.0,-442000.0,0.0,37744000.0,-18807000.0,0.0,118436000.0,-1733000.0,54250000.0,54250000.0,54250000.0,0.0,0.0,0.07,177142000.0,109891000.0,44839000.0,0.0,5.475,39.802,39.116,75826000.0,0.0,16.038,2.791,2.731,227794000.0,239124000.0,773643000.0,773643000.0,43596000.0,0.079,0.154,0.309,0.126,31601000.0,133981000.0,1.0,134637632.0,131754000,136914000.0,5.872,709329000.0,0.0,39070000.0,0.0,5.384,334149000.0
20,VAR,MRY,2000-12-31,2000-09-29,2000-09-29,2021-08-25,0.0,602550000.0,553932500.0,450588000.0,151962000.0,1.245,2.173,-17448000.0,83321000.0,83321000.0,432603000.0,53049000.0,1.803,1.229,59116000.0,616000.0,58500000.0,59116000.0,0.0,21956000.0,0.0,0.0,0.0,90036000.0,111992000.0,0.162,111992000.0,90036000.0,84875000.0,0.425,0.41,0.425,270359000.0,228827250.0,270359000.0,1457584511.0,16.0,13.015,66391000.0,0.534,1.0,257097000.0,0.373,0.0,5161000.0,328449000.0,338630750.0,92482000.0,0.0,0.0,0.0,332191000.0,249896000.0,82295000.0,1427528511.0,58195000.0,0.0,23730000.0,-34971000.0,0.0,-11241000.0,-21572000.0,0.0,83839000.0,7169000.0,53049000.0,53049000.0,53049000.0,0.0,0.0,0.077,169394000.0,87703000.0,41351000.0,0.0,5.28,26.91,26.582,80099000.0,0.0,11.297,2.07,2.038,226442000.0,187721000.0,689700000.0,689700000.0,42083000.0,0.096,0.232,0.266,0.131,8160000.0,125107000.0,1.0,126357912.0,124414000,129726000.0,5.544,602550000.0,0.0,31826000.0,0.0,4.843,200692000.0
21,VAR,MRY,1999-12-31,1999-10-01,1999-10-01,2021-08-25,0.0,539183000.0,683192000.0,382246000.0,156937000.0,0.864,1.53,14858000.0,25126000.0,25126000.0,380435000.0,-24238000.0,1.417,1.915,94087000.0,35587000.0,58500000.0,94087000.0,0.0,37398000.0,0.0,0.005,0.025,-4237000.0,33161000.0,0.056,33161000.0,-4237000.0,-14217000.0,-0.2,-0.198,-0.2,184991000.0,268556750.0,184991000.0,753079721.0,-178.0,22.71,-16020000.0,-0.133,1.0,210005000.0,0.356,0.0,9980000.0,338342000.0,435731000.0,78324000.0,0.0,0.0,0.0,354192000.0,269802000.0,84390000.0,669920721.0,-124541000.0,-5849000.0,12988000.0,-885000.0,-2991000.0,-107369000.0,12860000.0,0.0,-30878000.0,846000.0,-24238000.0,-24238000.0,-24238000.0,32456000.0,0.0,-0.041,185694000.0,24311000.0,40141000.0,-0.125,3.621,-27.639,-27.425,80248000.0,0.0,5.485,1.135,1.123,233785000.0,134243000.0,590440000.0,590440000.0,39895000.0,-0.035,-0.09,-0.01,-0.007,8017000.0,116131000.0,1.0,122136868.0,120876000,122108000.0,4.885,539183000.0,0.0,10021000.0,0.0,4.461,112444000.0
22,VAR,MRY,1998-12-31,1998-10-02,1998-10-02,2021-08-25,0.0,1218295000.0,1139373000.0,839781000.0,378514000.0,0.475,4.66,-44633000.0,149667000.0,149667000.0,346298000.0,73840000.0,1.663,1.185,157932000.0,46842000.0,111090000.0,157932000.0,0.0,47656000.0,0.0,0.011,0.098,92494000.0,140150000.0,0.259,140150000.0,92494000.0,83659000.0,0.618,0.608,0.618,557545000.0,539437250.0,557545000.0,1018592020.0,11.0,7.268,83120000.0,0.695,1.0,195163000.0,0.36,0.0,8835000.0,721671000.0,682680000.0,204464000.0,0.0,0.0,0.0,660750000.0,504889000.0,155861000.0,1022083020.0,7369000.0,-105470000.0,-34544000.0,65528000.0,-14348000.0,19328000.0,-143068000.0,0.0,127753000.0,3356000.0,73840000.0,73840000.0,73840000.0,-47696000.0,0.0,0.136,156783000.0,38380000.0,76166000.0,0.159,1.833,13.842,13.908,214222000.0,0.0,8.595,1.888,1.899,392596000.0,527802000.0,541461000.0,541461000.0,39255000.0,0.065,0.137,0.135,0.171,5321000.0,117528000.0,1.0,118916000.0,119640000,121676000.0,4.526,1218295000.0,0.0,9819000.0,0.0,10.183,334892000.0
23,VAR,MRY,1997-12-31,1997-09-26,1997-09-26,2021-08-25,0.0,1104333000.0,,813470000.0,290863000.0,,4.307,-52867000.0,142298000.0,142298000.0,310682000.0,115560000.0,1.752,1.105,91854000.0,18668000.0,73186000.0,91854000.0,0.0,49263000.0,0.0,0.006,0.088,132526000.0,181789000.0,0.383,181789000.0,132526000.0,124743000.0,0.948,0.917,0.948,524577000.0,,524577000.0,,,,-7928000.0,-0.065,1.0,163618000.0,0.345,0.0,7783000.0,589579000.0,,159598000.0,0.0,0.0,0.0,579756000.0,464310000.0,115446000.0,,59623000.0,111228000.0,-56547000.0,27234000.0,-10399000.0,-39957000.0,49676000.0,0.0,44939000.0,4965000.0,115560000.0,115560000.0,115560000.0,-95591000.0,0.0,0.244,131287000.0,32331000.0,83771000.0,0.093,,,15.923,195639000.0,0.0,15.095,,3.877,418978000.0,494469000.0,474300000.0,474300000.0,31211000.0,,,,0.279,0.0,100076000.0,1.0,,121804000,125784000.0,3.894,1104333000.0,0.0,9183000.0,6508000.0,9.066,349160000.0
24,VAR,MRY,1996-12-31,1996-10-02,1996-10-02,2021-08-25,,,,,,,,-62955000.0,,,995668000.0,122063000.0,,,,,,,,42918000.0,,0.007,0.077,195618000.0,238536000.0,0.149,238536000.0,195618000.0,189243000.0,0.983,0.953,0.983,,,,,,,24482000.0,0.197,1.0,603693000.0,0.377,,6375000.0,,,,,,,,,,,-40053000.0,-4396000.0,-49544000.0,2536000.0,-9341000.0,-56631000.0,-73350000.0,0.0,87437000.0,2491000.0,122063000.0,122063000.0,122063000.0,0.0,0.0,0.076,413601000.0,190092000.0,,0.078,,,11.729,,0.0,11.53,,0.895,,,1599361000.0,1599361000.0,110140000.0,,,,0.122,0.0,303461000.0,1.0,,124096000,128300000.0,12.888,,,67180000.0,,,
0,VAR,MRQ,2020-12-31,2021-01-01,2021-01-01,2021-08-25,-76800000.0,4526100000.0,,2641300000.0,1884800000.0,,24.489,-16800000.0,773300000.0,773300000.0,419800000.0,96800000.0,1.514,1.018,311700000.0,210000000.0,101700000.0,311700000.0,845700000.0,25800000.0,0.0,0.0,0.0,125400000.0,151200000.0,0.194,151200000.0,125400000.0,124100000.0,1.06,1.05,1.06,2238300000.0,,2238300000.0,15678120630.0,41.0,32.642,124600000.0,1.363,1.0,359000000.0,0.461,892700000.0,1300000.0,1426900000.0,,571700000.0,0.0,0.0,0.0,2278300000.0,1744900000.0,533400000.0,15988120630.0,7300000.0,-500000.0,52400000.0,-145000000.0,0.0,-100200000.0,-27600000.0,-10300000.0,141400000.0,-6300000.0,96500000.0,96500000.0,96500000.0,0.0,300000.0,0.124,241800000.0,117200000.0,206500000.0,0.0,7.143,57.615,57.38,466000000.0,0.0,175.01,5.128,5.13,1029300000.0,1225600000.0,778800000.0,778800000.0,72200000.0,,,,,16700000.0,161900000.0,1.0,91355469.0,91400000,92200000.0,8.521,3633400000.0,65400000.0,27600000.0,0.0,39.753,896400000.0
1,VAR,MRQ,2020-09-30,2020-10-02,2020-10-02,2021-08-25,-85700000.0,4462200000.0,,2603300000.0,1858900000.0,,22.758,-29300000.0,766100000.0,766100000.0,475800000.0,76500000.0,1.404,1.145,456100000.0,355000000.0,101100000.0,456100000.0,782200000.0,25300000.0,0.0,0.0,0.0,110200000.0,135500000.0,0.159,135500000.0,110200000.0,108100000.0,0.84,0.83,0.84,2075500000.0,,2075500000.0,15548909856.0,42.0,33.013,237300000.0,2.602,1.0,374700000.0,0.441,895200000.0,2100000.0,1402500000.0,,516300000.0,0.0,0.0,0.0,2377400000.0,1854500000.0,522900000.0,15635509856.0,-4700000.0,-27800000.0,24600000.0,-225000000.0,0.0,-204400000.0,-63000000.0,-5000000.0,266600000.0,-3900000.0,76600000.0,76600000.0,76600000.0,0.0,-100000.0,0.09,276300000.0,98400000.0,194900000.0,0.0,7.533,58.081,58.084,465900000.0,0.0,171.93,4.935,4.933,1066100000.0,1133000000.0,850500000.0,850500000.0,77200000.0,,,,,13300000.0,174500000.0,1.0,90941138.0,91200000,91800000.0,9.326,3567000000.0,81500000.0,31500000.0,0.0,39.112,748800000.0
2,VAR,MRQ,2020-06-30,2020-07-03,2020-07-03,2021-08-25,-113500000.0,4454400000.0,,2631700000.0,1822700000.0,,21.294,-18000000.0,769200000.0,769200000.0,395800000.0,60900000.0,1.322,1.299,682600000.0,580000000.0,102600000.0,682600000.0,778400000.0,24000000.0,0.0,0.0,0.0,88000000.0,112000000.0,0.161,112000000.0,88000000.0,85100000.0,0.67,0.67,0.67,1933500000.0,,1933500000.0,11067441119.0,29.0,22.744,65000000.0,0.716,1.0,298500000.0,0.43,873100000.0,2900000.0,1503300000.0,,600400000.0,0.0,0.0,0.0,2511300000.0,1991400000.0,519900000.0,11114841119.0,101500000.0,0.0,19300000.0,60000000.0,0.0,67800000.0,-41100000.0,-21300000.0,83000000.0,-8200000.0,61200000.0,61200000.0,61200000.0,0.0,-300000.0,0.088,238600000.0,59900000.0,164500000.0,0.0,5.749,42.214,42.203,469900000.0,0.0,122.39,3.477,3.477,987400000.0,1054900000.0,694300000.0,694300000.0,65300000.0,,,,,4400000.0,145000000.0,1.0,90814945.0,90800000,91200000.0,7.646,3581300000.0,92300000.0,23900000.0,0.0,39.442,640300000.0
3,VAR,MRQ,2020-03-31,2020-04-03,2020-04-03,2021-08-25,-101800000.0,4343900000.0,,2500900000.0,1843000000.0,,20.516,-14400000.0,667800000.0,667800000.0,457300000.0,43100000.0,1.283,1.329,620400000.0,520000000.0,100400000.0,620400000.0,798100000.0,24400000.0,0.0,0.0,0.0,57200000.0,81600000.0,0.103,81600000.0,57200000.0,52900000.0,0.48,0.47,0.48,1860800000.0,,1860800000.0,8649454166.0,25.0,18.947,7500000.0,0.083,1.0,337200000.0,0.424,896300000.0,4300000.0,1450500000.0,,604000000.0,0.0,0.0,0.0,2473200000.0,1949700000.0,523500000.0,8735654166.0,-53200000.0,-6700000.0,-30000000.0,-22000000.0,0.0,-59900000.0,-21100000.0,0.0,21900000.0,5900000.0,43200000.0,43200000.0,43200000.0,0.0,-100000.0,0.054,282300000.0,54900000.0,198400000.0,0.0,4.695,37.735,37.784,465700000.0,0.0,96.35,2.625,2.626,1004800000.0,993700000.0,794500000.0,794500000.0,71000000.0,,,,,11300000.0,175300000.0,1.0,90665845.0,90700000,91400000.0,8.76,3447600000.0,93600000.0,9700000.0,0.0,38.011,551200000.0
4,VAR,MRQ,2019-12-31,2020-01-03,2020-01-03,2021-08-25,-97000000.0,4450700000.0,,2647000000.0,1803700000.0,,20.322,-22600000.0,721900000.0,721900000.0,462100000.0,88900000.0,1.293,1.404,635700000.0,542000000.0,93700000.0,635700000.0,817900000.0,25200000.0,0.0,0.0,0.0,116700000.0,141900000.0,0.171,141900000.0,116700000.0,112000000.0,0.97,0.96,0.97,1847300000.0,,1847300000.0,13052382791.0,32.0,25.653,90000000.0,0.99,1.0,366800000.0,0.443,903300000.0,4700000.0,1414800000.0,,597400000.0,0.0,0.0,0.0,2593400000.0,2046400000.0,547000000.0,13173782791.0,198100000.0,-1700000.0,-24100000.0,132000000.0,0.0,103400000.0,-15100000.0,9200000.0,112600000.0,-2800000.0,88200000.0,88200000.0,88200000.0,0.0,700000.0,0.106,256800000.0,110000000.0,215300000.0,0.0,7.131,47.576,47.674,444400000.0,0.0,144.93,3.976,3.976,1079200000.0,983200000.0,828900000.0,828900000.0,67100000.0,,,,,14900000.0,177000000.0,1.0,90897556.0,90900000,91700000.0,9.119,3547400000.0,85700000.0,23800000.0,0.0,39.025,600600000.0
5,VAR,MRQ,2019-09-30,2019-09-27,2019-09-27,2021-08-25,-102100000.0,4101700000.0,,2395400000.0,1706300000.0,,19.432,-14300000.0,531400000.0,531400000.0,494300000.0,70400000.0,1.271,1.314,410000000.0,410000000.0,0.0,410000000.0,766000000.0,35600000.0,0.0,0.0,0.0,115500000.0,151100000.0,0.172,151100000.0,115500000.0,110700000.0,0.78,0.77,0.78,1768300000.0,,1768300000.0,10640034321.0,25.0,20.371,103500000.0,1.137,1.0,384600000.0,0.438,912900000.0,4800000.0,1183400000.0,,551500000.0,0.0,0.0,0.0,2324100000.0,1884000000.0,440100000.0,10759734321.0,1200000.0,-90600000.0,-24800000.0,10000000.0,0.0,-14800000.0,-108000000.0,-3000000.0,117800000.0,6200000.0,70700000.0,70700000.0,70700000.0,0.0,-300000.0,0.08,273800000.0,110800000.0,248500000.0,0.0,6.085,36.861,36.81,311500000.0,0.0,118.16,3.336,3.334,1106300000.0,934000000.0,878900000.0,878900000.0,65200000.0,,,,,12700000.0,181600000.0,1.0,91060717.0,91000000,91900000.0,9.658,3188800000.0,84700000.0,40000000.0,0.0,35.042,511400000.0
6,VAR,MRQ,2019-06-30,2019-06-28,2019-06-28,2021-08-25,-69500000.0,3967300000.0,,2341200000.0,1626100000.0,,19.16,-18500000.0,520700000.0,520700000.0,474400000.0,29500000.0,1.294,1.267,401000000.0,401000000.0,0.0,401000000.0,749700000.0,20200000.0,0.0,0.0,0.0,61700000.0,81900000.0,0.099,81900000.0,61700000.0,59900000.0,0.32,0.32,0.32,1743600000.0,,1743600000.0,11834144539.0,26.0,22.199,108000000.0,1.187,1.0,351400000.0,0.426,840000000.0,1800000.0,1197700000.0,,529300000.0,0.0,0.0,0.0,2210000000.0,1809900000.0,400100000.0,12380444539.0,-16000000.0,-460600000.0,-31500000.0,383200000.0,0.0,350900000.0,-489100000.0,-9500000.0,126500000.0,-4300000.0,29400000.0,29400000.0,29400000.0,0.0,100000.0,0.036,297500000.0,53900000.0,226100000.0,0.0,7.101,36.672,36.892,307400000.0,0.0,136.13,3.933,3.935,1054200000.0,890700000.0,825800000.0,825800000.0,62100000.0,,,,,12200000.0,153600000.0,1.0,90945747.0,91000000,91800000.0,9.075,3127300000.0,93900000.0,30500000.0,0.0,34.366,531300000.0
7,VAR,MRQ,2019-03-31,2019-03-29,2019-03-29,2021-08-25,-71800000.0,3390200000.0,,2261200000.0,1129000000.0,,19.069,-11200000.0,546300000.0,546300000.0,461200000.0,88400000.0,1.715,0.951,0.0,0.0,0.0,0.0,757900000.0,19700000.0,0.0,0.0,0.0,114200000.0,133900000.0,0.172,133900000.0,114200000.0,113200000.0,0.97,0.96,0.97,1735300000.0,,1735300000.0,12248988292.0,25.0,21.784,-24600000.0,-0.27,1.0,318200000.0,0.408,400100000.0,1000000.0,1125000000.0,,478000000.0,0.0,0.0,0.0,1650100000.0,1318800000.0,331300000.0,12864988292.0,-69800000.0,500000.0,-34200000.0,0.0,0.0,-39700000.0,-21500000.0,-11800000.0,-13400000.0,4800000.0,88600000.0,88600000.0,88600000.0,0.0,-200000.0,0.114,208400000.0,109800000.0,208700000.0,0.0,7.414,33.784,34.067,268400000.0,0.0,141.72,4.244,4.255,1029200000.0,902300000.0,779400000.0,779400000.0,59400000.0,,,,,12500000.0,146800000.0,1.0,90777507.0,91000000,91900000.0,8.565,2990100000.0,94900000.0,24600000.0,0.0,32.858,942400000.0
8,VAR,MRQ,2018-12-31,2018-12-28,2018-12-28,2021-08-25,-69000000.0,3370800000.0,,2300900000.0,1069900000.0,,18.429,-14000000.0,616000000.0,616000000.0,424900000.0,103900000.0,1.726,1.007,0.0,0.0,0.0,0.0,738600000.0,17500000.0,0.0,0.0,0.0,137900000.0,155400000.0,0.21,155400000.0,137900000.0,136700000.0,1.13,1.12,1.13,1677000000.0,,1677000000.0,9699330004.0,21.0,17.862,126900000.0,1.395,1.0,316100000.0,0.427,408000000.0,1200000.0,1013800000.0,,469600000.0,0.0,0.0,0.0,1688800000.0,1333000000.0,355800000.0,10204130004.0,112300000.0,-25500000.0,-12800000.0,0.0,0.0,-17200000.0,-13100000.0,29900000.0,140900000.0,1700000.0,103200000.0,103200000.0,103200000.0,0.0,700000.0,0.139,204400000.0,111700000.0,198100000.0,0.0,6.085,27.926,28.068,270100000.0,0.0,111.99,3.422,3.418,989500000.0,855500000.0,741000000.0,741000000.0,60900000.0,,,,,10500000.0,141100000.0,1.0,91116439.0,91000000,92000000.0,8.143,2962800000.0,102500000.0,33500000.0,0.0,32.558,967900000.0
9,VAR,MRQ,2018-09-30,2018-09-28,2018-09-28,2021-08-25,-65300000.0,3252700000.0,,2188400000.0,1064300000.0,,17.373,-16900000.0,504800000.0,504800000.0,462900000.0,116800000.0,1.634,1.05,0.0,0.0,0.0,0.0,729700000.0,19200000.0,0.0,0.0,0.0,142700000.0,161900000.0,0.202,161900000.0,142700000.0,141600000.0,1.27,1.26,1.27,1584400000.0,,1584400000.0,9729108541.0,21.0,18.315,91300000.0,1.001,1.0,338700000.0,0.423,394700000.0,1100000.0,1013500000.0,,438100000.0,0.0,0.0,0.0,1664000000.0,1339700000.0,324300000.0,10246908541.0,-28700000.0,-39500000.0,-46400000.0,-18300000.0,0.0,-65400000.0,-71600000.0,-10200000.0,108200000.0,100000.0,116400000.0,116400000.0,116400000.0,0.0,400000.0,0.145,205600000.0,133100000.0,190300000.0,0.0,6.467,68.358,68.25,274600000.0,0.0,111.93,3.51,3.508,1009900000.0,780400000.0,801600000.0,801600000.0,59600000.0,,,,,11900000.0,143200000.0,1.0,91547472.0,91200000,92200000.0,8.789,2858000000.0,102200000.0,25200000.0,0.0,31.338,848700000.0
10,VAR,MRQ,2018-06-30,2018-06-29,2018-06-29,2021-08-25,-70700000.0,3171800000.0,,2193000000.0,978800000.0,,16.363,-13000000.0,536000000.0,536000000.0,395500000.0,72500000.0,1.59,1.116,18200000.0,18200000.0,0.0,18200000.0,790200000.0,17700000.0,0.0,0.0,0.0,93400000.0,111100000.0,0.157,111100000.0,93400000.0,92100000.0,0.79,0.79,0.79,1497200000.0,,1497200000.0,9896015735.0,23.0,19.988,89200000.0,0.975,1.0,313600000.0,0.442,319300000.0,1300000.0,955600000.0,,469200000.0,0.0,0.0,0.0,1670300000.0,1379100000.0,291200000.0,10405915735.0,-197200000.0,-29100000.0,-26700000.0,-236700000.0,0.0,-267400000.0,-48100000.0,-5900000.0,102200000.0,16100000.0,72600000.0,72600000.0,72600000.0,0.0,-100000.0,0.102,223600000.0,90000000.0,189200000.0,0.0,6.95,92.827,92.455,265900000.0,0.0,113.72,3.665,3.665,933600000.0,704600000.0,709100000.0,709100000.0,59500000.0,,,,,12800000.0,140400000.0,1.0,91504711.0,91500000,92500000.0,7.75,2852500000.0,106400000.0,19500000.0,0.0,31.175,813900000.0
11,VAR,MRQ,2018-03-31,2018-03-30,2018-03-30,2021-08-25,-58400000.0,3307500000.0,,2345400000.0,962100000.0,,15.871,-8500000.0,739900000.0,739900000.0,411400000.0,73200000.0,1.533,1.275,230000000.0,230000000.0,0.0,230000000.0,766500000.0,16700000.0,0.0,0.0,0.0,97900000.0,114600000.0,0.157,114600000.0,97900000.0,95600000.0,0.8,0.79,0.8,1452200000.0,,1452200000.0,10715375908.0,25.0,21.748,57000000.0,0.623,1.0,318500000.0,0.436,318200000.0,2300000.0,949200000.0,,433800000.0,0.0,0.0,0.0,1850900000.0,1530200000.0,320700000.0,11197975908.0,-82800000.0,-33300000.0,-15600000.0,-85000000.0,0.0,-111400000.0,-29400000.0,10100000.0,65500000.0,-7500000.0,73200000.0,73200000.0,73200000.0,0.0,0.0,0.1,209400000.0,109100000.0,164900000.0,0.0,7.711,102.546,102.208,247000000.0,0.0,122.65,4.053,4.062,936700000.0,664200000.0,729900000.0,729900000.0,58900000.0,,,,,10500000.0,139400000.0,1.0,91300252.0,91500000,92600000.0,7.977,2989300000.0,114900000.0,22400000.0,0.0,32.67,815200000.0
12,VAR,MRQ,2017-12-31,2017-12-29,2017-12-29,2021-08-25,-65700000.0,3299800000.0,,2351600000.0,948200000.0,,15.138,-9300000.0,822600000.0,822600000.0,375700000.0,-112200000.0,1.455,1.377,340000000.0,340000000.0,0.0,340000000.0,772300000.0,19100000.0,0.0,0.0,0.0,124500000.0,143600000.0,0.212,143600000.0,124500000.0,122400000.0,-1.22,-1.22,-1.22,1386600000.0,,1386600000.0,9817021103.0,24.0,20.607,169700000.0,1.853,1.0,302800000.0,0.446,289000000.0,2100000.0,911800000.0,,431400000.0,0.0,0.0,0.0,1908800000.0,1616400000.0,292400000.0,10183221103.0,106600000.0,-7100000.0,-32500000.0,-10000000.0,0.0,-42800000.0,-25600000.0,-6000000.0,179000000.0,-4000000.0,-112300000.0,-112300000.0,-112300000.0,0.0,100000.0,-0.166,181200000.0,121600000.0,152000000.0,0.0,7.344,110.327,111.15,250400000.0,0.0,111.15,3.777,3.776,880100000.0,620200000.0,678500000.0,678500000.0,55900000.0,,,,,10700000.0,125300000.0,1.0,91616924.0,91600000,91600000.0,7.407,3010800000.0,112800000.0,234700000.0,0.0,32.869,735200000.0
13,VAR,MRQ,2017-09-30,2017-09-29,2017-09-29,2021-08-25,-68800000.0,3294400000.0,,2296800000.0,997600000.0,,16.514,-18700000.0,716200000.0,716200000.0,416000000.0,78600000.0,1.396,1.168,350000000.0,350000000.0,0.0,350000000.0,755400000.0,18400000.0,0.0,0.0,0.0,107400000.0,125800000.0,0.174,125800000.0,107400000.0,104700000.0,0.86,0.85,0.86,1517600000.0,,1517600000.0,8891397454.0,29.0,23.203,111000000.0,1.208,1.0,305800000.0,0.424,294200000.0,2700000.0,988900000.0,,417700000.0,0.0,0.0,0.0,1772500000.0,1645100000.0,127400000.0,9185597454.0,55900000.0,4600000.0,-10000000.0,185000000.0,0.0,-16700000.0,-51500000.0,-37200000.0,129700000.0,-5600000.0,78600000.0,78600000.0,78600000.0,0.0,0.0,0.109,204000000.0,101800000.0,162300000.0,0.0,6.053,42.039,42.398,255300000.0,0.0,100.06,3.507,3.534,961500000.0,778600000.0,721800000.0,721800000.0,51700000.0,,,,,8500000.0,138700000.0,1.0,91800894.0,91900000,92300000.0,7.854,3000200000.0,147300000.0,26100000.0,0.0,32.646,651700000.0
14,VAR,MRQ,2017-06-30,2017-06-30,2017-06-30,2021-08-25,-94000000.0,3059000000.0,,2058600000.0,1000400000.0,,15.158,-8300000.0,658200000.0,658200000.0,367300000.0,69900000.0,1.617,1.198,364000000.0,114100000.0,249900000.0,364000000.0,643900000.0,17500000.0,0.0,0.0,0.0,91200000.0,108700000.0,0.172,108700000.0,91200000.0,88500000.0,0.76,0.75,0.76,1390000000.0,,1390000000.0,9326392277.0,26.0,21.105,146700000.0,1.6,1.0,265500000.0,0.42,295000000.0,2700000.0,1196600000.0,,460200000.0,0.0,0.0,0.0,1664700000.0,1273200000.0,391500000.0,9485392277.0,-47000000.0,-2600000.0,-15500000.0,-182500000.0,0.0,-170700000.0,-25700000.0,-14700000.0,155000000.0,-5600000.0,69700000.0,69700000.0,69700000.0,0.0,200000.0,0.11,177000000.0,88500000.0,153300000.0,0.0,6.824,37.285,37.799,249300000.0,0.0,103.19,3.624,3.615,747500000.0,693600000.0,632800000.0,632800000.0,55100000.0,,,,,9100000.0,121400000.0,1.0,91921623.0,91700000,92400000.0,6.901,2764000000.0,141700000.0,18800000.0,0.0,30.142,785400000.0
15,VAR,MRQ,2017-03-31,2017-03-31,2017-03-31,2021-08-25,-109400000.0,3118800000.0,,2141500000.0,977300000.0,,13.855,-14900000.0,705500000.0,705500000.0,387600000.0,56200000.0,1.524,1.417,546500000.0,269300000.0,277200000.0,546500000.0,642500000.0,18700000.0,0.0,0.0,0.0,79600000.0,98300000.0,0.148,98300000.0,79600000.0,77200000.0,0.6,0.6,0.6,1288500000.0,,1288500000.0,8310131945.0,21.0,17.488,17300000.0,0.186,1.0,275600000.0,0.416,294200000.0,2400000.0,1260200000.0,,453700000.0,0.0,0.0,0.0,1826200000.0,1405400000.0,420800000.0,8517631945.0,-107700000.0,-5000000.0,-163500000.0,-62000000.0,0.0,-115400000.0,-21400000.0,-600000.0,32200000.0,-3100000.0,56300000.0,56300000.0,56300000.0,13300000.0,-100000.0,0.085,185500000.0,90100000.0,144000000.0,0.0,6.611,30.045,30.276,252600000.0,0.0,91.13,3.242,3.226,761500000.0,638600000.0,663200000.0,663200000.0,53300000.0,,,,,12100000.0,131600000.0,1.0,93466827.0,93000000,93700000.0,7.131,2824600000.0,138000000.0,20900000.0,0.0,30.372,736100000.0
16,VAR,MRQ,2016-12-31,2016-12-30,2016-12-30,2021-08-25,-113100000.0,3684800000.0,,2421300000.0,1263500000.0,,18.447,-17200000.0,814700000.0,814700000.0,334500000.0,14500000.0,1.589,1.128,607200000.0,332600000.0,274600000.0,607200000.0,633600000.0,22300000.0,0.0,0.0,0.0,28100000.0,50400000.0,0.084,50400000.0,28100000.0,25200000.0,0.15,0.15,0.15,1724800000.0,,1724800000.0,8209954020.0,19.0,15.686,65000000.0,0.695,1.0,267000000.0,0.444,391100000.0,2900000.0,1562100000.0,,661600000.0,0.0,0.0,0.0,1945500000.0,1524100000.0,421400000.0,8386354020.0,-28800000.0,0.0,-33400000.0,-55000000.0,0.0,-89600000.0,-31800000.0,-12000000.0,82200000.0,10400000.0,13900000.0,13900000.0,13900000.0,-6500000.0,600000.0,0.023,249600000.0,17400000.0,174800000.0,0.0,4.862,25.868,26.251,375100000.0,0.0,89.78,3.251,3.254,801700000.0,1049900000.0,601500000.0,601500000.0,49900000.0,,,,,11500000.0,161400000.0,1.0,93410047.0,93500000,94200000.0,6.433,3293700000.0,150800000.0,11300000.0,0.0,35.227,897200000.0
17,VAR,MRQ,2016-09-30,2016-09-30,2016-09-30,2021-08-25,-100800000.0,3814800000.0,,2615400000.0,1199400000.0,,18.595,-19400000.0,811400000.0,811400000.0,409200000.0,114800000.0,1.621,1.184,665900000.0,379000000.0,286900000.0,665900000.0,608600000.0,23400000.0,0.0,0.0,0.0,161100000.0,184500000.0,0.256,184500000.0,161100000.0,157900000.0,1.22,1.21,1.22,1740500000.0,,1740500000.0,9159681791.0,18.0,15.246,132600000.0,1.417,1.0,310600000.0,0.432,304100000.0,3200000.0,1751800000.0,,442400000.0,95300000.0,95300000.0,0.0,2060300000.0,1613400000.0,446900000.0,9294176791.0,7600000.0,-21700000.0,-63100000.0,-35400000.0,0.0,-96900000.0,-48800000.0,-12200000.0,152000000.0,1300000.0,114500000.0,114500000.0,114500000.0,-23500000.0,300000.0,0.159,177200000.0,133400000.0,159200000.0,0.0,5.34,23.276,23.754,258600000.0,0.0,99.53,3.583,3.661,769600000.0,1069000000.0,719800000.0,719800000.0,52700000.0,,,,,13100000.0,121400000.0,1.0,93380657.0,93600000,94500000.0,7.69,3510700000.0,136800000.0,43400000.0,0.0,37.507,1002000000.0
18,VAR,MRQ,2016-06-30,2016-07-01,2016-07-01,2021-08-25,-84062000.0,3759452000.0,,2546623000.0,1212829000.0,,17.789,-15100000.0,835936000.0,835936000.0,359400000.0,98900000.0,1.574,1.219,701441000.0,401441000.0,300000000.0,701441000.0,530847000.0,18500000.0,0.0,0.0,0.0,123500000.0,142000000.0,0.221,142000000.0,123500000.0,120600000.0,1.04,1.04,1.04,1688209000.0,,1688209000.0,7697756995.0,17.0,14.628,80100000.0,0.844,1.0,283500000.0,0.441,282894000.0,2900000.0,1724352000.0,,682490000.0,0.0,0.0,0.0,2057265000.0,1617711000.0,439554000.0,7864721995.0,-125200000.0,0.0,-110100000.0,-94500000.0,0.0,-206100000.0,-13900000.0,2700000.0,95200000.0,-400000.0,98800000.0,98800000.0,98800000.0,-17000000.0,100000.0,0.154,181400000.0,102100000.0,180338000.0,0.0,4.659,20.507,20.806,372496000.0,0.0,82.6,3.535,3.524,840437000.0,1018932000.0,642900000.0,642900000.0,51100000.0,,,,,12200000.0,128100000.0,1.0,95214552.0,94900000,95400000.0,6.774,3476558000.0,117918000.0,21800000.0,0.0,36.634,928912000.0
19,VAR,MRQ,2016-03-31,2016-04-01,2016-04-01,2021-08-25,-80968000.0,3866258000.0,,2773217000.0,1093041000.0,,17.657,-18600000.0,961100000.0,961100000.0,357100000.0,97000000.0,1.637,1.28,794135000.0,481635000.0,312500000.0,794135000.0,520326000.0,19400000.0,0.0,0.0,0.0,127100000.0,146500000.0,0.238,146500000.0,127100000.0,123800000.0,1.01,1.01,1.01,1689771000.0,,1689771000.0,7524904176.0,16.0,13.721,13200000.0,0.138,1.0,258100000.0,0.42,283947000.0,3300000.0,1721206000.0,,653328000.0,0.0,0.0,0.0,2162388000.0,1694140000.0,468248000.0,7750032176.0,7700000.0,0.0,-50700000.0,64500000.0,0.0,7400000.0,-22200000.0,-4200000.0,31800000.0,-9300000.0,97000000.0,97000000.0,97000000.0,-19800000.0,0.0,0.158,155100000.0,103000000.0,174178000.0,0.0,4.586,19.462,19.939,374356000.0,0.0,81.15,3.276,3.283,852634000.0,1016027000.0,615200000.0,615200000.0,49000000.0,,,,,11800000.0,106100000.0,1.0,95502553.0,95700000,96200000.0,6.428,3582311000.0,128904000.0,26800000.0,0.0,37.433,1079077000.0
20,VAR,MRQ,2015-12-31,2016-01-01,2016-01-01,2021-08-25,-90384000.0,3726662000.0,,2640216000.0,1086446000.0,,16.747,-27300000.0,953377000.0,953377000.0,447400000.0,89000000.0,1.662,1.281,728249000.0,383249000.0,345000000.0,728249000.0,502871000.0,18500000.0,0.0,0.0,0.0,120600000.0,139100000.0,0.184,139100000.0,120600000.0,118400000.0,0.92,0.91,0.92,1627804000.0,,1627804000.0,7478764750.0,15.0,13.182,50000000.0,0.514,1.0,309700000.0,0.409,281773000.0,2200000.0,1630706000.0,,613069000.0,0.0,0.0,0.0,2084598000.0,1589055000.0,495543000.0,7828286750.0,107900000.0,0.0,-176800000.0,232500000.0,0.0,49800000.0,-24300000.0,5600000.0,77300000.0,5100000.0,89000000.0,89000000.0,89000000.0,0.0,0.0,0.118,193000000.0,116700000.0,173996000.0,0.0,4.809,19.225,19.612,372858000.0,0.0,80.8,3.119,3.129,768548000.0,962324000.0,757100000.0,757100000.0,60000000.0,,,,,11200000.0,133000000.0,1.0,96884737.0,97200000,97800000.0,7.789,3444889000.0,130529000.0,29400000.0,0.0,35.441,1051161000.0
21,VAR,MRQ,2015-09-30,2015-10-02,2015-10-02,2021-08-25,-86500000.0,3578700000.0,,2393000000.0,1185700000.0,,17.371,-34316000.0,845500000.0,845500000.0,141851000.0,99075000.0,1.738,1.082,495900000.0,158400000.0,337500000.0,495900000.0,668200000.0,18495000.0,0.0,0.0,0.0,80133000.0,98628000.0,0.471,98628000.0,80133000.0,78160000.0,1.0,0.99,1.0,1711600000.0,,1711600000.0,6965531320.0,14.0,12.055,119117000.0,1.209,1.0,67578000.0,0.323,356100000.0,1973000.0,1496300000.0,,612600000.0,0.0,0.0,0.0,1852400000.0,1376700000.0,475700000.0,7422517320.0,-105962000.0,-83715000.0,-123966000.0,622000.0,0.0,-123299000.0,-137711000.0,-18958000.0,153433000.0,1615000.0,98711000.0,98711000.0,98711000.0,-100600000.0,364000.0,0.471,91608000.0,-24030000.0,202900000.0,0.0,4.337,18.038,18.206,379200000.0,0.0,75.19,2.98,3.01,770900000.0,1017800000.0,209429000.0,209429000.0,19002000.0,,,,,9709000.0,72606000.0,1.0,98716815.0,98530000,99340000.0,2.126,3222600000.0,119400000.0,-20551000.0,0.0,32.707,1016300000.0
22,VAR,MRQ,2015-06-30,2015-07-03,2015-07-03,2021-08-25,-86483000.0,3531579000.0,,2648935000.0,882644000.0,,17.334,-20362000.0,951437000.0,951437000.0,469035000.0,113642000.0,2.056,1.035,494451000.0,144451000.0,350000000.0,494451000.0,467200000.0,16608000.0,0.0,0.0,0.0,147597000.0,164205000.0,0.209,164205000.0,147597000.0,145716000.0,1.14,1.13,1.14,1728566000.0,,1728566000.0,8223840964.0,14.0,12.506,163539000.0,1.64,1.0,314976000.0,0.402,241734000.0,1881000.0,1544213000.0,,640101000.0,71699000.0,71699000.0,0.0,1788645000.0,1288646000.0,499999000.0,8573563964.0,89214000.0,-11585000.0,-73074000.0,-17022000.0,0.0,-90237000.0,1979000.0,-942000.0,183901000.0,-6429000.0,113506000.0,113506000.0,113506000.0,0.0,136000.0,0.145,170732000.0,144244000.0,180468000.0,0.0,4.96,20.479,20.651,343417000.0,0.0,85.91,2.772,2.769,673706000.0,1016547000.0,784011000.0,784011000.0,60010000.0,,,,,11347000.0,110722000.0,1.0,99797043.0,99721000,100454000.0,7.862,3289845000.0,124862000.0,32210000.0,0.0,32.99,1360289000.0
23,VAR,MRQ,2015-03-31,2015-04-03,2015-04-03,2021-08-25,-88623000.0,3459536000.0,,2590351000.0,869185000.0,,16.717,-14999000.0,862223000.0,862223000.0,436868000.0,105969000.0,2.038,1.064,512500000.0,150000000.0,362500000.0,512500000.0,447755000.0,16326000.0,0.0,0.0,0.0,149080000.0,165406000.0,0.218,165406000.0,149080000.0,147079000.0,1.06,1.05,1.06,1674309000.0,,1674309000.0,9006370620.0,15.0,13.766,38315000.0,0.383,1.0,322538000.0,0.425,232633000.0,2001000.0,1606412000.0,,651779000.0,70075000.0,70075000.0,0.0,1781213000.0,1270768000.0,510445000.0,9385729620.0,-42136000.0,0.0,-43220000.0,-12500000.0,0.0,-55841000.0,-49590000.0,-1058000.0,53314000.0,9981000.0,105969000.0,105969000.0,105969000.0,0.0,0.0,0.14,176502000.0,146036000.0,164075000.0,0.0,5.606,22.768,23.158,334807000.0,0.0,93.79,3.07,3.073,707927000.0,975383000.0,759406000.0,759406000.0,59312000.0,,,,,12482000.0,117190000.0,1.0,100071752.0,100157000,101026000.0,7.582,3226903000.0,120577000.0,41110000.0,0.0,32.218,1319583000.0
24,VAR,MRQ,2014-12-31,2015-01-02,2015-01-02,2021-08-25,-70505000.0,3396302000.0,,2552365000.0,843937000.0,,16.086,-21723000.0,904359000.0,904359000.0,410846000.0,93314000.0,2.031,1.1,525000000.0,150000000.0,375000000.0,525000000.0,433046000.0,17071000.0,0.0,0.0,0.0,132490000.0,149561000.0,0.203,149561000.0,132490000.0,130445000.0,0.93,0.92,0.93,1616125000.0,,1616125000.0,8288395404.0,15.0,13.085,57229000.0,0.57,1.0,327008000.0,0.443,237702000.0,2045000.0,1522311000.0,,630872000.0,68522000.0,68522000.0,0.0,1778400000.0,1256930000.0,521470000.0,8700170404.0,55084000.0,0.0,-90740000.0,87500000.0,0.0,-7323000.0,-25578000.0,-3942000.0,78952000.0,9033000.0,93314000.0,93314000.0,93314000.0,0.0,0.0,0.126,197558000.0,129450000.0,142804000.0,0.0,5.383,21.802,22.428,335325000.0,0.0,87.02,2.828,2.842,663041000.0,927205000.0,737854000.0,737854000.0,57076000.0,,,,,12762000.0,140482000.0,1.0,99978975.0,100468000,101642000.0,7.344,3158600000.0,121331000.0,37131000.0,0.0,31.439,1295435000.0
25,VAR,MRQ,2014-09-30,2014-09-26,2014-09-26,2021-08-25,-58611000.0,3357290000.0,,2494165000.0,863125000.0,,15.809,-26371000.0,849275000.0,849275000.0,472023000.0,105862000.0,2.076,1.077,437500000.0,50000000.0,387500000.0,437500000.0,421845000.0,16524000.0,0.0,0.0,0.0,161890000.0,178414000.0,0.22,178414000.0,161890000.0,160225000.0,1.03,1.02,1.03,1616420000.0,,1616420000.0,7902584296.0,14.0,12.267,167040000.0,1.634,1.0,340084000.0,0.419,240626000.0,1665000.0,1503235000.0,,572261000.0,66176000.0,66176000.0,0.0,1740870000.0,1201654000.0,539216000.0,8348989296.0,-76726000.0,-16000000.0,-194862000.0,-42103000.0,0.0,-236235000.0,-46896000.0,-4483000.0,193411000.0,12994000.0,105862000.0,105862000.0,105862000.0,0.0,0.0,0.13,180926000.0,159158000.0,187377000.0,0.0,5.165,20.681,20.851,337999000.0,0.0,80.9,2.738,2.759,731929000.0,931241000.0,812107000.0,812107000.0,59132000.0,,,,,9514000.0,121824000.0,1.0,103201351.0,102245000,103470000.0,7.943,3116664000.0,125962000.0,54363000.0,0.0,30.482,1292511000.0
26,VAR,MRQ,2014-06-30,2014-06-27,2014-06-27,2021-08-25,-38695000.0,3474875000.0,,2624756000.0,850119000.0,,16.546,-19424000.0,925987000.0,925987000.0,423958000.0,107090000.0,2.169,1.026,479582000.0,79582000.0,400000000.0,479582000.0,418267000.0,15337000.0,0.0,0.0,0.0,145549000.0,160886000.0,0.215,160886000.0,145549000.0,143762000.0,1.03,1.02,1.03,1714913000.0,,1714913000.0,8246158805.0,14.0,12.807,67052000.0,0.647,1.0,323727000.0,0.433,236130000.0,1787000.0,1582402000.0,,586071000.0,60777000.0,60777000.0,0.0,1759962000.0,1209938000.0,550024000.0,8716405805.0,-13010000.0,-15500000.0,-82698000.0,10803000.0,0.0,-70921000.0,-27297000.0,6129000.0,86476000.0,-1268000.0,107090000.0,107090000.0,107090000.0,0.0,0.0,0.143,181223000.0,142504000.0,173359000.0,0.0,5.083,20.994,21.336,328646000.0,0.0,83.85,2.898,2.89,747346000.0,989328000.0,747685000.0,747685000.0,56988000.0,,,,,11384000.0,124235000.0,1.0,103952365.0,103644000,104869000.0,7.214,3238745000.0,121556000.0,36672000.0,0.0,31.249,1414818000.0
27,VAR,MRQ,2014-03-31,2014-03-28,2014-03-28,2021-08-25,-37635000.0,3475838000.0,,2678304000.0,797534000.0,,16.121,-19323000.0,938997000.0,938997000.0,450196000.0,92788000.0,2.169,1.07,468750000.0,56250000.0,412500000.0,468750000.0,418247000.0,14574000.0,0.0,0.0,0.0,130002000.0,144576000.0,0.186,144576000.0,130002000.0,128147000.0,0.89,0.88,0.89,1679016000.0,,1679016000.0,8052141413.0,14.0,12.293,106529000.0,1.023,1.0,328310000.0,0.422,226829000.0,1855000.0,1544026000.0,,561194000.0,79444000.0,79444000.0,0.0,1796822000.0,1234736000.0,562086000.0,8542084413.0,-32196000.0,0.0,-125493000.0,-12500000.0,0.0,-133768000.0,-23142000.0,-3870000.0,125852000.0,-1138000.0,92788000.0,92788000.0,92788000.0,0.0,0.0,0.119,200766000.0,127544000.0,170364000.0,0.0,5.088,20.294,20.937,325842000.0,0.0,82.49,2.861,2.877,786029000.0,961948000.0,778506000.0,778506000.0,60677000.0,,,,,9656000.0,114959000.0,1.0,103552969.0,104152000,105446000.0,7.475,3249009000.0,137359000.0,35359000.0,0.0,31.195,1443568000.0
28,VAR,MRQ,2013-12-31,2013-12-27,2013-12-27,2021-08-25,-35926000.0,3391234000.0,,2606349000.0,784885000.0,,16.036,-24482000.0,971193000.0,971193000.0,401923000.0,97960000.0,2.3,0.995,481250000.0,56250000.0,425000000.0,481250000.0,389029000.0,16065000.0,0.0,0.0,0.0,144259000.0,160324000.0,0.225,160324000.0,144259000.0,142366000.0,0.92,0.91,0.92,1699589000.0,,1699589000.0,7519257287.0,12.0,11.003,18779000.0,0.177,1.0,309579000.0,0.435,226955000.0,1893000.0,1541192000.0,,561802000.0,73981000.0,73981000.0,0.0,1691645000.0,1133144000.0,558501000.0,8130868287.0,-146668000.0,0.0,-124947000.0,-25000000.0,0.0,-154576000.0,-35765000.0,-10376000.0,43261000.0,412000.0,97960000.0,97960000.0,97960000.0,0.0,0.0,0.138,167585000.0,141994000.0,176860000.0,0.0,4.784,18.44,18.804,321005000.0,0.0,76.91,2.732,2.739,708226000.0,992120000.0,711502000.0,711502000.0,58003000.0,,,,,9046000.0,109582000.0,1.0,105719260.0,105986000,107449000.0,6.713,3164279000.0,118272000.0,44406000.0,0.0,29.856,1473205000.0
29,VAR,MRQ,2013-09-30,2013-09-27,2013-09-27,2021-08-25,-40071000.0,3468474000.0,,2704783000.0,763691000.0,,15.99,-19589000.0,1117861000.0,1117861000.0,441434000.0,117346000.0,2.331,1.024,506250000.0,56250000.0,450000000.0,506250000.0,389479000.0,14950000.0,0.0,0.0,0.0,163127000.0,178077000.0,0.231,178077000.0,163127000.0,161764000.0,1.09,1.08,1.09,1713847000.0,,1713847000.0,7394560172.0,12.0,10.889,135340000.0,1.263,1.0,328496000.0,0.427,225335000.0,1363000.0,1470949000.0,,535223000.0,62700000.0,62700000.0,0.0,1754627000.0,1160579000.0,594048000.0,7985753172.0,352294000.0,0.0,-105716000.0,330065000.0,0.0,222237000.0,-21885000.0,-2490000.0,154929000.0,-2987000.0,117346000.0,117346000.0,117346000.0,0.0,0.0,0.152,167532000.0,160964000.0,194272000.0,0.0,4.66,18.222,18.361,315331000.0,0.0,74.18,2.714,2.731,698254000.0,1010343000.0,769930000.0,769930000.0,56853000.0,,,,,9010000.0,110679000.0,1.0,107653723.0,107185000,108724000.0,7.183,3243139000.0,122250000.0,44418000.0,0.0,30.257,1544204000.0
30,VAR,MRQ,2013-06-30,2013-06-28,2013-06-28,2021-08-25,-53395000.0,3059055000.0,,2317039000.0,742016000.0,,15.566,-17835000.0,765567000.0,765567000.0,415746000.0,112831000.0,1.881,0.817,174374000.0,174374000.0,0.0,174374000.0,153364000.0,15403000.0,0.0,0.0,0.0,156647000.0,172050000.0,0.237,172050000.0,156647000.0,155773000.0,1.04,1.03,1.04,1683550000.0,,1683550000.0,6811775906.0,11.0,9.888,179905000.0,1.663,1.0,310465000.0,0.428,222946000.0,874000.0,1013304000.0,,536693000.0,59477000.0,59477000.0,0.0,1375505000.0,1231612000.0,143893000.0,7313385906.0,25834000.0,0.0,-71327000.0,-64815000.0,0.0,-139980000.0,-31027000.0,-12944000.0,197740000.0,-899000.0,112831000.0,112831000.0,112831000.0,0.0,0.0,0.155,155733000.0,154732000.0,176910000.0,0.0,4.344,16.58,16.696,306341000.0,0.0,67.45,2.497,2.491,655130000.0,995165000.0,726211000.0,726211000.0,53335000.0,,,,,10702000.0,102398000.0,1.0,108426774.0,108158000,109760000.0,6.714,2836109000.0,114779000.0,42942000.0,0.0,26.222,1085427000.0
31,VAR,MRQ,2013-03-31,2013-03-29,2013-03-29,2021-08-25,-54475000.0,3062079000.0,,2326354000.0,735725000.0,,14.956,-18849000.0,739733000.0,739733000.0,448720000.0,112788000.0,1.805,0.881,238123000.0,231873000.0,6250000.0,238123000.0,149376000.0,15550000.0,0.0,0.0,0.0,157409000.0,172959000.0,0.225,172959000.0,157409000.0,156383000.0,1.04,1.02,1.04,1627867000.0,,1627867000.0,7306911472.0,12.0,10.648,11786000.0,0.108,1.0,319638000.0,0.416,222198000.0,1026000.0,1049272000.0,,502598000.0,56137000.0,56137000.0,0.0,1434212000.0,1288999000.0,145213000.0,7856150472.0,-15756000.0,0.0,-68686000.0,34750000.0,0.0,-31499000.0,-19386000.0,-3226000.0,30635000.0,4494000.0,112788000.0,112788000.0,112788000.0,0.0,0.0,0.147,163934000.0,155704000.0,179859000.0,0.0,4.826,17.973,18.09,302743000.0,0.0,72.0,2.701,2.695,722979000.0,945251000.0,768358000.0,768358000.0,50903000.0,,,,,13503000.0,113031000.0,1.0,109113201.0,108841000,110650000.0,7.059,2839881000.0,115313000.0,43595000.0,0.0,26.092,1037355000.0
32,VAR,MRQ,2012-12-31,2012-12-28,2012-12-28,2021-08-25,-51403000.0,2938564000.0,,2228313000.0,710251000.0,,14.427,-20004000.0,755489000.0,755489000.0,387310000.0,95283000.0,1.809,0.864,206250000.0,200000000.0,6250000.0,206250000.0,132881000.0,16956000.0,0.0,0.0,0.0,139029000.0,155985000.0,0.23,155985000.0,139029000.0,138163000.0,0.87,0.86,0.87,1576888000.0,,1576888000.0,7073347493.0,12.0,10.522,51877000.0,0.475,1.0,291088000.0,0.429,223914000.0,866000.0,933639000.0,,499616000.0,51804000.0,51804000.0,0.0,1361676000.0,1231772000.0,129904000.0,7616667493.0,50919000.0,0.0,-44622000.0,45000000.0,0.0,888000.0,-23973000.0,-1384000.0,71881000.0,2123000.0,95283000.0,95283000.0,95283000.0,0.0,0.0,0.14,153598000.0,137490000.0,145172000.0,0.0,4.83,17.627,17.851,298533000.0,0.0,69.62,2.663,2.661,637473000.0,909723000.0,678398000.0,678398000.0,47117000.0,,,,,10547000.0,106481000.0,1.0,109403440.0,109298000,111144000.0,6.207,2714650000.0,115914000.0,42880000.0,0.0,24.837,996541000.0
33,VAR,MRQ,2012-09-30,2012-09-28,2012-09-28,2021-08-25,-56621000.0,2878726000.0,,2170515000.0,708211000.0,,13.734,-20915000.0,704570000.0,704570000.0,432887000.0,120201000.0,1.755,0.907,161250000.0,155000000.0,6250000.0,161250000.0,369456000.0,18423000.0,0.0,0.0,0.0,169467000.0,187890000.0,0.248,187890000.0,169467000.0,168517000.0,1.09,1.07,1.09,1509776000.0,,1509776000.0,6219972645.0,10.0,9.42,170498000.0,1.551,1.0,323270000.0,0.428,222242000.0,950000.0,876633000.0,,457869000.0,49709000.0,49709000.0,0.0,1368950000.0,1236531000.0,132419000.0,6678348645.0,71184000.0,0.0,-79219000.0,-13815000.0,0.0,-93459000.0,-24228000.0,2887000.0,191413000.0,-2542000.0,120201000.0,120201000.0,120201000.0,0.0,0.0,0.159,155501000.0,167769000.0,180736000.0,0.0,4.423,15.638,15.749,296592000.0,0.0,60.32,2.379,2.393,691806000.0,893115000.0,756157000.0,756157000.0,45967000.0,,,,,11338000.0,109534000.0,1.0,110715329.0,109933000,112009000.0,6.878,2656484000.0,115786000.0,48316000.0,0.0,24.165,933984000.0
34,VAR,MRQ,2012-06-30,2012-06-29,2012-06-29,2021-08-25,-51180000.0,2717953000.0,,2017487000.0,700466000.0,,13.175,-17963000.0,633386000.0,633386000.0,397635000.0,108843000.0,1.785,0.857,175010000.0,168760000.0,6250000.0,175010000.0,126348000.0,14514000.0,0.0,0.0,0.0,154899000.0,169413000.0,0.24,169413000.0,154899000.0,153966000.0,0.98,0.96,0.98,1463325000.0,,1463325000.0,6321129749.0,11.0,9.925,124776000.0,1.123,1.0,307611000.0,0.436,224058000.0,933000.0,905192000.0,,464436000.0,47155000.0,47155000.0,0.0,1254628000.0,1130327000.0,124301000.0,6776087749.0,16659000.0,-18409000.0,-84306000.0,11958000.0,0.0,-74936000.0,-55289000.0,-15531000.0,142739000.0,4145000.0,108843000.0,108843000.0,108843000.0,0.0,0.0,0.154,154024000.0,153587000.0,147248000.0,0.0,4.631,16.624,16.787,287336000.0,0.0,60.77,2.446,2.437,608834000.0,834851000.0,705246000.0,705246000.0,48943000.0,,,,,11621000.0,105081000.0,1.0,111503830.0,111070000,112823000.0,6.35,2493895000.0,113246000.0,45123000.0,0.0,22.453,887160000.0
35,VAR,MRQ,2012-03-31,2012-03-30,2012-03-30,2021-08-25,-44956000.0,2663170000.0,,1980270000.0,682900000.0,,12.781,-14469000.0,616727000.0,616727000.0,423578000.0,107772000.0,1.797,0.855,161769000.0,155519000.0,6250000.0,161769000.0,142068000.0,14059000.0,0.0,0.0,0.0,144908000.0,158967000.0,0.221,158967000.0,144908000.0,144201000.0,0.96,0.94,0.96,1435983000.0,,1435983000.0,7372793897.0,13.0,11.853,90819000.0,0.808,1.0,296696000.0,0.412,214547000.0,707000.0,891859000.0,,444800000.0,31624000.0,31624000.0,0.0,1227187000.0,1101806000.0,125381000.0,7791610897.0,10410000.0,0.0,-52960000.0,-24393000.0,0.0,-76803000.0,-20243000.0,-6335000.0,105288000.0,2168000.0,107772000.0,107772000.0,107772000.0,0.0,0.0,0.15,152897000.0,143799000.0,142635000.0,0.0,5.426,19.608,19.816,282239000.0,0.0,68.96,2.871,2.855,637402000.0,798996000.0,720274000.0,720274000.0,47067000.0,,,,,15087000.0,105830000.0,1.0,112987397.0,112354000,114513000.0,6.411,2448623000.0,113142000.0,36429000.0,0.0,21.794,878464000.0
36,VAR,MRQ,2011-12-31,2011-12-30,2011-12-30,2021-08-25,-51161000.0,2581331000.0,,1907677000.0,673654000.0,,12.108,-7756000.0,606317000.0,606317000.0,356579000.0,90234000.0,1.746,0.899,187500000.0,181250000.0,6250000.0,187500000.0,142032000.0,13986000.0,0.0,0.0,0.0,130069000.0,144055000.0,0.23,144055000.0,130069000.0,129240000.0,0.8,0.79,0.8,1359353000.0,,1359353000.0,7189086734.0,13.0,11.443,45579000.0,0.406,1.0,268759000.0,0.43,213017000.0,829000.0,857174000.0,,444665000.0,25289000.0,25289000.0,0.0,1221978000.0,1092323000.0,129655000.0,7556017734.0,41860000.0,-9832000.0,19377000.0,-10026000.0,0.0,10522000.0,-22535000.0,-2724000.0,53335000.0,538000.0,90234000.0,90234000.0,90234000.0,0.0,0.0,0.144,139840000.0,128919000.0,129888000.0,0.0,5.559,19.242,19.802,280832000.0,0.0,67.13,2.86,2.852,577253000.0,767701000.0,625338000.0,625338000.0,43765000.0,,,,,8789000.0,96075000.0,1.0,112557988.0,112267000,114370000.0,5.57,2368314000.0,113476000.0,39006000.0,0.0,21.095,815354000.0
37,VAR,MRQ,2011-09-30,2011-09-30,2011-09-30,2021-08-25,-46848000.0,2498761000.0,,1854617000.0,644144000.0,,10.914,-18639000.0,564457000.0,564457000.0,418620000.0,100760000.0,1.647,1.009,197526000.0,191276000.0,6250000.0,197526000.0,140173000.0,13603000.0,0.0,0.0,0.0,150879000.0,164482000.0,0.229,164482000.0,150879000.0,150148000.0,0.88,0.87,0.88,1243891000.0,,1243891000.0,5562344716.0,10.0,8.771,127213000.0,1.116,1.0,300301000.0,0.418,212452000.0,731000.0,793466000.0,,409962000.0,19205000.0,19205000.0,0.0,1254870000.0,1125912000.0,128958000.0,6112327716.0,-3465000.0,-725000.0,-262111000.0,179595000.0,0.0,-119865000.0,-33085000.0,-12494000.0,145852000.0,3633000.0,100760000.0,100760000.0,100760000.0,9693000.0,0.0,0.14,140565000.0,159736000.0,154946000.0,0.0,4.914,15.322,15.251,285894000.0,0.0,52.16,2.354,2.344,635153000.0,677473000.0,718921000.0,718921000.0,43924000.0,,,,,7148000.0,96641000.0,1.0,117184197.0,113970000,115447000.0,6.308,2286309000.0,113965000.0,49388000.0,0.0,20.061,728705000.0
38,VAR,MRQ,2011-06-30,2011-07-01,2011-07-01,2021-08-25,-28238000.0,2513279000.0,,1837452000.0,675827000.0,,12.441,-13650000.0,567922000.0,567922000.0,369683000.0,98605000.0,1.972,0.728,17939000.0,11689000.0,6250000.0,17939000.0,131012000.0,13438000.0,0.0,0.0,0.0,141075000.0,154513000.0,0.238,154513000.0,141075000.0,140571000.0,0.84,0.83,0.84,1454047000.0,,1454047000.0,7863476308.0,14.0,12.458,107249000.0,0.918,1.0,279755000.0,0.431,216063000.0,504000.0,815388000.0,,438483000.0,0.0,0.0,0.0,1059232000.0,931845000.0,127387000.0,8305263308.0,-16467000.0,-300000.0,27657000.0,-125293000.0,0.0,-98268000.0,-37027000.0,-21695000.0,120899000.0,-2071000.0,98605000.0,98605000.0,98605000.0,0.0,0.0,0.152,139264000.0,140491000.0,119836000.0,0.0,5.712,20.598,20.783,283185000.0,0.0,70.87,3.283,3.274,581862000.0,768810000.0,649438000.0,649438000.0,44426000.0,,,,,9113000.0,94838000.0,1.0,117190113.0,116874000,119064000.0,5.557,2297216000.0,118225000.0,41966000.0,0.0,19.655,905607000.0
39,VAR,MRQ,2011-03-31,2011-04-01,2011-04-01,2021-08-25,-31881000.0,2469570000.0,,1806094000.0,663476000.0,,11.154,-16028000.0,584389000.0,584389000.0,359461000.0,103079000.0,1.773,0.877,142602000.0,130102000.0,12500000.0,142602000.0,142795000.0,13185000.0,0.0,0.0,0.0,152006000.0,165191000.0,0.255,165191000.0,152006000.0,151197000.0,0.87,0.86,0.87,1315723000.0,,1315723000.0,7564694750.0,13.0,12.329,51843000.0,0.44,1.0,288994000.0,0.446,214731000.0,809000.0,794250000.0,,422467000.0,0.0,0.0,0.0,1153847000.0,1018802000.0,135045000.0,8244886750.0,-119130000.0,-7799000.0,-209939000.0,119901000.0,0.0,-159098000.0,-25239000.0,461000.0,67871000.0,-2664000.0,103079000.0,103079000.0,103079000.0,0.0,0.0,0.159,137797000.0,151197000.0,122920000.0,0.0,6.266,21.135,21.003,281823000.0,0.0,68.68,3.354,3.295,564147000.0,701778000.0,648455000.0,648455000.0,43873000.0,,,,,13883000.0,93924000.0,1.0,120047856.0,117959000,120386000.0,5.497,2254839000.0,118043000.0,48118000.0,0.0,19.115,787292000.0
40,VAR,MRQ,2010-12-31,2010-12-31,2010-12-31,2021-08-25,-41524000.0,2470969000.0,,1827248000.0,643721000.0,,12.426,-22611000.0,703519000.0,703519000.0,313013000.0,96489000.0,2.117,0.683,23327000.0,7233000.0,16094000.0,23327000.0,127339000.0,12365000.0,0.0,0.0,0.0,137656000.0,150021000.0,0.259,150021000.0,137656000.0,137101000.0,0.82,0.8,0.82,1468322000.0,,1468322000.0,7766511372.0,14.0,13.021,115546000.0,0.978,1.0,266839000.0,0.46,206946000.0,555000.0,720605000.0,,402768000.0,0.0,0.0,0.0,1002647000.0,863226000.0,139421000.0,8243338372.0,183298000.0,-300000.0,76806000.0,-20067000.0,0.0,65896000.0,-22581000.0,145000.0,138157000.0,1826000.0,96489000.0,96489000.0,96489000.0,0.0,0.0,0.166,129812000.0,137027000.0,120687000.0,0.0,5.614,21.8,22.064,277550000.0,0.0,69.28,3.441,3.418,496271000.0,783087000.0,579852000.0,579852000.0,38502000.0,,,,,13745000.0,91310000.0,1.0,118985831.0,118170000,121212000.0,4.907,2264023000.0,118319000.0,40612000.0,0.0,19.159,964022000.0
41,VAR,MRQ,2010-09-30,2010-10-01,2010-10-01,2021-08-25,-37604000.0,2323952000.0,,1681344000.0,642608000.0,,10.749,-17941000.0,520221000.0,520221000.0,375791000.0,105039000.0,1.861,0.822,43394000.0,25525000.0,17869000.0,43394000.0,141916000.0,12637000.0,0.0,0.0,0.0,148834000.0,161471000.0,0.248,161471000.0,148834000.0,148401000.0,0.88,0.86,0.88,1275367000.0,,1275367000.0,6816219991.0,13.0,11.787,150421000.0,1.268,1.0,276266000.0,0.424,208451000.0,433000.0,735133000.0,,363933000.0,0.0,0.0,0.0,1048585000.0,903541000.0,145044000.0,7380371991.0,-67390000.0,0.0,-216181000.0,19935000.0,0.0,-213451000.0,-18854000.0,764000.0,168362000.0,-3447000.0,105039000.0,105039000.0,105039000.0,609000.0,0.0,0.161,127472000.0,148794000.0,119018000.0,0.0,5.787,20.477,20.5,267927000.0,0.0,60.68,3.132,3.137,591677000.0,686598000.0,652057000.0,652057000.0,40566000.0,,,,,13808000.0,86906000.0,1.0,121627752.0,118651000,122507000.0,5.496,2115501000.0,118246000.0,43362000.0,0.0,17.83,777803000.0
42,VAR,MRQ,2010-06-30,2010-07-02,2010-07-02,2021-08-25,-40069000.0,2318895000.0,,1697928000.0,620967000.0,,11.365,-30582000.0,587611000.0,587611000.0,323670000.0,85494000.0,2.135,0.671,23459000.0,5520000.0,17939000.0,23459000.0,125554000.0,11903000.0,0.0,0.0,0.0,124969000.0,136872000.0,0.237,136872000.0,124969000.0,123497000.0,0.7,0.69,0.7,1387346000.0,,1387346000.0,5741002446.0,11.0,9.898,37254000.0,0.305,1.0,254381000.0,0.44,203288000.0,1472000.0,756240000.0,,390188000.0,0.0,0.0,0.0,931549000.0,795215000.0,136334000.0,6365955446.0,-67116000.0,-1800000.0,-98523000.0,-6315000.0,0.0,-101410000.0,-33268000.0,169000.0,67836000.0,-274000.0,85494000.0,85494000.0,85494000.0,6450000.0,0.0,0.148,123616000.0,130765000.0,105823000.0,0.0,4.589,18.062,18.017,261361000.0,0.0,51.53,2.713,2.681,514939000.0,772427000.0,578051000.0,578051000.0,38874000.0,,,,,11404000.0,84742000.0,1.0,123538821.0,122072000,124511000.0,4.735,2115607000.0,108274000.0,38003000.0,0.0,17.331,902713000.0
43,VAR,MRQ,2010-03-31,2010-04-02,2010-04-02,2021-08-25,-32020000.0,2349889000.0,,1729600000.0,620289000.0,,11.335,-11468000.0,654727000.0,654727000.0,331593000.0,91114000.0,2.114,0.686,29774000.0,6515000.0,23259000.0,29774000.0,131313000.0,11818000.0,0.0,0.0,0.0,136276000.0,148094000.0,0.253,148094000.0,136276000.0,135177000.0,0.74,0.73,0.74,1393526000.0,,1393526000.0,6398473380.0,13.0,11.47,82453000.0,0.671,1.0,253978000.0,0.434,207146000.0,1099000.0,699786000.0,,371496000.0,0.0,0.0,0.0,956363000.0,818004000.0,138359000.0,6987335380.0,29232000.0,0.0,-51975000.0,-6965000.0,0.0,-61885000.0,-7013000.0,1766000.0,93921000.0,4209000.0,91114000.0,91114000.0,91114000.0,0.0,0.0,0.156,118422000.0,135556000.0,111610000.0,0.0,5.014,19.833,19.782,258479000.0,0.0,56.38,3.067,3.042,497320000.0,773542000.0,585571000.0,585571000.0,38920000.0,,,,,8140000.0,79502000.0,1.0,123932873.0,122938000,124337000.0,4.763,2142743000.0,108068000.0,44063000.0,0.0,17.429,911596000.0
44,VAR,MRQ,2009-12-31,2010-01-01,2010-01-01,2021-08-25,-26974000.0,2357994000.0,,1723278000.0,634716000.0,,10.949,-7554000.0,625495000.0,625495000.0,299889000.0,78775000.0,2.024,0.741,36633000.0,13306000.0,23327000.0,36633000.0,154795000.0,11935000.0,0.0,0.0,0.0,119895000.0,131830000.0,0.244,131830000.0,119895000.0,118791000.0,0.64,0.63,0.64,1354225000.0,,1354225000.0,5313879956.0,11.0,9.97,123113000.0,0.995,1.0,241017000.0,0.446,210563000.0,1104000.0,707001000.0,,350845000.0,0.0,0.0,0.0,1003769000.0,851568000.0,152201000.0,5830564956.0,71966000.0,0.0,-46390000.0,-62000.0,0.0,-45429000.0,-15680000.0,-1837000.0,130667000.0,2408000.0,78775000.0,78775000.0,78775000.0,0.0,0.0,0.146,121930000.0,119087000.0,103450000.0,0.0,4.305,17.722,17.613,258432000.0,0.0,46.85,2.596,2.58,507411000.0,735634000.0,540906000.0,540906000.0,38388000.0,,,,,9672000.0,83542000.0,1.0,124451760.0,123690000,125061000.0,4.373,2147431000.0,143993000.0,40016000.0,0.0,17.361,871710000.0
45,VAR,MRQ,2009-09-30,2009-10-02,2009-10-02,2021-08-25,-26385000.0,2308248000.0,,1672451000.0,635797000.0,,10.557,-14631000.0,553529000.0,553529000.0,357012000.0,97061000.0,1.986,0.76,36844000.0,13450000.0,23394000.0,36844000.0,130588000.0,11916000.0,0.0,0.0,0.0,151324000.0,163240000.0,0.254,163240000.0,151324000.0,150294000.0,0.78,0.77,0.78,1311783000.0,,1311783000.0,4580584585.0,10.0,8.966,101269000.0,0.815,1.0,284917000.0,0.444,210346000.0,1030000.0,738897000.0,,321861000.0,0.0,0.0,0.0,996465000.0,842320000.0,154145000.0,5022474585.0,81808000.0,0.0,-19016000.0,4110000.0,0.0,-13127000.0,-14880000.0,326000.0,115900000.0,-6085000.0,97061000.0,97061000.0,97061000.0,127000.0,0.0,0.151,134234000.0,150683000.0,116093000.0,0.0,3.829,15.743,15.568,264060000.0,0.0,40.01,2.268,2.241,580918000.0,696409000.0,641929000.0,641929000.0,38093000.0,,,,,10589000.0,96141000.0,1.0,125530482.0,124253000,125286000.0,5.166,2097902000.0,144392000.0,53233000.0,0.0,16.884,830131000.0
46,VAR,MRQ,2009-06-30,2009-07-03,2009-07-03,2021-08-25,-18794000.0,2127570000.0,,1493509000.0,634061000.0,,9.893,-18597000.0,474350000.0,474350000.0,293631000.0,85351000.0,1.972,0.731,32460000.0,9001000.0,23459000.0,32460000.0,124219000.0,11529000.0,0.0,0.0,0.0,103175000.0,114704000.0,0.225,114704000.0,103175000.0,102255000.0,0.69,0.68,0.69,1229067000.0,,1229067000.0,3916520973.0,9.0,8.03,110315000.0,0.888,1.0,216240000.0,0.424,207687000.0,920000.0,720510000.0,,358151000.0,0.0,0.0,0.0,898503000.0,757483000.0,141020000.0,4250957973.0,97104000.0,-2550000.0,3085000.0,-10060000.0,0.0,-5703000.0,-20833000.0,323000.0,128912000.0,-5272000.0,85351000.0,85351000.0,85351000.0,0.0,0.0,0.167,113752000.0,102488000.0,88259000.0,0.0,3.459,14.15,13.955,260297000.0,0.0,33.91,1.964,1.946,469523000.0,620743000.0,509871000.0,509871000.0,35325000.0,,,,,10769000.0,78427000.0,1.0,125360011.0,124237000,124991000.0,4.104,1919883000.0,130941000.0,16904000.0,0.0,15.453,736026000.0
47,VAR,MRQ,2009-03-31,2009-04-03,2009-04-03,2021-08-25,-20283000.0,2063991000.0,,1450154000.0,613837000.0,,9.105,-10867000.0,376957000.0,376957000.0,313200000.0,67813000.0,1.921,0.831,42520000.0,12746000.0,29774000.0,42520000.0,131464000.0,11647000.0,0.0,0.0,0.0,111561000.0,123208000.0,0.223,123208000.0,111561000.0,110367000.0,0.55,0.54,0.55,1127053000.0,,1127053000.0,3345592360.0,8.0,7.057,-35808000.0,-0.289,1.0,240391000.0,0.434,203871000.0,1194000.0,770673000.0,,340240000.0,0.0,0.0,0.0,936938000.0,755010000.0,181928000.0,3703134360.0,-48254000.0,0.0,9321000.0,-22809000.0,0.0,-12991000.0,-20076000.0,-6480000.0,-24941000.0,9754000.0,67813000.0,67813000.0,67813000.0,11545000.0,0.0,0.122,118162000.0,122229000.0,111070000.0,0.0,3.286,12.802,12.722,252273000.0,0.0,29.77,1.713,1.704,534789000.0,535392000.0,553591000.0,553591000.0,36979000.0,,,,,9184000.0,81183000.0,1.0,124391480.0,123782000,124497000.0,4.472,1860120000.0,130710000.0,42554000.0,0.0,15.027,695144000.0
48,VAR,MRQ,2008-12-31,2009-01-02,2009-01-02,2021-08-25,-18240000.0,2038002000.0,,1422545000.0,615457000.0,,8.418,-18467000.0,422871000.0,422871000.0,289712000.0,68797000.0,1.756,0.955,65329000.0,32992000.0,32337000.0,65329000.0,158168000.0,9517000.0,0.0,0.0,0.0,100226000.0,109743000.0,0.216,109743000.0,100226000.0,99273000.0,0.56,0.55,0.56,1042266000.0,,1042266000.0,4150798057.0,10.0,8.911,66095000.0,0.534,1.0,218957000.0,0.43,206261000.0,953000.0,663865000.0,,327265000.0,0.0,0.0,0.0,995736000.0,810334000.0,185402000.0,4507718057.0,25565000.0,0.0,-67050000.0,24943000.0,0.0,-39460000.0,-22117000.0,169000.0,84562000.0,2580000.0,68797000.0,68797000.0,68797000.0,782000.0,0.0,0.135,120211000.0,98746000.0,89726000.0,0.0,4.325,15.395,15.373,253072000.0,0.0,36.28,2.119,2.112,467415000.0,467578000.0,508669000.0,508669000.0,36978000.0,,,,,10666000.0,83233000.0,1.0,124248017.0,123818000,125167000.0,4.108,1831741000.0,130940000.0,30476000.0,0.0,14.794,612211000.0
49,VAR,MRQ,2008-09-30,2008-09-26,2008-09-26,2021-08-25,-18228000.0,1975512000.0,,1394401000.0,581111000.0,,8.231,-22093000.0,397306000.0,397306000.0,330167000.0,78462000.0,1.784,0.923,40386000.0,7987000.0,32399000.0,40386000.0,141368000.0,9756000.0,0.0,0.0,0.0,130318000.0,140074000.0,0.236,140074000.0,130318000.0,129213000.0,0.63,0.61,0.63,1027185000.0,,1027185000.0,7339789802.0,18.0,16.244,59946000.0,0.48,1.0,262531000.0,0.443,209146000.0,1105000.0,627769000.0,,282980000.0,0.0,0.0,0.0,948327000.0,781677000.0,166650000.0,7638146802.0,-8378000.0,-801000.0,-19442000.0,-66953000.0,0.0,-69521000.0,-28307000.0,-7291000.0,82039000.0,7411000.0,78462000.0,78462000.0,78462000.0,8611000.0,0.0,0.132,126950000.0,135581000.0,105281000.0,0.0,7.436,27.329,27.312,218183000.0,0.0,61.18,3.69,3.689,486310000.0,451439000.0,592698000.0,592698000.0,39126000.0,,,,,11898000.0,87824000.0,1.0,124847120.0,124800000,,4.749,1766366000.0,130988000.0,50751000.0,0.0,14.154,612724000.0
50,VAR,MRQ,2008-06-30,2008-06-27,2008-06-27,2021-08-25,-5235000.0,1940984000.0,,1355178000.0,585806000.0,,7.581,-20769000.0,405684000.0,405684000.0,295083000.0,74180000.0,1.634,1.038,107327000.0,74867000.0,32460000.0,107327000.0,138129000.0,9186000.0,0.0,0.0,0.0,91864000.0,101050000.0,0.199,101050000.0,91864000.0,90560000.0,0.6,0.58,0.6,952322000.0,,952322000.0,6222903019.0,16.0,14.277,93604000.0,0.745,1.0,212334000.0,0.418,214927000.0,1304000.0,598475000.0,,304306000.0,0.0,0.0,0.0,988662000.0,829225000.0,159437000.0,6460711019.0,45628000.0,-1291000.0,-49434000.0,-14910000.0,0.0,-56217000.0,-20536000.0,157000.0,114373000.0,8008000.0,74180000.0,74180000.0,74180000.0,2876000.0,0.0,0.146,120196000.0,92138000.0,103791000.0,0.0,6.784,23.102,23.063,209022000.0,0.0,51.43,3.266,3.266,442650000.0,440909000.0,507417000.0,507417000.0,35650000.0,,,,,12295000.0,84546000.0,1.0,125621447.0,125621447,,4.039,1726057000.0,125680000.0,16380000.0,0.0,13.74,525953000.0
51,VAR,MRQ,2008-03-31,2008-03-28,2008-03-28,2021-08-25,-4543000.0,1916941000.0,,1347338000.0,569603000.0,,7.223,-22016000.0,360056000.0,360056000.0,306840000.0,71363000.0,1.622,1.112,122248000.0,81978000.0,40270000.0,122248000.0,134875000.0,9121000.0,0.0,0.0,0.0,105802000.0,114923000.0,0.222,114923000.0,105802000.0,104628000.0,0.57,0.56,0.57,907731000.0,,907731000.0,5662606188.0,15.0,13.751,33101000.0,0.263,1.0,211562000.0,0.408,215676000.0,1174000.0,632691000.0,,268517000.0,0.0,0.0,0.0,1009210000.0,830766000.0,178444000.0,5929385188.0,25974000.0,0.0,-47093000.0,54945000.0,0.0,13068000.0,-21137000.0,-1281000.0,55117000.0,-21074000.0,71363000.0,71363000.0,71363000.0,1533000.0,0.0,0.138,106965000.0,104597000.0,109388000.0,0.0,6.532,23.176,23.241,195473000.0,0.0,47.18,3.13,3.13,521924000.0,414820000.0,518402000.0,518402000.0,31879000.0,,,,,9958000.0,75086000.0,1.0,125675820.0,125675820,,4.125,1701265000.0,126027000.0,33265000.0,0.0,13.537,516572000.0
52,VAR,MRQ,2007-12-31,2007-12-28,2007-12-28,2021-08-25,-9977000.0,1764195000.0,,1217724000.0,546471000.0,,6.914,-16546000.0,334082000.0,334082000.0,260108000.0,55479000.0,1.674,1.045,67303000.0,26974000.0,40329000.0,67303000.0,124923000.0,8646000.0,0.0,0.0,0.0,87146000.0,95792000.0,0.212,95792000.0,87146000.0,85850000.0,0.44,0.43,0.44,862883000.0,,862883000.0,6435825435.0,18.0,16.314,104152000.0,0.834,1.0,191105000.0,0.424,208844000.0,1296000.0,561218000.0,,259571000.0,0.0,0.0,0.0,901312000.0,727354000.0,173958000.0,6608715435.0,70836000.0,0.0,-16846000.0,-23053000.0,0.0,-29406000.0,-17605000.0,317000.0,120698000.0,-2851000.0,55479000.0,55479000.0,55479000.0,2752000.0,0.0,0.123,104017000.0,87088000.0,96977000.0,0.0,7.659,26.927,27.227,180876000.0,0.0,52.82,3.634,3.625,438132000.0,400448000.0,451213000.0,451213000.0,28944000.0,,,,,10479000.0,75073000.0,1.0,125117672.0,124809000,127793000.0,3.615,1555351000.0,125538000.0,30371000.0,0.0,12.462,490370000.0
53,VAR,MRQ,2007-09-30,2007-09-28,2007-09-28,2021-08-25,-10913000.0,1684375000.0,,1160229000.0,524146000.0,,6.447,-23719000.0,263246000.0,263246000.0,283825000.0,78634000.0,1.484,1.05,90356000.0,49970000.0,40386000.0,90356000.0,101839000.0,8916000.0,0.0,0.0,0.0,115201000.0,124117000.0,0.248,124117000.0,115201000.0,113805000.0,0.62,0.61,0.62,821455000.0,,821455000.0,5133879896.0,15.0,13.527,112860000.0,0.886,1.0,217051000.0,0.433,205553000.0,1396000.0,524245000.0,,213095000.0,0.0,0.0,0.0,862920000.0,781687000.0,81233000.0,5277260896.0,70456000.0,17192000.0,-71083000.0,40947000.0,0.0,-26943000.0,-31137000.0,-24189000.0,136579000.0,-8043000.0,78634000.0,78634000.0,78634000.0,3460000.0,0.0,0.157,101033000.0,116018000.0,88121000.0,0.0,6.424,22.039,22.282,167946000.0,0.0,41.89,3.007,3.041,499330000.0,395742000.0,500876000.0,500876000.0,32699000.0,,,,,11444000.0,68334000.0,1.0,125979014.0,127407000,,3.931,1478822000.0,106610000.0,35171000.0,0.0,11.607,378542000.0
54,VAR,MRQ,2007-06-30,2007-06-29,2007-06-29,2021-08-25,-4531000.0,1529553000.0,,1060306000.0,469247000.0,,6.321,-15685000.0,192790000.0,192790000.0,253163000.0,50370000.0,1.616,0.898,49409000.0,8966000.0,40443000.0,49409000.0,92492000.0,8210000.0,0.0,0.0,0.0,68766000.0,76976000.0,0.182,76976000.0,68766000.0,67776000.0,0.4,0.39,0.4,805692000.0,,805692000.0,5193824789.0,16.0,14.198,23490000.0,0.184,1.0,170493000.0,0.402,170184000.0,990000.0,559775000.0,,276048000.0,0.0,0.0,0.0,723861000.0,656213000.0,67648000.0,5418724789.0,-95988000.0,-31859000.0,-74392000.0,-14394000.0,0.0,-84835000.0,-50182000.0,311000.0,39175000.0,-146000.0,50370000.0,50370000.0,50370000.0,0.0,0.0,0.119,104376000.0,66117000.0,82042000.0,0.0,6.726,22.278,22.492,156820000.0,0.0,42.51,3.172,3.172,431479000.0,381716000.0,423656000.0,423656000.0,29195000.0,,,,,10974000.0,75181000.0,1.0,127469414.0,127469414,,3.324,1359369000.0,102530000.0,17406000.0,0.0,10.664,404093000.0
55,VAR,MRQ,2007-03-31,2007-03-30,2007-03-30,2021-08-25,-4531000.0,1541322000.0,,1114354000.0,426968000.0,,6.343,-13178000.0,288778000.0,288778000.0,257513000.0,60951000.0,1.728,0.892,63878000.0,7962000.0,55916000.0,63878000.0,92626000.0,7767000.0,0.0,0.0,0.0,89833000.0,97600000.0,0.22,97600000.0,89833000.0,88470000.0,0.48,0.46,0.48,814790000.0,,814790000.0,5918613449.0,17.0,15.889,28473000.0,0.222,1.0,185169000.0,0.418,153955000.0,1363000.0,517560000.0,,267683000.0,0.0,0.0,0.0,726532000.0,644907000.0,81625000.0,6125618449.0,24512000.0,-33164000.0,-62675000.0,-51000.0,0.0,-69626000.0,53556000.0,102538000.0,41651000.0,-1069000.0,60951000.0,60951000.0,60951000.0,0.0,0.0,0.138,98721000.0,86448000.0,78287000.0,0.0,7.518,23.689,23.965,147263000.0,0.0,47.69,3.646,3.646,421391000.0,394255000.0,442682000.0,442682000.0,28460000.0,,,,,12445000.0,70261000.0,1.0,128446602.0,128446602,,3.446,1387367000.0,102176000.0,27519000.0,0.0,10.801,469447000.0
56,VAR,MRQ,2006-12-31,2006-12-29,2006-12-29,2021-08-25,-4531000.0,1492656000.0,,1115257000.0,377399000.0,,6.191,-11553000.0,264266000.0,264266000.0,227708000.0,49501000.0,1.795,0.868,57261000.0,7958000.0,49303000.0,57261000.0,112801000.0,7313000.0,0.0,0.0,0.0,73530000.0,80843000.0,0.208,80843000.0,73530000.0,72488000.0,0.38,0.37,0.38,799166000.0,,799166000.0,5925216709.0,18.0,16.211,71235000.0,0.552,1.0,160150000.0,0.413,121389000.0,1042000.0,542792000.0,,223712000.0,98578000.0,98578000.0,0.0,693490000.0,621470000.0,72020000.0,6140414709.0,-8242000.0,-4543000.0,-66646000.0,-49000.0,0.0,-59116000.0,-27895000.0,-8352000.0,82788000.0,-4019000.0,49501000.0,49501000.0,49501000.0,0.0,0.0,0.128,90108000.0,70042000.0,73425000.0,0.0,7.684,24.229,24.648,135774000.0,0.0,47.57,3.718,3.718,395835000.0,394031000.0,387858000.0,387858000.0,26966000.0,,,,,11485000.0,63142000.0,1.0,129081663.0,129081663,,3.005,1371267000.0,100553000.0,22987000.0,0.0,10.623,493787000.0
57,VAR,MRQ,2006-09-30,2006-09-29,2006-09-29,2021-08-25,-4531000.0,1511751000.0,,1156049000.0,355702000.0,,6.088,-12922000.0,272508000.0,272508000.0,263242000.0,82405000.0,1.795,0.896,57310000.0,7954000.0,49356000.0,57310000.0,117813000.0,7504000.0,0.0,0.0,0.0,102883000.0,110387000.0,0.243,110387000.0,102883000.0,101445000.0,0.63,0.61,0.63,797253000.0,,797253000.0,6669672458.0,21.0,18.818,48052000.0,0.367,1.0,190818000.0,0.42,121389000.0,1438000.0,531208000.0,,189653000.0,93599000.0,93599000.0,0.0,714498000.0,643956000.0,70542000.0,6937023458.0,-52203000.0,12267000.0,-55790000.0,-50000.0,0.0,-49884000.0,-60907000.0,-59480000.0,60974000.0,-2386000.0,82405000.0,82405000.0,82405000.0,-1529000.0,0.0,0.181,93454000.0,97364000.0,77985000.0,0.0,8.701,28.304,28.551,130318000.0,0.0,53.39,4.342,4.376,471820000.0,406849000.0,454060000.0,454060000.0,27723000.0,,,,,11228000.0,65731000.0,1.0,129931138.0,130964000,,3.467,1390362000.0,102516000.0,19040000.0,0.0,10.616,512093000.0
58,VAR,MRQ,2006-06-30,2006-06-30,2006-06-30,2021-08-25,-5821000.0,1416848000.0,,1096793000.0,320055000.0,,5.725,-10246000.0,324711000.0,324711000.0,233011000.0,65728000.0,1.964,0.884,57360000.0,7951000.0,49409000.0,57360000.0,0.0,7371000.0,0.0,0.0,0.0,76305000.0,83676000.0,0.211,83676000.0,76305000.0,75278000.0,0.5,0.49,0.5,752136000.0,,752136000.0,6014852010.0,19.0,17.531,59993000.0,0.457,1.0,162660000.0,0.411,121389000.0,1027000.0,469625000.0,,196583000.0,46269000.0,46269000.0,0.0,664712000.0,558483000.0,106229000.0,6221210010.0,58446000.0,-9287000.0,-69934000.0,-2547000.0,0.0,-69946000.0,61548000.0,81134000.0,70239000.0,-3395000.0,65728000.0,65728000.0,65728000.0,0.0,0.0,0.166,89956000.0,72704000.0,76122000.0,0.0,8.271,27.82,28.018,123495000.0,0.0,47.35,4.066,4.066,396049000.0,382583000.0,395671000.0,395671000.0,25456000.0,,,,,10757000.0,64500000.0,1.0,131387751.0,131387751,,3.011,1295459000.0,101151000.0,9550000.0,0.0,9.86,538310000.0
59,VAR,MRQ,2006-03-31,2006-03-31,2006-03-31,2021-08-25,-5821000.0,1379974000.0,,1071022000.0,308952000.0,,5.624,-8717000.0,266265000.0,266265000.0,242773000.0,55798000.0,2.044,0.857,59907000.0,2697000.0,57210000.0,59907000.0,0.0,7444000.0,0.0,0.0,0.0,83157000.0,90601000.0,0.219,90601000.0,83157000.0,82058000.0,0.42,0.41,0.42,743063000.0,,743063000.0,7220181410.0,23.0,21.023,47949000.0,0.363,1.0,171085000.0,0.413,121389000.0,1099000.0,528363000.0,,177365000.0,127290000.0,127290000.0,0.0,636911000.0,523864000.0,113047000.0,7419837410.0,6655000.0,-2980000.0,-61123000.0,-47000.0,0.0,-39506000.0,-10275000.0,2288000.0,56666000.0,-230000.0,55798000.0,55798000.0,55798000.0,0.0,0.0,0.135,91561000.0,79524000.0,70643000.0,0.0,9.985,35.489,35.544,119811000.0,0.0,56.16,5.011,5.011,371301000.0,377854000.0,413858000.0,413858000.0,25012000.0,,,,,11448000.0,66549000.0,1.0,132119612.0,132119612,,3.132,1258585000.0,101329000.0,26260000.0,0.0,9.526,547158000.0
60,VAR,MRQ,2005-12-31,2005-12-30,2005-12-30,2021-08-25,-5821000.0,1337929000.0,,1029798000.0,308131000.0,,5.455,-8314000.0,259610000.0,259610000.0,195467000.0,41160000.0,2.018,0.87,59954000.0,2693000.0,57261000.0,59954000.0,0.0,7257000.0,0.0,0.0,0.0,62514000.0,69771000.0,0.209,69771000.0,62514000.0,61430000.0,0.31,0.3,0.31,715355000.0,,715355000.0,6438611829.0,21.0,18.89,5565000.0,0.042,1.0,138764000.0,0.415,121389000.0,1084000.0,506498000.0,,179851000.0,129479000.0,125820000.0,3659000.0,622574000.0,510386000.0,112188000.0,6621690829.0,16524000.0,0.0,-10074000.0,-53000.0,0.0,3587000.0,-1853000.0,9226000.0,13879000.0,911000.0,41160000.0,41160000.0,41160000.0,0.0,0.0,0.123,79000000.0,59764000.0,57054000.0,0.0,9.257,31.923,32.064,117055000.0,0.0,50.34,4.67,4.656,341285000.0,393164000.0,334231000.0,334231000.0,22217000.0,,,,,11034000.0,56783000.0,1.0,131539349.0,131138000,135938000.0,2.549,1216540000.0,96823000.0,20270000.0,0.0,9.277,519412000.0
61,VAR,MRQ,2005-09-30,2005-09-30,2005-09-30,2021-08-25,-5821000.0,1317402000.0,,1016895000.0,300507000.0,,5.038,-17419000.0,243086000.0,243086000.0,220371000.0,60936000.0,1.87,0.999,60007000.0,2689000.0,57318000.0,60007000.0,96683000.0,7235000.0,0.0,0.0,0.0,91820000.0,99055000.0,0.256,99055000.0,91820000.0,90956000.0,0.46,0.45,0.46,659027000.0,,659027000.0,5044957225.0,16.0,14.831,75448000.0,0.577,1.0,165810000.0,0.429,121389000.0,864000.0,469001000.0,,164873000.0,139035000.0,135356000.0,3679000.0,658375000.0,543933000.0,114442000.0,5170228225.0,62032000.0,0.0,-34491000.0,-25000.0,0.0,-34516000.0,2105000.0,21046000.0,92867000.0,1576000.0,60936000.0,60936000.0,60936000.0,0.0,0.0,0.158,76024000.0,89786000.0,71007000.0,0.0,7.845,25.028,25.327,114540000.0,0.0,39.51,3.74,3.785,351899000.0,383667000.0,386181000.0,386181000.0,21577000.0,,,,,6737000.0,54447000.0,1.0,130858725.0,130806000,136074000.0,2.952,1196013000.0,95470000.0,30020000.0,0.0,9.143,472962000.0
62,VAR,MRQ,2005-06-30,2005-07-01,2005-07-01,2021-08-25,0.0,1246559000.0,,932104000.0,314455000.0,,4.788,-12136000.0,181054000.0,181054000.0,194669000.0,51179000.0,1.791,0.973,55783000.0,2603000.0,53180000.0,55783000.0,0.0,6644000.0,0.0,0.0,0.0,77373000.0,84017000.0,0.242,84017000.0,77373000.0,76379000.0,0.39,0.37,0.39,631666000.0,,631666000.0,4722355241.0,16.0,14.364,36658000.0,0.278,1.0,151872000.0,0.438,122240000.0,994000.0,478500000.0,,186262000.0,161561000.0,125212000.0,36349000.0,614893000.0,520548000.0,94345000.0,4888939241.0,-46588000.0,-225000.0,-59864000.0,-5275000.0,0.0,-65139000.0,-31849000.0,-18437000.0,48794000.0,1606000.0,51179000.0,51179000.0,51179000.0,0.0,0.0,0.148,76568000.0,75304000.0,66398000.0,0.0,7.74,24.753,25.0,98756000.0,0.0,37.0,3.645,3.64,318227000.0,359417000.0,346541000.0,346541000.0,21890000.0,,,,,2658000.0,54678000.0,1.0,132133493.0,131933000,136870000.0,2.627,1124319000.0,81130000.0,25200000.0,0.0,8.522,411556000.0
63,VAR,MRQ,2005-03-31,2005-04-01,2005-04-01,2021-08-25,0.0,1251248000.0,,944188000.0,307060000.0,,4.792,-5713000.0,227642000.0,227642000.0,200724000.0,54152000.0,1.829,0.962,61058000.0,5351000.0,55707000.0,61058000.0,0.0,6760000.0,0.0,0.0,0.0,81247000.0,88007000.0,0.251,88007000.0,81247000.0,79912000.0,0.41,0.39,0.41,637693000.0,,637693000.0,4301190945.0,15.0,13.526,63519000.0,0.477,1.0,150155000.0,0.428,122015000.0,1335000.0,446541000.0,,178720000.0,144409000.0,107032000.0,37377000.0,613555000.0,516108000.0,97447000.0,4466197945.0,51553000.0,-12147000.0,-45008000.0,-24000.0,0.0,-45032000.0,26387000.0,43503000.0,69232000.0,966000.0,54152000.0,54152000.0,54152000.0,0.0,0.0,0.154,70895000.0,79260000.0,69235000.0,0.0,7.004,23.623,23.886,91886000.0,0.0,33.44,3.442,3.429,314382000.0,357733000.0,350879000.0,350879000.0,20228000.0,,,,,4010000.0,50667000.0,1.0,133558551.0,133082000,138427000.0,2.637,1129233000.0,81130000.0,25760000.0,0.0,8.485,428080000.0
64,VAR,MRQ,2004-12-31,2004-12-31,2004-12-31,2021-08-25,0.0,1193262000.0,,895828000.0,297434000.0,,4.661,-8555000.0,226089000.0,226089000.0,173772000.0,40309000.0,1.903,0.911,61082000.0,5349000.0,55733000.0,61082000.0,0.0,6496000.0,0.0,0.0,0.0,62584000.0,69080000.0,0.231,69080000.0,62584000.0,61079000.0,0.3,0.29,0.3,624539000.0,,624539000.0,5614070799.0,20.0,18.433,32349000.0,0.241,1.0,125184000.0,0.419,112653000.0,1505000.0,444967000.0,,163539000.0,138202000.0,98539000.0,39663000.0,568723000.0,470635000.0,98088000.0,5795040799.0,43219000.0,0.0,-49633000.0,-16000.0,0.0,-49649000.0,55117000.0,70045000.0,40904000.0,-3153000.0,40309000.0,40309000.0,40309000.0,0.0,0.0,0.135,64558000.0,60626000.0,57966000.0,0.0,9.279,32.427,33.008,91255000.0,0.0,43.24,4.572,4.571,285064000.0,347982000.0,298956000.0,298956000.0,18368000.0,,,,,9701000.0,46190000.0,1.0,134020370.0,133985000,139938000.0,2.231,1080609000.0,81130000.0,20770000.0,0.0,8.065,425193000.0
65,VAR,MRQ,2004-09-30,2004-10-01,2004-10-01,2021-08-25,0.0,1180640000.0,,895584000.0,285056000.0,,4.623,-7989000.0,132870000.0,132870000.0,196868000.0,51865000.0,1.941,0.892,58500000.0,5250000.0,53250000.0,58500000.0,0.0,6732000.0,0.0,0.0,0.0,80929000.0,87661000.0,0.254,87661000.0,80929000.0,79795000.0,0.38,0.37,0.38,624162000.0,,624162000.0,4493690707.0,17.0,15.615,55497000.0,0.411,1.0,147936000.0,0.429,112653000.0,1134000.0,532278000.0,,144389000.0,260048000.0,219078000.0,40970000.0,556478000.0,461339000.0,95139000.0,4705528707.0,14431000.0,-26000.0,-75278000.0,0.0,0.0,-75278000.0,26571000.0,36055000.0,63486000.0,-348000.0,51865000.0,51865000.0,51865000.0,0.0,0.0,0.15,68515000.0,79421000.0,59639000.0,0.0,7.539,28.061,28.163,85377000.0,0.0,34.64,3.809,3.814,288663000.0,357242000.0,344804000.0,344804000.0,18298000.0,,,,,6117000.0,50217000.0,1.0,135840898.0,135001000,140379000.0,2.554,1067987000.0,81130000.0,27930000.0,0.0,7.911,434245000.0
66,VAR,MRQ,2004-06-30,2004-07-02,2004-07-02,2021-08-25,-3416000.0,1161639000.0,,861505000.0,300134000.0,,4.594,-6569000.0,270338000.0,270338000.0,172056000.0,42733000.0,1.936,0.851,58500000.0,5250000.0,53250000.0,58500000.0,0.0,6331000.0,0.0,0.0,0.0,66924000.0,73255000.0,0.242,73255000.0,66924000.0,65753000.0,0.31,0.3,0.31,627630000.0,,627630000.0,5303749480.0,21.0,19.453,62313000.0,0.456,1.0,131033000.0,0.432,111531000.0,1171000.0,393274000.0,,133395000.0,143785000.0,83692000.0,60093000.0,534009000.0,444996000.0,89013000.0,5471328480.0,9160000.0,0.0,-43969000.0,0.0,0.0,-43969000.0,-16082000.0,-9716000.0,68882000.0,329000.0,42733000.0,42733000.0,42733000.0,0.0,0.0,0.141,65433000.0,65600000.0,54247000.0,0.0,8.717,34.448,34.188,82843000.0,0.0,40.0,4.583,4.577,255969000.0,358292000.0,303089000.0,303089000.0,17733000.0,,,,,5220000.0,47700000.0,1.0,136783212.0,136611000,143075000.0,2.219,1050108000.0,0.0,23020000.0,0.0,7.687,416509000.0
67,VAR,MRQ,2004-03-31,2004-04-02,2004-04-02,2021-08-25,-3416000.0,1149844000.0,,853415000.0,296429000.0,,4.568,-5350000.0,226079000.0,226079000.0,188174000.0,43803000.0,1.98,0.843,58500000.0,0.0,58500000.0,58500000.0,0.0,6043000.0,0.0,0.0,0.0,68521000.0,74564000.0,0.233,74564000.0,68521000.0,67373000.0,0.32,0.31,0.32,623830000.0,,623830000.0,5882256175.0,25.0,23.122,38709000.0,0.283,1.0,132491000.0,0.413,111496000.0,1148000.0,439652000.0,,123828000.0,169563000.0,113305000.0,56258000.0,526014000.0,431117000.0,94897000.0,6034347175.0,29487000.0,-36981000.0,-14407000.0,0.0,0.0,-950000.0,-14140000.0,28965000.0,44059000.0,518000.0,43803000.0,43803000.0,43803000.0,0.0,0.0,0.137,65460000.0,67031000.0,49382000.0,0.0,9.673,40.699,40.018,81345000.0,0.0,44.02,5.219,5.199,269209000.0,356553000.0,320665000.0,320665000.0,18471000.0,,,,,14897000.0,46989000.0,1.0,137081944.0,136569000,143301000.0,2.348,1038348000.0,0.0,23570000.0,0.0,7.603,422298000.0
68,VAR,MRQ,2003-12-31,2004-01-02,2004-01-02,2021-08-25,-3416000.0,1078608000.0,,815124000.0,263484000.0,,4.261,-3999000.0,210591000.0,210591000.0,160256000.0,29286000.0,1.961,0.861,58500000.0,0.0,58500000.0,58500000.0,0.0,6017000.0,0.0,0.0,0.0,46281000.0,52298000.0,0.196,52298000.0,46281000.0,45066000.0,0.22,0.21,0.22,579643000.0,,579643000.0,4594565684.0,21.0,19.243,53484000.0,0.393,1.0,106709000.0,0.4,88760000.0,1215000.0,421990000.0,,124574000.0,184938000.0,126336000.0,58602000.0,498965000.0,415767000.0,83198000.0,4746513684.0,143000.0,-34763000.0,-22054000.0,0.0,0.0,-22054000.0,-32100000.0,11600000.0,57483000.0,-3186000.0,29286000.0,29286000.0,29286000.0,0.0,0.0,0.11,62076000.0,44633000.0,47695000.0,0.0,8.189,34.241,33.874,79965000.0,0.0,34.89,4.308,4.307,231273000.0,342722000.0,266965000.0,266965000.0,17604000.0,,,,,8853000.0,44472000.0,1.0,136042238.0,136029000,142121000.0,1.963,989848000.0,0.0,15780000.0,0.0,7.277,399357000.0
69,VAR,MRQ,2003-09-30,2003-09-26,2003-09-26,2021-08-25,-3416000.0,1053487000.0,,805524000.0,247963000.0,,4.14,-5777000.0,210448000.0,210448000.0,173326000.0,43008000.0,1.967,0.869,58500000.0,0.0,58500000.0,58500000.0,0.0,5219000.0,0.0,0.0,0.0,67311000.0,72530000.0,0.239,72530000.0,67311000.0,66178000.0,0.32,0.31,0.32,563676000.0,,563676000.0,3715515210.0,18.0,16.495,62486000.0,0.459,1.0,129908000.0,0.428,59979000.0,1133000.0,432144000.0,,116815000.0,196948000.0,112128000.0,84820000.0,489811000.0,409416000.0,80395000.0,3867811210.0,-37274000.0,-135000.0,-27934000.0,0.0,0.0,-27934000.0,-77600000.0,-71629000.0,68263000.0,-3000.0,43008000.0,43008000.0,43008000.0,0.0,0.0,0.142,64161000.0,65747000.0,53231000.0,0.0,6.862,29.671,29.505,81172000.0,0.0,28.325,3.713,3.702,252265000.0,341863000.0,303234000.0,303234000.0,16713000.0,,,,,8191000.0,47448000.0,1.0,136551146.0,136167000,142147000.0,2.227,993508000.0,87725000.0,23170000.0,0.0,7.296,396108000.0
70,VAR,MRQ,2003-06-30,2003-06-27,2003-06-27,2021-08-25,-2530000.0,1004922000.0,,774672000.0,230250000.0,,3.964,-5632000.0,210796000.0,210796000.0,160357000.0,32170000.0,2.004,0.859,58500000.0,0.0,58500000.0,58500000.0,0.0,5077000.0,0.0,0.0,0.0,49935000.0,55012000.0,0.207,55012000.0,49935000.0,48830000.0,0.24,0.23,0.24,540645000.0,,540645000.0,3896251500.0,20.0,18.384,41232000.0,0.302,1.0,105107000.0,0.396,59979000.0,1105000.0,406103000.0,,130518000.0,162640000.0,97008000.0,65632000.0,464277000.0,386544000.0,77733000.0,4015934500.0,32613000.0,0.0,-17659000.0,0.0,0.0,-17659000.0,6822000.0,14004000.0,46864000.0,-3414000.0,32170000.0,32170000.0,32170000.0,0.0,0.0,0.121,57514000.0,47593000.0,47552000.0,0.0,7.428,33.145,32.86,80448000.0,0.0,29.41,4.017,4.013,228503000.0,327610000.0,265464000.0,265464000.0,15891000.0,,,,,6867000.0,41623000.0,1.0,136549966.0,136396000,142430000.0,1.946,944943000.0,0.0,16660000.0,0.0,6.928,388128000.0
71,VAR,MRQ,2003-03-31,2003-03-28,2003-03-28,2021-08-25,-2530000.0,975101000.0,,699979000.0,275122000.0,,3.815,-5161000.0,178183000.0,178183000.0,160155000.0,34156000.0,1.854,0.878,58500000.0,0.0,58500000.0,58500000.0,0.0,4949000.0,0.0,0.0,0.0,53973000.0,58922000.0,0.221,58922000.0,53973000.0,52956000.0,0.25,0.24,0.25,519267000.0,,519267000.0,3500872613.0,20.0,17.636,48175000.0,0.354,1.0,106001000.0,0.398,59979000.0,1017000.0,417809000.0,,126764000.0,177041000.0,64407000.0,112634000.0,455834000.0,377630000.0,78204000.0,3608516613.0,11981000.0,0.0,-10303000.0,-58000.0,0.0,-10361000.0,-28898000.0,-22840000.0,53336000.0,-2096000.0,34156000.0,34156000.0,34156000.0,0.0,0.0,0.128,53820000.0,52181000.0,44470000.0,0.0,6.949,32.268,32.097,79666000.0,0.0,26.48,3.797,3.793,239469000.0,315211000.0,266156000.0,266156000.0,14201000.0,,,,,8858000.0,39619000.0,1.0,136273286.0,136128000,142138000.0,1.955,915122000.0,0.0,18800000.0,0.0,6.723,322349000.0
72,VAR,MRQ,2002-12-31,2002-12-27,2002-12-27,2021-08-25,-2530000.0,913813000.0,,643931000.0,269882000.0,,3.585,-2129000.0,166202000.0,166202000.0,126626000.0,21021000.0,1.846,0.878,58558000.0,58000.0,58500000.0,58558000.0,0.0,5069000.0,0.0,0.0,0.0,33719000.0,38788000.0,0.188,38788000.0,33719000.0,32591000.0,0.155,0.15,0.155,486556000.0,,486556000.0,3236844177.0,20.0,17.702,39207000.0,0.289,1.0,80077000.0,0.387,59997000.0,1128000.0,397421000.0,,135690000.0,154497000.0,46016000.0,108481000.0,427257000.0,348751000.0,78506000.0,3338571177.0,5917000.0,0.0,-12549000.0,0.0,0.0,-12549000.0,-21371000.0,-16204000.0,41336000.0,-1499000.0,21021000.0,21021000.0,21021000.0,0.0,0.0,0.102,48061000.0,32016000.0,38789000.0,0.0,6.862,32.911,32.753,79311000.0,0.0,24.565,3.69,3.686,207427000.0,298955000.0,206703000.0,206703000.0,12371000.0,,,,,5281000.0,35690000.0,1.0,135907640.0,135734000,141890000.0,1.523,853816000.0,0.0,11570000.0,0.0,6.29,295180000.0
73,VAR,MRQ,2002-09-30,2002-09-27,2002-09-27,2021-08-25,-2530000.0,910277000.0,,651359000.0,258918000.0,,3.481,-6855000.0,160285000.0,160285000.0,153602000.0,33817000.0,1.819,0.925,58558000.0,58000.0,58500000.0,58558000.0,0.0,5155000.0,0.0,0.0,0.0,54057000.0,59212000.0,0.227,59212000.0,54057000.0,52837000.0,0.25,0.245,0.25,472803000.0,,472803000.0,2869593726.0,19.0,16.821,53617000.0,0.395,1.0,107758000.0,0.412,59996000.0,1220000.0,390471000.0,,123815000.0,138564000.0,41035000.0,97529000.0,437474000.0,358083000.0,79391000.0,2973004726.0,-1742000.0,-10975000.0,-15850000.0,-58000.0,0.0,-15908000.0,-45460000.0,-27953000.0,60472000.0,-846000.0,33817000.0,33817000.0,33817000.0,0.0,0.0,0.129,55563000.0,52195000.0,45776000.0,0.0,6.288,31.76,31.652,82140000.0,0.0,21.84,3.405,3.385,237345000.0,292455000.0,261360000.0,261360000.0,13130000.0,,,,,2936000.0,42633000.0,1.0,136126590.0,135816000,140756000.0,1.924,850281000.0,0.0,19020000.0,0.0,6.261,293276000.0
74,VAR,MRQ,2002-06-30,2002-06-28,2002-06-28,2021-08-25,0.0,841971000.0,,612703000.0,229268000.0,,3.348,-8379000.0,162027000.0,162027000.0,132210000.0,22834000.0,1.973,0.853,58616000.0,116000.0,58500000.0,58616000.0,0.0,5261000.0,0.0,0.0,0.0,36325000.0,41586000.0,0.192,41586000.0,36325000.0,35224000.0,0.17,0.16,0.17,454430000.0,,454430000.0,2614162798.0,20.0,15.253,24866000.0,0.183,1.0,83872000.0,0.388,52462000.0,1101000.0,375505000.0,,134072000.0,110919000.0,29990000.0,80929000.0,387541000.0,310593000.0,76948000.0,2756709798.0,-39136000.0,-260000.0,-5138000.0,0.0,0.0,-5138000.0,-62842000.0,-53924000.0,33245000.0,-4401000.0,22834000.0,22834000.0,22834000.0,0.0,0.0,0.106,49023000.0,34849000.0,41297000.0,0.0,6.066,33.256,32.967,79992000.0,0.0,20.275,3.29,3.285,221265000.0,273793000.0,216082000.0,216082000.0,12163000.0,,,,,9280000.0,36855000.0,1.0,135965958.0,135752000,141736000.0,1.592,789509000.0,0.0,12390000.0,0.0,5.816,302110000.0
75,VAR,MRQ,2002-03-31,2002-03-29,2002-03-29,2021-08-25,0.0,810922000.0,,618549000.0,192373000.0,,3.169,-7032000.0,201163000.0,201163000.0,136486000.0,23771000.0,2.02,0.897,58616000.0,116000.0,58500000.0,58616000.0,0.0,4751000.0,0.0,0.0,0.0,38511000.0,43262000.0,0.196,43262000.0,38511000.0,37431000.0,0.175,0.17,0.175,427454000.0,,427454000.0,2574908527.0,20.0,16.263,22358000.0,0.166,1.0,84037000.0,0.381,52431000.0,1080000.0,309669000.0,,122151000.0,57179000.0,9986000.0,47193000.0,383468000.0,306275000.0,77193000.0,2755760527.0,-38363000.0,-2851000.0,-1767000.0,-58000.0,0.0,-1825000.0,-67390000.0,-57233000.0,29390000.0,1462000.0,23771000.0,23771000.0,23771000.0,0.0,0.0,0.108,46714000.0,37323000.0,43510000.0,0.0,6.447,35.578,35.565,76857000.0,0.0,20.45,3.411,3.414,218762000.0,261321000.0,220523000.0,220523000.0,12037000.0,,,,,4120000.0,34676000.0,1.0,134756016.0,134866000,140744000.0,1.635,758491000.0,0.0,13660000.0,0.0,5.624,312274000.0
76,VAR,MRQ,2001-12-31,2001-12-28,2001-12-28,2021-08-25,0.0,769519000.0,,628553000.0,140966000.0,,2.979,-3204000.0,239526000.0,239526000.0,111479000.0,13187000.0,2.166,0.917,58674000.0,174000.0,58500000.0,58674000.0,0.0,4682000.0,0.0,0.0,0.0,21852000.0,26534000.0,0.152,26534000.0,21852000.0,20767000.0,0.1,0.095,0.1,401330000.0,,401330000.0,2225319322.0,19.0,15.378,29726000.0,0.221,1.0,63648000.0,0.363,0.0,1085000.0,298498000.0,,123930000.0,0.0,0.0,0.0,368189000.0,290169000.0,78020000.0,2385606322.0,20565000.0,0.0,-8377000.0,0.0,0.0,-8377000.0,-6158000.0,0.0,32930000.0,2170000.0,13187000.0,13187000.0,13187000.0,0.0,0.0,0.075,43038000.0,20610000.0,43471000.0,0.0,5.944,33.302,33.294,74531000.0,0.0,17.812,3.03,3.047,205123000.0,244404000.0,175127000.0,175127000.0,11112000.0,,,,,2124000.0,31924000.0,1.0,133928776.0,134716000,140184000.0,1.3,769519000.0,0.0,7580000.0,0.0,5.712,338384000.0
77,VAR,MRQ,2001-09-30,2001-09-28,2001-09-28,2021-08-25,0.0,759199000.0,,619503000.0,139696000.0,,2.935,-4279000.0,218961000.0,218961000.0,139202000.0,23101000.0,2.171,0.925,58674000.0,174000.0,58500000.0,58674000.0,0.0,22882000.0,0.0,0.0,0.0,37119000.0,60001000.0,0.265,60001000.0,37119000.0,36011000.0,0.17,0.165,0.17,394396000.0,,394396000.0,2035495023.0,21.0,16.915,39458000.0,0.294,1.0,86852000.0,0.384,49870000.0,1108000.0,263688000.0,,111777000.0,0.0,0.0,0.0,364803000.0,285354000.0,79449000.0,2159251023.0,36473000.0,0.0,-538000.0,-58000.0,0.0,-596000.0,-3847000.0,0.0,43737000.0,-2821000.0,23101000.0,23101000.0,23101000.0,0.0,0.0,0.102,46487000.0,40365000.0,44839000.0,0.0,5.475,39.802,39.116,75826000.0,0.0,16.038,2.791,2.731,227794000.0,239124000.0,226054000.0,226054000.0,10422000.0,,,,,31601000.0,36013000.0,1.0,134637632.0,134394000,139518000.0,1.682,709329000.0,0.0,12910000.0,0.0,5.278,334149000.0
78,VAR,MRQ,2001-06-30,2001-06-29,2001-06-29,2021-08-25,0.0,704322000.0,,556631000.0,147691000.0,,2.843,-2440000.0,182488000.0,182488000.0,117662000.0,17397000.0,2.272,0.859,58732000.0,232000.0,58500000.0,58732000.0,0.0,0.0,0.0,0.0,0.0,28536000.0,28536000.0,0.153,28536000.0,28536000.0,27537000.0,0.13,0.125,0.13,378919000.0,,378919000.0,2281951308.0,23.0,21.775,18543000.0,0.139,1.0,68509000.0,0.368,0.0,999000.0,335610000.0,,116402000.0,0.0,0.0,0.0,325403000.0,244956000.0,80447000.0,2374680308.0,30831000.0,0.0,12850000.0,-196000.0,0.0,12654000.0,-3466000.0,0.0,20983000.0,660000.0,17397000.0,17397000.0,17397000.0,0.0,0.0,0.093,41725000.0,26784000.0,44899000.0,0.0,6.267,43.509,43.072,76797000.0,0.0,17.875,3.143,3.153,210200000.0,232239000.0,186171000.0,186171000.0,11068000.0,,,,,0.0,31456000.0,1.0,132849248.0,133280000,139060000.0,1.397,704322000.0,0.0,10140000.0,0.0,5.285,311675000.0
79,VAR,MRQ,2001-03-31,2001-03-30,2001-03-30,2021-08-25,0.0,670684000.0,,520024000.0,150660000.0,,2.57,-5160000.0,151657000.0,151657000.0,124753000.0,17951000.0,2.049,0.993,58928000.0,428000.0,58500000.0,58928000.0,0.0,0.0,0.0,0.0,0.0,29636000.0,29636000.0,0.148,29636000.0,29636000.0,28611000.0,0.135,0.13,0.135,336473000.0,,336473000.0,1948671845.0,21.0,18.528,33151000.0,0.253,1.0,75314000.0,0.376,0.0,1025000.0,324185000.0,,109890000.0,0.0,0.0,0.0,334211000.0,253770000.0,80441000.0,1993288845.0,48092000.0,571000.0,12708000.0,-20000.0,0.0,12688000.0,-4213000.0,0.0,38311000.0,1306000.0,17951000.0,17951000.0,17951000.0,0.0,0.0,0.09,47252000.0,28062000.0,45130000.0,0.0,5.924,38.913,38.191,79405000.0,0.0,15.2,2.693,2.689,207569000.0,212717000.0,200067000.0,200067000.0,10937000.0,,,,,0.0,36040000.0,1.0,131137424.0,130922000,137578000.0,1.528,670684000.0,0.0,10660000.0,0.0,5.123,266254000.0
80,VAR,MRQ,2000-12-31,2000-12-29,2000-12-29,2021-08-25,0.0,628348000.0,,475270000.0,153078000.0,,2.336,-4606000.0,103565000.0,103565000.0,104993000.0,-4199000.0,1.92,1.095,58948000.0,448000.0,58500000.0,58948000.0,0.0,0.0,0.0,0.0,0.0,2161000.0,2161000.0,0.013,2161000.0,2161000.0,1161000.0,-0.035,-0.03,-0.035,299997000.0,,299997000.0,2172037775.0,26.0,21.98,10799000.0,0.084,1.0,56358000.0,0.349,0.0,1000000.0,336235000.0,,109778000.0,0.0,0.0,0.0,328351000.0,247496000.0,80855000.0,2196242775.0,20244000.0,0.0,13166000.0,-168000.0,0.0,12998000.0,-7281000.0,0.0,15405000.0,-878000.0,-4199000.0,-4199000.0,-4199000.0,0.0,0.0,-0.026,41678000.0,14680000.0,51593000.0,0.0,7.321,50.347,49.232,79774000.0,0.0,16.985,3.094,3.073,212015000.0,197168000.0,161351000.0,161351000.0,11169000.0,,,,,0.0,30472000.0,1.0,129304844.0,128426000,134578000.0,1.256,628348000.0,0.0,5360000.0,0.0,4.893,227774000.0
81,VAR,MRQ,2000-09-30,2000-09-29,2000-09-29,2021-08-25,0.0,602550000.0,,450588000.0,151962000.0,,2.139,-3303000.0,83321000.0,83321000.0,124340000.0,23430000.0,1.803,1.229,59116000.0,616000.0,58500000.0,59116000.0,0.0,5771000.0,0.0,0.0,0.0,38692000.0,44463000.0,0.214,44463000.0,38692000.0,37486000.0,0.185,0.18,0.185,270359000.0,,270359000.0,1457584511.0,16.0,13.015,49242000.0,0.39,1.0,83644000.0,0.402,0.0,1206000.0,328449000.0,,92482000.0,0.0,0.0,0.0,332191000.0,249896000.0,82295000.0,1427528511.0,54151000.0,0.0,5780000.0,-110000.0,0.0,5670000.0,-6309000.0,0.0,52545000.0,2245000.0,23430000.0,23430000.0,23430000.0,0.0,0.0,0.113,46651000.0,36993000.0,41351000.0,0.0,5.28,26.91,26.582,80099000.0,0.0,11.297,2.07,2.038,226442000.0,187721000.0,207984000.0,207984000.0,10323000.0,,,,,2015000.0,34062000.0,1.0,126357912.0,126376000,131904000.0,1.646,602550000.0,0.0,14056000.0,0.0,4.768,200692000.0
82,VAR,MRQ,2000-06-30,2000-06-30,2000-06-30,2021-08-25,0.0,551714000.0,,396356000.0,155358000.0,,1.908,-3285000.0,29170000.0,29170000.0,108660000.0,14042000.0,1.725,1.311,59226000.0,726000.0,58500000.0,59226000.0,0.0,5351000.0,0.0,0.0,0.0,23563000.0,28914000.0,0.169,28914000.0,23563000.0,22462000.0,0.113,0.107,0.113,238781000.0,,238781000.0,1263417945.0,15.0,11.845,3205000.0,0.026,1.0,62011000.0,0.363,0.0,1101000.0,352004000.0,,101003000.0,0.0,0.0,0.0,312933000.0,229766000.0,83167000.0,1221892945.0,6683000.0,0.0,7619000.0,-4786000.0,0.0,2833000.0,-3322000.0,0.0,6490000.0,682000.0,14042000.0,14042000.0,14042000.0,0.0,0.0,0.082,38805000.0,23206000.0,32774000.0,0.0,5.117,28.96,28.52,80852000.0,0.0,9.783,1.815,1.818,220610000.0,163938000.0,170671000.0,170671000.0,10049000.0,,,,,3542000.0,28818000.0,1.0,124906000.0,125148000,131496000.0,1.364,551714000.0,0.0,8420000.0,0.0,4.408,166590000.0
83,VAR,MRQ,2000-03-31,2000-03-31,2000-03-31,2021-08-25,0.0,544511000.0,,386809000.0,157702000.0,,1.727,-5647000.0,22487000.0,22487000.0,108751000.0,10349000.0,1.56,1.55,64012000.0,5512000.0,58500000.0,64012000.0,0.0,5456000.0,0.0,0.0,0.0,17827000.0,23283000.0,0.137,23283000.0,17827000.0,16559000.0,0.083,0.08,0.083,213502000.0,,213502000.0,1468981514.0,19.0,14.679,9354000.0,0.076,1.0,61044000.0,0.36,0.0,1268000.0,338083000.0,,99385000.0,0.0,0.0,0.0,331009000.0,247953000.0,83056000.0,1409190514.0,3193000.0,0.0,8350000.0,-15073000.0,0.0,-6723000.0,-7017000.0,0.0,15001000.0,1932000.0,10349000.0,10349000.0,10349000.0,0.0,0.0,0.061,43428000.0,17616000.0,39448000.0,0.0,6.6,40.608,40.026,82017000.0,0.0,11.408,2.177,2.178,218729000.0,149820000.0,169795000.0,169795000.0,11455000.0,,,,,2136000.0,31973000.0,1.0,123531932.0,123596000,130080000.0,1.374,544511000.0,0.0,6210000.0,0.0,4.406,138856000.0
84,VAR,MRQ,1999-12-31,1999-12-31,1999-12-31,2021-08-25,0.0,516955000.0,,361098000.0,155857000.0,,1.573,-5213000.0,19294000.0,19294000.0,90852000.0,5228000.0,1.5,1.683,79085000.0,20585000.0,58500000.0,79085000.0,0.0,5378000.0,0.0,0.0,0.0,9954000.0,15332000.0,0.109,15332000.0,9954000.0,8368000.0,0.043,0.043,0.043,192667000.0,,192667000.0,983559166.0,120.0,19.3,4590000.0,0.037,1.0,50398000.0,0.357,0.0,1586000.0,335987000.0,,92751000.0,0.0,0.0,0.0,324288000.0,240759000.0,83529000.0,914598166.0,-5832000.0,0.0,1981000.0,-15002000.0,0.0,-13021000.0,-4924000.0,0.0,9803000.0,2310000.0,5228000.0,5228000.0,5228000.0,0.0,0.0,0.037,40510000.0,9888000.0,36497000.0,0.0,4.747,-55.186,-54.004,79738000.0,0.0,7.452,1.459,1.457,200117000.0,139471000.0,141250000.0,141250000.0,10256000.0,,,,,467000.0,30254000.0,1.0,122723672.0,122500000,125440000.0,1.153,516955000.0,0.0,3140000.0,0.0,4.22,120339000.0
85,VAR,MRQ,1999-09-30,1999-10-01,1999-10-01,2021-08-25,0.0,539183000.0,,382246000.0,156937000.0,,1.516,6965000.0,25126000.0,25126000.0,115138000.0,12574000.0,1.417,1.915,94087000.0,35587000.0,58500000.0,94087000.0,0.0,5481000.0,0.0,0.005,0.0,33654000.0,39135000.0,0.204,39135000.0,33654000.0,31295000.0,0.105,0.107,0.105,184991000.0,,184991000.0,753079721.0,-178.0,22.71,23186000.0,0.19,1.0,76525000.0,0.399,0.0,2359000.0,338342000.0,,78324000.0,0.0,0.0,0.0,354192000.0,269802000.0,84390000.0,669920721.0,-1077000.0,-75000.0,-5059000.0,-15275000.0,0.0,-24628000.0,10123000.0,0.0,16221000.0,-2793000.0,12574000.0,12574000.0,12574000.0,1326000.0,0.0,0.066,41709000.0,34816000.0,40141000.0,0.0,3.621,-27.639,-27.425,80248000.0,0.0,5.485,1.135,1.123,233785000.0,134243000.0,191663000.0,191663000.0,10095000.0,,,,,8017000.0,33305000.0,1.0,122136868.0,122040000,126968000.0,1.57,539183000.0,0.0,18721000.0,0.0,4.418,112444000.0
86,VAR,MRQ,1999-06-30,1999-07-02,1999-07-02,2021-08-25,0.0,521260000.0,,371922000.0,149338000.0,,1.366,-6546000.0,26203000.0,26203000.0,93227000.0,6551000.0,1.385,2.135,109362000.0,50862000.0,58500000.0,109362000.0,0.0,5741000.0,0.0,0.008,0.0,16580000.0,22321000.0,0.154,22321000.0,16580000.0,15011000.0,0.055,0.052,0.055,166248000.0,,166248000.0,824418338.0,-68.0,12.229,6456000.0,0.053,1.0,51284000.0,0.355,0.0,1569000.0,335843000.0,,92912000.0,0.0,0.0,0.0,355012000.0,268576000.0,86436000.0,735927338.0,21201000.0,-5200000.0,126000.0,15869000.0,-21000.0,15995000.0,-10178000.0,0.0,13002000.0,2382000.0,6551000.0,6551000.0,6551000.0,0.0,0.0,0.045,34837000.0,16447000.0,33355000.0,0.0,4.427,-30.459,-30.543,74117000.0,0.0,6.048,1.273,1.273,182162000.0,135816000.0,144511000.0,144511000.0,9271000.0,,,,,0.0,25196000.0,1.0,121691168.0,121700000,122268000.0,1.187,521260000.0,0.0,8460000.0,0.0,4.283,103346000.0
87,VAR,MRQ,1999-03-31,1999-04-02,1999-04-02,2021-08-25,0.0,498417000.0,,355884000.0,142533000.0,,1.387,21512000.0,5002000.0,5002000.0,99936000.0,-40926000.0,1.453,1.983,93493000.0,34993000.0,58500000.0,93493000.0,0.0,26176000.0,0.0,0.008,0.0,-52003000.0,-25827000.0,-0.173,-25827000.0,-52003000.0,-55296000.0,-0.34,-0.34,-0.34,167072000.0,,167072000.0,1182797750.0,-186.0,17.53,-36022000.0,-0.299,1.0,49366000.0,0.331,0.0,3293000.0,341999000.0,,92538000.0,0.0,0.0,0.0,331345000.0,244909000.0,86436000.0,1161918750.0,-126529000.0,-424000.0,14222000.0,4809000.0,-2970000.0,-94022000.0,20245000.0,0.0,-57534000.0,4782000.0,-40926000.0,-40926000.0,-40926000.0,30776000.0,0.0,-0.274,72580000.0,-23214000.0,34870000.0,0.0,6.955,-94.975,-98.852,72228000.0,0.0,9.688,2.056,2.064,193559000.0,136649000.0,149302000.0,149302000.0,11107000.0,,,,,0.0,34043000.0,1.0,119940000.0,120456000,120456000.0,1.239,498417000.0,0.0,-14370000.0,0.0,4.138,110975000.0
88,VAR,MRQ,1998-12-31,1999-01-01,1999-01-01,2021-08-25,0.0,1173908000.0,,802567000.0,371341000.0,,4.656,-7073000.0,131531000.0,131531000.0,72134000.0,-2437000.0,1.715,1.112,152410000.0,46246000.0,106164000.0,152410000.0,0.0,0.0,0.0,0.011,0.025,-2466000.0,-2466000.0,-0.023,-2466000.0,-2466000.0,-5227000.0,-0.02,-0.02,-0.02,555916000.0,,555916000.0,1141220231.0,16.0,9.571,-9640000.0,-0.081,1.0,32830000.0,0.313,0.0,2761000.0,726740000.0,,221397000.0,0.0,0.0,0.0,617992000.0,468047000.0,149945000.0,1132955231.0,-18136000.0,-150000.0,3699000.0,-6288000.0,0.0,-4714000.0,-7330000.0,0.0,-2567000.0,-3525000.0,-2437000.0,-2437000.0,-2437000.0,354000.0,0.0,-0.023,36568000.0,-3738000.0,43159000.0,-1.25,2.038,21.916,21.77,210778000.0,0.0,9.47,2.069,2.065,352462000.0,526007000.0,104964000.0,104964000.0,9422000.0,,,,,0.0,23587000.0,1.0,119636244.0,119392000,119392000.0,0.879,1173908000.0,0.0,-2790000.0,0.0,9.832,334520000.0
89,VAR,MRQ,1998-09-30,1998-10-02,1998-10-02,2021-08-25,0.0,1218295000.0,,839781000.0,378514000.0,,4.686,-14936000.0,149667000.0,149667000.0,104901000.0,12651000.0,1.663,1.185,157932000.0,46842000.0,111090000.0,157932000.0,0.0,47656000.0,0.0,0.011,0.025,25733000.0,73389000.0,0.409,73389000.0,25733000.0,19125000.0,0.108,0.108,0.108,557545000.0,,557545000.0,1018592020.0,11.0,7.268,47292000.0,0.397,1.0,74580000.0,0.416,0.0,6608000.0,721671000.0,,204464000.0,0.0,0.0,0.0,660750000.0,504889000.0,155861000.0,1022083020.0,-1480000.0,-54922000.0,-2271000.0,10149000.0,-14348000.0,5002000.0,-69405000.0,0.0,62228000.0,695000.0,12651000.0,12651000.0,12651000.0,4542000.0,0.0,0.07,50723000.0,23857000.0,76166000.0,0.231,1.833,13.842,13.908,214222000.0,0.0,8.595,1.888,1.899,392596000.0,527802000.0,179481000.0,179481000.0,9779000.0,,,,,5321000.0,40944000.0,1.0,118916000.0,118980000,119384000.0,1.508,1218295000.0,0.0,6474000.0,0.0,10.239,334892000.0
90,VAR,MRQ,1998-06-30,1998-07-03,1998-07-03,2021-08-25,0.0,1162227000.0,,832136000.0,330091000.0,,4.567,-10462000.0,151147000.0,151147000.0,86099000.0,18478000.0,1.804,1.133,147656000.0,36566000.0,111090000.0,147656000.0,0.0,0.0,0.0,0.01,0.025,22375000.0,22375000.0,0.17,22375000.0,22375000.0,21753000.0,0.155,0.152,0.155,544816000.0,,544816000.0,1163797350.0,15.0,9.047,34115000.0,0.286,1.0,45404000.0,0.345,0.0,622000.0,697435000.0,,208896000.0,0.0,0.0,0.0,617411000.0,461301000.0,156110000.0,1140544350.0,65797000.0,-3600000.0,-2587000.0,39149000.0,0.0,33489000.0,-12177000.0,0.0,44577000.0,-92000.0,18478000.0,18478000.0,18478000.0,-9723000.0,0.0,0.141,32752000.0,12652000.0,67901000.0,0.161,2.093,12.115,12.162,198986000.0,0.0,9.547,18.359,18.334,365873000.0,515023000.0,131503000.0,131503000.0,8000000.0,,,,,0.0,24752000.0,1.0,119460000.0,119300000,121176000.0,1.102,1162227000.0,0.0,3275000.0,7068000.0,9.742,370835000.0
91,VAR,MRQ,1998-03-31,1998-04-03,1998-04-03,2021-08-25,0.0,1110710000.0,,781146000.0,329564000.0,,4.437,-9957000.0,85350000.0,85350000.0,89480000.0,23004000.0,1.68,1.088,108603000.0,41513000.0,67090000.0,108603000.0,0.0,0.0,0.0,0.007,0.025,25934000.0,25934000.0,0.197,25934000.0,25934000.0,24677000.0,0.193,0.188,0.193,531902000.0,,531902000.0,1662180000.0,12.0,8.783,2417000.0,0.02,1.0,42049000.0,0.32,0.0,1257000.0,668984000.0,,205871000.0,0.0,0.0,0.0,578808000.0,464979000.0,113829000.0,1658826000.0,-295000.0,-9676000.0,-11594000.0,19085000.0,0.0,4490000.0,-19038000.0,0.0,12374000.0,1879000.0,23004000.0,23004000.0,23004000.0,-18528000.0,0.0,0.175,34643000.0,7406000.0,68088000.0,0.13,3.119,12.949,13.006,199408000.0,0.0,13.812,5.71,5.7,389069000.0,502051000.0,131529000.0,131529000.0,11449000.0,,,,,0.0,23194000.0,1.0,120096000.0,119884000,122456000.0,1.097,1110710000.0,0.0,1673000.0,7051000.0,9.265,316167000.0
92,VAR,MRQ,1997-12-31,1998-01-02,1998-01-02,2021-08-25,0.0,1066260000.0,,740456000.0,325804000.0,,4.35,-9278000.0,85645000.0,85645000.0,213387000.0,19707000.0,1.734,1.037,88999000.0,21909000.0,67090000.0,88999000.0,0.0,0.0,0.0,0.007,0.022,31693000.0,31693000.0,0.092,31693000.0,31693000.0,30087000.0,0.165,0.16,0.165,523486000.0,,523486000.0,,,,-704000.0,-0.006,1.0,131456000.0,0.381,0.0,1606000.0,642630000.0,,192549000.0,0.0,0.0,0.0,542774000.0,426984000.0,115790000.0,1501200000.0,-56653000.0,-37272000.0,-18092000.0,-2855000.0,0.0,-23653000.0,-42448000.0,0.0,8574000.0,874000.0,19707000.0,19707000.0,19707000.0,0.0,0.0,0.057,101021000.0,30435000.0,59636000.0,0.133,2.868,12.26,12.352,194060000.0,0.0,12.5,3.019,3.026,363647000.0,493461000.0,344843000.0,344843000.0,27320000.0,,,,,0.0,73701000.0,1.0,120096000.0,120344000,123736000.0,2.865,1066260000.0,0.0,10380000.0,6448000.0,8.86,313472000.0
93,VAR,MRQ,1997-09-30,1997-09-26,1997-09-26,2021-08-25,0.0,1104333000.0,,813470000.0,290863000.0,,4.344,-13124000.0,142298000.0,142298000.0,-341151000.0,32958000.0,1.752,1.105,91854000.0,18668000.0,73186000.0,91854000.0,0.0,49263000.0,0.0,0.006,0.022,-628000.0,48635000.0,-0.089,48635000.0,-628000.0,-2339000.0,0.272,0.262,0.272,524577000.0,,524577000.0,,,,-15807000.0,-0.131,1.0,-204598000.0,0.375,0.0,1711000.0,589579000.0,,159598000.0,0.0,0.0,0.0,579756000.0,464310000.0,115446000.0,,-32414000.0,2330000.0,-13694000.0,-933000.0,-10399000.0,-17266000.0,-13236000.0,0.0,-2683000.0,771000.0,32958000.0,32958000.0,32958000.0,-95591000.0,0.0,-0.06,-157022000.0,-47576000.0,83771000.0,0.081,,,15.923,195639000.0,0.0,15.095,,3.877,418978000.0,494469000.0,-545749000.0,-545749000.0,-53737000.0,,,,,0.0,-103285000.0,1.0,,120772000,125448000.0,-4.519,1104333000.0,0.0,-35297000.0,6508000.0,9.144,349160000.0
94,VAR,MRQ,1997-06-30,1997-06-27,1997-06-27,2021-08-25,,,,,,,,-14103000.0,,,227507000.0,52432000.0,,,,,,,,0.0,,0.006,0.022,82979000.0,82979000.0,0.231,82979000.0,82979000.0,80672000.0,0.432,0.42,0.432,,,,,,,11253000.0,0.093,1.0,132396000.0,0.368,,2307000.0,,,,,,,,,,,88818000.0,134595000.0,-15216000.0,-30506000.0,0.0,-48453000.0,113205000.0,0.0,25356000.0,-1290000.0,52432000.0,52432000.0,52432000.0,0.0,0.0,0.146,101377000.0,31019000.0,,0.051,,,,,0.0,13.625,,,,,359903000.0,359903000.0,29366000.0,,,,,0.0,72011000.0,1.0,,121532000,124916000.0,2.961,,,28240000.0,,,
95,VAR,MRQ,1997-03-31,1997-03-28,1997-03-28,2021-08-25,,,,,,,,-10126000.0,,,214266000.0,17349000.0,,,,,,,,0.0,,0.006,0.022,28624000.0,28624000.0,0.085,28624000.0,28624000.0,26679000.0,0.142,0.138,0.142,,,,,,,4835000.0,0.04,1.0,123921000.0,0.366,,1945000.0,,,,,,,,,,,8995000.0,-356000.0,-16040000.0,20723000.0,0.0,1869000.0,-11527000.0,0.0,14961000.0,3692000.0,17349000.0,17349000.0,17349000.0,0.0,0.0,0.051,95857000.0,28064000.0,,0.155,,,,,0.0,14.125,,,,,338187000.0,338187000.0,29200000.0,,,,,0.0,66657000.0,1.0,,122128000,126360000.0,2.769,,,9330000.0,,,
96,VAR,MRQ,1996-12-31,1996-12-27,1996-12-27,2021-08-25,,,,,,,,-15514000.0,,,210060000.0,12821000.0,,,,,,,,0.0,,0.006,0.02,21551000.0,21551000.0,0.067,21551000.0,21551000.0,19731000.0,0.105,0.102,0.105,,,,,,,-8209000.0,-0.067,1.0,111899000.0,0.348,,1820000.0,,,,,,,,,,,-5776000.0,-25341000.0,-11597000.0,37950000.0,0.0,23893000.0,-38766000.0,0.0,7305000.0,1792000.0,12821000.0,12821000.0,12821000.0,0.0,0.0,0.04,91075000.0,20824000.0,,0.19,,,,,0.0,12.53,,,,,321959000.0,321959000.0,26382000.0,,,,,0.0,64693000.0,1.0,,122808000,126148000.0,2.622,,,6910000.0,,,
0,VAR,MRT,2020-12-31,2021-01-01,2021-01-01,2021-08-25,-76800000.0,4526100000.0,4446650000.0,2641300000.0,1884800000.0,0.701,24.489,-78500000.0,773300000.0,773300000.0,1748700000.0,277300000.0,1.514,1.018,311700000.0,210000000.0,101700000.0,311700000.0,845700000.0,99500000.0,0.0,0.0,0.0,380800000.0,480300000.0,0.154,480300000.0,380800000.0,370200000.0,3.05,3.02,3.05,2238300000.0,2027025000.0,2238300000.0,15678120630.0,41.0,32.642,434400000.0,4.753,1.0,1369400000.0,0.439,892700000.0,10600000.0,1426900000.0,1445800000.0,571700000.0,0.0,0.0,0.0,2278300000.0,1744900000.0,533400000.0,15988120630.0,50900000.0,-35000000.0,66300000.0,-332000000.0,0.0,-296700000.0,-152800000.0,-36600000.0,512900000.0,-12500000.0,277500000.0,277500000.0,277500000.0,0.0,-200000.0,0.089,1039000000.0,330400000.0,206500000.0,0.0,7.143,57.615,57.38,466000000.0,0.0,175.01,5.128,5.13,1029300000.0,1225600000.0,3118100000.0,3118100000.0,285700000.0,0.062,0.137,0.263,0.122,45700000.0,656700000.0,1.0,91355469.0,91400000,92200000.0,34.115,3633400000.0,65400000.0,92700000.0,0.0,39.753,896400000.0
1,VAR,MRT,2020-09-30,2020-10-02,2020-10-02,2021-08-25,-85700000.0,4462200000.0,4427800000.0,2603300000.0,1858900000.0,0.716,22.833,-84300000.0,766100000.0,766100000.0,1791000000.0,269400000.0,1.404,1.145,456100000.0,355000000.0,101100000.0,456100000.0,782200000.0,98900000.0,0.0,0.0,0.0,372100000.0,471000000.0,0.149,471000000.0,372100000.0,358100000.0,2.96,2.94,2.96,2075500000.0,1929275000.0,2075500000.0,15548909856.0,42.0,33.013,399800000.0,4.398,1.0,1377200000.0,0.435,895200000.0,14000000.0,1402500000.0,1442775000.0,516300000.0,0.0,0.0,0.0,2377400000.0,1854500000.0,522900000.0,15635509856.0,241700000.0,-36200000.0,-10200000.0,-55000000.0,0.0,-93100000.0,-140300000.0,-17100000.0,484100000.0,-9000000.0,269200000.0,269200000.0,269200000.0,0.0,200000.0,0.085,1054000000.0,323200000.0,194900000.0,0.0,7.533,58.081,58.084,465900000.0,0.0,171.93,4.935,4.933,1066100000.0,1133000000.0,3168200000.0,3168200000.0,280600000.0,0.061,0.14,0.258,0.117,43900000.0,671800000.0,1.0,90941138.0,90900000,91500000.0,34.854,3567000000.0,81500000.0,88900000.0,0.0,39.241,748800000.0
2,VAR,MRT,2020-06-30,2020-07-03,2020-07-03,2021-08-25,-113500000.0,4454400000.0,4337675000.0,2631700000.0,1822700000.0,0.737,21.294,-69300000.0,769200000.0,769200000.0,1809500000.0,263300000.0,1.322,1.299,682600000.0,580000000.0,102600000.0,682600000.0,778400000.0,109200000.0,0.0,0.0,0.0,377400000.0,486600000.0,0.152,486600000.0,377400000.0,360700000.0,2.9,2.87,2.9,1933500000.0,1852475000.0,1933500000.0,11067441119.0,29.0,22.744,266000000.0,2.93,1.0,1387100000.0,0.434,873100000.0,16700000.0,1503300000.0,1388000000.0,600400000.0,0.0,0.0,0.0,2511300000.0,1991400000.0,519900000.0,11114841119.0,247600000.0,-99000000.0,-59600000.0,180000000.0,0.0,96500000.0,-185300000.0,-15100000.0,335300000.0,1100000.0,263300000.0,263300000.0,263300000.0,0.0,0.0,0.082,1051500000.0,335600000.0,164500000.0,0.0,5.749,42.214,42.203,469900000.0,0.0,122.39,3.477,3.477,987400000.0,1054900000.0,3196600000.0,3196600000.0,268600000.0,0.061,0.142,0.272,0.118,43300000.0,678900000.0,1.0,90814945.0,90800000,91200000.0,35.205,3581300000.0,92300000.0,97400000.0,0.0,39.442,640300000.0
3,VAR,MRT,2020-03-31,2020-04-03,2020-04-03,2021-08-25,-101800000.0,4343900000.0,4215900000.0,2500900000.0,1843000000.0,0.789,20.516,-69800000.0,667800000.0,667800000.0,1888100000.0,231900000.0,1.283,1.329,620400000.0,520000000.0,100400000.0,620400000.0,798100000.0,105400000.0,0.0,0.0,0.0,351100000.0,456500000.0,0.137,456500000.0,351100000.0,335500000.0,2.55,2.52,2.55,1860800000.0,1805000000.0,1860800000.0,8649454166.0,25.0,18.947,309000000.0,3.407,1.0,1440000000.0,0.433,896300000.0,15600000.0,1450500000.0,1311600000.0,604000000.0,0.0,0.0,0.0,2473200000.0,1949700000.0,523500000.0,8735654166.0,130100000.0,-559600000.0,-110400000.0,503200000.0,0.0,379600000.0,-633300000.0,-3300000.0,378800000.0,5000000.0,231500000.0,231500000.0,231500000.0,0.0,400000.0,0.07,1110400000.0,329600000.0,198400000.0,0.0,4.695,37.735,37.784,465700000.0,0.0,96.35,2.625,2.626,1004800000.0,993700000.0,3328100000.0,3328100000.0,265400000.0,0.055,0.128,0.268,0.105,51100000.0,687500000.0,1.0,90665845.0,90700000,91400000.0,36.693,3447600000.0,93600000.0,104000000.0,0.0,38.011,551200000.0
4,VAR,MRT,2019-12-31,2020-01-03,2020-01-03,2021-08-25,-97000000.0,4450700000.0,3977475000.0,2647000000.0,1803700000.0,0.833,20.322,-66600000.0,721900000.0,721900000.0,1892000000.0,277200000.0,1.293,1.404,635700000.0,542000000.0,93700000.0,635700000.0,817900000.0,100700000.0,0.0,0.0,0.0,408100000.0,508800000.0,0.154,508800000.0,408100000.0,395800000.0,3.04,3.01,3.04,1847300000.0,1773625000.0,1847300000.0,13052382791.0,32.0,25.653,276900000.0,3.046,1.0,1421000000.0,0.429,903300000.0,12300000.0,1414800000.0,1230225000.0,597400000.0,0.0,0.0,0.0,2593400000.0,2046400000.0,547000000.0,13173782791.0,113500000.0,-552400000.0,-114600000.0,525200000.0,0.0,399800000.0,-633700000.0,-15100000.0,343500000.0,3900000.0,276900000.0,276900000.0,276900000.0,0.0,300000.0,0.084,1036500000.0,384500000.0,215300000.0,0.0,7.131,47.576,47.674,444400000.0,0.0,144.93,3.976,3.976,1079200000.0,983200000.0,3313000000.0,3313000000.0,253800000.0,0.07,0.156,0.332,0.123,52300000.0,659000000.0,1.0,90897556.0,90900000,91700000.0,36.447,3547400000.0,85700000.0,118900000.0,0.0,39.025,600600000.0
5,VAR,MRT,2019-09-30,2019-09-27,2019-09-27,2021-08-25,-102100000.0,4101700000.0,3707500000.0,2395400000.0,1706300000.0,0.87,19.432,-58000000.0,531400000.0,531400000.0,1854800000.0,292200000.0,1.271,1.314,410000000.0,410000000.0,0.0,410000000.0,766000000.0,93000000.0,0.0,0.0,0.0,429300000.0,522300000.0,0.162,522300000.0,429300000.0,420500000.0,3.21,3.18,3.21,1768300000.0,1731050000.0,1768300000.0,10640034321.0,25.0,20.371,313800000.0,3.448,1.0,1370300000.0,0.425,912900000.0,8800000.0,1183400000.0,1129975000.0,551500000.0,0.0,0.0,0.0,2324100000.0,1884000000.0,440100000.0,10759734321.0,27700000.0,-576200000.0,-103300000.0,393200000.0,0.0,279200000.0,-631700000.0,5600000.0,371800000.0,8400000.0,291900000.0,291900000.0,291900000.0,0.0,300000.0,0.091,984100000.0,386200000.0,248500000.0,0.0,6.085,36.861,36.81,311500000.0,0.0,118.16,3.336,3.334,1106300000.0,934000000.0,3225100000.0,3225100000.0,247600000.0,0.079,0.169,0.38,0.133,47900000.0,623100000.0,1.0,91060717.0,91000000,91900000.0,35.441,3188800000.0,84700000.0,128600000.0,0.0,35.042,511400000.0
6,VAR,MRT,2019-06-30,2019-06-28,2019-06-28,2021-08-25,-69500000.0,3967300000.0,3495250000.0,2341200000.0,1626100000.0,0.901,19.16,-60600000.0,520700000.0,520700000.0,1823400000.0,338600000.0,1.294,1.267,401000000.0,401000000.0,0.0,401000000.0,749700000.0,76600000.0,0.0,0.0,0.0,456500000.0,533100000.0,0.169,533100000.0,456500000.0,451400000.0,3.69,3.66,3.69,1743600000.0,1685075000.0,1743600000.0,11834144539.0,26.0,22.199,301600000.0,3.314,1.0,1324400000.0,0.421,840000000.0,5100000.0,1197700000.0,1087500000.0,529300000.0,0.0,0.0,0.0,2210000000.0,1809900000.0,400100000.0,12380444539.0,-2200000.0,-525100000.0,-124900000.0,364900000.0,0.0,228600000.0,-595300000.0,-1600000.0,362200000.0,2300000.0,337600000.0,337600000.0,337600000.0,0.0,1000000.0,0.107,915900000.0,408500000.0,226100000.0,0.0,7.101,36.672,36.892,307400000.0,0.0,136.13,3.933,3.935,1054200000.0,890700000.0,3147800000.0,3147800000.0,242000000.0,0.097,0.2,0.42,0.145,47100000.0,584700000.0,1.0,90945747.0,91000000,91800000.0,34.591,3127300000.0,93900000.0,113800000.0,0.0,34.366,531300000.0
7,VAR,MRT,2019-03-31,2019-03-29,2019-03-29,2021-08-25,-71800000.0,3390200000.0,3296375000.0,2261200000.0,1129000000.0,0.92,19.069,-55100000.0,546300000.0,546300000.0,1744500000.0,381600000.0,1.715,0.951,0.0,0.0,0.0,0.0,757900000.0,74100000.0,0.0,0.0,0.0,488200000.0,562300000.0,0.186,562300000.0,488200000.0,483600000.0,4.16,4.13,4.16,1735300000.0,1623475000.0,1735300000.0,12248988292.0,25.0,21.784,282800000.0,3.108,1.0,1286600000.0,0.424,400100000.0,4600000.0,1125000000.0,1026975000.0,478000000.0,0.0,0.0,0.0,1650100000.0,1318800000.0,331300000.0,12864988292.0,-183400000.0,-93600000.0,-120100000.0,-255000000.0,0.0,-389700000.0,-154300000.0,2000000.0,337900000.0,22700000.0,380800000.0,380800000.0,380800000.0,0.0,800000.0,0.126,842000000.0,444600000.0,208700000.0,0.0,7.414,33.784,34.067,268400000.0,0.0,141.72,4.244,4.255,1029200000.0,902300000.0,3031100000.0,3031100000.0,239400000.0,0.116,0.235,0.475,0.161,47700000.0,571500000.0,1.0,90777507.0,91000000,91900000.0,33.309,2990100000.0,94900000.0,102800000.0,0.0,32.858,942400000.0
8,VAR,MRT,2018-12-31,2018-12-28,2018-12-28,2021-08-25,-69000000.0,3370800000.0,3275700000.0,2300900000.0,1069900000.0,0.91,18.429,-52400000.0,616000000.0,616000000.0,1694700000.0,366400000.0,1.726,1.007,0.0,0.0,0.0,0.0,738600000.0,71100000.0,0.0,0.0,0.0,471900000.0,543000000.0,0.182,543000000.0,471900000.0,466000000.0,3.99,3.96,3.99,1677000000.0,1552700000.0,1677000000.0,9699330004.0,21.0,17.862,364400000.0,4.004,1.0,1286900000.0,0.432,408000000.0,5900000.0,1013800000.0,983025000.0,469600000.0,0.0,0.0,0.0,1688800000.0,1333000000.0,355800000.0,10204130004.0,-196400000.0,-127400000.0,-101500000.0,-340000000.0,0.0,-461400000.0,-162200000.0,23900000.0,416800000.0,10400000.0,365400000.0,365400000.0,365400000.0,0.0,1000000.0,0.123,843000000.0,443900000.0,198100000.0,0.0,6.085,27.926,28.068,270100000.0,0.0,111.99,3.422,3.418,989500000.0,855500000.0,2981600000.0,2981600000.0,238900000.0,0.112,0.235,0.48,0.158,45700000.0,564100000.0,1.0,91116439.0,91000000,92000000.0,32.765,2962800000.0,102500000.0,100600000.0,0.0,32.558,967900000.0
9,VAR,MRT,2018-09-30,2018-09-28,2018-09-28,2021-08-25,-65300000.0,3252700000.0,3257950000.0,2188400000.0,1064300000.0,0.896,17.316,-47700000.0,504800000.0,504800000.0,1645500000.0,150300000.0,1.634,1.05,0.0,0.0,0.0,0.0,729700000.0,72700000.0,0.0,0.0,0.0,458500000.0,531200000.0,0.182,531200000.0,458500000.0,451700000.0,1.64,1.62,1.64,1584400000.0,1480100000.0,1584400000.0,9729108541.0,21.0,18.315,407200000.0,4.45,1.0,1273600000.0,0.436,394700000.0,6800000.0,1013500000.0,957525000.0,438100000.0,0.0,0.0,0.0,1664000000.0,1339700000.0,324300000.0,10246908541.0,-202100000.0,-109000000.0,-121200000.0,-350000000.0,0.0,-487000000.0,-174700000.0,-12000000.0,454900000.0,4700000.0,149900000.0,149900000.0,149900000.0,0.0,400000.0,0.051,836200000.0,437400000.0,190300000.0,0.0,6.467,68.358,68.25,274600000.0,0.0,111.93,3.51,3.508,1009900000.0,780400000.0,2919100000.0,2919100000.0,233900000.0,0.046,0.101,0.479,0.157,45900000.0,543500000.0,1.0,91547472.0,91500000,92500000.0,31.903,2858000000.0,102200000.0,301800000.0,0.0,31.235,848700000.0
10,VAR,MRT,2018-06-30,2018-06-29,2018-06-29,2021-08-25,-70700000.0,3171800000.0,3268375000.0,2193000000.0,978800000.0,0.869,16.363,-49500000.0,536000000.0,536000000.0,1598600000.0,112100000.0,1.59,1.116,18200000.0,18200000.0,0.0,18200000.0,790200000.0,71900000.0,0.0,0.0,0.0,423200000.0,495100000.0,0.174,495100000.0,423200000.0,414800000.0,1.23,1.21,1.23,1497200000.0,1463400000.0,1497200000.0,9896015735.0,23.0,19.988,426900000.0,4.666,1.0,1240700000.0,0.437,319300000.0,8400000.0,955600000.0,951375000.0,469200000.0,0.0,0.0,0.0,1670300000.0,1379100000.0,291200000.0,10405915735.0,-117500000.0,-64900000.0,-84800000.0,-146700000.0,0.0,-438300000.0,-154600000.0,-39000000.0,476400000.0,-1000000.0,112100000.0,112100000.0,112100000.0,0.0,0.0,0.039,818200000.0,422500000.0,189200000.0,0.0,6.95,92.827,92.455,265900000.0,0.0,113.72,3.665,3.665,933600000.0,704600000.0,2839300000.0,2839300000.0,226000000.0,0.034,0.077,0.445,0.149,42500000.0,543800000.0,1.0,91504711.0,91500000,92500000.0,31.031,2852500000.0,106400000.0,302700000.0,0.0,31.175,813900000.0
11,VAR,MRT,2018-03-31,2018-03-30,2018-03-30,2021-08-25,-58400000.0,3307500000.0,3240175000.0,2345400000.0,962100000.0,0.853,15.871,-44800000.0,739900000.0,739900000.0,1570400000.0,109500000.0,1.533,1.275,230000000.0,230000000.0,0.0,230000000.0,766500000.0,71700000.0,0.0,0.0,0.0,421000000.0,492700000.0,0.178,492700000.0,421000000.0,411200000.0,1.2,1.17,1.2,1452200000.0,1436600000.0,1452200000.0,10715375908.0,25.0,21.748,484400000.0,5.294,1.0,1192600000.0,0.432,318200000.0,9800000.0,949200000.0,1011625000.0,433800000.0,0.0,0.0,0.0,1850900000.0,1530200000.0,320700000.0,11197975908.0,32700000.0,-38400000.0,-73600000.0,-92500000.0,0.0,-341600000.0,-132200000.0,-47800000.0,529200000.0,-22700000.0,109200000.0,109200000.0,109200000.0,0.0,300000.0,0.04,771600000.0,421000000.0,164900000.0,0.0,7.711,102.546,102.208,247000000.0,0.0,122.65,4.053,4.062,936700000.0,664200000.0,2763000000.0,2763000000.0,221600000.0,0.034,0.076,0.416,0.152,38800000.0,524800000.0,1.0,91300252.0,91500000,92600000.0,30.197,2989300000.0,114900000.0,302000000.0,0.0,32.67,815200000.0
12,VAR,MRT,2017-12-31,2017-12-29,2017-12-29,2021-08-25,-65700000.0,3299800000.0,3193000000.0,2351600000.0,948200000.0,0.844,15.138,-51200000.0,822600000.0,822600000.0,1546600000.0,92500000.0,1.455,1.377,340000000.0,340000000.0,0.0,340000000.0,772300000.0,73700000.0,0.0,0.0,0.0,402700000.0,476400000.0,0.177,476400000.0,402700000.0,392800000.0,1.0,0.98,1.0,1386600000.0,1395675000.0,1386600000.0,9817021103.0,24.0,20.607,444700000.0,4.855,1.0,1149700000.0,0.426,289000000.0,9900000.0,911800000.0,1089375000.0,431400000.0,0.0,0.0,0.0,1908800000.0,1616400000.0,292400000.0,10183221103.0,7800000.0,-10100000.0,-221500000.0,-69500000.0,0.0,-345600000.0,-124200000.0,-58500000.0,495900000.0,-18300000.0,92300000.0,92300000.0,92300000.0,13300000.0,200000.0,0.034,747700000.0,402000000.0,152000000.0,0.0,7.344,110.327,111.15,250400000.0,0.0,111.15,3.777,3.776,880100000.0,620200000.0,2696300000.0,2696300000.0,216000000.0,0.029,0.066,0.37,0.149,40400000.0,517000000.0,1.0,91616924.0,91600000,91600000.0,29.436,3010800000.0,112800000.0,300500000.0,0.0,32.869,735200000.0
13,VAR,MRT,2017-09-30,2017-09-29,2017-09-29,2021-08-25,-68800000.0,3294400000.0,3289250000.0,2296800000.0,997600000.0,0.796,16.406,-59100000.0,716200000.0,716200000.0,1505400000.0,219200000.0,1.396,1.168,350000000.0,350000000.0,0.0,350000000.0,755400000.0,76900000.0,0.0,0.0,0.0,306300000.0,383200000.0,0.146,383200000.0,306300000.0,295600000.0,2.36,2.35,2.36,1517600000.0,1480225000.0,1517600000.0,8891397454.0,29.0,23.203,340000000.0,3.676,1.0,1113900000.0,0.425,294200000.0,10700000.0,988900000.0,1251950000.0,417700000.0,0.0,0.0,0.0,1772500000.0,1645100000.0,127400000.0,9185597454.0,-127600000.0,-3000000.0,-222400000.0,-114500000.0,0.0,-392400000.0,-130400000.0,-64500000.0,399100000.0,-3900000.0,218500000.0,218500000.0,218500000.0,6800000.0,700000.0,0.083,816100000.0,297800000.0,162300000.0,0.0,6.053,42.039,42.398,255300000.0,0.0,100.06,3.507,3.534,961500000.0,778600000.0,2619300000.0,2619300000.0,210000000.0,0.066,0.148,0.245,0.117,41200000.0,552800000.0,1.0,91800894.0,92500000,93200000.0,28.317,3000200000.0,147300000.0,77100000.0,0.0,32.435,651700000.0
14,VAR,MRT,2017-06-30,2017-06-30,2017-06-30,2021-08-25,-94000000.0,3059000000.0,3419350000.0,2058600000.0,1000400000.0,0.765,15.158,-59800000.0,658200000.0,658200000.0,1498600000.0,255400000.0,1.617,1.198,364000000.0,114100000.0,249900000.0,364000000.0,643900000.0,81900000.0,0.0,0.0,0.0,360000000.0,441900000.0,0.169,441900000.0,360000000.0,348800000.0,2.73,2.71,2.73,1390000000.0,1535950000.0,1390000000.0,9326392277.0,26.0,21.105,361600000.0,3.943,1.0,1118700000.0,0.427,295000000.0,11200000.0,1196600000.0,1442675000.0,460200000.0,0.0,0.0,0.0,1664700000.0,1273200000.0,391500000.0,9485392277.0,-175900000.0,-29300000.0,-275500000.0,-334900000.0,0.0,-472600000.0,-127700000.0,-39500000.0,421400000.0,3000000.0,254400000.0,254400000.0,254400000.0,-16700000.0,1000000.0,0.097,789300000.0,329400000.0,153300000.0,0.0,6.824,37.285,37.799,249300000.0,0.0,103.19,3.624,3.615,747500000.0,693600000.0,2617300000.0,2617300000.0,211000000.0,0.074,0.166,0.25,0.138,45800000.0,535800000.0,1.0,91921623.0,91700000,92400000.0,28.542,2764000000.0,141700000.0,94400000.0,0.0,30.142,785400000.0
15,VAR,MRT,2017-03-31,2017-03-31,2017-03-31,2021-08-25,-109400000.0,3118800000.0,3594463000.0,2141500000.0,977300000.0,0.731,13.855,-66600000.0,705500000.0,705500000.0,1490700000.0,284400000.0,1.524,1.417,546500000.0,269300000.0,277200000.0,546500000.0,642500000.0,82900000.0,0.0,0.0,0.0,392300000.0,475200000.0,0.181,475200000.0,392300000.0,380900000.0,3.01,3.0,3.01,1288500000.0,1610502250.0,1288500000.0,8310131945.0,21.0,17.488,295000000.0,3.172,1.0,1136700000.0,0.433,294200000.0,11400000.0,1260200000.0,1574613000.0,453700000.0,0.0,0.0,0.0,1826200000.0,1405400000.0,420800000.0,8517631945.0,-254100000.0,-26700000.0,-370100000.0,-246900000.0,0.0,-508000000.0,-115900000.0,-22100000.0,361600000.0,8200000.0,283500000.0,283500000.0,283500000.0,-33700000.0,900000.0,0.108,793700000.0,343000000.0,144000000.0,0.0,6.611,30.045,30.276,252600000.0,0.0,91.13,3.242,3.226,761500000.0,638600000.0,2627400000.0,2627400000.0,207000000.0,0.079,0.176,0.249,0.149,48900000.0,542500000.0,1.0,93466827.0,93000000,93700000.0,28.252,2824600000.0,138000000.0,97400000.0,0.0,30.372,736100000.0
16,VAR,MRT,2016-12-31,2016-12-30,2016-12-30,2021-08-25,-113100000.0,3684800000.0,3781327500.0,2421300000.0,1263500000.0,0.682,18.447,-70300000.0,814700000.0,814700000.0,1460200000.0,325200000.0,1.589,1.128,607200000.0,332600000.0,274600000.0,607200000.0,633600000.0,83600000.0,0.0,0.0,0.0,439800000.0,523400000.0,0.203,523400000.0,439800000.0,427500000.0,3.42,3.41,3.42,1724800000.0,1710820000.0,1724800000.0,8209954020.0,19.0,15.686,290900000.0,3.111,1.0,1119200000.0,0.434,391100000.0,12300000.0,1562100000.0,1689864500.0,661600000.0,0.0,0.0,0.0,1945500000.0,1524100000.0,421400000.0,8386354020.0,-138700000.0,-21700000.0,-257300000.0,-120400000.0,0.0,-385200000.0,-116700000.0,-25700000.0,361200000.0,2000000.0,324200000.0,324200000.0,324200000.0,-66800000.0,1000000.0,0.126,763300000.0,355900000.0,174800000.0,0.0,4.862,25.868,26.251,375100000.0,0.0,89.78,3.251,3.254,801700000.0,1049900000.0,2579400000.0,2579400000.0,202700000.0,0.086,0.189,0.26,0.171,48600000.0,517000000.0,1.0,93410047.0,93500000,94200000.0,27.587,3293700000.0,150800000.0,103300000.0,0.0,35.227,897200000.0
17,VAR,MRT,2016-09-30,2016-09-30,2016-09-30,2021-08-25,-100800000.0,3814800000.0,3791793000.0,2615400000.0,1199400000.0,0.684,18.244,-80400000.0,811400000.0,811400000.0,1489000000.0,399700000.0,1.621,1.184,665900000.0,379000000.0,286900000.0,665900000.0,608600000.0,79800000.0,0.0,0.0,0.0,521000000.0,600800000.0,0.232,600800000.0,521000000.0,509400000.0,4.19,4.16,4.19,1740500000.0,1686571000.0,1740500000.0,9159681791.0,18.0,15.246,275900000.0,2.892,1.0,1104700000.0,0.426,304100000.0,11600000.0,1751800000.0,1707016000.0,442400000.0,95300000.0,95300000.0,0.0,2060300000.0,1613400000.0,446900000.0,9294176791.0,-2000000.0,-21700000.0,-400700000.0,167100000.0,0.0,-245800000.0,-109200000.0,-8100000.0,356300000.0,-3300000.0,399300000.0,399300000.0,399300000.0,-77400000.0,400000.0,0.154,677900000.0,426800000.0,159200000.0,0.0,5.34,23.276,23.754,258600000.0,0.0,99.53,3.583,3.661,769600000.0,1069000000.0,2593700000.0,2593700000.0,200400000.0,0.105,0.237,0.305,0.201,48300000.0,472200000.0,1.0,93380657.0,95400000,96000000.0,27.188,3510700000.0,136800000.0,110100000.0,0.0,36.8,1002000000.0
18,VAR,MRT,2016-06-30,2016-07-01,2016-07-01,2021-08-25,-84062000.0,3759452000.0,3732768000.0,2546623000.0,1212829000.0,0.596,17.789,-95316000.0,835936000.0,835936000.0,1305751000.0,383975000.0,1.574,1.219,701441000.0,401441000.0,300000000.0,701441000.0,530847000.0,74895000.0,0.0,0.0,0.0,451333000.0,526228000.0,0.237,526228000.0,451333000.0,440960000.0,3.97,3.95,3.97,1688209000.0,1679346000.0,1688209000.0,7697756995.0,17.0,14.628,262417000.0,2.765,1.0,918878000.0,0.413,282894000.0,10373000.0,1724352000.0,1643141000.0,682490000.0,0.0,0.0,0.0,2057265000.0,1617711000.0,439554000.0,7864721995.0,-115562000.0,-83715000.0,-461566000.0,203122000.0,0.0,-272199000.0,-198111000.0,-14858000.0,357733000.0,-2985000.0,383511000.0,383511000.0,383511000.0,-137400000.0,464000.0,0.172,621108000.0,297770000.0,180338000.0,0.0,4.659,20.507,20.806,372496000.0,0.0,82.6,3.535,3.524,840437000.0,1018932000.0,2224629000.0,2224629000.0,179102000.0,0.103,0.228,0.275,0.203,44909000.0,439806000.0,1.0,95214552.0,94900000,95400000.0,23.442,3476558000.0,117918000.0,57449000.0,0.0,36.634,928912000.0
19,VAR,MRT,2016-03-31,2016-04-01,2016-04-01,2021-08-25,-80968000.0,3866258000.0,3675799750.0,2773217000.0,1093041000.0,0.644,17.657,-100578000.0,961100000.0,961100000.0,1415386000.0,398717000.0,1.637,1.28,794135000.0,481635000.0,312500000.0,794135000.0,520326000.0,73003000.0,0.0,0.0,0.0,475430000.0,548433000.0,0.232,548433000.0,475430000.0,466076000.0,4.07,4.04,4.07,1689771000.0,1689435250.0,1689771000.0,7524904176.0,16.0,13.721,345856000.0,3.614,1.0,950354000.0,0.402,283947000.0,9354000.0,1721206000.0,1598106250.0,653328000.0,0.0,0.0,0.0,2162388000.0,1694140000.0,468248000.0,7750032176.0,98852000.0,-95300000.0,-424540000.0,280600000.0,0.0,-156336000.0,-182232000.0,-18500000.0,446434000.0,-9014000.0,398217000.0,398217000.0,398217000.0,-120400000.0,500000.0,0.168,610440000.0,339914000.0,174178000.0,0.0,4.586,19.462,19.939,374356000.0,0.0,81.15,3.276,3.283,852634000.0,1016027000.0,2365740000.0,2365740000.0,188012000.0,0.108,0.236,0.297,0.201,44056000.0,422428000.0,1.0,95502553.0,95700000,96200000.0,24.72,3582311000.0,128904000.0,67859000.0,0.0,37.433,1079077000.0
20,VAR,MRT,2015-12-31,2016-01-01,2016-01-01,2021-08-25,-90384000.0,3726662000.0,3574119250.0,2640216000.0,1086446000.0,0.702,16.747,-96977000.0,953377000.0,953377000.0,1495154000.0,407686000.0,1.662,1.281,728249000.0,383249000.0,345000000.0,728249000.0,502871000.0,69929000.0,0.0,0.0,0.0,497410000.0,567339000.0,0.226,567339000.0,497410000.0,489355000.0,4.12,4.08,4.12,1627804000.0,1685569750.0,1627804000.0,7478764750.0,15.0,13.182,370971000.0,3.817,1.0,1014792000.0,0.404,281773000.0,8055000.0,1630706000.0,1569407750.0,613069000.0,0.0,0.0,0.0,2084598000.0,1589055000.0,495543000.0,7828286750.0,49016000.0,-95300000.0,-417060000.0,203600000.0,0.0,-219577000.0,-209622000.0,-15358000.0,467948000.0,10267000.0,407186000.0,407186000.0,407186000.0,-100600000.0,500000.0,0.162,631842000.0,382950000.0,173996000.0,0.0,4.809,19.225,19.612,372858000.0,0.0,80.8,3.119,3.129,768548000.0,962324000.0,2509946000.0,2509946000.0,198324000.0,0.114,0.242,0.317,0.198,44738000.0,433518000.0,1.0,96884737.0,97200000,97800000.0,25.822,3444889000.0,130529000.0,82169000.0,0.0,35.441,1051161000.0
21,VAR,MRT,2015-09-30,2015-10-02,2015-10-02,2021-08-25,-86500000.0,3578700000.0,3491529250.0,2393000000.0,1185700000.0,0.713,17.168,-91400000.0,845500000.0,845500000.0,1458600000.0,412000000.0,1.738,1.082,495900000.0,158400000.0,337500000.0,495900000.0,668200000.0,68500000.0,0.0,0.0,0.0,509300000.0,577800000.0,0.232,577800000.0,509300000.0,501400000.0,4.13,4.09,4.13,1711600000.0,1682650000.0,1711600000.0,6965531320.0,14.0,12.055,378200000.0,3.793,1.0,1032100000.0,0.414,356100000.0,7900000.0,1496300000.0,1542309000.0,612600000.0,0.0,0.0,0.0,1852400000.0,1376700000.0,475700000.0,7422517320.0,-3800000.0,-95300000.0,-331000000.0,58600000.0,0.0,-276700000.0,-210900000.0,-24900000.0,469600000.0,14200000.0,411500000.0,411500000.0,411500000.0,-100600000.0,500000.0,0.165,636400000.0,395700000.0,202900000.0,0.0,4.337,18.038,18.206,379200000.0,0.0,75.19,2.98,3.01,770900000.0,1017800000.0,2490700000.0,2490700000.0,195400000.0,0.118,0.245,0.33,0.204,46300000.0,441000000.0,1.0,98716815.0,99700000,100600000.0,24.982,3222600000.0,119400000.0,89900000.0,0.0,32.323,1016300000.0
22,VAR,MRT,2015-06-30,2015-07-03,2015-07-03,2021-08-25,-86483000.0,3531579000.0,3436176750.0,2648935000.0,882644000.0,0.9,17.334,-83455000.0,951437000.0,951437000.0,1788772000.0,418787000.0,2.056,1.035,494451000.0,144451000.0,350000000.0,494451000.0,467200000.0,66529000.0,0.0,0.0,0.0,591057000.0,657586000.0,0.213,657586000.0,591057000.0,583465000.0,4.16,4.12,4.16,1728566000.0,1658855000.0,1728566000.0,8223840964.0,14.0,12.506,426123000.0,4.273,1.0,1304606000.0,0.422,241734000.0,7592000.0,1544213000.0,1544042750.0,640101000.0,71699000.0,71699000.0,0.0,1788645000.0,1288646000.0,499999000.0,8573563964.0,25436000.0,-27585000.0,-401896000.0,15875000.0,0.0,-389636000.0,-120085000.0,-10425000.0,509578000.0,25579000.0,418651000.0,418651000.0,418651000.0,0.0,136000.0,0.135,725718000.0,578888000.0,180468000.0,0.0,4.96,20.479,20.651,343417000.0,0.0,85.91,2.772,2.769,673706000.0,1016547000.0,3093378000.0,3093378000.0,235530000.0,0.122,0.252,0.383,0.191,46105000.0,490218000.0,1.0,99797043.0,99721000,100454000.0,31.02,3289845000.0,124862000.0,164814000.0,0.0,32.99,1360289000.0
23,VAR,MRT,2015-03-31,2015-04-03,2015-04-03,2021-08-25,-88623000.0,3459536000.0,3422000750.0,2590351000.0,869185000.0,0.893,16.717,-82517000.0,862223000.0,862223000.0,1743695000.0,412235000.0,2.038,1.064,512500000.0,150000000.0,362500000.0,512500000.0,447755000.0,65258000.0,0.0,0.0,0.0,589009000.0,654267000.0,0.214,654267000.0,589009000.0,581511000.0,4.05,4.01,4.05,1674309000.0,1655441750.0,1674309000.0,9006370620.0,15.0,13.766,329636000.0,3.291,1.0,1313357000.0,0.43,232633000.0,7498000.0,1606412000.0,1553590000.0,651779000.0,70075000.0,70075000.0,0.0,1781213000.0,1270768000.0,510445000.0,9385729620.0,-76788000.0,-31500000.0,-411520000.0,43700000.0,0.0,-370320000.0,-149361000.0,-3354000.0,412153000.0,30740000.0,412235000.0,412235000.0,412235000.0,0.0,0.0,0.135,736209000.0,577148000.0,164075000.0,0.0,5.606,22.768,23.158,334807000.0,0.0,93.79,3.07,3.073,707927000.0,975383000.0,3057052000.0,3057052000.0,232508000.0,0.12,0.249,0.379,0.193,46142000.0,503731000.0,1.0,100071752.0,100157000,101026000.0,30.523,3226903000.0,120577000.0,169276000.0,0.0,32.218,1319583000.0
24,VAR,MRT,2014-12-31,2015-01-02,2015-01-02,2021-08-25,-70505000.0,3396302000.0,3426076250.0,2552365000.0,843937000.0,0.898,16.086,-86841000.0,904359000.0,904359000.0,1757023000.0,399054000.0,2.031,1.1,525000000.0,150000000.0,375000000.0,525000000.0,433046000.0,63506000.0,0.0,0.0,0.0,569931000.0,633437000.0,0.206,633437000.0,569931000.0,562579000.0,3.88,3.84,3.88,1616125000.0,1656618500.0,1616125000.0,8288395404.0,15.0,13.085,397850000.0,3.96,1.0,1319129000.0,0.429,237702000.0,7352000.0,1522311000.0,1537993500.0,630872000.0,68522000.0,68522000.0,0.0,1778400000.0,1256930000.0,521470000.0,8700170404.0,-66848000.0,-31500000.0,-493793000.0,43700000.0,0.0,-448247000.0,-122913000.0,-6166000.0,484691000.0,19621000.0,399054000.0,399054000.0,399054000.0,0.0,0.0,0.13,760473000.0,558656000.0,142804000.0,0.0,5.383,21.802,22.428,335325000.0,0.0,87.02,2.828,2.842,663041000.0,927205000.0,3076152000.0,3076152000.0,233873000.0,0.116,0.241,0.371,0.185,43316000.0,501500000.0,1.0,99978975.0,100468000,101642000.0,30.618,3158600000.0,121331000.0,163525000.0,0.0,31.439,1295435000.0
25,VAR,MRT,2014-09-30,2014-09-26,2014-09-26,2021-08-25,-58611000.0,3357290000.0,3424809250.0,2494165000.0,863125000.0,0.891,15.543,-89600000.0,849275000.0,849275000.0,1748100000.0,403700000.0,2.076,1.077,437500000.0,50000000.0,387500000.0,437500000.0,421845000.0,62500000.0,0.0,0.0,0.0,581700000.0,644200000.0,0.211,644200000.0,581700000.0,574500000.0,3.88,3.83,3.88,1616420000.0,1677484500.0,1616420000.0,7902584296.0,14.0,12.267,359400000.0,3.456,1.0,1301700000.0,0.427,240626000.0,7200000.0,1503235000.0,1542713750.0,572261000.0,66176000.0,66176000.0,0.0,1740870000.0,1201654000.0,539216000.0,8348989296.0,-268600000.0,-31500000.0,-528000000.0,-68800000.0,0.0,-595500000.0,-133100000.0,-12600000.0,449000000.0,11000000.0,403700000.0,403700000.0,403700000.0,0.0,0.0,0.132,730500000.0,571200000.0,187377000.0,0.0,5.165,20.681,20.851,337999000.0,0.0,80.9,2.738,2.759,731929000.0,931241000.0,3049800000.0,3049800000.0,234800000.0,0.118,0.241,0.377,0.191,39600000.0,470600000.0,1.0,103201351.0,104000000,105300000.0,29.325,3116664000.0,125962000.0,170800000.0,0.0,29.968,1292511000.0
26,VAR,MRT,2014-06-30,2014-06-27,2014-06-27,2021-08-25,-38695000.0,3474875000.0,3452605250.0,2624756000.0,850119000.0,0.871,16.546,-82818000.0,925987000.0,925987000.0,1717511000.0,415184000.0,2.169,1.026,479582000.0,79582000.0,400000000.0,479582000.0,418267000.0,60926000.0,0.0,0.0,0.0,582937000.0,643863000.0,0.214,643863000.0,582937000.0,576039000.0,3.93,3.89,3.93,1714913000.0,1701841250.0,1714913000.0,8246158805.0,14.0,12.807,327700000.0,3.162,1.0,1290112000.0,0.429,236130000.0,6898000.0,1582402000.0,1534642250.0,586071000.0,60777000.0,60777000.0,0.0,1759962000.0,1209938000.0,550024000.0,8716405805.0,160420000.0,-15500000.0,-438854000.0,303368000.0,0.0,-137028000.0,-108089000.0,-10607000.0,410518000.0,-4981000.0,415184000.0,415184000.0,415184000.0,0.0,0.0,0.138,717106000.0,573006000.0,173359000.0,0.0,5.083,20.994,21.336,328646000.0,0.0,83.85,2.898,2.89,747346000.0,989328000.0,3007623000.0,3007623000.0,232521000.0,0.12,0.244,0.38,0.194,39096000.0,459455000.0,1.0,103952365.0,103644000,104869000.0,29.019,3238745000.0,121556000.0,160855000.0,0.0,31.249,1414818000.0
27,VAR,MRT,2014-03-31,2014-03-28,2014-03-28,2021-08-25,-37635000.0,3475838000.0,3348650250.0,2678304000.0,797534000.0,0.892,16.121,-81229000.0,938997000.0,938997000.0,1709299000.0,420925000.0,2.169,1.07,468750000.0,56250000.0,412500000.0,468750000.0,418247000.0,60992000.0,0.0,0.0,0.0,594035000.0,655027000.0,0.219,655027000.0,594035000.0,588050000.0,3.94,3.9,3.94,1679016000.0,1694000500.0,1679016000.0,8052141413.0,14.0,12.293,440553000.0,4.23,1.0,1276850000.0,0.428,226829000.0,5985000.0,1544026000.0,1392367750.0,561194000.0,79444000.0,79444000.0,0.0,1796822000.0,1234736000.0,562086000.0,8542084413.0,199264000.0,0.0,-427483000.0,227750000.0,0.0,-206087000.0,-111819000.0,-29680000.0,521782000.0,-4612000.0,420925000.0,420925000.0,420925000.0,0.0,0.0,0.141,691616000.0,585234000.0,170364000.0,0.0,5.088,20.294,20.937,325842000.0,0.0,82.49,2.861,2.877,786029000.0,961948000.0,2986149000.0,2986149000.0,228868000.0,0.126,0.248,0.427,0.199,38414000.0,437618000.0,1.0,103552969.0,104152000,105446000.0,28.671,3249009000.0,137359000.0,167125000.0,0.0,31.195,1443568000.0
28,VAR,MRT,2013-12-31,2013-12-27,2013-12-27,2021-08-25,-35926000.0,3391234000.0,3245210500.0,2606349000.0,784885000.0,0.917,16.036,-80755000.0,971193000.0,971193000.0,1707823000.0,440925000.0,2.3,0.995,481250000.0,56250000.0,425000000.0,481250000.0,389029000.0,61968000.0,0.0,0.0,0.0,621442000.0,683410000.0,0.23,683410000.0,621442000.0,616286000.0,4.09,4.04,4.09,1699589000.0,1681213250.0,1699589000.0,7519257287.0,12.0,11.003,345810000.0,3.263,1.0,1268178000.0,0.426,226955000.0,5156000.0,1541192000.0,1268679250.0,561802000.0,73981000.0,73981000.0,0.0,1691645000.0,1133144000.0,558501000.0,8130868287.0,215704000.0,0.0,-370676000.0,275000000.0,0.0,-103818000.0,-108063000.0,-29036000.0,426565000.0,1020000.0,440925000.0,440925000.0,440925000.0,0.0,0.0,0.148,654784000.0,613394000.0,176860000.0,0.0,4.784,18.44,18.804,321005000.0,0.0,76.91,2.732,2.739,708226000.0,992120000.0,2976001000.0,2976001000.0,219094000.0,0.136,0.262,0.49,0.209,42261000.0,435690000.0,1.0,105719260.0,105986000,107449000.0,28.079,3164279000.0,118272000.0,175361000.0,0.0,29.856,1473205000.0
29,VAR,MRT,2013-09-30,2013-09-27,2013-09-27,2021-08-25,-40071000.0,3468474000.0,3132043000.0,2704783000.0,763691000.0,0.94,15.817,-76277000.0,1117861000.0,1117861000.0,1693210000.0,438248000.0,2.331,1.024,506250000.0,56250000.0,450000000.0,506250000.0,389479000.0,62859000.0,0.0,0.0,0.0,616212000.0,679071000.0,0.231,679071000.0,616212000.0,612083000.0,4.04,3.98,4.04,1713847000.0,1650538000.0,1713847000.0,7394560172.0,12.0,10.889,378908000.0,3.497,1.0,1249687000.0,0.425,225335000.0,4129000.0,1470949000.0,1116791000.0,535223000.0,62700000.0,62700000.0,0.0,1754627000.0,1160579000.0,594048000.0,7985753172.0,413291000.0,0.0,-290351000.0,345000000.0,0.0,51646000.0,-96271000.0,-20044000.0,455185000.0,2731000.0,438248000.0,438248000.0,438248000.0,0.0,0.0,0.149,640797000.0,608890000.0,194272000.0,0.0,4.66,18.222,18.361,315331000.0,0.0,74.18,2.714,2.731,698254000.0,1010343000.0,2942897000.0,2942897000.0,208208000.0,0.14,0.266,0.552,0.209,43762000.0,432589000.0,1.0,107653723.0,108352000,110053000.0,27.161,3243139000.0,122250000.0,173835000.0,0.0,29.932,1544204000.0
30,VAR,MRT,2013-06-30,2013-06-28,2013-06-28,2021-08-25,-53395000.0,3059055000.0,2984606000.0,2317039000.0,742016000.0,0.981,15.566,-77603000.0,765567000.0,765567000.0,1684663000.0,441103000.0,1.881,0.817,174374000.0,174374000.0,0.0,174374000.0,153364000.0,66332000.0,0.0,0.0,0.0,622552000.0,688884000.0,0.235,688884000.0,622552000.0,618836000.0,4.04,3.98,4.04,1683550000.0,1599520250.0,1683550000.0,6811775906.0,11.0,9.888,414066000.0,3.828,1.0,1244461000.0,0.425,222946000.0,3716000.0,1013304000.0,968212000.0,536693000.0,59477000.0,59477000.0,0.0,1375505000.0,1231612000.0,143893000.0,7313385906.0,132181000.0,0.0,-263854000.0,1120000.0,0.0,-264050000.0,-98614000.0,-14667000.0,491669000.0,3176000.0,441103000.0,441103000.0,441103000.0,0.0,0.0,0.151,628766000.0,615695000.0,176910000.0,0.0,4.344,16.58,16.696,306341000.0,0.0,67.45,2.497,2.491,655130000.0,995165000.0,2929124000.0,2929124000.0,197322000.0,0.148,0.276,0.643,0.213,46090000.0,431444000.0,1.0,108426774.0,108158000,109760000.0,27.082,2836109000.0,114779000.0,177733000.0,0.0,26.222,1085427000.0
31,VAR,MRT,2013-03-31,2013-03-29,2013-03-29,2021-08-25,-54475000.0,3062079000.0,2899330500.0,2326354000.0,735725000.0,1.003,14.956,-77731000.0,739733000.0,739733000.0,1666552000.0,437115000.0,1.805,0.881,238123000.0,231873000.0,6250000.0,238123000.0,149376000.0,65443000.0,0.0,0.0,0.0,620804000.0,686247000.0,0.236,686247000.0,620804000.0,617029000.0,3.98,3.91,3.98,1627867000.0,1544464000.0,1627867000.0,7306911472.0,12.0,10.648,358937000.0,3.298,1.0,1241607000.0,0.427,222198000.0,3775000.0,1049272000.0,941184000.0,502598000.0,56137000.0,56137000.0,0.0,1434212000.0,1288999000.0,145213000.0,7856150472.0,123006000.0,-18409000.0,-276833000.0,77893000.0,0.0,-199006000.0,-122876000.0,-17254000.0,436668000.0,8220000.0,437115000.0,437115000.0,437115000.0,0.0,0.0,0.15,627057000.0,614550000.0,179859000.0,0.0,4.826,17.973,18.09,302743000.0,0.0,72.0,2.701,2.695,722979000.0,945251000.0,2908159000.0,2908159000.0,192930000.0,0.151,0.283,0.66,0.213,47009000.0,434127000.0,1.0,109113201.0,108841000,110650000.0,26.719,2839881000.0,115313000.0,179914000.0,0.0,26.092,1037355000.0
32,VAR,MRT,2012-12-31,2012-12-28,2012-12-28,2021-08-25,-51403000.0,2938564000.0,2799603250.0,2228313000.0,710251000.0,1.022,14.427,-73351000.0,755489000.0,755489000.0,1641410000.0,432099000.0,1.809,0.864,206250000.0,200000000.0,6250000.0,206250000.0,132881000.0,63952000.0,0.0,0.0,0.0,608303000.0,672255000.0,0.235,672255000.0,608303000.0,604847000.0,3.9,3.83,3.9,1576888000.0,1496493000.0,1576888000.0,7073347493.0,12.0,10.522,437970000.0,4.007,1.0,1218665000.0,0.426,223914000.0,3456000.0,933639000.0,901830750.0,499616000.0,51804000.0,51804000.0,0.0,1361676000.0,1231772000.0,129904000.0,7616667493.0,149172000.0,-18409000.0,-261107000.0,18750000.0,0.0,-244310000.0,-123733000.0,-20363000.0,511321000.0,5894000.0,432099000.0,432099000.0,432099000.0,0.0,0.0,0.151,616020000.0,602645000.0,145172000.0,0.0,4.83,17.627,17.851,298533000.0,0.0,69.62,2.663,2.661,637473000.0,909723000.0,2860075000.0,2860075000.0,189094000.0,0.154,0.289,0.675,0.213,48593000.0,426926000.0,1.0,109403440.0,109298000,111144000.0,26.168,2714650000.0,115914000.0,172748000.0,0.0,24.837,996541000.0
33,VAR,MRT,2012-09-30,2012-09-28,2012-09-28,2021-08-25,-56621000.0,2878726000.0,2710295000.0,2170515000.0,708211000.0,1.036,13.556,-61103000.0,704570000.0,704570000.0,1610679000.0,427049000.0,1.755,0.907,161250000.0,155000000.0,6250000.0,161250000.0,369456000.0,60982000.0,0.0,0.0,0.0,599343000.0,660325000.0,0.235,660325000.0,599343000.0,595924000.0,3.83,3.76,3.83,1509776000.0,1442109250.0,1509776000.0,6219972645.0,10.0,9.42,431672000.0,3.876,1.0,1196336000.0,0.426,222242000.0,3419000.0,876633000.0,882714500.0,457869000.0,49709000.0,49709000.0,0.0,1368950000.0,1236531000.0,132419000.0,6678348645.0,140113000.0,-28241000.0,-197108000.0,-36276000.0,0.0,-234676000.0,-122295000.0,-21703000.0,492775000.0,4309000.0,427049000.0,427049000.0,427049000.0,0.0,0.0,0.152,602262000.0,594074000.0,180736000.0,0.0,4.423,15.638,15.749,296592000.0,0.0,60.32,2.379,2.393,691806000.0,893115000.0,2807015000.0,2807015000.0,185742000.0,0.158,0.296,0.679,0.214,46835000.0,416520000.0,1.0,110715329.0,111376000,113473000.0,25.203,2656484000.0,115786000.0,168875000.0,0.0,23.851,933984000.0
34,VAR,MRT,2012-06-30,2012-06-29,2012-06-29,2021-08-25,-51180000.0,2717953000.0,2615303750.0,2017487000.0,700466000.0,1.059,13.175,-58827000.0,633386000.0,633386000.0,1596412000.0,407609000.0,1.785,0.857,175010000.0,168760000.0,6250000.0,175010000.0,126348000.0,56162000.0,0.0,0.0,0.0,580755000.0,636917000.0,0.23,636917000.0,580755000.0,577555000.0,3.62,3.56,3.62,1463325000.0,1375638000.0,1463325000.0,6321129749.0,11.0,9.925,388387000.0,3.497,1.0,1173367000.0,0.424,224058000.0,3200000.0,905192000.0,861922750.0,464436000.0,47155000.0,47155000.0,0.0,1254628000.0,1130327000.0,124301000.0,6776087749.0,65464000.0,-28966000.0,-380000000.0,157134000.0,0.0,-261082000.0,-131152000.0,-37084000.0,447214000.0,10484000.0,407609000.0,407609000.0,407609000.0,9693000.0,0.0,0.147,587326000.0,586041000.0,147248000.0,0.0,4.631,16.624,16.787,287336000.0,0.0,60.77,2.446,2.437,608834000.0,834851000.0,2769779000.0,2769779000.0,183699000.0,0.156,0.296,0.674,0.21,42645000.0,403627000.0,1.0,111503830.0,111070000,112823000.0,24.937,2493895000.0,113246000.0,169946000.0,0.0,22.453,887160000.0
35,VAR,MRT,2012-03-31,2012-03-30,2012-03-30,2021-08-25,-44956000.0,2663170000.0,2564135250.0,1980270000.0,682900000.0,1.058,12.781,-54514000.0,616727000.0,616727000.0,1568460000.0,397371000.0,1.797,0.855,161769000.0,155519000.0,6250000.0,161769000.0,142068000.0,55086000.0,0.0,0.0,0.0,566931000.0,622017000.0,0.229,622017000.0,566931000.0,564160000.0,3.48,3.43,3.48,1435983000.0,1373318500.0,1435983000.0,7372793897.0,13.0,11.853,370860000.0,3.301,1.0,1145511000.0,0.422,214547000.0,2771000.0,891859000.0,839471750.0,444800000.0,31624000.0,31624000.0,0.0,1227187000.0,1101806000.0,125381000.0,7791610897.0,32338000.0,-10857000.0,-268037000.0,19883000.0,0.0,-284414000.0,-112890000.0,-43248000.0,425374000.0,4268000.0,397371000.0,397371000.0,397371000.0,9693000.0,0.0,0.146,572566000.0,572945000.0,142635000.0,0.0,5.426,19.608,19.816,282239000.0,0.0,68.96,2.871,2.855,637402000.0,798996000.0,2713971000.0,2713971000.0,179182000.0,0.155,0.289,0.675,0.209,40137000.0,393384000.0,1.0,112987397.0,112354000,114513000.0,24.156,2448623000.0,113142000.0,166789000.0,0.0,21.794,878464000.0
36,VAR,MRT,2011-12-31,2011-12-30,2011-12-30,2021-08-25,-51161000.0,2581331000.0,2515735250.0,1907677000.0,673654000.0,1.05,12.108,-56073000.0,606317000.0,606317000.0,1504343000.0,392678000.0,1.746,0.899,187500000.0,181250000.0,6250000.0,187500000.0,142032000.0,54212000.0,0.0,0.0,0.0,574029000.0,628241000.0,0.238,628241000.0,574029000.0,571156000.0,3.39,3.35,3.39,1359353000.0,1343253500.0,1359353000.0,7189086734.0,13.0,11.443,331884000.0,2.956,1.0,1137809000.0,0.431,213017000.0,2873000.0,857174000.0,815069500.0,444665000.0,25289000.0,25289000.0,0.0,1221978000.0,1092323000.0,129655000.0,7556017734.0,-97202000.0,-18656000.0,-425016000.0,164177000.0,0.0,-366709000.0,-117886000.0,-36452000.0,387957000.0,-564000.0,392678000.0,392678000.0,392678000.0,9693000.0,0.0,0.149,557466000.0,580343000.0,129888000.0,0.0,5.559,19.242,19.802,280832000.0,0.0,67.13,2.86,2.852,577253000.0,767701000.0,2642152000.0,2642152000.0,175988000.0,0.156,0.292,0.704,0.217,38933000.0,381478000.0,1.0,112557988.0,112267000,114370000.0,23.535,2368314000.0,113476000.0,178478000.0,0.0,21.095,815354000.0
37,VAR,MRT,2011-09-30,2011-09-30,2011-09-30,2021-08-25,-46848000.0,2498761000.0,2488144750.0,1854617000.0,644144000.0,1.044,10.659,-70928000.0,564457000.0,564457000.0,1460777000.0,398933000.0,1.647,1.009,197526000.0,191276000.0,6250000.0,197526000.0,140173000.0,52591000.0,0.0,0.0,0.0,581616000.0,634207000.0,0.244,634207000.0,581616000.0,579017000.0,3.42,3.36,3.42,1243891000.0,1370495750.0,1243891000.0,5562344716.0,10.0,8.771,401851000.0,3.443,1.0,1135889000.0,0.437,212452000.0,2599000.0,793466000.0,780927250.0,409962000.0,19205000.0,19205000.0,0.0,1254870000.0,1125912000.0,128958000.0,6112327716.0,44236000.0,-9124000.0,-367587000.0,154136000.0,0.0,-311335000.0,-117932000.0,-33583000.0,472779000.0,724000.0,398933000.0,398933000.0,398933000.0,9693000.0,0.0,0.154,547438000.0,588451000.0,154946000.0,0.0,4.914,15.322,15.251,285894000.0,0.0,52.16,2.354,2.344,635153000.0,677473000.0,2596666000.0,2596666000.0,170725000.0,0.16,0.291,0.745,0.224,43889000.0,376713000.0,1.0,117184197.0,116703000,118735000.0,22.25,2286309000.0,113965000.0,180084000.0,0.0,19.591,728705000.0
38,VAR,MRT,2011-06-30,2011-07-01,2011-07-01,2021-08-25,-28238000.0,2513279000.0,2444442500.0,1837452000.0,675827000.0,1.035,12.441,-70230000.0,567922000.0,567922000.0,1417948000.0,403212000.0,1.972,0.728,17939000.0,11689000.0,6250000.0,17939000.0,131012000.0,51625000.0,0.0,0.0,0.0,579571000.0,631196000.0,0.25,631196000.0,579571000.0,577270000.0,3.41,3.35,3.41,1454047000.0,1378364750.0,1454047000.0,7863476308.0,14.0,12.458,425059000.0,3.637,1.0,1111854000.0,0.44,216063000.0,2301000.0,815388000.0,766344000.0,438483000.0,0.0,0.0,0.0,1059232000.0,931845000.0,127387000.0,8305263308.0,-19689000.0,-8399000.0,-321657000.0,-5524000.0,0.0,-404921000.0,-103701000.0,-20325000.0,495289000.0,-6356000.0,403212000.0,403212000.0,403212000.0,609000.0,0.0,0.159,534345000.0,577509000.0,119836000.0,0.0,5.712,20.598,20.783,283185000.0,0.0,70.87,3.283,3.274,581862000.0,768810000.0,2529802000.0,2529802000.0,167367000.0,0.165,0.293,0.756,0.229,50549000.0,366978000.0,1.0,117190113.0,116874000,119064000.0,21.646,2297216000.0,118225000.0,174058000.0,0.0,19.655,905607000.0
39,VAR,MRT,2011-03-31,2011-04-01,2011-04-01,2021-08-25,-31881000.0,2469570000.0,2395846500.0,1806094000.0,663476000.0,1.026,11.154,-87162000.0,584389000.0,584389000.0,1371935000.0,390101000.0,1.773,0.877,142602000.0,130102000.0,12500000.0,142602000.0,142795000.0,50090000.0,0.0,0.0,0.0,563465000.0,613555000.0,0.25,613555000.0,563465000.0,560196000.0,3.27,3.21,3.27,1315723000.0,1361689500.0,1315723000.0,7564694750.0,13.0,12.329,355064000.0,3.01,1.0,1086480000.0,0.442,214731000.0,3269000.0,794250000.0,751557000.0,422467000.0,0.0,0.0,0.0,1153847000.0,1018802000.0,135045000.0,8244886750.0,-70338000.0,-9899000.0,-447837000.0,113454000.0,0.0,-408063000.0,-99942000.0,1539000.0,442226000.0,-4559000.0,390101000.0,390101000.0,390101000.0,7059000.0,0.0,0.159,518697000.0,567783000.0,122920000.0,0.0,6.266,21.135,21.003,281823000.0,0.0,68.68,3.354,3.295,564147000.0,701778000.0,2458415000.0,2458415000.0,161815000.0,0.163,0.286,0.75,0.229,52840000.0,356882000.0,1.0,120047856.0,117959000,120386000.0,20.841,2254839000.0,118043000.0,170095000.0,0.0,19.115,787292000.0
40,VAR,MRT,2010-12-31,2010-12-31,2010-12-31,2021-08-25,-41524000.0,2470969000.0,2365926250.0,1827248000.0,643721000.0,1.013,12.426,-82602000.0,703519000.0,703519000.0,1344067000.0,378136000.0,2.117,0.683,23327000.0,7233000.0,16094000.0,23327000.0,127339000.0,48723000.0,0.0,0.0,0.0,547735000.0,596458000.0,0.249,596458000.0,547735000.0,544176000.0,3.14,3.08,3.14,1468322000.0,1381140250.0,1468322000.0,7766511372.0,14.0,13.021,385674000.0,3.264,1.0,1051464000.0,0.439,206946000.0,3559000.0,720605000.0,727941000.0,402768000.0,0.0,0.0,0.0,1002647000.0,863226000.0,139421000.0,8243338372.0,78024000.0,-2100000.0,-289873000.0,-13412000.0,0.0,-310850000.0,-81716000.0,2844000.0,468276000.0,2314000.0,378136000.0,378136000.0,378136000.0,7059000.0,0.0,0.158,499322000.0,552142000.0,120687000.0,0.0,5.614,21.8,22.064,277550000.0,0.0,69.28,3.441,3.418,496271000.0,783087000.0,2395531000.0,2395531000.0,156862000.0,0.16,0.274,0.752,0.229,47097000.0,342460000.0,1.0,118985831.0,118170000,121212000.0,20.272,2264023000.0,118319000.0,166040000.0,0.0,19.159,964022000.0
41,VAR,MRT,2010-09-30,2010-10-01,2010-10-01,2021-08-25,-37604000.0,2323952000.0,2337682500.0,1681344000.0,642608000.0,1.008,10.47,-67545000.0,520221000.0,520221000.0,1330943000.0,360422000.0,1.861,0.822,43394000.0,25525000.0,17869000.0,43394000.0,141916000.0,48293000.0,0.0,0.0,0.0,529974000.0,578267000.0,0.245,578267000.0,529974000.0,525866000.0,2.96,2.91,2.96,1275367000.0,1352616000.0,1275367000.0,6816219991.0,13.0,11.787,393241000.0,3.228,1.0,1025642000.0,0.435,208451000.0,4108000.0,735133000.0,724540000.0,363933000.0,0.0,0.0,0.0,1048585000.0,903541000.0,145044000.0,7380371991.0,-33308000.0,-1800000.0,-413069000.0,6593000.0,0.0,-422175000.0,-74815000.0,862000.0,460786000.0,2896000.0,360422000.0,360422000.0,360422000.0,7059000.0,0.0,0.153,491440000.0,534202000.0,119018000.0,0.0,5.787,20.477,20.5,267927000.0,0.0,60.68,3.132,3.137,591677000.0,686598000.0,2356585000.0,2356585000.0,156748000.0,0.154,0.266,0.731,0.225,43024000.0,334692000.0,1.0,121627752.0,121816000,124025000.0,19.345,2115501000.0,118246000.0,165444000.0,0.0,17.366,777803000.0
42,VAR,MRT,2010-06-30,2010-07-02,2010-07-02,2021-08-25,-40069000.0,2318895000.0,2333756500.0,1697928000.0,620967000.0,1.005,11.365,-64235000.0,587611000.0,587611000.0,1312164000.0,352444000.0,2.135,0.671,23459000.0,5520000.0,17939000.0,23459000.0,125554000.0,47572000.0,0.0,0.0,0.0,532464000.0,580036000.0,0.247,580036000.0,532464000.0,527759000.0,2.86,2.82,2.86,1387346000.0,1361720000.0,1387346000.0,5741002446.0,11.0,9.898,344089000.0,2.819,1.0,1034293000.0,0.441,203288000.0,4705000.0,756240000.0,725481000.0,390188000.0,0.0,0.0,0.0,931549000.0,795215000.0,136334000.0,6365955446.0,115890000.0,-1800000.0,-215904000.0,-9232000.0,0.0,-221851000.0,-70841000.0,424000.0,408324000.0,258000.0,352444000.0,352444000.0,352444000.0,6577000.0,0.0,0.15,498202000.0,536091000.0,105823000.0,0.0,4.589,18.062,18.017,261361000.0,0.0,51.53,2.713,2.681,514939000.0,772427000.0,2346457000.0,2346457000.0,154275000.0,0.151,0.259,0.734,0.227,39805000.0,343927000.0,1.0,123538821.0,122072000,124511000.0,19.222,2115607000.0,108274000.0,175315000.0,0.0,17.331,902713000.0
43,VAR,MRT,2010-03-31,2010-04-02,2010-04-02,2021-08-25,-32020000.0,2349889000.0,2285925250.0,1729600000.0,620289000.0,0.997,11.335,-52250000.0,654727000.0,654727000.0,1282125000.0,352301000.0,2.114,0.686,29774000.0,6515000.0,23259000.0,29774000.0,131313000.0,47198000.0,0.0,0.0,0.0,510670000.0,557868000.0,0.245,557868000.0,510670000.0,506517000.0,2.85,2.81,2.85,1393526000.0,1322150250.0,1393526000.0,6398473380.0,13.0,11.47,417150000.0,3.393,1.0,996152000.0,0.437,207146000.0,4153000.0,699786000.0,716548500.0,371496000.0,0.0,0.0,0.0,956363000.0,818004000.0,138359000.0,6987335380.0,280110000.0,-2550000.0,-114296000.0,-12977000.0,0.0,-126144000.0,-58406000.0,578000.0,469400000.0,-4740000.0,352301000.0,352301000.0,352301000.0,127000.0,0.0,0.155,488338000.0,507814000.0,111610000.0,0.0,5.014,19.833,19.782,258479000.0,0.0,56.38,3.067,3.042,497320000.0,773542000.0,2278277000.0,2278277000.0,150726000.0,0.154,0.266,0.713,0.224,39170000.0,337612000.0,1.0,123932873.0,122938000,124337000.0,18.532,2142743000.0,108068000.0,154216000.0,0.0,17.429,911596000.0
44,VAR,MRT,2009-12-31,2010-01-01,2010-01-01,2021-08-25,-26974000.0,2357994000.0,2214450750.0,1723278000.0,634716000.0,1.014,10.949,-51649000.0,625495000.0,625495000.0,1263732000.0,329000000.0,2.024,0.741,36633000.0,13306000.0,23327000.0,36633000.0,154795000.0,47027000.0,0.0,0.0,0.0,485955000.0,532982000.0,0.237,532982000.0,485955000.0,481707000.0,2.66,2.62,2.66,1354225000.0,1255532000.0,1354225000.0,5313879956.0,11.0,9.97,298889000.0,2.416,1.0,982565000.0,0.437,210563000.0,4248000.0,707001000.0,734270250.0,350845000.0,0.0,0.0,0.0,1003769000.0,851568000.0,152201000.0,5830564956.0,202624000.0,-2550000.0,-53000000.0,-28821000.0,0.0,-77250000.0,-71469000.0,-7668000.0,350538000.0,805000.0,329000000.0,329000000.0,329000000.0,11672000.0,0.0,0.146,488078000.0,494487000.0,103450000.0,0.0,4.305,17.722,17.613,258432000.0,0.0,46.85,2.596,2.58,507411000.0,735634000.0,2246297000.0,2246297000.0,148785000.0,0.149,0.262,0.662,0.216,40214000.0,339293000.0,1.0,124451760.0,123690000,125061000.0,18.161,2147431000.0,143993000.0,152707000.0,0.0,17.361,871710000.0
45,VAR,MRT,2009-09-30,2009-10-02,2009-10-02,2021-08-25,-26385000.0,2308248000.0,2134452750.0,1672451000.0,635797000.0,1.037,10.576,-62562000.0,553529000.0,553529000.0,1253555000.0,319022000.0,1.986,0.76,36844000.0,13450000.0,23394000.0,36844000.0,130588000.0,44609000.0,0.0,0.0,0.0,466286000.0,510895000.0,0.231,510895000.0,466286000.0,462189000.0,2.57,2.55,2.57,1311783000.0,1177542250.0,1311783000.0,4580584585.0,10.0,8.966,241871000.0,1.95,1.0,960505000.0,0.434,210346000.0,4097000.0,738897000.0,723486250.0,321861000.0,0.0,0.0,0.0,996465000.0,842320000.0,154145000.0,5022474585.0,156223000.0,-2550000.0,-73660000.0,-3816000.0,0.0,-71281000.0,-77906000.0,-5662000.0,304433000.0,977000.0,319022000.0,319022000.0,319022000.0,12454000.0,0.0,0.144,486359000.0,474146000.0,116093000.0,0.0,3.829,15.743,15.568,264060000.0,0.0,40.01,2.268,2.241,580918000.0,696409000.0,2214060000.0,2214060000.0,147375000.0,0.149,0.271,0.644,0.211,41208000.0,338984000.0,1.0,125530482.0,124034000,124995000.0,17.85,2097902000.0,144392000.0,143167000.0,0.0,16.914,830131000.0
46,VAR,MRT,2009-06-30,2009-07-03,2009-07-03,2021-08-25,-18794000.0,2127570000.0,2051268750.0,1493509000.0,634061000.0,1.055,9.893,-70024000.0,474350000.0,474350000.0,1226710000.0,300423000.0,1.972,0.731,32460000.0,9001000.0,23459000.0,32460000.0,124219000.0,42449000.0,0.0,0.0,0.0,445280000.0,487729000.0,0.225,487729000.0,445280000.0,441108000.0,2.43,2.38,2.43,1229067000.0,1106392750.0,1229067000.0,3916520973.0,9.0,8.03,200548000.0,1.614,1.0,938119000.0,0.433,207687000.0,4172000.0,720510000.0,695704250.0,358151000.0,0.0,0.0,0.0,898503000.0,757483000.0,141020000.0,4250957973.0,66037000.0,-3351000.0,-74086000.0,-74879000.0,0.0,-127675000.0,-91333000.0,-13279000.0,270572000.0,14473000.0,300423000.0,300423000.0,300423000.0,20938000.0,0.0,0.139,479075000.0,459044000.0,88259000.0,0.0,3.459,14.15,13.955,260297000.0,0.0,33.91,1.964,1.946,469523000.0,620743000.0,2164829000.0,2164829000.0,148408000.0,0.146,0.272,0.64,0.206,42517000.0,330667000.0,1.0,125360011.0,124237000,,17.425,1919883000.0,130941000.0,140685000.0,0.0,15.453,736026000.0
47,VAR,MRT,2009-03-31,2009-04-03,2009-04-03,2021-08-25,-20283000.0,2063991000.0,2004622250.0,1450154000.0,613837000.0,1.079,9.105,-72196000.0,376957000.0,376957000.0,1228162000.0,289252000.0,1.921,0.831,42520000.0,12746000.0,29774000.0,42520000.0,131464000.0,40106000.0,0.0,0.0,0.0,433969000.0,474075000.0,0.219,474075000.0,433969000.0,429413000.0,2.34,2.28,2.34,1127053000.0,1037206500.0,1127053000.0,3345592360.0,8.0,7.057,183837000.0,1.485,1.0,934213000.0,0.432,203871000.0,4556000.0,770673000.0,665195500.0,340240000.0,0.0,0.0,0.0,936938000.0,755010000.0,181928000.0,3703134360.0,14561000.0,-2092000.0,-126605000.0,-79729000.0,0.0,-178189000.0,-91036000.0,-13445000.0,256033000.0,27753000.0,289252000.0,289252000.0,289252000.0,23814000.0,0.0,0.134,485519000.0,448694000.0,111070000.0,0.0,3.286,12.802,12.722,252273000.0,0.0,29.77,1.713,1.704,534789000.0,535392000.0,2162375000.0,2162375000.0,148733000.0,0.144,0.279,0.652,0.201,44043000.0,336786000.0,1.0,124391480.0,123782000,,17.469,1860120000.0,130710000.0,140161000.0,0.0,15.027,695144000.0
48,VAR,MRT,2008-12-31,2009-01-02,2009-01-02,2021-08-25,-18240000.0,2038002000.0,1967859750.0,1422545000.0,615457000.0,1.081,8.418,-83345000.0,422871000.0,422871000.0,1221802000.0,292802000.0,1.756,0.955,65329000.0,32992000.0,32337000.0,65329000.0,158168000.0,37580000.0,0.0,0.0,0.0,428210000.0,465790000.0,0.219,465790000.0,428210000.0,423674000.0,2.36,2.3,2.36,1042266000.0,982376000.0,1042266000.0,4150798057.0,10.0,8.911,252746000.0,2.041,1.0,905384000.0,0.426,206261000.0,4536000.0,663865000.0,630700000.0,327265000.0,0.0,0.0,0.0,995736000.0,810334000.0,185402000.0,4507718057.0,88789000.0,-2092000.0,-183019000.0,-1975000.0,0.0,-152130000.0,-92097000.0,-8246000.0,336091000.0,-3075000.0,292802000.0,292802000.0,292802000.0,13802000.0,0.0,0.138,474322000.0,431062000.0,89726000.0,0.0,4.325,15.395,15.373,253072000.0,0.0,36.28,2.119,2.112,467415000.0,467578000.0,2127186000.0,2127186000.0,143633000.0,0.149,0.298,0.679,0.201,44817000.0,330689000.0,1.0,124248017.0,123818000,,17.18,1831741000.0,130940000.0,130872000.0,0.0,14.794,612211000.0
49,VAR,MRT,2008-09-30,2008-09-26,2008-09-26,2021-08-25,-18228000.0,1975512000.0,1899408000.0,1394401000.0,581111000.0,1.09,8.231,-81424000.0,397306000.0,397306000.0,1192198000.0,279484000.0,1.784,0.923,40386000.0,7987000.0,32399000.0,40386000.0,141368000.0,36709000.0,0.0,0.0,0.0,415130000.0,451839000.0,0.218,451839000.0,415130000.0,410251000.0,2.24,2.19,2.24,1027185000.0,937530250.0,1027185000.0,7339789802.0,18.0,16.244,290803000.0,2.33,1.0,877532000.0,0.424,209146000.0,4879000.0,627769000.0,605038250.0,282980000.0,0.0,0.0,0.0,948327000.0,781677000.0,166650000.0,7638146802.0,134060000.0,-2092000.0,-132815000.0,-49971000.0,0.0,-142076000.0,-87585000.0,-8098000.0,372227000.0,-8506000.0,279484000.0,279484000.0,279484000.0,15772000.0,0.0,0.135,458128000.0,419404000.0,105281000.0,0.0,7.436,27.329,27.312,218183000.0,0.0,61.18,3.69,3.689,486310000.0,451439000.0,2069730000.0,2069730000.0,135599000.0,0.147,0.298,0.686,0.201,44630000.0,322529000.0,1.0,124847120.0,124800000,127604000.0,16.584,1766366000.0,130988000.0,130767000.0,0.0,14.154,612724000.0
50,VAR,MRT,2008-06-30,2008-06-27,2008-06-27,2021-08-25,-5235000.0,1940984000.0,1826623750.0,1355178000.0,585806000.0,1.083,7.581,-83050000.0,405684000.0,405684000.0,1145856000.0,279656000.0,1.634,1.038,107327000.0,74867000.0,32460000.0,107327000.0,138129000.0,35869000.0,0.0,0.0,0.0,400013000.0,435882000.0,0.22,435882000.0,400013000.0,394843000.0,2.23,2.18,2.23,952322000.0,886097750.0,952322000.0,6222903019.0,16.0,14.277,343717000.0,2.736,1.0,832052000.0,0.421,214927000.0,5170000.0,598475000.0,579157250.0,304306000.0,0.0,0.0,0.0,988662000.0,829225000.0,159437000.0,6460711019.0,212894000.0,15901000.0,-184456000.0,57929000.0,0.0,-99498000.0,-90415000.0,-24996000.0,426767000.0,-23960000.0,279656000.0,279656000.0,279656000.0,10621000.0,0.0,0.141,432211000.0,399841000.0,103791000.0,0.0,6.784,23.102,23.063,209022000.0,0.0,51.43,3.266,3.266,442650000.0,440909000.0,1977908000.0,1977908000.0,129172000.0,0.153,0.316,0.691,0.202,44176000.0,303039000.0,1.0,125621447.0,125621447,,15.745,1726057000.0,125680000.0,115187000.0,0.0,13.74,525953000.0
51,VAR,MRT,2008-03-31,2008-03-28,2008-03-28,2021-08-25,-4543000.0,1916941000.0,1723766000.0,1347338000.0,569603000.0,1.099,7.223,-77966000.0,360056000.0,360056000.0,1103936000.0,255846000.0,1.622,1.112,122248000.0,81978000.0,40270000.0,122248000.0,134875000.0,34893000.0,0.0,0.0,0.0,376915000.0,411808000.0,0.217,411808000.0,376915000.0,372059000.0,2.03,1.99,2.03,907731000.0,849440250.0,907731000.0,5662606188.0,15.0,13.751,273603000.0,2.177,1.0,790211000.0,0.417,215676000.0,4856000.0,632691000.0,569482250.0,268517000.0,0.0,0.0,0.0,1009210000.0,830766000.0,178444000.0,5929385188.0,71278000.0,-14667000.0,-209414000.0,58445000.0,0.0,-128116000.0,-120061000.0,-24842000.0,351569000.0,-32114000.0,255846000.0,255846000.0,255846000.0,7745000.0,0.0,0.135,416391000.0,373820000.0,109388000.0,0.0,6.532,23.176,23.241,195473000.0,0.0,47.18,3.13,3.13,521924000.0,414820000.0,1894147000.0,1894147000.0,122717000.0,0.148,0.301,0.662,0.199,42855000.0,293674000.0,1.0,125675820.0,125675820,,15.072,1701265000.0,126027000.0,116213000.0,0.0,13.537,516572000.0
52,VAR,MRT,2007-12-31,2007-12-28,2007-12-28,2021-08-25,-9977000.0,1764195000.0,1629861250.0,1217724000.0,546471000.0,1.116,6.914,-69128000.0,334082000.0,334082000.0,1054609000.0,245434000.0,1.674,1.045,67303000.0,26974000.0,40329000.0,67303000.0,124923000.0,33539000.0,0.0,0.0,0.0,360946000.0,394485000.0,0.217,394485000.0,360946000.0,355901000.0,1.94,1.89,1.94,862883000.0,826205000.0,862883000.0,6435825435.0,18.0,16.314,268975000.0,2.155,1.0,763818000.0,0.42,208844000.0,5045000.0,561218000.0,540699500.0,259571000.0,0.0,0.0,0.0,901312000.0,727354000.0,173958000.0,6608715435.0,69816000.0,-47831000.0,-224996000.0,3449000.0,0.0,-210810000.0,-45368000.0,78977000.0,338103000.0,-12109000.0,245434000.0,245434000.0,245434000.0,6212000.0,0.0,0.135,408147000.0,355671000.0,96977000.0,0.0,7.659,26.927,27.227,180876000.0,0.0,52.82,3.634,3.625,438132000.0,400448000.0,1818427000.0,1818427000.0,119298000.0,0.151,0.297,0.668,0.198,45342000.0,288849000.0,1.0,125117672.0,124809000,,14.57,1555351000.0,125538000.0,110467000.0,0.0,12.462,490370000.0
53,VAR,MRT,2007-09-30,2007-09-28,2007-09-28,2021-08-25,-10913000.0,1684375000.0,1561976500.0,1160229000.0,524146000.0,1.124,6.447,-64135000.0,263246000.0,263246000.0,1022209000.0,239456000.0,1.484,1.05,90356000.0,49970000.0,40386000.0,90356000.0,101839000.0,32206000.0,0.0,0.0,0.0,347330000.0,379536000.0,0.216,379536000.0,347330000.0,342539000.0,1.88,1.83,1.88,821455000.0,810275750.0,821455000.0,5133879896.0,15.0,13.527,236058000.0,1.853,1.0,732863000.0,0.418,205553000.0,4791000.0,524245000.0,536093000.0,213095000.0,0.0,0.0,0.0,862920000.0,781687000.0,81233000.0,5277260896.0,-9262000.0,-52374000.0,-274796000.0,26453000.0,0.0,-240520000.0,-55658000.0,70308000.0,300193000.0,-13277000.0,239456000.0,239456000.0,239456000.0,3460000.0,0.0,0.136,394238000.0,338625000.0,88121000.0,0.0,6.424,22.039,22.282,167946000.0,0.0,41.89,3.007,3.041,499330000.0,395742000.0,1755072000.0,1755072000.0,117320000.0,0.153,0.296,0.648,0.198,46348000.0,276918000.0,1.0,125979014.0,127407000,130622000.0,13.775,1478822000.0,106610000.0,103083000.0,0.0,11.607,378542000.0
54,VAR,MRT,2007-06-30,2007-06-29,2007-06-29,2021-08-25,-4531000.0,1529553000.0,1518820500.0,1060306000.0,469247000.0,1.125,6.321,-53338000.0,192790000.0,192790000.0,1001626000.0,243227000.0,1.616,0.898,49409000.0,8966000.0,40443000.0,49409000.0,92492000.0,30794000.0,0.0,0.0,0.0,335012000.0,365806000.0,0.214,365806000.0,335012000.0,330179000.0,1.89,1.83,1.89,805692000.0,804225250.0,805692000.0,5193824789.0,16.0,14.198,171250000.0,1.343,1.0,706630000.0,0.414,170184000.0,4833000.0,559775000.0,537833750.0,276048000.0,0.0,0.0,0.0,723861000.0,656213000.0,67648000.0,5418724789.0,-131921000.0,-57299000.0,-259503000.0,-14544000.0,0.0,-263461000.0,-85428000.0,35017000.0,224588000.0,-7620000.0,243227000.0,243227000.0,243227000.0,-1529000.0,0.0,0.142,386659000.0,319971000.0,82042000.0,0.0,6.726,22.278,22.492,156820000.0,0.0,42.51,3.172,3.172,431479000.0,381716000.0,1708256000.0,1708256000.0,112344000.0,0.16,0.302,0.623,0.196,46132000.0,274315000.0,1.0,127469414.0,127469414,,13.401,1359369000.0,102530000.0,86952000.0,0.0,10.664,404093000.0
55,VAR,MRT,2007-03-31,2007-03-30,2007-03-30,2021-08-25,-4531000.0,1541322000.0,1490644250.0,1114354000.0,426968000.0,1.127,6.343,-47899000.0,288778000.0,288778000.0,981474000.0,258585000.0,1.728,0.892,63878000.0,7962000.0,55916000.0,63878000.0,92626000.0,29955000.0,0.0,0.0,0.0,342551000.0,372506000.0,0.222,372506000.0,342551000.0,337681000.0,1.99,1.93,1.99,814790000.0,790836250.0,814790000.0,5918613449.0,17.0,15.889,207753000.0,1.617,1.0,698797000.0,0.416,153955000.0,4870000.0,517560000.0,515296250.0,267683000.0,0.0,0.0,0.0,726532000.0,644907000.0,81625000.0,6125618449.0,22513000.0,-34727000.0,-255045000.0,-2697000.0,0.0,-248572000.0,26302000.0,115840000.0,255652000.0,-10869000.0,258585000.0,258585000.0,258585000.0,-1529000.0,0.0,0.154,372239000.0,326558000.0,78287000.0,0.0,7.518,23.689,23.965,147263000.0,0.0,47.69,3.646,3.646,421391000.0,394255000.0,1680271000.0,1680271000.0,108605000.0,0.173,0.327,0.665,0.204,45915000.0,263634000.0,1.0,128446602.0,128446602,,13.081,1387367000.0,102176000.0,79096000.0,0.0,10.801,469447000.0
56,VAR,MRT,2006-12-31,2006-12-29,2006-12-29,2021-08-25,-4531000.0,1492656000.0,1450307250.0,1115257000.0,377399000.0,1.139,6.191,-43438000.0,264266000.0,264266000.0,966734000.0,253432000.0,1.795,0.868,57261000.0,7958000.0,49303000.0,57261000.0,112801000.0,29632000.0,0.0,0.0,0.0,335875000.0,365507000.0,0.221,365507000.0,335875000.0,331269000.0,1.93,1.88,1.93,799166000.0,772904500.0,799166000.0,5925216709.0,18.0,16.211,227229000.0,1.76,1.0,684713000.0,0.415,121389000.0,4606000.0,542792000.0,517997000.0,223712000.0,98578000.0,98578000.0,0.0,693490000.0,621470000.0,72020000.0,6140414709.0,4656000.0,-4543000.0,-253493000.0,-2693000.0,0.0,-218452000.0,-37529000.0,15590000.0,270667000.0,-10030000.0,253432000.0,253432000.0,253432000.0,-1529000.0,0.0,0.153,365079000.0,319634000.0,73425000.0,0.0,7.684,24.229,24.648,135774000.0,0.0,47.57,3.718,3.718,395835000.0,394031000.0,1651447000.0,1651447000.0,105157000.0,0.175,0.328,0.648,0.203,44918000.0,259922000.0,1.0,129081663.0,129081663,,12.794,1371267000.0,100553000.0,77837000.0,0.0,10.623,493787000.0
57,VAR,MRT,2006-09-30,2006-09-29,2006-09-29,2021-08-25,-4531000.0,1511751000.0,1411625500.0,1156049000.0,355702000.0,1.132,6.088,-40199000.0,272508000.0,272508000.0,934493000.0,245091000.0,1.795,0.896,57310000.0,7954000.0,49356000.0,57310000.0,117813000.0,29576000.0,0.0,0.0,0.0,324859000.0,354435000.0,0.222,354435000.0,324859000.0,320211000.0,1.87,1.81,1.87,797253000.0,751951750.0,797253000.0,6669672458.0,21.0,18.818,161559000.0,1.234,1.0,663327000.0,0.415,121389000.0,4648000.0,531208000.0,508923500.0,189653000.0,93599000.0,93599000.0,0.0,714498000.0,643956000.0,70542000.0,6937023458.0,29422000.0,0.0,-196921000.0,-2697000.0,0.0,-155749000.0,-11487000.0,33168000.0,201758000.0,-5100000.0,245091000.0,245091000.0,245091000.0,-1529000.0,0.0,0.153,353971000.0,309356000.0,77985000.0,0.0,8.701,28.304,28.551,130318000.0,0.0,53.39,4.342,4.376,471820000.0,406849000.0,1597820000.0,1597820000.0,100408000.0,0.174,0.326,0.638,0.203,44467000.0,253563000.0,1.0,129931138.0,130964000,135439000.0,12.2,1390362000.0,102516000.0,75120000.0,0.0,10.616,512093000.0
58,VAR,MRT,2006-06-30,2006-06-30,2006-06-30,2021-08-25,-5821000.0,1416848000.0,1363038250.0,1096793000.0,320055000.0,1.122,5.725,-44696000.0,324711000.0,324711000.0,891622000.0,223622000.0,1.964,0.884,57360000.0,7951000.0,49409000.0,57360000.0,0.0,29307000.0,0.0,0.0,0.0,313796000.0,343103000.0,0.224,343103000.0,313796000.0,309722000.0,1.69,1.65,1.69,752136000.0,717395250.0,752136000.0,6014852010.0,19.0,17.531,188955000.0,1.438,1.0,638319000.0,0.417,121389000.0,4074000.0,469625000.0,493371750.0,196583000.0,46269000.0,46269000.0,0.0,664712000.0,558483000.0,106229000.0,6221210010.0,143657000.0,-12267000.0,-175622000.0,-2672000.0,0.0,-140381000.0,51525000.0,113694000.0,233651000.0,-1138000.0,223622000.0,223622000.0,223622000.0,0.0,0.0,0.146,336541000.0,301778000.0,76122000.0,0.0,8.271,27.82,28.018,123495000.0,0.0,47.35,4.066,4.066,396049000.0,382583000.0,1529941000.0,1529941000.0,94262000.0,0.164,0.312,0.636,0.205,39976000.0,242279000.0,1.0,131387751.0,131387751,,11.644,1295459000.0,101151000.0,86100000.0,0.0,9.86,538310000.0
59,VAR,MRT,2006-03-31,2006-03-31,2006-03-31,2021-08-25,-5821000.0,1379974000.0,1320466000.0,1071022000.0,308952000.0,1.121,5.624,-46586000.0,266265000.0,266265000.0,853280000.0,209073000.0,2.044,0.857,59907000.0,2697000.0,57210000.0,59907000.0,0.0,28580000.0,0.0,0.0,0.0,314864000.0,343444000.0,0.232,343444000.0,314864000.0,310823000.0,1.58,1.53,1.58,743063000.0,687277750.0,743063000.0,7220181410.0,23.0,21.023,165620000.0,1.254,1.0,627531000.0,0.424,121389000.0,4041000.0,528363000.0,495590500.0,177365000.0,127290000.0,127290000.0,0.0,636911000.0,523864000.0,113047000.0,7419837410.0,38623000.0,-3205000.0,-165552000.0,-5400000.0,0.0,-135574000.0,-41872000.0,14123000.0,212206000.0,3863000.0,209073000.0,209073000.0,209073000.0,0.0,0.0,0.141,323153000.0,304378000.0,70643000.0,0.0,9.985,35.489,35.544,119811000.0,0.0,56.16,5.011,5.011,371301000.0,377854000.0,1480811000.0,1480811000.0,90696000.0,0.158,0.304,0.635,0.213,31877000.0,232457000.0,1.0,132119612.0,132119612,,11.208,1258585000.0,101329000.0,101750000.0,0.0,9.526,547158000.0
60,VAR,MRT,2005-12-31,2005-12-30,2005-12-30,2021-08-25,-5821000.0,1337929000.0,1288284500.0,1029798000.0,308131000.0,1.101,5.455,-43582000.0,259610000.0,259610000.0,811231000.0,207427000.0,2.018,0.87,59954000.0,2693000.0,57261000.0,59954000.0,0.0,27896000.0,0.0,0.0,0.0,312954000.0,340850000.0,0.24,340850000.0,312954000.0,308677000.0,1.57,1.51,1.57,715355000.0,660935250.0,715355000.0,6438611829.0,21.0,18.89,181190000.0,1.382,1.0,606601000.0,0.428,121389000.0,4277000.0,506498000.0,475135000.0,179851000.0,129479000.0,125820000.0,3659000.0,622574000.0,510386000.0,112188000.0,6621690829.0,83521000.0,-12372000.0,-149437000.0,-5377000.0,0.0,-141100000.0,-5210000.0,55338000.0,224772000.0,5059000.0,207427000.0,207427000.0,207427000.0,0.0,0.0,0.146,302487000.0,304114000.0,57054000.0,0.0,9.257,31.923,32.064,117055000.0,0.0,50.34,4.67,4.656,341285000.0,393164000.0,1417832000.0,1417832000.0,85912000.0,0.161,0.314,0.659,0.221,24439000.0,216575000.0,1.0,131539349.0,131138000,135938000.0,10.812,1216540000.0,96823000.0,101250000.0,0.0,9.277,519412000.0
61,VAR,MRT,2005-09-30,2005-09-30,2005-09-30,2021-08-25,-5821000.0,1317402000.0,1252117750.0,1016895000.0,300507000.0,1.104,4.976,-43823000.0,243086000.0,243086000.0,789536000.0,206576000.0,1.87,0.999,60007000.0,2689000.0,57318000.0,60007000.0,96683000.0,27135000.0,0.0,0.0,0.0,313024000.0,340159000.0,0.246,340159000.0,313024000.0,308326000.0,1.56,1.5,1.56,659027000.0,638231250.0,659027000.0,5044957225.0,16.0,14.831,207974000.0,1.57,1.0,593021000.0,0.429,121389000.0,4698000.0,469001000.0,459752250.0,164873000.0,139035000.0,135356000.0,3679000.0,658375000.0,543933000.0,114442000.0,5170228225.0,110216000.0,-12372000.0,-188996000.0,-5340000.0,0.0,-194336000.0,51760000.0,116157000.0,251797000.0,995000.0,206576000.0,206576000.0,206576000.0,0.0,0.0,0.149,288045000.0,304976000.0,71007000.0,0.0,7.845,25.028,25.327,114540000.0,0.0,39.51,3.74,3.785,351899000.0,383667000.0,1382557000.0,1382557000.0,82063000.0,0.165,0.324,0.681,0.226,23106000.0,205982000.0,1.0,130858725.0,132435000,137835000.0,10.44,1196013000.0,95470000.0,101750000.0,0.0,9.031,472962000.0
62,VAR,MRT,2005-06-30,2005-07-01,2005-07-01,2021-08-25,0.0,1246559000.0,1217927250.0,932104000.0,314455000.0,1.101,4.788,-34393000.0,181054000.0,181054000.0,766033000.0,197505000.0,1.791,0.973,55783000.0,2603000.0,53180000.0,55783000.0,0.0,26632000.0,0.0,0.0,0.0,302133000.0,328765000.0,0.245,328765000.0,302133000.0,297165000.0,1.48,1.42,1.48,631666000.0,629515000.0,631666000.0,4722355241.0,16.0,14.364,188023000.0,1.425,1.0,575147000.0,0.429,122240000.0,4968000.0,478500000.0,475571500.0,186262000.0,161561000.0,125212000.0,36349000.0,614893000.0,520548000.0,94345000.0,4888939241.0,62615000.0,-12398000.0,-229783000.0,-5315000.0,0.0,-235098000.0,76226000.0,131166000.0,222416000.0,-929000.0,197505000.0,197505000.0,197505000.0,0.0,0.0,0.147,280536000.0,294611000.0,66398000.0,0.0,7.74,24.753,25.0,98756000.0,0.0,37.0,3.645,3.64,318227000.0,359417000.0,1341180000.0,1341180000.0,78784000.0,0.162,0.314,0.635,0.225,22486000.0,201752000.0,1.0,132133493.0,131933000,136870000.0,10.166,1124319000.0,81130000.0,99660000.0,0.0,8.522,411556000.0
63,VAR,MRT,2005-03-31,2005-04-01,2005-04-01,2021-08-25,0.0,1251248000.0,1196697250.0,944188000.0,307060000.0,1.084,4.792,-28826000.0,227642000.0,227642000.0,743420000.0,189059000.0,1.829,0.962,61058000.0,5351000.0,55707000.0,61058000.0,0.0,26319000.0,0.0,0.0,0.0,291684000.0,318003000.0,0.245,318003000.0,291684000.0,286539000.0,1.4,1.35,1.4,637693000.0,628506000.0,637693000.0,4301190945.0,15.0,13.526,213678000.0,1.606,1.0,554308000.0,0.427,122015000.0,5145000.0,446541000.0,454265000.0,178720000.0,144409000.0,107032000.0,37377000.0,613555000.0,516108000.0,97447000.0,4466197945.0,118363000.0,-12173000.0,-213888000.0,-40000.0,0.0,-213928000.0,91993000.0,139887000.0,242504000.0,-2206000.0,189059000.0,189059000.0,189059000.0,0.0,0.0,0.146,269401000.0,284907000.0,69235000.0,0.0,7.004,23.623,23.886,91886000.0,0.0,33.44,3.442,3.429,314382000.0,357733000.0,1297728000.0,1297728000.0,74627000.0,0.158,0.301,0.642,0.225,25048000.0,194774000.0,1.0,133558551.0,133082000,138427000.0,9.751,1129233000.0,81130000.0,97480000.0,0.0,8.485,428080000.0
64,VAR,MRT,2004-12-31,2004-12-31,2004-12-31,2021-08-25,0.0,1193262000.0,1171346250.0,895828000.0,297434000.0,1.082,4.661,-28463000.0,226089000.0,226089000.0,730870000.0,178710000.0,1.903,0.911,61082000.0,5349000.0,55733000.0,61082000.0,0.0,25602000.0,0.0,0.0,0.0,278958000.0,304560000.0,0.24,304560000.0,278958000.0,274000000.0,1.31,1.27,1.31,624539000.0,625040250.0,624539000.0,5614070799.0,20.0,18.433,188868000.0,1.41,1.0,536644000.0,0.423,112653000.0,4958000.0,444967000.0,452542750.0,163539000.0,138202000.0,98539000.0,39663000.0,568723000.0,470635000.0,98088000.0,5795040799.0,96297000.0,-37007000.0,-183287000.0,-16000.0,0.0,-169846000.0,51466000.0,125349000.0,217331000.0,-2654000.0,178710000.0,178710000.0,178710000.0,0.0,0.0,0.141,263966000.0,272678000.0,57966000.0,0.0,9.279,32.427,33.008,91255000.0,0.0,43.24,4.572,4.571,285064000.0,347982000.0,1267514000.0,1267514000.0,72870000.0,0.153,0.286,0.616,0.22,35935000.0,191096000.0,1.0,134020370.0,133985000,139938000.0,9.46,1080609000.0,81130000.0,95290000.0,0.0,8.065,425193000.0
65,VAR,MRT,2004-09-30,2004-10-01,2004-10-01,2021-08-25,0.0,1180640000.0,1142682750.0,895584000.0,285056000.0,1.081,4.588,-23907000.0,132870000.0,132870000.0,717354000.0,167687000.0,1.941,0.892,58500000.0,5250000.0,53250000.0,58500000.0,0.0,25123000.0,0.0,0.0,0.0,262655000.0,287778000.0,0.233,287778000.0,262655000.0,257987000.0,1.23,1.18,1.23,624162000.0,613816250.0,624162000.0,4493690707.0,17.0,15.615,210003000.0,1.544,1.0,518169000.0,0.419,112653000.0,4668000.0,532278000.0,446798500.0,144389000.0,260048000.0,219078000.0,40970000.0,556478000.0,461339000.0,95139000.0,4705528707.0,53221000.0,-71770000.0,-155708000.0,0.0,0.0,-142251000.0,-35751000.0,66904000.0,233910000.0,-2687000.0,167687000.0,167687000.0,167687000.0,0.0,0.0,0.136,261484000.0,256685000.0,59639000.0,0.0,7.539,28.061,28.163,85377000.0,0.0,34.64,3.809,3.814,288663000.0,357242000.0,1235523000.0,1235523000.0,72106000.0,0.147,0.273,0.588,0.213,35087000.0,189378000.0,1.0,135840898.0,136036000,142215000.0,9.082,1067987000.0,81130000.0,90300000.0,0.0,7.851,434245000.0
66,VAR,MRT,2004-06-30,2004-07-02,2004-07-02,2021-08-25,-3416000.0,1161639000.0,1110894500.0,861505000.0,300134000.0,1.075,4.594,-21695000.0,270338000.0,270338000.0,693812000.0,158830000.0,1.936,0.851,58500000.0,5250000.0,53250000.0,58500000.0,0.0,23610000.0,0.0,0.0,0.0,249037000.0,272647000.0,0.228,272647000.0,249037000.0,244370000.0,1.17,1.13,1.17,627630000.0,598694750.0,627630000.0,5303749480.0,21.0,19.453,216992000.0,1.588,1.0,500141000.0,0.419,111531000.0,4667000.0,393274000.0,421765000.0,133395000.0,143785000.0,83692000.0,60093000.0,534009000.0,444996000.0,89013000.0,5471328480.0,1516000.0,-71879000.0,-108364000.0,0.0,0.0,-94907000.0,-139922000.0,-40780000.0,238687000.0,-2342000.0,158830000.0,158830000.0,158830000.0,0.0,0.0,0.133,257130000.0,243011000.0,54247000.0,0.0,8.717,34.448,34.188,82843000.0,0.0,40.0,4.583,4.577,255969000.0,358292000.0,1193953000.0,1193953000.0,70521000.0,0.143,0.265,0.59,0.209,37161000.0,186609000.0,1.0,136783212.0,136611000,143075000.0,8.74,1050108000.0,0.0,85540000.0,0.0,7.687,416509000.0
67,VAR,MRT,2004-03-31,2004-04-02,2004-04-02,2021-08-25,-3416000.0,1149844000.0,1071715250.0,853415000.0,296429000.0,1.079,4.568,-20758000.0,226079000.0,226079000.0,682113000.0,148267000.0,1.98,0.843,58500000.0,0.0,58500000.0,58500000.0,0.0,22356000.0,0.0,0.0,0.0,232048000.0,254404000.0,0.22,254404000.0,232048000.0,227447000.0,1.1,1.06,1.1,623830000.0,576948500.0,623830000.0,5882256175.0,25.0,23.122,195911000.0,1.435,1.0,474215000.0,0.41,111496000.0,4601000.0,439652000.0,424972250.0,123828000.0,169563000.0,113305000.0,56258000.0,526014000.0,431117000.0,94897000.0,6034347175.0,24969000.0,-71879000.0,-82054000.0,0.0,0.0,-68597000.0,-117018000.0,-17060000.0,216669000.0,-6085000.0,148267000.0,148267000.0,148267000.0,0.0,0.0,0.128,249211000.0,225004000.0,49382000.0,0.0,9.673,40.699,40.018,81345000.0,0.0,44.02,5.219,5.199,269209000.0,356553000.0,1156328000.0,1156328000.0,68679000.0,0.138,0.257,0.546,0.201,38808000.0,180532000.0,1.0,137081944.0,136569000,143301000.0,8.467,1038348000.0,0.0,79180000.0,0.0,7.603,422298000.0
68,VAR,MRT,2003-12-31,2004-01-02,2004-01-02,2021-08-25,-3416000.0,1078608000.0,1028029500.0,815124000.0,263484000.0,1.072,4.261,-20569000.0,210591000.0,210591000.0,654094000.0,138620000.0,1.961,0.861,58500000.0,0.0,58500000.0,58500000.0,0.0,21262000.0,0.0,0.0,0.0,217500000.0,238762000.0,0.217,238762000.0,217500000.0,213030000.0,1.03,0.99,1.03,579643000.0,550807750.0,579643000.0,4594565684.0,21.0,19.243,205377000.0,1.51,1.0,447725000.0,0.406,88760000.0,4470000.0,421990000.0,419511500.0,124574000.0,184938000.0,126336000.0,58602000.0,498965000.0,415767000.0,83198000.0,4746513684.0,7463000.0,-34898000.0,-77950000.0,-58000.0,0.0,-78008000.0,-131776000.0,-68865000.0,225946000.0,-8699000.0,138620000.0,138620000.0,138620000.0,0.0,0.0,0.126,237571000.0,210154000.0,47695000.0,0.0,8.189,34.241,33.874,79965000.0,0.0,34.89,4.308,4.307,231273000.0,342722000.0,1101819000.0,1101819000.0,64409000.0,0.135,0.252,0.518,0.197,32769000.0,173162000.0,1.0,136042238.0,136029000,142121000.0,8.1,989848000.0,0.0,74410000.0,0.0,7.277,399357000.0
69,VAR,MRT,2003-09-30,2003-09-26,2003-09-26,2021-08-25,-3416000.0,1053487000.0,986830750.0,805524000.0,247963000.0,1.055,4.141,-18699000.0,210448000.0,210448000.0,620464000.0,130355000.0,1.967,0.869,58500000.0,0.0,58500000.0,58500000.0,0.0,20314000.0,0.0,0.0,0.0,204938000.0,225252000.0,0.216,225252000.0,204938000.0,200555000.0,0.96,0.92,0.96,563676000.0,527536000.0,563676000.0,3715515210.0,18.0,16.495,191100000.0,1.404,1.0,421093000.0,0.404,59979000.0,4383000.0,432144000.0,413369250.0,116815000.0,196948000.0,112128000.0,84820000.0,489811000.0,409416000.0,80395000.0,3867811210.0,13237000.0,-135000.0,-68445000.0,-58000.0,0.0,-68503000.0,-121047000.0,-96669000.0,209799000.0,-7012000.0,130355000.0,130355000.0,130355000.0,0.0,0.0,0.125,223556000.0,197537000.0,53231000.0,0.0,6.862,29.671,29.505,81172000.0,0.0,28.325,3.713,3.702,252265000.0,341863000.0,1041557000.0,1041557000.0,59176000.0,0.132,0.247,0.496,0.197,29197000.0,164380000.0,1.0,136551146.0,136113000,142153000.0,7.652,993508000.0,87725000.0,70200000.0,0.0,7.299,396108000.0
70,VAR,MRT,2003-06-30,2003-06-27,2003-06-27,2021-08-25,-2530000.0,1004922000.0,951028250.0,774672000.0,230250000.0,1.051,3.964,-19777000.0,210796000.0,210796000.0,600740000.0,121164000.0,2.004,0.859,58500000.0,0.0,58500000.0,58500000.0,0.0,20250000.0,0.0,0.0,0.0,191684000.0,211934000.0,0.212,211934000.0,191684000.0,187214000.0,0.895,0.865,0.895,540645000.0,504817750.0,540645000.0,3896251500.0,20.0,18.384,182231000.0,1.336,1.0,398943000.0,0.399,59979000.0,4470000.0,406103000.0,402951000.0,130518000.0,162640000.0,97008000.0,65632000.0,464277000.0,386544000.0,77733000.0,4015934500.0,48769000.0,-10975000.0,-56361000.0,-116000.0,0.0,-56477000.0,-88907000.0,-52993000.0,202008000.0,-7855000.0,121164000.0,121164000.0,121164000.0,0.0,0.0,0.121,214958000.0,183985000.0,47552000.0,0.0,7.428,33.145,32.86,80448000.0,0.0,29.41,4.017,4.013,228503000.0,327610000.0,999683000.0,999683000.0,55593000.0,0.127,0.24,0.476,0.192,23942000.0,159565000.0,1.0,136549966.0,136396000,142430000.0,7.329,944943000.0,0.0,66050000.0,0.0,6.928,388128000.0
71,VAR,MRT,2003-03-31,2003-03-28,2003-03-28,2021-08-25,-2530000.0,975101000.0,910290500.0,699979000.0,275122000.0,1.044,3.815,-22524000.0,178183000.0,178183000.0,572593000.0,111828000.0,1.854,0.878,58500000.0,0.0,58500000.0,58500000.0,0.0,20434000.0,0.0,0.0,0.0,178074000.0,198508000.0,0.209,198508000.0,178074000.0,173608000.0,0.825,0.795,0.825,519267000.0,483264000.0,519267000.0,3500872613.0,20.0,17.636,165865000.0,1.218,1.0,377708000.0,0.397,59979000.0,4466000.0,417809000.0,395301500.0,126764000.0,177041000.0,64407000.0,112634000.0,455834000.0,377630000.0,78204000.0,3608516613.0,-22980000.0,-11235000.0,-43840000.0,-116000.0,0.0,-43956000.0,-158571000.0,-120921000.0,188389000.0,-8842000.0,111828000.0,111828000.0,111828000.0,0.0,0.0,0.118,206467000.0,171241000.0,44470000.0,0.0,6.949,32.268,32.097,79666000.0,0.0,26.48,3.797,3.793,239469000.0,315211000.0,950301000.0,950301000.0,51865000.0,0.123,0.231,0.45,0.187,26355000.0,154797000.0,1.0,136273286.0,136128000,142138000.0,6.981,915122000.0,0.0,61780000.0,0.0,6.723,322349000.0
72,VAR,MRT,2002-12-31,2002-12-27,2002-12-27,2021-08-25,-2530000.0,913813000.0,869245750.0,643931000.0,269882000.0,1.041,3.585,-24395000.0,166202000.0,166202000.0,548924000.0,101443000.0,1.846,0.878,58558000.0,58000.0,58500000.0,58558000.0,0.0,20236000.0,0.0,0.0,0.0,162612000.0,182848000.0,0.202,182848000.0,162612000.0,158083000.0,0.75,0.725,0.75,486556000.0,460310750.0,486556000.0,3236844177.0,20.0,17.702,140048000.0,1.032,1.0,355744000.0,0.393,59997000.0,4529000.0,397421000.0,368266500.0,135690000.0,154497000.0,46016000.0,108481000.0,427257000.0,348751000.0,78506000.0,3338571177.0,-73324000.0,-14086000.0,-35304000.0,-116000.0,0.0,-35420000.0,-197063000.0,-155314000.0,164443000.0,-5284000.0,101443000.0,101443000.0,101443000.0,0.0,0.0,0.112,199361000.0,156383000.0,38789000.0,0.0,6.862,32.911,32.753,79311000.0,0.0,24.565,3.69,3.686,207427000.0,298955000.0,904668000.0,904668000.0,49701000.0,0.117,0.22,0.442,0.18,21617000.0,149854000.0,1.0,135907640.0,135734000,141890000.0,6.665,853816000.0,0.0,56640000.0,0.0,6.29,295180000.0
73,VAR,MRT,2002-09-30,2002-09-27,2002-09-27,2021-08-25,-2530000.0,910277000.0,833172250.0,651359000.0,258918000.0,1.048,3.494,-25470000.0,160285000.0,160285000.0,533777000.0,93609000.0,1.819,0.925,58558000.0,58000.0,58500000.0,58558000.0,0.0,19849000.0,0.0,0.0,0.0,150745000.0,170594000.0,0.195,170594000.0,150745000.0,146259000.0,0.69,0.67,0.69,472803000.0,439004250.0,472803000.0,2869593726.0,19.0,16.821,130567000.0,0.965,1.0,339315000.0,0.389,59996000.0,4486000.0,390471000.0,343535750.0,123815000.0,138564000.0,41035000.0,97529000.0,437474000.0,358083000.0,79391000.0,2973004726.0,-58676000.0,-14086000.0,-31132000.0,-116000.0,0.0,-31248000.0,-181850000.0,-139110000.0,156037000.0,-1615000.0,93609000.0,93609000.0,93609000.0,0.0,0.0,0.107,194338000.0,144977000.0,45776000.0,0.0,6.288,31.76,31.652,82140000.0,0.0,21.84,3.405,3.385,237345000.0,292455000.0,873092000.0,873092000.0,48442000.0,0.112,0.213,0.439,0.173,18460000.0,146088000.0,1.0,136126590.0,135327000,140477000.0,6.452,850281000.0,0.0,52650000.0,0.0,6.283,293276000.0
74,VAR,MRT,2002-06-30,2002-06-28,2002-06-28,2021-08-25,0.0,841971000.0,795402750.0,612703000.0,229268000.0,1.053,3.348,-22894000.0,162027000.0,162027000.0,519377000.0,82893000.0,1.973,0.853,58616000.0,116000.0,58500000.0,58616000.0,0.0,37576000.0,0.0,0.0,0.0,133807000.0,171383000.0,0.205,171383000.0,133807000.0,129433000.0,0.615,0.59,0.615,454430000.0,419402500.0,454430000.0,2614162798.0,20.0,15.253,116408000.0,0.858,1.0,318409000.0,0.38,52462000.0,4374000.0,375505000.0,311840000.0,134072000.0,110919000.0,29990000.0,80929000.0,387541000.0,310593000.0,76948000.0,2756709798.0,-20461000.0,-3111000.0,-15820000.0,-116000.0,0.0,-15936000.0,-140237000.0,-111157000.0,139302000.0,-3590000.0,82893000.0,82893000.0,82893000.0,0.0,0.0,0.099,185262000.0,133147000.0,41297000.0,0.0,6.066,33.256,32.967,79992000.0,0.0,20.275,3.29,3.285,221265000.0,273793000.0,837786000.0,837786000.0,45734000.0,0.104,0.198,0.429,0.16,47125000.0,139468000.0,1.0,135965958.0,135752000,141736000.0,6.171,789509000.0,0.0,46540000.0,0.0,5.816,302110000.0
75,VAR,MRT,2002-03-31,2002-03-29,2002-03-29,2021-08-25,0.0,810922000.0,760990500.0,618549000.0,192373000.0,1.062,3.169,-16955000.0,201163000.0,201163000.0,504829000.0,77456000.0,2.02,0.897,58616000.0,116000.0,58500000.0,58616000.0,0.0,32315000.0,0.0,0.0,0.0,126018000.0,158333000.0,0.196,158333000.0,126018000.0,121746000.0,0.575,0.555,0.575,427454000.0,400524750.0,427454000.0,2574908527.0,20.0,16.263,110085000.0,0.816,1.0,303046000.0,0.375,52431000.0,4272000.0,309669000.0,301866250.0,122151000.0,57179000.0,9986000.0,47193000.0,383468000.0,306275000.0,77193000.0,2755760527.0,49506000.0,-2851000.0,2168000.0,-312000.0,0.0,1856000.0,-80861000.0,-57233000.0,127040000.0,1471000.0,77456000.0,77456000.0,77456000.0,0.0,0.0,0.096,177964000.0,125082000.0,43510000.0,0.0,6.447,35.578,35.565,76857000.0,0.0,20.45,3.411,3.414,218762000.0,261321000.0,807875000.0,807875000.0,44639000.0,0.102,0.193,0.417,0.156,37845000.0,134069000.0,1.0,134756016.0,134866000,140744000.0,5.99,758491000.0,0.0,44290000.0,0.0,5.624,312274000.0
76,VAR,MRT,2001-12-31,2001-12-28,2001-12-28,2021-08-25,0.0,769519000.0,725931000.0,628553000.0,140966000.0,1.085,2.979,-15083000.0,239526000.0,239526000.0,493096000.0,71636000.0,2.166,0.917,58674000.0,174000.0,58500000.0,58674000.0,0.0,27564000.0,0.0,0.0,0.0,117143000.0,144707000.0,0.184,144707000.0,117143000.0,112926000.0,0.535,0.515,0.535,401330000.0,377779500.0,401330000.0,2225319322.0,19.0,15.378,120878000.0,0.897,1.0,294323000.0,0.374,0.0,4217000.0,298498000.0,305495250.0,123930000.0,0.0,0.0,0.0,368189000.0,290169000.0,78020000.0,2385606322.0,135961000.0,571000.0,16643000.0,-274000.0,0.0,16369000.0,-17684000.0,0.0,135961000.0,1315000.0,71636000.0,71636000.0,71636000.0,0.0,0.0,0.091,178502000.0,115821000.0,43471000.0,0.0,5.944,33.302,33.294,74531000.0,0.0,17.812,3.03,3.047,205123000.0,244404000.0,787419000.0,787419000.0,43539000.0,0.099,0.19,0.383,0.149,33725000.0,135433000.0,1.0,133928776.0,134716000,140184000.0,5.845,769519000.0,0.0,41290000.0,0.0,5.712,338384000.0
77,VAR,MRT,2001-09-30,2001-09-28,2001-09-28,2021-08-25,0.0,759199000.0,690638250.0,619503000.0,139696000.0,1.12,2.993,-16485000.0,218961000.0,218961000.0,486610000.0,54250000.0,2.171,0.925,58674000.0,174000.0,58500000.0,58674000.0,0.0,22882000.0,0.0,0.0,0.0,97452000.0,120334000.0,0.156,120334000.0,97452000.0,93320000.0,0.41,0.395,0.41,394396000.0,352446250.0,394396000.0,2035495023.0,21.0,16.915,101951000.0,0.774,1.0,287033000.0,0.371,49870000.0,4132000.0,263688000.0,314929500.0,111777000.0,0.0,0.0,0.0,364803000.0,285354000.0,79449000.0,2159251023.0,135640000.0,571000.0,38186000.0,-442000.0,0.0,37744000.0,-18807000.0,0.0,118436000.0,-1733000.0,54250000.0,54250000.0,54250000.0,0.0,0.0,0.07,177142000.0,109891000.0,44839000.0,0.0,5.475,39.802,39.116,75826000.0,0.0,16.038,2.791,2.731,227794000.0,239124000.0,773643000.0,773643000.0,43596000.0,0.079,0.154,0.309,0.126,31601000.0,133981000.0,1.0,134637632.0,131754000,136914000.0,5.872,709329000.0,0.0,39070000.0,0.0,5.384,334149000.0
78,VAR,MRT,2001-06-30,2001-06-29,2001-06-29,2021-08-25,0.0,704322000.0,651476000.0,556631000.0,147691000.0,1.16,2.843,-15509000.0,182488000.0,182488000.0,471748000.0,54579000.0,2.272,0.859,58732000.0,232000.0,58500000.0,58732000.0,0.0,5771000.0,0.0,0.0,0.0,99025000.0,104796000.0,0.139,104796000.0,99025000.0,94795000.0,0.415,0.405,0.415,378919000.0,321437000.0,378919000.0,2281951308.0,23.0,21.775,111735000.0,0.838,1.0,283825000.0,0.376,0.0,4230000.0,335610000.0,331119750.0,116402000.0,0.0,0.0,0.0,325403000.0,244956000.0,80447000.0,2374680308.0,153318000.0,571000.0,44504000.0,-494000.0,0.0,44010000.0,-21269000.0,0.0,127244000.0,3333000.0,54579000.0,54579000.0,54579000.0,0.0,0.0,0.072,177306000.0,106519000.0,44899000.0,0.0,6.267,43.509,43.072,76797000.0,0.0,17.875,3.143,3.153,210200000.0,232239000.0,755573000.0,755573000.0,43497000.0,0.084,0.17,0.299,0.131,2015000.0,132030000.0,1.0,132849248.0,133280000,139060000.0,5.669,704322000.0,0.0,40216000.0,0.0,5.285,311675000.0
79,VAR,MRT,2001-03-31,2001-03-30,2001-03-30,2021-08-25,0.0,670684000.0,613324000.0,520024000.0,150660000.0,1.207,2.57,-16354000.0,151657000.0,151657000.0,462746000.0,51224000.0,2.049,0.993,58928000.0,428000.0,58500000.0,58928000.0,0.0,11122000.0,0.0,0.0,0.0,94052000.0,105174000.0,0.142,105174000.0,94052000.0,89720000.0,0.398,0.387,0.398,336473000.0,286402500.0,336473000.0,1948671845.0,21.0,18.528,96397000.0,0.736,1.0,277327000.0,0.375,0.0,4332000.0,324185000.0,335218250.0,109890000.0,0.0,0.0,0.0,334211000.0,253770000.0,80441000.0,1993288845.0,129170000.0,571000.0,39273000.0,-5084000.0,0.0,34189000.0,-21125000.0,0.0,112751000.0,3355000.0,51224000.0,51224000.0,51224000.0,0.0,0.0,0.069,174386000.0,102941000.0,45130000.0,0.0,5.924,38.913,38.191,79405000.0,0.0,15.2,2.693,2.689,207569000.0,212717000.0,740073000.0,740073000.0,42478000.0,0.084,0.179,0.281,0.127,5557000.0,129392000.0,1.0,131137424.0,130922000,137578000.0,5.653,670684000.0,0.0,38496000.0,0.0,5.123,266254000.0
80,VAR,MRT,2000-12-31,2000-12-29,2000-12-29,2021-08-25,0.0,628348000.0,581780750.0,475270000.0,153078000.0,1.22,2.336,-16841000.0,103565000.0,103565000.0,446744000.0,43622000.0,1.92,1.095,58948000.0,448000.0,58500000.0,58948000.0,0.0,16578000.0,0.0,0.0,0.0,82243000.0,98821000.0,0.139,98821000.0,82243000.0,77668000.0,0.345,0.337,0.345,299997000.0,255659750.0,299997000.0,2172037775.0,26.0,21.98,72600000.0,0.565,1.0,263057000.0,0.371,0.0,4575000.0,336235000.0,338692750.0,109778000.0,0.0,0.0,0.0,328351000.0,247496000.0,80855000.0,2196242775.0,84271000.0,0.0,34915000.0,-20137000.0,0.0,14778000.0,-23929000.0,0.0,89441000.0,3981000.0,43622000.0,43622000.0,43622000.0,0.0,0.0,0.061,170562000.0,92495000.0,51593000.0,0.0,7.321,50.347,49.232,79774000.0,0.0,16.985,3.094,3.073,212015000.0,197168000.0,709801000.0,709801000.0,42996000.0,0.075,0.171,0.243,0.116,7693000.0,125325000.0,1.0,129304844.0,128426000,134578000.0,5.527,628348000.0,0.0,34046000.0,0.0,4.893,227774000.0
81,VAR,MRT,2000-09-30,2000-09-29,2000-09-29,2021-08-25,0.0,602550000.0,553932500.0,450588000.0,151962000.0,1.245,2.173,-17448000.0,83321000.0,83321000.0,432603000.0,53049000.0,1.803,1.229,59116000.0,616000.0,58500000.0,59116000.0,0.0,21956000.0,0.0,0.0,0.0,90036000.0,111992000.0,0.162,111992000.0,90036000.0,84875000.0,0.425,0.41,0.425,270359000.0,228827250.0,270359000.0,1457584511.0,16.0,13.015,66391000.0,0.534,1.0,257097000.0,0.373,0.0,5161000.0,328449000.0,338630750.0,92482000.0,0.0,0.0,0.0,332191000.0,249896000.0,82295000.0,1427528511.0,58195000.0,0.0,23730000.0,-34971000.0,0.0,-11241000.0,-21572000.0,0.0,83839000.0,7169000.0,53049000.0,53049000.0,53049000.0,0.0,0.0,0.077,169394000.0,87703000.0,41351000.0,0.0,5.28,26.91,26.582,80099000.0,0.0,11.297,2.07,2.038,226442000.0,187721000.0,689700000.0,689700000.0,42083000.0,0.096,0.232,0.266,0.131,8160000.0,125107000.0,1.0,126357912.0,124414000,129726000.0,5.544,602550000.0,0.0,31826000.0,0.0,4.843,200692000.0
82,VAR,MRT,2000-06-30,2000-06-30,2000-06-30,2021-08-25,0.0,551714000.0,538090750.0,396356000.0,155358000.0,1.251,1.908,-7180000.0,29170000.0,29170000.0,423401000.0,42193000.0,1.725,1.311,59226000.0,726000.0,58500000.0,59226000.0,0.0,21666000.0,0.0,0.0,0.0,84998000.0,106664000.0,0.158,106664000.0,84998000.0,78684000.0,0.343,0.338,0.343,238781000.0,207485250.0,238781000.0,1263417945.0,15.0,11.845,40335000.0,0.322,1.0,249978000.0,0.371,0.0,6314000.0,352004000.0,341104000.0,101003000.0,0.0,0.0,0.0,312933000.0,229766000.0,83167000.0,1221892945.0,2967000.0,-75000.0,12891000.0,-50136000.0,0.0,-41539000.0,-5140000.0,0.0,47515000.0,2131000.0,42193000.0,42193000.0,42193000.0,1326000.0,0.0,0.063,164452000.0,85526000.0,32774000.0,0.0,5.117,28.96,28.52,80852000.0,0.0,9.783,1.815,1.818,220610000.0,163938000.0,673379000.0,673379000.0,41855000.0,0.078,0.203,0.249,0.126,14162000.0,124350000.0,1.0,124906000.0,125148000,131496000.0,5.381,551714000.0,0.0,36491000.0,0.0,4.408,166590000.0
83,VAR,MRT,2000-03-31,2000-03-31,2000-03-31,2021-08-25,0.0,544511000.0,530477250.0,386809000.0,157702000.0,1.22,1.727,-10441000.0,22487000.0,22487000.0,407968000.0,34702000.0,1.56,1.55,64012000.0,5512000.0,58500000.0,64012000.0,0.0,22056000.0,0.0,0.0,0.0,78015000.0,100071000.0,0.155,100071000.0,78015000.0,71233000.0,0.285,0.282,0.285,213502000.0,189352000.0,213502000.0,1468981514.0,19.0,14.679,43586000.0,0.353,1.0,239251000.0,0.37,0.0,6782000.0,338083000.0,337063750.0,99385000.0,0.0,0.0,0.0,331009000.0,247953000.0,83056000.0,1409190514.0,17485000.0,-5275000.0,5398000.0,-29481000.0,-21000.0,-28377000.0,-11996000.0,0.0,54027000.0,3831000.0,34702000.0,34702000.0,34702000.0,1326000.0,0.0,0.054,160484000.0,78767000.0,39448000.0,0.0,6.6,40.608,40.026,82017000.0,0.0,11.408,2.177,2.178,218729000.0,149820000.0,647219000.0,647219000.0,41077000.0,0.065,0.183,0.231,0.121,10620000.0,120728000.0,1.0,123531932.0,123596000,130080000.0,5.237,544511000.0,0.0,36531000.0,0.0,4.406,138856000.0
84,VAR,MRT,1999-12-31,1999-12-31,1999-12-31,2021-08-25,0.0,516955000.0,518953750.0,361098000.0,155857000.0,1.208,1.573,16718000.0,19294000.0,19294000.0,399153000.0,-16573000.0,1.5,1.683,79085000.0,20585000.0,58500000.0,79085000.0,0.0,42776000.0,0.0,0.0,0.0,8185000.0,50961000.0,0.081,50961000.0,8185000.0,-622000.0,-0.138,-0.138,-0.138,192667000.0,177744500.0,192667000.0,983559166.0,120.0,19.3,-1790000.0,-0.015,1.0,227573000.0,0.363,0.0,8807000.0,335987000.0,338042750.0,92751000.0,0.0,0.0,0.0,324288000.0,240759000.0,83529000.0,914598166.0,-112237000.0,-5699000.0,11270000.0,-9599000.0,-2991000.0,-115676000.0,15266000.0,0.0,-18508000.0,6681000.0,-16573000.0,-16573000.0,-16573000.0,32102000.0,0.0,-0.026,189636000.0,37937000.0,36497000.0,0.0,4.747,-55.186,-54.004,79738000.0,0.0,7.452,1.459,1.457,200117000.0,139471000.0,626726000.0,626726000.0,40729000.0,-0.032,-0.093,0.024,0.013,8484000.0,122798000.0,1.0,122723672.0,122500000,125440000.0,5.116,516955000.0,0.0,15951000.0,0.0,4.22,120339000.0
85,VAR,MRT,1999-09-30,1999-10-01,1999-10-01,2021-08-25,0.0,539183000.0,683192000.0,382246000.0,156937000.0,0.864,1.53,14858000.0,25126000.0,25126000.0,380435000.0,-24238000.0,1.417,1.915,94087000.0,35587000.0,58500000.0,94087000.0,0.0,37398000.0,0.0,0.005,0.025,-4237000.0,33161000.0,0.056,33161000.0,-4237000.0,-14217000.0,-0.2,-0.198,-0.2,184991000.0,268556750.0,184991000.0,753079721.0,-178.0,22.71,-16020000.0,-0.133,1.0,210005000.0,0.356,0.0,9980000.0,338342000.0,435731000.0,78324000.0,0.0,0.0,0.0,354192000.0,269802000.0,84390000.0,669920721.0,-124541000.0,-5849000.0,12988000.0,-885000.0,-2991000.0,-107369000.0,12860000.0,0.0,-30878000.0,846000.0,-24238000.0,-24238000.0,-24238000.0,32456000.0,0.0,-0.041,185694000.0,24311000.0,40141000.0,-0.125,3.621,-27.639,-27.425,80248000.0,0.0,5.485,1.135,1.123,233785000.0,134243000.0,590440000.0,590440000.0,39895000.0,-0.035,-0.09,-0.01,-0.007,8017000.0,116131000.0,1.0,122136868.0,120876000,122108000.0,4.885,539183000.0,0.0,10021000.0,0.0,4.461,112444000.0
86,VAR,MRT,1999-06-30,1999-07-02,1999-07-02,2021-08-25,0.0,521260000.0,852970000.0,371922000.0,149338000.0,0.678,1.366,-7043000.0,26203000.0,26203000.0,370198000.0,-24161000.0,1.385,2.135,109362000.0,50862000.0,58500000.0,109362000.0,0.0,79573000.0,0.0,0.008,0.05,-12156000.0,67417000.0,0.117,67417000.0,-12156000.0,-26387000.0,-0.198,-0.2,-0.198,166248000.0,361695250.0,166248000.0,824418338.0,-68.0,12.229,8086000.0,0.066,1.0,208060000.0,0.36,0.0,14231000.0,335843000.0,531563250.0,92912000.0,0.0,0.0,0.0,355012000.0,268576000.0,86436000.0,735927338.0,-124944000.0,-60696000.0,15776000.0,24539000.0,-17339000.0,-77739000.0,-66668000.0,0.0,15129000.0,4334000.0,-24161000.0,-24161000.0,-24161000.0,35672000.0,0.0,-0.042,194708000.0,13352000.0,33355000.0,-0.253,4.427,-30.459,-30.543,74117000.0,0.0,6.048,1.273,1.273,182162000.0,135816000.0,578258000.0,578258000.0,39579000.0,-0.028,-0.067,-0.023,-0.021,5321000.0,123770000.0,1.0,121691168.0,121700000,122268000.0,4.752,521260000.0,0.0,-2226000.0,0.0,4.283,103346000.0
87,VAR,MRT,1999-03-31,1999-04-02,1999-04-02,2021-08-25,0.0,498417000.0,1013211750.0,355884000.0,142533000.0,0.558,1.387,-10959000.0,5002000.0,5002000.0,363070000.0,-12234000.0,1.453,1.983,93493000.0,34993000.0,58500000.0,93493000.0,0.0,73832000.0,0.0,0.008,0.075,-6361000.0,67471000.0,0.119,67471000.0,-6361000.0,-19645000.0,-0.098,-0.1,-0.098,167072000.0,456337250.0,167072000.0,1182797750.0,-186.0,17.53,35745000.0,0.297,1.0,202180000.0,0.358,0.0,13284000.0,341999000.0,621961250.0,92538000.0,0.0,0.0,0.0,331345000.0,244909000.0,86436000.0,1161918750.0,-80348000.0,-59096000.0,13063000.0,47819000.0,-17318000.0,-60245000.0,-68667000.0,0.0,46704000.0,1860000.0,-12234000.0,-12234000.0,-12234000.0,25949000.0,0.0,-0.022,192623000.0,9557000.0,34870000.0,-0.765,6.955,-94.975,-98.852,72228000.0,0.0,9.688,2.056,2.064,193559000.0,136649000.0,565250000.0,565250000.0,38308000.0,-0.012,-0.027,-0.01,-0.011,5321000.0,123326000.0,1.0,119940000.0,120456000,120456000.0,4.693,498417000.0,0.0,-7411000.0,0.0,4.138,110975000.0
88,VAR,MRT,1998-12-31,1999-01-01,1999-01-01,2021-08-25,0.0,1173908000.0,1166285000.0,802567000.0,371341000.0,0.469,4.656,-42428000.0,131531000.0,131531000.0,352614000.0,51696000.0,1.715,1.112,152410000.0,46246000.0,106164000.0,152410000.0,0.0,47656000.0,0.0,0.011,0.1,71576000.0,119232000.0,0.218,119232000.0,71576000.0,60328000.0,0.435,0.428,0.435,555916000.0,547544750.0,555916000.0,1141220231.0,16.0,9.571,74184000.0,0.621,1.0,194863000.0,0.356,0.0,11248000.0,726740000.0,703707500.0,221397000.0,0.0,0.0,0.0,617992000.0,468047000.0,149945000.0,1132955231.0,45886000.0,-68348000.0,-12753000.0,62095000.0,-14348000.0,38267000.0,-107950000.0,0.0,116612000.0,-1043000.0,51696000.0,51696000.0,51696000.0,-23355000.0,0.0,0.094,154686000.0,40177000.0,43159000.0,0.23,2.038,21.916,21.77,210778000.0,0.0,9.47,2.069,2.065,352462000.0,526007000.0,547477000.0,547477000.0,38650000.0,0.044,0.094,0.102,0.131,5321000.0,112477000.0,1.0,119636244.0,119392000,119392000.0,4.586,1173908000.0,0.0,8632000.0,0.0,9.832,334520000.0
89,VAR,MRT,1998-09-30,1998-10-02,1998-10-02,2021-08-25,0.0,1218295000.0,1139373000.0,839781000.0,378514000.0,0.475,4.66,-44633000.0,149667000.0,149667000.0,346298000.0,73840000.0,1.663,1.185,157932000.0,46842000.0,111090000.0,157932000.0,0.0,47656000.0,0.0,0.011,0.098,92494000.0,140150000.0,0.259,140150000.0,92494000.0,83659000.0,0.618,0.608,0.618,557545000.0,539437250.0,557545000.0,1018592020.0,11.0,7.268,83120000.0,0.695,1.0,195163000.0,0.36,0.0,8835000.0,721671000.0,682680000.0,204464000.0,0.0,0.0,0.0,660750000.0,504889000.0,155861000.0,1022083020.0,7369000.0,-105470000.0,-34544000.0,65528000.0,-14348000.0,19328000.0,-143068000.0,0.0,127753000.0,3356000.0,73840000.0,73840000.0,73840000.0,-47696000.0,0.0,0.136,156783000.0,38380000.0,76166000.0,0.159,1.833,13.842,13.908,214222000.0,0.0,8.595,1.888,1.899,392596000.0,527802000.0,541461000.0,541461000.0,39255000.0,0.065,0.137,0.135,0.171,5321000.0,117528000.0,1.0,118916000.0,119640000,121676000.0,4.526,1218295000.0,0.0,9819000.0,0.0,10.183,334892000.0
90,VAR,MRT,1998-06-30,1998-07-03,1998-07-03,2021-08-25,0.0,1162227000.0,1110882500.0,832136000.0,330091000.0,0.056,4.567,-42821000.0,151147000.0,151147000.0,47815000.0,94147000.0,1.804,1.133,147656000.0,36566000.0,111090000.0,147656000.0,0.0,49263000.0,0.0,0.01,0.095,79374000.0,128637000.0,2.071,128637000.0,79374000.0,74178000.0,0.785,0.762,0.785,544816000.0,531195250.0,544816000.0,1163797350.0,15.0,9.047,20021000.0,0.168,1.0,14311000.0,0.23,0.0,5196000.0,697435000.0,649657000.0,208896000.0,0.0,0.0,0.0,617411000.0,461301000.0,156110000.0,1140544350.0,-23565000.0,-48218000.0,-45967000.0,54446000.0,-10399000.0,-2940000.0,-86899000.0,0.0,62842000.0,3432000.0,94147000.0,94147000.0,94147000.0,-123842000.0,0.0,1.515,11394000.0,2917000.0,67901000.0,0.121,2.093,12.115,12.162,198986000.0,0.0,9.547,18.359,18.334,365873000.0,515023000.0,62126000.0,62126000.0,-6968000.0,0.085,0.177,0.122,1.278,0.0,18362000.0,1.0,119460000.0,119300000,121176000.0,0.521,1162227000.0,0.0,-19969000.0,7068000.0,9.742,370835000.0
91,VAR,MRT,1998-03-31,1998-04-03,1998-04-03,2021-08-25,0.0,1110710000.0,,781146000.0,329564000.0,,4.437,-46462000.0,85350000.0,85350000.0,189223000.0,128101000.0,1.68,1.088,108603000.0,41513000.0,67090000.0,108603000.0,0.0,49263000.0,0.0,0.007,0.092,139978000.0,189241000.0,0.651,189241000.0,139978000.0,133097000.0,1.062,1.03,1.062,531902000.0,,531902000.0,1662180000.0,12.0,8.783,-2841000.0,-0.024,1.0,101303000.0,0.349,0.0,6881000.0,668984000.0,,205871000.0,0.0,0.0,0.0,578808000.0,464979000.0,113829000.0,1658826000.0,-544000.0,89977000.0,-58596000.0,-15209000.0,-10399000.0,-84882000.0,38483000.0,0.0,43621000.0,2234000.0,128101000.0,128101000.0,128101000.0,-114119000.0,0.0,0.441,80019000.0,21284000.0,68088000.0,0.087,3.119,12.949,13.006,199408000.0,0.0,13.812,5.71,5.7,389069000.0,502051000.0,290526000.0,290526000.0,14398000.0,,,,0.482,0.0,65621000.0,1.0,120096000.0,119884000,122456000.0,2.423,1110710000.0,0.0,4996000.0,7051000.0,9.265,316167000.0
92,VAR,MRT,1997-12-31,1998-01-02,1998-01-02,2021-08-25,0.0,1066260000.0,,740456000.0,325804000.0,,4.35,-46631000.0,85645000.0,85645000.0,314009000.0,122446000.0,1.734,1.037,88999000.0,21909000.0,67090000.0,88999000.0,0.0,49263000.0,0.0,0.007,0.09,142668000.0,191931000.0,0.386,191931000.0,142668000.0,135099000.0,1.012,0.98,1.012,523486000.0,,523486000.0,,,,-423000.0,-0.004,1.0,183175000.0,0.368,0.0,7569000.0,642630000.0,,192549000.0,0.0,0.0,0.0,542774000.0,426984000.0,115790000.0,1501200000.0,8746000.0,99297000.0,-63042000.0,-13571000.0,-10399000.0,-87503000.0,45994000.0,0.0,46208000.0,4047000.0,122446000.0,122446000.0,122446000.0,-95591000.0,0.0,0.246,141233000.0,41942000.0,59636000.0,0.089,2.868,12.26,12.352,194060000.0,0.0,12.5,3.019,3.026,363647000.0,493461000.0,497184000.0,497184000.0,32149000.0,,,,0.287,0.0,109084000.0,1.0,120096000.0,120344000,123736000.0,4.131,1066260000.0,0.0,12653000.0,6448000.0,8.86,313472000.0
93,VAR,MRT,1997-09-30,1997-09-26,1997-09-26,2021-08-25,0.0,1104333000.0,,813470000.0,290863000.0,,4.307,-52867000.0,142298000.0,142298000.0,310682000.0,115560000.0,1.752,1.105,91854000.0,18668000.0,73186000.0,91854000.0,0.0,49263000.0,0.0,0.006,0.088,132526000.0,181789000.0,0.383,181789000.0,132526000.0,124743000.0,0.948,0.917,0.948,524577000.0,,524577000.0,,,,-7928000.0,-0.065,1.0,163618000.0,0.345,0.0,7783000.0,589579000.0,,159598000.0,0.0,0.0,0.0,579756000.0,464310000.0,115446000.0,,59623000.0,111228000.0,-56547000.0,27234000.0,-10399000.0,-39957000.0,49676000.0,0.0,44939000.0,4965000.0,115560000.0,115560000.0,115560000.0,-95591000.0,0.0,0.244,131287000.0,32331000.0,83771000.0,0.093,,,15.923,195639000.0,0.0,15.095,,3.877,418978000.0,494469000.0,474300000.0,474300000.0,31211000.0,,,,0.279,0.0,100076000.0,1.0,,121804000,125784000.0,3.894,1104333000.0,0.0,9183000.0,6508000.0,9.066,349160000.0
94,VAR,MRT,1997-06-30,1997-06-27,1997-06-27,2021-08-25,,,,,,,,,,,,,,,,,,,,,,0.006,0.085,,,,,,,,,,,,,,,,,,1.0,,,,,,,,,,,,,,,,,,,,,,,,,,,,,,,,,,,,,,,,13.625,,,,,,,,,,,,,,1.0,,121532000,,,,,,,,
95,VAR,MRT,1997-03-31,1997-03-28,1997-03-28,2021-08-25,,,,,,,,,,,,,,,,,,,,,,0.006,0.083,,,,,,,,,,,,,,,,,,1.0,,,,,,,,,,,,,,,,,,,,,,,,,,,,,,,,,,,,,,,,14.125,,,,,,,,,,,,,,1.0,,122128000,,,,,,,,
96,VAR,MRT,1996-12-31,1996-12-27,1996-12-27,2021-08-25,,,,,,,,,,,,,,,,,,,,,,0.006,0.08,,,,,,,,,,,,,,,,,,1.0,,,,,,,,,,,,,,,,,,,,,,,,,,,,,,,,,,,,,,,,12.53,,,,,,,,,,,,,,1.0,,122808000,,,,,,,,
97,VAR,MRT,1996-09-30,1996-10-02,1996-10-02,2021-08-25,,,,,,,,-62955000.0,,,995668000.0,122063000.0,,,,,,,,42918000.0,,0.007,0.077,195618000.0,238536000.0,0.149,238536000.0,195618000.0,189243000.0,0.983,0.953,0.983,,,,,,,24482000.0,0.197,1.0,603693000.0,0.377,,6375000.0,,,,,,,,,,,-40053000.0,-4396000.0,-49544000.0,2536000.0,-9341000.0,-56631000.0,-73350000.0,0.0,87437000.0,2491000.0,122063000.0,122063000.0,122063000.0,0.0,0.0,0.076,413601000.0,190092000.0,,0.078,,,11.729,,0.0,11.53,,0.895,,,1599361000.0,1599361000.0,110140000.0,,,,0.122,0.0,303461000.0,1.0,,124096000,128300000.0,12.888,,,67180000.0,,,
