None,ticker,dimension,calendardate,datekey,reportperiod,lastupdated,accoci,assets,assetsavg,assetsc,assetsnc,assetturnover,bvps,capex,cashneq,cashnequsd,cor,consolinc,currentratio,de,debt,debtc,debtnc,debtusd,deferredrev,depamor,deposits,divyield,dps,ebit,ebitda,ebitdamargin,ebitdausd,ebitusd,ebt,eps,epsdil,epsusd,equity,equityavg,equityusd,ev,evebit,evebitda,fcf,fcfps,fxusd,gp,grossmargin,intangibles,intexp,invcap,invcapavg,inventory,investments,investmentsc,investmentsnc,liabilities,liabilitiesc,liabilitiesnc,marketcap,ncf,ncfbus,ncfcommon,ncfdebt,ncfdiv,ncff,ncfi,ncfinv,ncfo,ncfx,netinc,netinccmn,netinccmnusd,netincdis,netincnci,netmargin,opex,opinc,payables,payoutratio,pb,pe,pe1,ppnenet,prefdivis,price,ps,ps1,receivables,retearn,revenue,revenueusd,rnd,roa,roe,roic,ros,sbcomp,sgna,sharefactor,sharesbas,shareswa,shareswadil,sps,tangibles,taxassets,taxexp,taxliabilities,tbvps,workingcapital
0,MOLX,MRY,2013-12-31,2013-06-30,2013-06-30,2021-09-14,253248000.0,3586854000.0,3664788750.0,2043884000.0,1542970000.0,0.988,14.232,-247575000.0,711561000.0,711561000.0,2557333000.0,243623000.0,3.101,0.422,364283000.0,54283000.0,310000000.0,364283000.0,0.0,234885000.0,0.0,0.031,0.9,353035000.0,587920000.0,0.162,587920000.0,353035000.0,348475000.0,1.37,1.36,1.37,2523163000.0,2524989500.0,2523163000.0,4914601811.0,14.0,8.359,134977000.0,0.761,1.0,1063114000.0,0.294,191053000.0,4560000.0,2389489000.0,2338024000.0,531810000.0,10378000.0,10378000.0,0.0,1063691000.0,659034000.0,404657000.0,5213662811.0,74144000.0,-55299000.0,14482000.0,121149000.0,-155791000.0,-24492000.0,-287166000.0,4014000.0,382552000.0,3250000.0,243623000.0,243623000.0,243623000.0,0.0,0.0,0.067,710980000.0,352134000.0,347700000.0,0.657,2.066,21.401,21.416,1114092000.0,0.0,29.34,1.44,1.437,703434000.0,2623868000.0,3620447000.0,3620447000.0,0.0,0.066,0.096,0.151,0.098,29237000.0,685582000.0,1.0,177698119.0,177290000,179328000.0,20.421,3395801000.0,106706000.0,104852000.0,15966000.0,19.154,1384850000.0
1,MOLX,MRY,2012-12-31,2012-06-30,2012-06-30,2021-09-14,286395000.0,3611503000.0,3581453000.0,2079238000.0,1532265000.0,0.974,13.843,-223657000.0,637417000.0,637417000.0,2420726000.0,281377000.0,2.331,0.482,254965000.0,104933000.0,150032000.0,254965000.0,0.0,236974000.0,0.0,0.034,0.82,405627000.0,642601000.0,0.184,642601000.0,405627000.0,400267000.0,1.6,1.59,1.6,2436125000.0,2405370500.0,2436125000.0,3869317562.0,10.0,6.021,350062000.0,1.989,1.0,1068463000.0,0.306,160986000.0,5360000.0,2176069000.0,2218018250.0,531825000.0,14830000.0,14830000.0,0.0,1175378000.0,891996000.0,283382000.0,4222022562.0,104818000.0,-24000000.0,7873000.0,-89323000.0,-140638000.0,-226282000.0,-227695000.0,-2438000.0,573719000.0,-14924000.0,281377000.0,281377000.0,281377000.0,0.0,0.0,0.081,668991000.0,399472000.0,355491000.0,0.512,1.733,15.005,14.963,1150549000.0,0.0,23.94,1.21,1.207,751279000.0,2539931000.0,3489189000.0,3489189000.0,0.0,0.079,0.117,0.183,0.116,23335000.0,657732000.0,1.0,176358503.0,175980000,177382000.0,19.827,3450517000.0,160827000.0,118890000.0,35360000.0,19.607,1187242000.0
2,MOLX,MRY,2011-12-31,2011-06-30,2011-06-30,2021-09-14,380443000.0,3597852000.0,3475598250.0,2055345000.0,1542507000.0,1.032,13.548,-260442000.0,532599000.0,532599000.0,2499197000.0,298808000.0,2.33,0.519,342558000.0,119764000.0,222794000.0,342558000.0,0.0,242171000.0,0.0,0.027,0.703,435647000.0,677818000.0,0.189,677818000.0,435647000.0,429939000.0,1.71,1.7,1.71,2368266000.0,2233855500.0,2368266000.0,4407051787.0,10.0,6.502,205709000.0,1.177,1.0,1088137000.0,0.303,149452000.0,5708000.0,2376312000.0,2323573250.0,535953000.0,13947000.0,13947000.0,0.0,1229586000.0,882047000.0,347539000.0,4535574787.0,156247000.0,-18847000.0,7269000.0,33994000.0,-114410000.0,-77191000.0,-270709000.0,3608000.0,466151000.0,37996000.0,298808000.0,298808000.0,298808000.0,0.0,0.0,0.083,657938000.0,430199000.0,359812000.0,0.411,1.915,15.179,15.07,1168448000.0,0.0,25.77,1.264,1.256,811449000.0,2408083000.0,3587334000.0,3587334000.0,0.0,0.086,0.134,0.187,0.121,22461000.0,643462000.0,1.0,176002126.0,174812000,175943000.0,20.521,3448400000.0,167336000.0,131131000.0,2383000.0,19.726,1173298000.0
3,MOLX,MRY,2010-12-31,2010-06-30,2010-06-30,2021-09-14,200770000.0,3236578000.0,3124008250.0,1775821000.0,1460757000.0,0.963,11.422,-226463000.0,376352000.0,376352000.0,2114584000.0,76930000.0,1.946,0.63,293504000.0,110070000.0,183434000.0,293504000.0,0.0,238666000.0,0.0,0.033,0.61,136905000.0,375571000.0,0.125,375571000.0,136905000.0,131489000.0,0.44,0.44,0.44,1985131000.0,2052323000.0,1985131000.0,3028021367.0,22.0,8.062,24116000.0,0.139,1.0,892623000.0,0.297,131910000.0,5416000.0,2109124000.0,2146573500.0,469369000.0,18508000.0,18508000.0,0.0,1251447000.0,912696000.0,338751000.0,3174268367.0,-48355000.0,-10097000.0,4008000.0,19860000.0,-105984000.0,-83236000.0,-216871000.0,25483000.0,250579000.0,1173000.0,76930000.0,76930000.0,76930000.0,0.0,0.0,0.026,754821000.0,137802000.0,395474000.0,1.386,1.599,41.262,41.455,1055144000.0,0.0,18.24,1.056,1.054,734932000.0,2232445000.0,3007207000.0,3007207000.0,0.0,0.025,0.037,0.064,0.046,27034000.0,610784000.0,1.0,174027871.0,173803000,174660000.0,17.302,3104668000.0,206722000.0,54559000.0,21505000.0,17.863,863125000.0
4,MOLX,MRY,2009-12-31,2009-06-30,2009-06-30,2021-09-14,176383000.0,3011586000.0,3243599750.0,1507058000.0,1504528000.0,0.796,11.233,-168369000.0,424707000.0,424707000.0,1925664000.0,-322036000.0,1.703,0.536,254651000.0,224340000.0,30311000.0,254651000.0,0.0,251902000.0,0.0,0.029,0.458,-323534000.0,-71632000.0,-0.028,-71632000.0,-323534000.0,-321573000.0,-1.84,-1.84,-1.84,1961252000.0,2308078500.0,1961252000.0,2522961890.0,-8.0,-35.221,201529000.0,1.154,1.0,656177000.0,0.254,128494000.0,-1961000.0,1828143000.0,2004086250.0,354337000.0,43234000.0,43234000.0,0.0,1050334000.0,884893000.0,165441000.0,2694445890.0,-50800000.0,-74789000.0,-74650000.0,26233000.0,-99640000.0,-155582000.0,-253086000.0,-13202000.0,369898000.0,-12030000.0,-322036000.0,-322036000.0,-322036000.0,0.0,0.0,-0.125,1005058000.0,-348881000.0,266633000.0,-0.249,1.374,-8.367,-8.451,1080417000.0,0.0,15.55,1.044,1.052,528907000.0,2261594000.0,2581841000.0,2581841000.0,0.0,-0.099,-0.14,-0.161,-0.125,26508000.0,586702000.0,1.0,173276263.0,174598000,174598000.0,14.787,2883092000.0,186700000.0,463000.0,687000.0,16.513,622165000.0
5,MOLX,MRY,2008-12-31,2008-06-30,2008-06-30,2021-09-14,320615000.0,3599537000.0,3515356000.0,1782960000.0,1816577000.0,0.947,14.832,-219648000.0,475507000.0,475507000.0,2314112000.0,215720000.0,2.745,0.345,213020000.0,66687000.0,146333000.0,213020000.0,0.0,252344000.0,0.0,0.018,0.45,324739000.0,577083000.0,0.173,577083000.0,324739000.0,333931000.0,1.2,1.19,1.2,2676846000.0,2620156250.0,2676846000.0,4058614379.0,12.0,7.033,259486000.0,1.438,1.0,1014235000.0,0.305,373623000.0,-9192000.0,2313989000.0,2259445250.0,458295000.0,34298000.0,34298000.0,0.0,922691000.0,649438000.0,273253000.0,4356779379.0,97146000.0,-42503000.0,-182851000.0,62642000.0,-74598000.0,-197306000.0,-218156000.0,46758000.0,479134000.0,33474000.0,215720000.0,215720000.0,215720000.0,0.0,0.0,0.065,701002000.0,313233000.0,350413000.0,0.375,1.628,20.196,20.342,1172395000.0,0.0,24.41,1.309,1.324,740827000.0,2785099000.0,3328347000.0,3328347000.0,0.0,0.061,0.082,0.144,0.098,24249000.0,665038000.0,1.0,178483383.0,180474000,181395000.0,18.442,3225914000.0,85965000.0,118211000.0,73124000.0,17.875,1133522000.0
6,MOLX,MRY,2007-12-31,2007-06-30,2007-06-30,2021-09-14,141398000.0,3316108000.0,3278088000.0,1590827000.0,1725281000.0,0.996,13.715,-286915000.0,378361000.0,378361000.0,2249166000.0,240768000.0,2.996,0.314,129358000.0,1537000.0,127821000.0,129358000.0,0.0,237912000.0,0.0,0.01,0.3,338257000.0,576169000.0,0.176,576169000.0,338257000.0,338257000.0,1.31,1.3,1.31,2523031000.0,2460809500.0,2523031000.0,5350687745.0,16.0,9.287,164519000.0,0.894,1.0,1016708000.0,0.311,334791000.0,0.0,2201363000.0,2185361250.0,392680000.0,82549000.0,82549000.0,0.0,793077000.0,530951000.0,262126000.0,5535660745.0,45546000.0,-238072000.0,-19473000.0,104108000.0,-55176000.0,28529000.0,-446129000.0,71221000.0,451434000.0,11712000.0,240768000.0,240768000.0,240768000.0,0.0,0.0,0.074,695158000.0,321550000.0,279847000.0,0.229,2.194,22.992,22.908,1121369000.0,0.0,30.01,1.695,1.69,685666000.0,2650470000.0,3265874000.0,3265874000.0,0.0,0.073,0.098,0.155,0.104,27524000.0,658289000.0,1.0,184460538.0,183961000,185565000.0,17.753,2981317000.0,119797000.0,97489000.0,61677000.0,16.206,1059876000.0
7,MOLX,MRY,2006-12-31,2006-06-30,2006-06-30,2021-09-14,106713000.0,2974420000.0,2800388000.0,1548233000.0,1426187000.0,1.022,12.3,-252347000.0,332815000.0,332815000.0,1918659000.0,236091000.0,2.603,0.304,8061000.0,968000.0,7093000.0,8061000.0,0.0,214657000.0,0.0,0.007,0.225,327884000.0,542541000.0,0.19,542541000.0,327884000.0,327884000.0,1.27,1.26,1.27,2281869000.0,2201930500.0,2281869000.0,5908830767.0,18.0,10.891,191509000.0,1.032,1.0,942630000.0,0.329,149458000.0,0.0,1905396000.0,1843309750.0,347312000.0,152728000.0,152728000.0,0.0,692551000.0,594812000.0,97739000.0,6188695767.0,23059000.0,-24565000.0,-149540000.0,-3693000.0,-34843000.0,-189814000.0,-240779000.0,37336000.0,443856000.0,9796000.0,236091000.0,236091000.0,236091000.0,0.0,0.0,0.083,632886000.0,309744000.0,305876000.0,0.177,2.712,26.213,26.433,1025852000.0,0.0,33.57,2.163,2.177,660665000.0,2464889000.0,2861289000.0,2861289000.0,0.0,0.084,0.107,0.178,0.115,30548000.0,606532000.0,1.0,184351974.0,185521000,187416000.0,15.423,2824962000.0,149525000.0,91793000.0,96234000.0,15.227,953421000.0
8,MOLX,MRY,2005-12-31,2005-06-30,2005-06-30,2021-09-14,71296000.0,2730162000.0,2686665000.0,1374063000.0,1356099000.0,0.951,11.496,-219366000.0,309756000.0,309756000.0,1721796000.0,150116000.0,2.927,0.258,15746000.0,5771000.0,9975000.0,15746000.0,0.0,231364000.0,0.0,0.006,0.15,223201000.0,454565000.0,0.178,454565000.0,223201000.0,223201000.0,0.8,0.79,0.8,2168676000.0,2171220250.0,2168676000.0,4607993139.0,21.0,10.137,211469000.0,1.121,1.0,832662000.0,0.326,143872000.0,0.0,1822776000.0,1816368000.0,290100000.0,187835000.0,187835000.0,0.0,559408000.0,469504000.0,89904000.0,4918985139.0,75325000.0,0.0,-46179000.0,-4177000.0,-25965000.0,-75689000.0,-286232000.0,-83459000.0,430835000.0,6411000.0,150116000.0,150116000.0,150116000.0,0.0,0.0,0.059,629398000.0,203264000.0,252370000.0,0.188,2.268,32.768,32.55,984237000.0,0.0,26.04,1.926,1.923,539533000.0,2270677000.0,2554458000.0,2554458000.0,0.0,0.056,0.069,0.123,0.087,18420000.0,576354000.0,1.0,188901119.0,188646000,190572000.0,13.541,2586290000.0,145995000.0,73085000.0,52304000.0,13.71,904559000.0
9,MOLX,MRY,2004-12-31,2004-06-30,2004-06-30,2021-09-14,66573000.0,2572346000.0,2498036500.0,1168644000.0,1403702000.0,0.9,10.855,-189724000.0,234431000.0,234431000.0,1516186000.0,168096000.0,2.728,0.245,17733000.0,3694000.0,14039000.0,17733000.0,0.0,227838000.0,0.0,0.003,0.1,231757000.0,459595000.0,0.204,459595000.0,231757000.0,231757000.0,0.88,0.87,0.88,2064783000.0,2012419000.0,2064783000.0,5836729974.0,25.0,12.7,102307000.0,0.538,1.0,732832000.0,0.326,164915000.0,0.0,1762269000.0,1745973000.0,265344000.0,104223000.0,104223000.0,0.0,506352000.0,428464000.0,77888000.0,6083290974.0,55455000.0,0.0,-58195000.0,-8871000.0,-19042000.0,-86108000.0,-158358000.0,67012000.0,292031000.0,7890000.0,168096000.0,168096000.0,168096000.0,0.0,0.0,0.075,519370000.0,213462000.0,234823000.0,0.114,2.946,36.189,36.455,1022378000.0,0.0,32.08,2.705,2.713,529630000.0,2160368000.0,2249018000.0,2249018000.0,0.0,0.067,0.084,0.133,0.103,18304000.0,519370000.0,1.0,189628771.0,190207000,192186000.0,11.824,2407431000.0,139790000.0,63661000.0,46787000.0,12.657,740180000.0
10,MOLX,MRY,2003-12-31,2003-06-30,2003-06-30,2021-09-14,10246000.0,2329870000.0,2261091500.0,962113000.0,1367757000.0,0.815,9.884,-167342000.0,178976000.0,178976000.0,1235398000.0,84918000.0,2.701,0.228,22956000.0,6088000.0,16868000.0,22956000.0,0.0,228730000.0,0.0,0.004,0.1,109680000.0,338410000.0,0.184,338410000.0,109680000.0,109680000.0,0.44,0.44,0.44,1896568000.0,1863413250.0,1896568000.0,4987890969.0,45.0,14.739,137530000.0,0.717,1.0,607700000.0,0.33,160732000.0,0.0,1656970000.0,1604719500.0,179256000.0,171235000.0,171235000.0,0.0,433302000.0,356148000.0,77154000.0,5162174969.0,-34501000.0,0.0,-64332000.0,-8797000.0,-19202000.0,-92331000.0,-249225000.0,-71387000.0,304872000.0,2183000.0,84918000.0,84918000.0,84918000.0,0.0,0.0,0.046,505442000.0,102258000.0,175815000.0,0.227,2.722,60.79,61.386,1007948000.0,0.0,27.01,2.801,2.812,396780000.0,2003440000.0,1843098000.0,1843098000.0,0.0,0.038,0.046,0.068,0.06,12807000.0,470412000.0,1.0,191120880.0,191873000,193229000.0,9.606,2169138000.0,127945000.0,24762000.0,51251000.0,11.305,605965000.0
11,MOLX,MRY,2002-12-31,2002-06-30,2002-06-30,2021-09-14,-42354000.0,2253920000.0,2160743000.0,915343000.0,1338577000.0,0.792,9.405,-167746000.0,213477000.0,213477000.0,1174946000.0,76479000.0,2.545,0.233,27977000.0,10128000.0,17849000.0,27977000.0,0.0,223687000.0,0.0,0.003,0.1,93163000.0,316850000.0,0.185,316850000.0,93163000.0,93163000.0,0.39,0.39,0.39,1827652000.0,1785742000.0,1827652000.0,6278388062.0,67.0,19.815,227883000.0,1.173,1.0,536551000.0,0.313,160180000.0,0.0,1548647000.0,1512204500.0,167253000.0,99848000.0,99848000.0,0.0,426268000.0,359593000.0,66675000.0,6488827062.0,75039000.0,-4702000.0,-71767000.0,-14908000.0,-19462000.0,-106137000.0,-223627000.0,-30454000.0,395629000.0,9174000.0,76479000.0,76479000.0,76479000.0,0.0,0.0,0.045,438600000.0,97951000.0,184630000.0,0.256,3.55,84.845,85.974,1067590000.0,0.0,33.53,3.791,3.807,386150000.0,1937488000.0,1711497000.0,1711497000.0,0.0,0.035,0.043,0.062,0.054,11110000.0,438600000.0,1.0,193523026.0,194327000,195986000.0,8.807,2093740000.0,88307000.0,16684000.0,37893000.0,10.774,555750000.0
12,MOLX,MRY,2001-12-31,2001-06-30,2001-06-30,2021-09-14,-105214000.0,2213627000.0,2252442000.0,891865000.0,1321762000.0,1.05,9.033,-370569000.0,138438000.0,138438000.0,1507060000.0,203919000.0,2.384,0.254,36666000.0,11201000.0,25465000.0,36666000.0,0.0,217954000.0,0.0,0.003,0.1,291343000.0,509297000.0,0.215,509297000.0,291343000.0,291343000.0,1.04,1.03,1.04,1765640000.0,1758616750.0,1765640000.0,7039354806.0,24.0,13.822,45983000.0,0.235,1.0,858489000.0,0.363,156697000.0,0.0,1581052000.0,1573303500.0,213637000.0,69394000.0,69394000.0,0.0,447987000.0,374106000.0,73881000.0,7137743806.0,-25850000.0,0.0,-27180000.0,-1183000.0,-19555000.0,-47918000.0,-377010000.0,7561000.0,416552000.0,-17474000.0,203919000.0,203919000.0,203919000.0,0.0,0.0,0.086,578899000.0,279590000.0,178035000.0,0.096,4.043,35.003,35.125,1092567000.0,0.0,36.53,3.017,3.019,415798000.0,1880450000.0,2365549000.0,2365549000.0,0.0,0.091,0.116,0.185,0.123,9398000.0,578899000.0,1.0,195394027.0,195471000,197633000.0,12.102,2056930000.0,66245000.0,87424000.0,38638000.0,10.523,517759000.0
13,MOLX,MRY,2000-12-31,2000-06-30,2000-06-30,2021-09-14,6962000.0,2247106000.0,2172831250.0,1023009000.0,1224097000.0,1.02,8.7,-321726000.0,164288000.0,164288000.0,1362207000.0,222454000.0,2.152,0.317,25134000.0,3541000.0,21593000.0,25134000.0,0.0,196352000.0,0.0,0.002,0.09,323264000.0,519616000.0,0.234,519616000.0,323264000.0,323264000.0,1.13,1.12,1.13,1705804000.0,1699155750.0,1705804000.0,9299910469.0,29.0,17.898,46201000.0,0.236,1.0,854889000.0,0.386,165307000.0,0.0,1467196000.0,1474047750.0,236209000.0,76955000.0,76955000.0,0.0,541302000.0,475449000.0,65853000.0,9440765469.0,-18704000.0,-38877000.0,-42016000.0,-904000.0,-15087000.0,-58007000.0,-338157000.0,6919000.0,367927000.0,9533000.0,222454000.0,222454000.0,222454000.0,0.0,0.0,0.1,538903000.0,315986000.0,277303000.0,0.08,5.534,42.439,42.588,980775000.0,0.0,48.125,4.258,4.256,514855000.0,1696162000.0,2217096000.0,2217096000.0,0.0,0.102,0.131,0.219,0.146,7720000.0,538903000.0,1.0,196171750.0,196060000,198208000.0,11.308,2081799000.0,24664000.0,100810000.0,66282000.0,10.618,547560000.0
14,MOLX,MRY,1999-12-31,1999-06-30,1999-06-30,2021-09-14,-17708000.0,1902012000.0,1789322000.0,881338000.0,1020674000.0,0.957,7.721,-223929000.0,182992000.0,182992000.0,1038311000.0,178029000.0,2.574,0.268,25111000.0,4963000.0,20148000.0,25111000.0,0.0,168856000.0,0.0,0.002,0.048,230392000.0,399248000.0,0.233,399248000.0,230392000.0,230392000.0,0.92,0.91,0.92,1500537000.0,1403121500.0,1500537000.0,5537933089.0,24.0,13.871,90589000.0,0.466,1.0,673338000.0,0.393,137378000.0,0.0,1264312000.0,1239768000.0,188861000.0,83874000.0,83874000.0,0.0,401475000.0,342441000.0,59034000.0,5733468089.0,-22270000.0,-34935000.0,-42922000.0,-30329000.0,-9333000.0,-82341000.0,-247667000.0,33277000.0,314518000.0,-6780000.0,178029000.0,178029000.0,178029000.0,0.0,0.0,0.104,446980000.0,226358000.0,156556000.0,0.052,3.821,32.205,32.174,809602000.0,0.0,29.6,3.35,3.361,387525000.0,1491337000.0,1711649000.0,1711649000.0,0.0,0.099,0.127,0.186,0.135,7171000.0,446980000.0,1.0,193698246.0,194340000,195631000.0,8.807,1764634000.0,19137000.0,52363000.0,52061000.0,9.08,538897000.0
15,MOLX,MRY,1998-12-31,1998-06-30,1998-06-30,2021-09-14,-53557000.0,1639634000.0,1611354250.0,867791000.0,771843000.0,1.007,6.445,-219981000.0,205262000.0,205262000.0,952266000.0,182243000.0,2.581,0.3,5566000.0,0.0,5566000.0,5566000.0,0.0,148920000.0,0.0,0.002,0.049,274733000.0,423653000.0,0.261,423653000.0,274733000.0,274733000.0,0.93,0.92,0.93,1261570000.0,1244797250.0,1261570000.0,3738439375.0,14.0,8.824,84674000.0,0.433,1.0,670709000.0,0.413,40660000.0,0.0,1063003000.0,1110587000.0,184433000.0,117151000.0,117151000.0,0.0,378064000.0,336275000.0,41789000.0,3918229375.0,5495000.0,-1171000.0,-42192000.0,-1784000.0,-8622000.0,-52087000.0,-234605000.0,-9283000.0,304655000.0,-12468000.0,182243000.0,182243000.0,182243000.0,0.0,0.0,0.112,407087000.0,263622000.0,140350000.0,0.053,3.106,21.5,21.505,676161000.0,0.0,20.0,2.414,2.412,324279000.0,1322775000.0,1622975000.0,1622975000.0,0.0,0.113,0.146,0.247,0.169,6717000.0,407087000.0,1.0,195911469.0,195750000,197971000.0,8.291,1598974000.0,15101000.0,92490000.0,75066000.0,8.168,531516000.0
16,MOLX,MRY,1997-12-31,1997-06-30,1997-06-30,2021-09-14,59329000.0,1636931000.0,1548965000.0,873614000.0,763317000.0,0.994,6.293,-205454000.0,199767000.0,199767000.0,898817000.0,166716000.0,2.554,0.324,7350000.0,0.0,7350000.0,7350000.0,0.0,138675000.0,0.0,0.001,0.033,262297000.0,400972000.0,0.26,400972000.0,262297000.0,262297000.0,0.848,0.84,0.848,1235912000.0,1183591500.0,1235912000.0,4397840649.0,17.0,10.968,69898000.0,0.356,1.0,640895000.0,0.416,0.0,0.0,1102488000.0,1026539500.0,166660000.0,125570000.0,125570000.0,0.0,401019000.0,342026000.0,58993000.0,4576066649.0,-43012000.0,0.0,-26079000.0,-203000.0,-6924000.0,-32139000.0,-278010000.0,-81249000.0,275352000.0,-8215000.0,166716000.0,166716000.0,166716000.0,0.0,0.0,0.108,389617000.0,251278000.0,151934000.0,0.039,3.703,27.448,27.547,665468000.0,0.0,23.36,2.972,2.98,332350000.0,1149720000.0,1539712000.0,1539712000.0,0.0,0.108,0.141,0.256,0.17,5057000.0,389617000.0,1.0,195893264.0,196388750,198348750.0,7.84,1636931000.0,35801000.0,95581000.0,90614000.0,8.335,531588000.0
17,MOLX,MRY,1996-12-31,1996-06-30,1996-06-30,2021-09-14,95891000.0,1460999000.0,,734589000.0,726410000.0,,5.749,-218529000.0,242779000.0,242779000.0,819942000.0,145586000.0,2.669,0.291,7553000.0,103000.0,7450000.0,7553000.0,0.0,119909000.0,0.0,0.0,0.0,228886000.0,348795000.0,0.252,348795000.0,228886000.0,228886000.0,0.744,0.736,0.744,1131271000.0,,1131271000.0,,,,34703000.0,0.176,1.0,562731000.0,0.407,0.0,0.0,950591000.0,,147612000.0,39883000.0,39883000.0,0.0,329728000.0,275182000.0,54546000.0,,-10773000.0,-1677000.0,-19212000.0,-718000.0,-5556000.0,-24699000.0,-210976000.0,19520000.0,253232000.0,-28330000.0,145586000.0,145586000.0,145586000.0,0.0,0.0,0.105,346362000.0,216369000.0,127557000.0,0.0,,,21.849,613125000.0,0.0,16.256,,2.313,269675000.0,989928000.0,1382673000.0,1382673000.0,0.0,,,,0.166,4584000.0,346362000.0,1.0,,196767500,198818750.0,7.027,1460999000.0,22562000.0,83300000.0,65404000.0,7.425,459407000.0
18,MOLX,MRY,1995-12-31,1995-06-30,1995-06-30,2021-09-14,,,,,,,,-183836000.0,,,692050000.0,124035000.0,,,,,,,,104857000.0,,0.0,0.0,214308000.0,319165000.0,0.266,319165000.0,214308000.0,214308000.0,0.634,0.634,0.634,,,,,,,40813000.0,0.209,1.0,505697000.0,0.422,,0.0,,,,,,,,,,,32871000.0,-16338000.0,1002000.0,-945000.0,-2998000.0,-2941000.0,-204329000.0,-2826000.0,224649000.0,15492000.0,124035000.0,124035000.0,124035000.0,0.0,0.0,0.104,298483000.0,207214000.0,,0.0,,,25.035,,0.0,15.872,,2.589,,,1197747000.0,1197747000.0,0.0,,,,0.179,3435000.0,298483000.0,1.0,,195342188,195342188.0,6.132,,,90273000.0,,,
0,MOLX,MRQ,2013-09-30,2013-09-30,2013-09-30,2021-09-14,276271000.0,3686017000.0,,2087704000.0,1598313000.0,,14.527,-46887000.0,665156000.0,665156000.0,633816000.0,84079000.0,3.041,0.423,357458000.0,42458000.0,315000000.0,357458000.0,0.0,57245000.0,0.0,0.024,0.24,120204000.0,177449000.0,0.19,177449000.0,120204000.0,118377000.0,0.47,0.46,0.47,2589433000.0,,2589433000.0,6515966530.0,18.0,10.793,51964000.0,0.292,1.0,302551000.0,0.323,231050000.0,1827000.0,2460818000.0,,580481000.0,11083000.0,11083000.0,0.0,1096584000.0,686451000.0,410133000.0,6863244530.0,-46405000.0,-62993000.0,7680000.0,-7047000.0,-42723000.0,-43202000.0,-111585000.0,-785000.0,98851000.0,9531000.0,84079000.0,84079000.0,84079000.0,0.0,0.0,0.09,179429000.0,123122000.0,354565000.0,0.511,2.65,26.769,26.75,1128494000.0,0.0,38.52,1.886,1.886,736983000.0,2665101000.0,936367000.0,936367000.0,0.0,,,,,6195000.0,179429000.0,1.0,178173534.0,178247000,181545000.0,5.253,3454967000.0,105835000.0,34298000.0,20833000.0,19.383,1401253000.0
1,MOLX,MRQ,2013-06-30,2013-06-30,2013-06-30,2021-09-14,253248000.0,3586854000.0,,2043884000.0,1542970000.0,,14.187,-58779000.0,711561000.0,711561000.0,625938000.0,57148000.0,3.101,0.422,364283000.0,54283000.0,310000000.0,364283000.0,0.0,58440000.0,0.0,0.031,0.24,85537000.0,143977000.0,0.163,143977000.0,85537000.0,84502000.0,0.32,0.32,0.32,2523163000.0,,2523163000.0,4914601811.0,14.0,8.359,89283000.0,0.502,1.0,256995000.0,0.291,191053000.0,1035000.0,2389489000.0,,531810000.0,10378000.0,10378000.0,0.0,1063691000.0,659034000.0,404657000.0,5213662811.0,8775000.0,0.0,4588000.0,-42818000.0,-39085000.0,-78414000.0,-57796000.0,-749000.0,148062000.0,-3077000.0,57148000.0,57148000.0,57148000.0,0.0,0.0,0.065,174049000.0,82946000.0,347700000.0,0.75,2.066,21.401,21.416,1114092000.0,0.0,29.34,1.44,1.437,703434000.0,2623868000.0,882933000.0,882933000.0,0.0,,,,,7192000.0,174049000.0,1.0,177698119.0,177854000,180219000.0,4.964,3395801000.0,106706000.0,27354000.0,15966000.0,19.093,1384850000.0
2,MOLX,MRQ,2013-03-31,2013-03-31,2013-03-31,2021-09-14,277936000.0,3561826000.0,,2002255000.0,1559571000.0,,14.204,-43775000.0,702786000.0,702786000.0,604326000.0,44767000.0,3.251,0.413,403725000.0,88725000.0,315000000.0,403725000.0,0.0,59043000.0,0.0,0.03,0.22,60203000.0,119246000.0,0.14,119246000.0,60203000.0,58621000.0,0.25,0.25,0.25,2521572000.0,,2521572000.0,4837709641.0,13.0,8.103,-63862000.0,-0.36,1.0,248532000.0,0.291,191551000.0,1582000.0,2455361000.0,,544633000.0,10145000.0,10145000.0,0.0,1040254000.0,615853000.0,424401000.0,5196887641.0,-2261000.0,0.0,5090000.0,64498000.0,0.0,68470000.0,-42325000.0,1445000.0,-20087000.0,-8319000.0,44767000.0,44767000.0,44767000.0,0.0,0.0,0.052,188594000.0,59938000.0,301536000.0,0.88,2.061,20.109,20.055,1135637000.0,0.0,29.28,1.445,1.445,657447000.0,2609443000.0,852858000.0,852858000.0,0.0,,,,,6620000.0,167384000.0,1.0,177489332.0,177527000,179652000.0,4.804,3370275000.0,106324000.0,13854000.0,0.0,18.985,1386402000.0
3,MOLX,MRQ,2012-12-31,2012-12-31,2012-12-31,2021-09-14,317888000.0,3764597000.0,,2164032000.0,1600565000.0,,14.38,-77522000.0,705047000.0,705047000.0,678565000.0,70394000.0,2.48,0.478,345869000.0,115869000.0,230000000.0,345869000.0,0.0,59660000.0,0.0,0.031,0.22,103364000.0,163024000.0,0.168,163024000.0,103364000.0,102231000.0,0.4,0.39,0.4,2546982000.0,,2546982000.0,4380112044.0,11.0,6.99,9651000.0,0.054,1.0,289170000.0,0.299,195030000.0,1133000.0,2337898000.0,,566889000.0,11738000.0,11738000.0,0.0,1217615000.0,872491000.0,345124000.0,4841010044.0,19075000.0,-55299000.0,3089000.0,131080000.0,-77879000.0,55201000.0,-128337000.0,4249000.0,87173000.0,5038000.0,70394000.0,70394000.0,70394000.0,0.0,0.0,0.073,182655000.0,106515000.0,344997000.0,0.55,1.901,17.379,17.297,1177342000.0,0.0,27.33,1.352,1.352,745851000.0,2603761000.0,967735000.0,967735000.0,0.0,,,,,9265000.0,181028000.0,1.0,177131725.0,177123000,178854000.0,5.464,3569567000.0,149461000.0,31837000.0,40876000.0,20.153,1291541000.0
4,MOLX,MRQ,2012-09-30,2012-09-30,2012-09-30,2021-09-14,319528000.0,3745878000.0,,2184878000.0,1561000000.0,,14.201,-67499000.0,685972000.0,685972000.0,648504000.0,71314000.0,2.289,0.493,225074000.0,75074000.0,150000000.0,225074000.0,0.0,57742000.0,0.0,0.032,0.22,103931000.0,161673000.0,0.176,161673000.0,103931000.0,103121000.0,0.4,0.4,0.4,2508241000.0,,2508241000.0,4256698663.0,11.0,6.842,99905000.0,0.566,1.0,268417000.0,0.293,161163000.0,810000.0,2169348000.0,,564377000.0,16111000.0,16111000.0,0.0,1237637000.0,954469000.0,283168000.0,4639150663.0,48555000.0,0.0,1715000.0,-31611000.0,-38827000.0,-69749000.0,-58708000.0,-931000.0,167404000.0,9608000.0,71314000.0,71314000.0,71314000.0,0.0,0.0,0.078,165682000.0,102735000.0,412429000.0,0.55,1.85,17.045,17.065,1178875000.0,0.0,26.28,1.337,1.338,770976000.0,2572359000.0,916921000.0,916921000.0,0.0,,,,,6160000.0,163121000.0,1.0,176527803.0,176621000,178564000.0,5.191,3584715000.0,161754000.0,31807000.0,49828000.0,20.296,1230409000.0
5,MOLX,MRQ,2012-06-30,2012-06-30,2012-06-30,2021-09-14,286395000.0,3611503000.0,,2079238000.0,1532265000.0,,13.808,-77603000.0,637417000.0,637417000.0,600904000.0,71961000.0,2.331,0.482,254965000.0,104933000.0,150032000.0,254965000.0,0.0,57310000.0,0.0,0.034,0.22,95784000.0,153094000.0,0.178,153094000.0,95784000.0,95121000.0,0.41,0.41,0.41,2436125000.0,,2436125000.0,3869317562.0,10.0,6.021,65738000.0,0.373,1.0,257622000.0,0.3,160986000.0,663000.0,2176069000.0,,531825000.0,14830000.0,14830000.0,0.0,1175378000.0,891996000.0,283382000.0,4222022562.0,28608000.0,0.0,1006000.0,-5229000.0,-35263000.0,-40481000.0,-68108000.0,-1905000.0,143341000.0,-6144000.0,71961000.0,71961000.0,71961000.0,0.0,0.0,0.084,164674000.0,92948000.0,355491000.0,0.537,1.733,15.005,14.963,1150549000.0,0.0,23.94,1.21,1.207,751279000.0,2539931000.0,858526000.0,858526000.0,0.0,,,,,6087000.0,161581000.0,1.0,176358503.0,176430000,178072000.0,4.866,3450517000.0,160827000.0,23160000.0,35360000.0,19.557,1187242000.0
6,MOLX,MRQ,2012-03-31,2012-03-31,2012-03-31,2021-09-14,329556000.0,3563613000.0,,2058774000.0,1504839000.0,,13.869,-53201000.0,608809000.0,608809000.0,581904000.0,64883000.0,2.413,0.459,256104000.0,100976000.0,155128000.0,256104000.0,0.0,58490000.0,0.0,0.028,0.2,90363000.0,148853000.0,0.178,148853000.0,90363000.0,89151000.0,0.37,0.36,0.37,2443166000.0,,2443166000.0,4667320693.0,11.0,7.074,85664000.0,0.486,1.0,255176000.0,0.305,161143000.0,1212000.0,2196600000.0,,546909000.0,13654000.0,13654000.0,0.0,1120447000.0,853165000.0,267282000.0,4950354693.0,1473000.0,0.0,4237000.0,-61418000.0,-35189000.0,-93482000.0,-44500000.0,-2299000.0,138865000.0,590000.0,64883000.0,64883000.0,64883000.0,0.0,0.0,0.078,166374000.0,88802000.0,314999000.0,0.541,2.026,17.267,17.252,1126467000.0,0.0,28.12,1.397,1.398,724141000.0,2511045000.0,837080000.0,837080000.0,0.0,,,,,5846000.0,163853000.0,1.0,176043908.0,176164000,178134000.0,4.752,3402470000.0,167241000.0,24268000.0,49737000.0,19.314,1205609000.0
7,MOLX,MRQ,2011-12-31,2011-12-31,2011-12-31,2021-09-14,309552000.0,3570118000.0,,2048870000.0,1521248000.0,,13.556,-51445000.0,607336000.0,607336000.0,594661000.0,64016000.0,2.338,0.498,324302000.0,127631000.0,196671000.0,324302000.0,0.0,59935000.0,0.0,0.032,0.2,98623000.0,158558000.0,0.185,158558000.0,98623000.0,96529000.0,0.36,0.36,0.36,2383613000.0,,2383613000.0,3943852290.0,9.0,5.874,89519000.0,0.509,1.0,262937000.0,0.307,166409000.0,2094000.0,2244435000.0,,552264000.0,11230000.0,11230000.0,0.0,1186505000.0,876240000.0,310265000.0,4194522290.0,49960000.0,-24000000.0,2010000.0,19733000.0,-35118000.0,-14448000.0,-75770000.0,-325000.0,140964000.0,-786000.0,64016000.0,64016000.0,64016000.0,0.0,0.0,0.075,165796000.0,97141000.0,317103000.0,0.556,1.76,14.466,14.461,1135735000.0,0.0,23.86,1.171,1.171,708197000.0,2482317000.0,857598000.0,857598000.0,0.0,,,,,6267000.0,163073000.0,1.0,175797246.0,175830000,176985000.0,4.877,3403709000.0,168032000.0,32513000.0,27672000.0,19.358,1172630000.0
8,MOLX,MRQ,2011-09-30,2011-09-30,2011-09-30,2021-09-14,320595000.0,3580578000.0,,2071304000.0,1509274000.0,,13.442,-41408000.0,557376000.0,557376000.0,643257000.0,80517000.0,2.235,0.518,306706000.0,129781000.0,176925000.0,306706000.0,0.0,61239000.0,0.0,0.037,0.2,120857000.0,182096000.0,0.195,182096000.0,120857000.0,119466000.0,0.46,0.46,0.46,2358578000.0,,2358578000.0,3382223941.0,8.0,4.911,109141000.0,0.622,1.0,292728000.0,0.313,148349000.0,1391000.0,2254969000.0,,547209000.0,11150000.0,11150000.0,0.0,1222000000.0,926590000.0,295410000.0,3572264941.0,24777000.0,0.0,620000.0,-42409000.0,-35068000.0,-77871000.0,-39317000.0,2091000.0,150549000.0,-8584000.0,80517000.0,80517000.0,80517000.0,0.0,0.0,0.086,172147000.0,120581000.0,349657000.0,0.435,1.515,11.742,11.707,1144023000.0,0.0,20.37,0.985,0.986,782833000.0,2453482000.0,935985000.0,935985000.0,0.0,,,,,5135000.0,169225000.0,1.0,175368922.0,175466000,176585000.0,5.334,3432229000.0,171223000.0,38949000.0,32349000.0,19.561,1144714000.0
9,MOLX,MRQ,2011-06-30,2011-06-30,2011-06-30,2021-09-14,380443000.0,3597852000.0,,2055345000.0,1542507000.0,,13.514,-64987000.0,532599000.0,532599000.0,632264000.0,77276000.0,2.33,0.519,342558000.0,119764000.0,222794000.0,342558000.0,0.0,60455000.0,0.0,0.027,0.2,109804000.0,170259000.0,0.186,170259000.0,109804000.0,108945000.0,0.44,0.44,0.44,2368266000.0,,2368266000.0,4407051787.0,10.0,6.502,74233000.0,0.424,1.0,281402000.0,0.308,149452000.0,859000.0,2376312000.0,,535953000.0,13947000.0,13947000.0,0.0,1229586000.0,882047000.0,347539000.0,4535574787.0,84803000.0,0.0,1334000.0,19889000.0,-30644000.0,-10475000.0,-55717000.0,4102000.0,139220000.0,11775000.0,77276000.0,77276000.0,77276000.0,0.0,0.0,0.085,171280000.0,110122000.0,359812000.0,0.455,1.915,15.179,15.07,1168448000.0,0.0,25.77,1.264,1.256,811449000.0,2408083000.0,913666000.0,913666000.0,0.0,,,,,5452000.0,167914000.0,1.0,176002126.0,175250000,176738000.0,5.214,3448400000.0,167336000.0,31669000.0,2383000.0,19.677,1173298000.0
10,MOLX,MRQ,2011-03-31,2011-03-31,2011-03-31,2021-09-14,329047000.0,3506971000.0,,1947293000.0,1559678000.0,,12.964,-64127000.0,447796000.0,447796000.0,613917000.0,68145000.0,2.203,0.546,319273000.0,116724000.0,202549000.0,319273000.0,0.0,60912000.0,0.0,0.026,0.175,99636000.0,160548000.0,0.184,160548000.0,99636000.0,97910000.0,0.39,0.39,0.39,2268179000.0,,2268179000.0,4306226319.0,11.0,6.862,80329000.0,0.459,1.0,260614000.0,0.298,148422000.0,1726000.0,2346060000.0,,546080000.0,20400000.0,20400000.0,0.0,1238792000.0,883966000.0,354826000.0,4392309319.0,55406000.0,-18847000.0,4115000.0,15156000.0,-30580000.0,-12345000.0,-85255000.0,-2085000.0,144456000.0,8550000.0,68145000.0,68145000.0,68145000.0,0.0,0.0,0.078,162303000.0,98311000.0,353188000.0,0.449,1.936,16.809,16.747,1139918000.0,0.0,25.12,1.247,1.248,780761000.0,2365875000.0,874531000.0,874531000.0,0.0,,,,,5549000.0,159448000.0,1.0,174853078.0,174957000,176449000.0,4.999,3358549000.0,197045000.0,29765000.0,20906000.0,19.196,1063327000.0
11,MOLX,MRQ,2010-12-31,2010-12-31,2010-12-31,2021-09-14,299395000.0,3430049000.0,,1900737000.0,1529312000.0,,12.547,-60779000.0,392390000.0,392390000.0,630420000.0,78283000.0,2.132,0.565,306307000.0,107668000.0,198639000.0,306307000.0,0.0,61696000.0,0.0,0.028,0.175,114080000.0,175776000.0,0.195,175776000.0,114080000.0,112292000.0,0.45,0.45,0.45,2191444000.0,,2191444000.0,3920725944.0,11.0,6.691,59101000.0,0.338,1.0,271045000.0,0.301,134218000.0,1788000.0,2318305000.0,,559637000.0,18239000.0,18239000.0,0.0,1238605000.0,891443000.0,347162000.0,3973262944.0,51746000.0,0.0,1462000.0,12992000.0,-26621000.0,-13154000.0,-60115000.0,664000.0,119880000.0,5135000.0,78283000.0,78283000.0,78283000.0,0.0,0.0,0.087,161757000.0,109288000.0,377592000.0,0.389,1.813,17.155,17.083,1129141000.0,0.0,22.72,1.168,1.166,759814000.0,2328374000.0,901465000.0,901465000.0,0.0,,,,,6311000.0,159044000.0,1.0,174879531.0,174664000,175556000.0,5.161,3295831000.0,200166000.0,34009000.0,18842000.0,18.87,1009294000.0
12,MOLX,MRQ,2010-09-30,2010-09-30,2010-09-30,2021-09-14,271074000.0,3367521000.0,,1851232000.0,1516289000.0,,12.087,-70549000.0,340644000.0,340644000.0,622596000.0,75104000.0,1.994,0.598,288107000.0,116200000.0,171907000.0,288107000.0,0.0,59108000.0,0.0,0.029,0.152,112127000.0,171235000.0,0.191,171235000.0,112127000.0,110792000.0,0.43,0.43,0.43,2107533000.0,,2107533000.0,3564293683.0,14.0,7.152,-7954000.0,-0.046,1.0,275076000.0,0.306,132848000.0,1335000.0,2253616000.0,,546808000.0,18261000.0,18261000.0,0.0,1259988000.0,928520000.0,331468000.0,3647141683.0,-35708000.0,0.0,358000.0,-14043000.0,-26565000.0,-41217000.0,-69622000.0,927000.0,62595000.0,12536000.0,75104000.0,75104000.0,75104000.0,0.0,0.0,0.084,162598000.0,112478000.0,385271000.0,0.353,1.731,21.817,21.802,1111292000.0,0.0,20.93,1.129,1.13,790101000.0,2280685000.0,897672000.0,897672000.0,0.0,,,,,5149000.0,157056000.0,1.0,174254261.0,174370000,175156000.0,5.148,3234673000.0,203773000.0,35688000.0,37374000.0,18.551,922712000.0
13,MOLX,MRQ,2010-06-30,2010-06-30,2010-06-30,2021-09-14,200770000.0,3236578000.0,,1775821000.0,1460757000.0,,11.399,-84544000.0,376352000.0,376352000.0,594366000.0,39779000.0,1.946,0.63,293504000.0,110070000.0,183434000.0,293504000.0,0.0,57967000.0,0.0,0.033,0.152,61991000.0,119958000.0,0.142,119958000.0,61991000.0,61159000.0,0.23,0.23,0.23,1985131000.0,,1985131000.0,3028021367.0,22.0,8.062,-15891000.0,-0.091,1.0,252938000.0,0.299,131910000.0,832000.0,2109124000.0,,469369000.0,18508000.0,18508000.0,0.0,1251447000.0,912696000.0,338751000.0,3174268367.0,-55402000.0,0.0,1751000.0,-1946000.0,-26564000.0,-25823000.0,-91627000.0,-6597000.0,68653000.0,-6605000.0,39779000.0,39779000.0,39779000.0,0.0,0.0,0.047,189988000.0,62950000.0,395474000.0,0.661,1.599,41.262,41.455,1055144000.0,0.0,18.24,1.056,1.054,734932000.0,2232445000.0,847304000.0,847304000.0,0.0,,,,,6010000.0,158676000.0,1.0,174027871.0,174145000,175071000.0,4.866,3104668000.0,206722000.0,21380000.0,21505000.0,17.828,863125000.0
14,MOLX,MRQ,2010-03-31,2010-03-31,2010-03-31,2021-09-14,226492000.0,3085806000.0,,1633420000.0,1452386000.0,,11.964,-55153000.0,431754000.0,431754000.0,520564000.0,38447000.0,2.371,0.484,285507000.0,103048000.0,182459000.0,285507000.0,0.0,59436000.0,0.0,0.029,0.152,59535000.0,118971000.0,0.157,118971000.0,59535000.0,57237000.0,0.22,0.22,0.22,2080008000.0,,2080008000.0,3430258675.0,-24.0,34.378,-15065000.0,-0.087,1.0,235730000.0,0.312,130099000.0,2298000.0,2120400000.0,,419864000.0,11636000.0,11636000.0,0.0,1005798000.0,689060000.0,316738000.0,3625523675.0,-54564000.0,-7000.0,1266000.0,-2858000.0,-26501000.0,-28966000.0,-62444000.0,-1754000.0,40088000.0,-3242000.0,38447000.0,38447000.0,38447000.0,0.0,0.0,0.051,173474000.0,62256000.0,325398000.0,0.691,1.743,-19.775,-19.867,1054575000.0,0.0,20.86,1.328,1.328,657280000.0,2307993000.0,756294000.0,756294000.0,0.0,,,,,5897000.0,156374000.0,1.0,173802669.0,173858000,174838000.0,4.35,2955707000.0,120956000.0,18790000.0,7493000.0,17.001,944360000.0
15,MOLX,MRQ,2009-12-31,2009-12-31,2009-12-31,2021-09-14,220935000.0,3046200000.0,,1582737000.0,1463463000.0,,11.947,-44324000.0,486318000.0,486318000.0,517040000.0,13840000.0,2.896,0.468,291053000.0,3821000.0,287232000.0,291053000.0,0.0,60674000.0,0.0,0.021,0.152,27552000.0,88226000.0,0.121,88226000.0,27552000.0,26266000.0,0.08,0.08,0.08,2075701000.0,,2075701000.0,3542988885.0,-12.0,-83.931,26896000.0,0.155,1.0,212536000.0,0.291,129306000.0,1286000.0,2175057000.0,,372166000.0,9645000.0,9645000.0,0.0,970499000.0,546572000.0,423927000.0,3744020885.0,-34681000.0,-10090000.0,725000.0,-25140000.0,-26433000.0,-51331000.0,-54348000.0,-511000.0,71220000.0,-222000.0,13840000.0,13840000.0,13840000.0,0.0,0.0,0.019,184283000.0,28253000.0,285904000.0,1.9,1.804,-13.353,-13.385,1064197000.0,0.0,21.55,1.51,1.51,626449000.0,2315918000.0,729576000.0,729576000.0,0.0,,,,,8035000.0,150105000.0,1.0,173736468.0,173743000,174575000.0,4.199,2916894000.0,104464000.0,12426000.0,17492000.0,16.789,1036165000.0
16,MOLX,MRQ,2009-09-30,2009-09-30,2009-09-30,2021-09-14,220657000.0,3127449000.0,,1608998000.0,1518451000.0,,11.923,-42442000.0,520999000.0,520999000.0,482614000.0,-15136000.0,2.606,0.512,319967000.0,16777000.0,303190000.0,319967000.0,0.0,60589000.0,0.0,0.022,0.152,-12173000.0,48416000.0,0.072,48416000.0,-12173000.0,-13173000.0,-0.09,-0.09,-0.09,2068452000.0,,2068452000.0,3450651383.0,-9.0,-22.901,28176000.0,0.162,1.0,191419000.0,0.284,127372000.0,1000000.0,2181713000.0,,350220000.0,9132000.0,9132000.0,0.0,1058997000.0,617332000.0,441665000.0,3620707383.0,96292000.0,0.0,266000.0,49804000.0,-26486000.0,22884000.0,-8452000.0,34345000.0,70618000.0,11242000.0,-15136000.0,-15136000.0,-15136000.0,0.0,0.0,-0.022,207076000.0,-15657000.0,308514000.0,-1.689,1.75,-9.491,-9.534,1093780000.0,0.0,20.88,1.498,1.499,614900000.0,2317910000.0,674033000.0,674033000.0,0.0,,,,,7092000.0,145628000.0,1.0,173405526.0,173486000,173486000.0,3.885,3000077000.0,130162000.0,1963000.0,14642000.0,17.293,991666000.0
17,MOLX,MRQ,2009-06-30,2009-06-30,2009-06-30,2021-09-14,176383000.0,3011586000.0,,1507058000.0,1504528000.0,,11.308,-48242000.0,424707000.0,424707000.0,433352000.0,-220489000.0,1.703,0.536,254651000.0,224340000.0,30311000.0,254651000.0,0.0,61817000.0,0.0,0.029,0.152,-217648000.0,-155831000.0,-0.273,-155831000.0,-217648000.0,-217974000.0,-1.26,-1.26,-1.26,1961252000.0,,1961252000.0,2522961890.0,-8.0,-35.221,10071000.0,0.058,1.0,137237000.0,0.241,128494000.0,326000.0,1828143000.0,,354337000.0,43234000.0,43234000.0,0.0,1050334000.0,884893000.0,165441000.0,2694445890.0,-32841000.0,-1342000.0,459000.0,-31067000.0,-26418000.0,-63681000.0,-38462000.0,8503000.0,58313000.0,10989000.0,-220489000.0,-220489000.0,-220489000.0,0.0,0.0,-0.386,355980000.0,-218743000.0,266633000.0,-0.121,1.374,-8.367,-8.451,1080417000.0,0.0,15.55,1.044,1.052,528907000.0,2261594000.0,570589000.0,570589000.0,0.0,,,,,7115000.0,136668000.0,1.0,173276263.0,173437000,173437000.0,3.29,2883092000.0,186700000.0,2515000.0,687000.0,16.623,622165000.0
18,MOLX,MRQ,2009-03-31,2009-03-31,2009-03-31,2021-09-14,154724000.0,3073141000.0,,1422120000.0,1651021000.0,,13.12,-25814000.0,457548000.0,457548000.0,412143000.0,-58600000.0,2.113,0.352,286064000.0,280897000.0,5167000.0,286064000.0,0.0,63736000.0,0.0,0.03,0.0,-86760000.0,-23024000.0,-0.046,-23024000.0,-86760000.0,-86509000.0,-0.34,-0.34,-0.34,2272743000.0,,2272743000.0,2263534743.0,-79.0,9.887,95528000.0,0.551,1.0,93396000.0,0.185,294359000.0,-251000.0,1934327000.0,,360776000.0,48384000.0,48384000.0,0.0,800398000.0,672971000.0,127427000.0,2380187743.0,38975000.0,0.0,46000.0,-7503000.0,-26415000.0,-33782000.0,-38795000.0,-13824000.0,121342000.0,-9790000.0,-58600000.0,-58600000.0,-58600000.0,0.0,0.0,-0.116,183415000.0,-90019000.0,182363000.0,0.0,1.047,-48.922,-47.379,1081469000.0,0.0,13.74,0.826,0.826,444617000.0,2602472000.0,505539000.0,505539000.0,0.0,,,,,6318000.0,139071000.0,1.0,173230549.0,173228000,173228000.0,2.918,2778782000.0,0.0,-27909000.0,0.0,16.041,749149000.0
19,MOLX,MRQ,2008-12-31,2008-12-31,2008-12-31,2021-09-14,216810000.0,3325884000.0,,1591120000.0,1734764000.0,,13.818,-51686000.0,418573000.0,418573000.0,490656000.0,-87244000.0,2.014,0.378,301920000.0,297091000.0,4829000.0,301920000.0,0.0,62836000.0,0.0,0.037,0.152,-83076000.0,-20240000.0,-0.03,-20240000.0,-83076000.0,-82233000.0,-0.5,-0.5,-0.5,2413171000.0,,2413171000.0,2368320671.0,16.0,5.888,49581000.0,0.284,1.0,176072000.0,0.264,295321000.0,-843000.0,2123888000.0,,448147000.0,39160000.0,39160000.0,0.0,912713000.0,790022000.0,122691000.0,2551210671.0,-20448000.0,-20001000.0,-37292000.0,21616000.0,-26845000.0,-43141000.0,-80593000.0,-8905000.0,101267000.0,2019000.0,-87244000.0,-87244000.0,-87244000.0,0.0,0.0,-0.131,277534000.0,-101462000.0,253875000.0,-0.304,1.057,42.342,43.909,1161186000.0,0.0,14.49,0.797,0.791,600930000.0,2687490000.0,666728000.0,666728000.0,0.0,,,,,6845000.0,144612000.0,1.0,176066989.0,174636000,174636000.0,3.818,3030563000.0,0.0,5011000.0,0.0,17.354,801098000.0
20,MOLX,MRQ,2008-09-30,2008-09-30,2008-09-30,2021-09-14,241972000.0,3563788000.0,,1757151000.0,1806637000.0,,14.613,-42627000.0,439021000.0,439021000.0,589513000.0,44297000.0,2.068,0.379,256131000.0,250937000.0,5194000.0,256131000.0,0.0,63513000.0,0.0,0.022,0.152,63950000.0,127463000.0,0.152,127463000.0,63950000.0,65143000.0,0.25,0.25,0.25,2585148000.0,,2585148000.0,3722926441.0,12.0,6.561,46349000.0,0.262,1.0,249472000.0,0.297,401054000.0,-1193000.0,2129987000.0,,468181000.0,33220000.0,33220000.0,0.0,978640000.0,849857000.0,128783000.0,3985413441.0,-36486000.0,-53446000.0,-37863000.0,43187000.0,-19962000.0,-14978000.0,-95236000.0,1024000.0,88976000.0,-15248000.0,44297000.0,44297000.0,44297000.0,0.0,0.0,0.053,188129000.0,61343000.0,322828000.0,0.608,1.542,19.28,19.353,1134293000.0,0.0,22.45,1.181,1.177,744129000.0,2804215000.0,838985000.0,838985000.0,0.0,,,,,6230000.0,166351000.0,1.0,177523984.0,176911000,177594000.0,4.742,3162734000.0,0.0,20846000.0,0.0,17.878,907294000.0
21,MOLX,MRQ,2008-06-30,2008-06-30,2008-06-30,2021-09-14,320615000.0,3599537000.0,,1782960000.0,1816577000.0,,15.029,-67625000.0,475507000.0,475507000.0,601383000.0,52894000.0,2.745,0.345,213020000.0,66687000.0,146333000.0,213020000.0,0.0,67669000.0,0.0,0.018,0.113,77067000.0,144736000.0,0.166,144736000.0,77067000.0,86259000.0,0.3,0.3,0.3,2676846000.0,,2676846000.0,4058614379.0,12.0,7.033,58652000.0,0.329,1.0,270509000.0,0.31,373623000.0,-9192000.0,2313989000.0,,458295000.0,34298000.0,34298000.0,0.0,922691000.0,649438000.0,273253000.0,4356779379.0,21653000.0,0.0,-25186000.0,-653000.0,-20041000.0,-47479000.0,-58469000.0,2186000.0,126277000.0,1324000.0,52894000.0,52894000.0,52894000.0,0.0,0.0,0.061,190743000.0,79766000.0,350413000.0,0.377,1.628,20.196,20.342,1172395000.0,0.0,24.41,1.309,1.324,740827000.0,2785099000.0,871892000.0,871892000.0,0.0,,,,,5710000.0,171065000.0,1.0,178483383.0,178116000,179112000.0,4.895,3225914000.0,85965000.0,33365000.0,73124000.0,18.111,1133522000.0
22,MOLX,MRQ,2008-03-31,2008-03-31,2008-03-31,2021-09-14,322384000.0,3635230000.0,,1754660000.0,1880570000.0,,14.858,-56393000.0,453854000.0,453854000.0,567824000.0,50306000.0,2.622,0.364,155689000.0,0.0,155689000.0,155689000.0,0.0,63318000.0,0.0,0.018,0.113,86929000.0,150247000.0,0.183,150247000.0,86929000.0,86929000.0,0.28,0.28,0.28,2665329000.0,,2665329000.0,3913274492.0,13.0,7.281,46178000.0,0.257,1.0,254461000.0,0.309,373451000.0,0.0,2294397000.0,,457974000.0,38361000.0,38361000.0,0.0,969901000.0,669217000.0,300684000.0,4174819492.0,54816000.0,-33000.0,-53399000.0,64762000.0,-20298000.0,-9338000.0,-55825000.0,3901000.0,102571000.0,17408000.0,50306000.0,50306000.0,50306000.0,0.0,0.0,0.061,174038000.0,80423000.0,309634000.0,0.404,1.566,21.349,21.444,1191337000.0,0.0,23.16,1.285,1.279,746705000.0,2752450000.0,822285000.0,822285000.0,0.0,,,,,6112000.0,167639000.0,1.0,180259909.0,179385000,180086000.0,4.584,3261779000.0,0.0,36623000.0,0.0,18.183,1085443000.0
23,MOLX,MRQ,2007-12-31,2007-12-31,2007-12-31,2021-09-14,231684000.0,3440613000.0,,1636959000.0,1803654000.0,,14.317,-48583000.0,399038000.0,399038000.0,588445000.0,59216000.0,2.851,0.327,137493000.0,0.0,137493000.0,137493000.0,0.0,60384000.0,0.0,0.014,0.113,84595000.0,144979000.0,0.172,144979000.0,84595000.0,84595000.0,0.33,0.33,0.33,2591947000.0,,2591947000.0,4694910388.0,16.0,8.711,56602000.0,0.313,1.0,253115000.0,0.301,369381000.0,0.0,2235543000.0,,411291000.0,43545000.0,43545000.0,0.0,848666000.0,574144000.0,274522000.0,4954710388.0,3657000.0,-370000.0,-44591000.0,-236000.0,-20455000.0,-64208000.0,-44247000.0,10004000.0,105185000.0,6927000.0,59216000.0,59216000.0,59216000.0,0.0,0.0,0.07,172957000.0,80158000.0,289898000.0,0.342,1.912,23.531,23.534,1138919000.0,0.0,27.3,1.533,1.529,725091000.0,2722183000.0,841560000.0,841560000.0,0.0,,,,,4836000.0,165699000.0,1.0,181491223.0,181034000,182174000.0,4.649,3071232000.0,0.0,25379000.0,0.0,16.965,1062815000.0
24,MOLX,MRQ,2007-09-30,2007-09-30,2007-09-30,2021-09-14,185389000.0,3386044000.0,,1593389000.0,1792655000.0,,13.893,-47047000.0,395381000.0,395381000.0,556460000.0,53304000.0,2.81,0.33,135581000.0,0.0,135581000.0,135581000.0,0.0,60973000.0,0.0,0.013,0.113,76148000.0,137121000.0,0.173,137121000.0,76148000.0,76148000.0,0.29,0.29,0.29,2546503000.0,,2546503000.0,4708743698.0,15.0,8.59,98054000.0,0.535,1.0,236150000.0,0.298,365286000.0,0.0,2193852000.0,,396093000.0,51913000.0,51913000.0,0.0,839541000.0,567106000.0,272435000.0,4957746698.0,17020000.0,-42100000.0,-59675000.0,-1231000.0,-13804000.0,-76281000.0,-59615000.0,30667000.0,145101000.0,7815000.0,53304000.0,53304000.0,53304000.0,0.0,0.0,0.067,163264000.0,72886000.0,277197000.0,0.39,1.947,22.787,22.63,1135333000.0,0.0,26.93,1.535,1.529,692523000.0,2682928000.0,792610000.0,792610000.0,0.0,,,,,7591000.0,160635000.0,1.0,184097538.0,183290000,184276000.0,4.324,3020758000.0,0.0,22844000.0,0.0,16.481,1026283000.0
25,MOLX,MRQ,2007-06-30,2007-06-30,2007-06-30,2021-09-14,141398000.0,3316108000.0,,1590827000.0,1725281000.0,,13.706,-71371000.0,378361000.0,378361000.0,554046000.0,32722000.0,2.996,0.314,129358000.0,1537000.0,127821000.0,129358000.0,0.0,60774000.0,0.0,0.01,0.075,44337000.0,105111000.0,0.133,105111000.0,44337000.0,44337000.0,0.18,0.18,0.18,2523031000.0,,2523031000.0,5350687745.0,16.0,9.287,104809000.0,0.569,1.0,237802000.0,0.3,334791000.0,0.0,2201363000.0,,392680000.0,82549000.0,82549000.0,0.0,793077000.0,530951000.0,262126000.0,5535660745.0,58787000.0,-865000.0,-7473000.0,-367000.0,-13794000.0,-22948000.0,-96720000.0,-28546000.0,176180000.0,2275000.0,32722000.0,32722000.0,32722000.0,0.0,0.0,0.041,198695000.0,39107000.0,279847000.0,0.417,2.194,22.992,22.908,1121369000.0,0.0,30.01,1.695,1.69,685666000.0,2650470000.0,791848000.0,791848000.0,0.0,,,,,7908000.0,161826000.0,1.0,184460538.0,184078000,185487000.0,4.302,2981317000.0,119797000.0,11615000.0,61677000.0,16.196,1059876000.0
26,MOLX,MRQ,2007-03-31,2007-03-31,2007-03-31,2021-09-14,159394000.0,3277263000.0,,1549433000.0,1727830000.0,,13.665,-61835000.0,319574000.0,319574000.0,556026000.0,65318000.0,2.937,0.303,134601000.0,0.0,134601000.0,134601000.0,0.0,59442000.0,0.0,0.011,0.075,92296000.0,151738000.0,0.188,151738000.0,92296000.0,92296000.0,0.36,0.35,0.36,2514120000.0,,2514120000.0,5025670473.0,13.0,8.086,48078000.0,0.261,1.0,250988000.0,0.311,322237000.0,0.0,2242414000.0,,415334000.0,53505000.0,53505000.0,0.0,762040000.0,527639000.0,234401000.0,5192319473.0,20161000.0,-93000.0,-7568000.0,-233000.0,-13803000.0,-21672000.0,-71391000.0,-9045000.0,109913000.0,3311000.0,65318000.0,65318000.0,65318000.0,0.0,0.0,0.081,162471000.0,88517000.0,283446000.0,0.208,2.065,18.643,18.553,1131537000.0,0.0,28.2,1.594,1.593,692904000.0,2631656000.0,807014000.0,807014000.0,0.0,,,,,5872000.0,162471000.0,1.0,184124804.0,183985000,185271000.0,4.386,2955026000.0,0.0,26978000.0,0.0,16.061,1021794000.0
27,MOLX,MRQ,2006-12-31,2006-12-31,2006-12-31,2021-09-14,138078000.0,3260948000.0,,1552984000.0,1707964000.0,,13.282,-79702000.0,299413000.0,299413000.0,578958000.0,66227000.0,2.66,0.333,132764000.0,0.0,132764000.0,132764000.0,0.0,59574000.0,0.0,0.009,0.075,94619000.0,154193000.0,0.184,154193000.0,94619000.0,94619000.0,0.36,0.36,0.36,2444744000.0,,2444744000.0,5623838452.0,15.0,9.233,48871000.0,0.266,1.0,258509000.0,0.309,304035000.0,0.0,2206341000.0,,423639000.0,44097000.0,44097000.0,0.0,815259000.0,583923000.0,231336000.0,5823656452.0,-34908000.0,-488000.0,-6777000.0,-44191000.0,-13805000.0,-64838000.0,-104995000.0,-26322000.0,128573000.0,6352000.0,66227000.0,66227000.0,66227000.0,0.0,0.0,0.079,167691000.0,90818000.0,305981000.0,0.208,2.382,21.225,21.228,1122759000.0,0.0,31.63,1.836,1.836,705497000.0,2579774000.0,837467000.0,837467000.0,0.0,,,,,6105000.0,167691000.0,1.0,184118130.0,184058000,185969000.0,4.55,2956913000.0,0.0,28392000.0,0.0,16.065,969061000.0
28,MOLX,MRQ,2006-09-30,2006-09-30,2006-09-30,2021-09-14,105629000.0,3258033000.0,,1573907000.0,1684126000.0,,12.85,-74007000.0,334321000.0,334321000.0,560136000.0,76501000.0,2.367,0.379,134503000.0,0.0,134503000.0,134503000.0,0.0,58122000.0,0.0,0.006,0.075,107005000.0,165127000.0,0.199,165127000.0,107005000.0,107005000.0,0.42,0.41,0.42,2361343000.0,,2361343000.0,6836687636.0,18.0,11.62,-37239000.0,-0.203,1.0,269409000.0,0.325,301929000.0,0.0,2091327000.0,,408220000.0,17595000.0,17595000.0,0.0,895824000.0,664959000.0,230865000.0,7157375636.0,1506000.0,-236626000.0,2345000.0,148899000.0,-13774000.0,137987000.0,-173023000.0,135134000.0,36768000.0,-226000.0,76501000.0,76501000.0,76501000.0,0.0,0.0,0.092,166301000.0,103108000.0,324873000.0,0.179,3.031,26.872,27.062,1090285000.0,0.0,38.97,2.361,2.363,731719000.0,2527576000.0,829545000.0,829545000.0,0.0,,,,,7639000.0,166301000.0,1.0,183663732.0,183763000,185992000.0,4.514,2956104000.0,0.0,30504000.0,0.0,16.087,908948000.0
29,MOLX,MRQ,2006-06-30,2006-06-30,2006-06-30,2021-09-14,106713000.0,2974420000.0,,1548233000.0,1426187000.0,,12.4,-58503000.0,332815000.0,332815000.0,525182000.0,70471000.0,2.603,0.304,8061000.0,968000.0,7093000.0,8061000.0,0.0,54246000.0,0.0,0.007,0.075,96260000.0,150506000.0,0.192,150506000.0,96260000.0,96260000.0,0.38,0.38,0.38,2281869000.0,,2281869000.0,5908830767.0,18.0,10.891,120190000.0,0.653,1.0,258617000.0,0.33,149458000.0,0.0,1905396000.0,,347312000.0,152728000.0,152728000.0,0.0,692551000.0,594812000.0,97739000.0,6188695767.0,44307000.0,-24565000.0,-26401000.0,-1566000.0,-8767000.0,-36478000.0,-102557000.0,-37205000.0,178693000.0,4649000.0,70471000.0,70471000.0,70471000.0,0.0,0.0,0.09,164324000.0,94293000.0,305876000.0,0.197,2.712,26.213,26.433,1025852000.0,0.0,33.57,2.163,2.177,660665000.0,2464889000.0,783799000.0,783799000.0,0.0,,,,,8766000.0,153644000.0,1.0,184351974.0,184027000,186126000.0,4.259,2824962000.0,149525000.0,25789000.0,96234000.0,15.351,953421000.0
30,MOLX,MRQ,2006-03-31,2006-03-31,2006-03-31,2021-09-14,74223000.0,2797271000.0,,1408023000.0,1389248000.0,,11.945,-62722000.0,288508000.0,288508000.0,477929000.0,61184000.0,2.855,0.267,8643000.0,0.0,8643000.0,8643000.0,0.0,53727000.0,0.0,0.006,0.05,85572000.0,139299000.0,0.193,139299000.0,85572000.0,85572000.0,0.33,0.33,0.33,2205809000.0,,2205809000.0,5824917638.0,23.0,12.582,24512000.0,0.133,1.0,242398000.0,0.337,148107000.0,0.0,1876124000.0,,327446000.0,112942000.0,112942000.0,0.0,588939000.0,493175000.0,95764000.0,6143683638.0,-39183000.0,0.0,-37210000.0,392000.0,-9725000.0,-47136000.0,-84926000.0,-20902000.0,87234000.0,5645000.0,61184000.0,61184000.0,61184000.0,0.0,0.0,0.085,161465000.0,80933000.0,260763000.0,0.152,2.785,36.969,36.889,1008259000.0,0.0,33.2,2.253,2.248,632422000.0,2425385000.0,720327000.0,720327000.0,0.0,,,,,8018000.0,157178000.0,1.0,185050712.0,184658000,186303000.0,3.901,2649164000.0,0.0,24388000.0,0.0,14.346,914848000.0
31,MOLX,MRQ,2005-12-31,2005-12-31,2005-12-31,2021-09-14,55481000.0,2730896000.0,,1358412000.0,1372484000.0,,11.629,-67055000.0,327691000.0,327691000.0,469552000.0,58196000.0,2.876,0.261,8925000.0,0.0,8925000.0,8925000.0,0.0,52017000.0,0.0,0.007,0.05,81389000.0,133406000.0,0.191,133406000.0,81389000.0,81389000.0,0.31,0.31,0.31,2163441000.0,,2163441000.0,4537460547.0,20.0,10.18,61236000.0,0.329,1.0,227796000.0,0.327,154200000.0,0.0,1785609000.0,,312518000.0,92158000.0,92158000.0,0.0,565086000.0,472321000.0,92765000.0,4837793547.0,17778000.0,0.0,-38408000.0,-247000.0,-9303000.0,-49482000.0,-60806000.0,21216000.0,128291000.0,-225000.0,58196000.0,58196000.0,58196000.0,0.0,0.0,0.083,152553000.0,75243000.0,256756000.0,0.161,2.236,32.29,32.037,991989000.0,0.0,25.95,1.847,1.843,585676000.0,2373071000.0,697348000.0,697348000.0,0.0,,,,,6402000.0,146036000.0,1.0,186427497.0,186042000,187648000.0,3.748,2576696000.0,0.0,23193000.0,0.0,13.85,886091000.0
32,MOLX,MRQ,2005-09-30,2005-09-30,2005-09-30,2021-09-14,64716000.0,2698965000.0,,1341930000.0,1357035000.0,,11.518,-64067000.0,309913000.0,309913000.0,445996000.0,46240000.0,2.991,0.251,9580000.0,0.0,9580000.0,9580000.0,0.0,54667000.0,0.0,0.006,0.05,64663000.0,119330000.0,0.181,119330000.0,64663000.0,64663000.0,0.25,0.25,0.25,2156603000.0,,2156603000.0,4727321091.0,22.0,10.631,-14429000.0,-0.077,1.0,213819000.0,0.324,143844000.0,0.0,1806110000.0,,305770000.0,113312000.0,113312000.0,0.0,540267000.0,448678000.0,91589000.0,5021331091.0,157000.0,0.0,-47521000.0,-2272000.0,-7048000.0,-56718000.0,7510000.0,74227000.0,49638000.0,-273000.0,46240000.0,46240000.0,46240000.0,0.0,0.0,0.07,154544000.0,59275000.0,249992000.0,0.2,2.328,34.901,34.205,987356000.0,0.0,26.68,1.951,1.941,564980000.0,2323874000.0,659815000.0,659815000.0,0.0,,,,,7362000.0,149674000.0,1.0,188205813.0,187243000,188543000.0,3.524,2555121000.0,0.0,18423000.0,0.0,13.646,893252000.0
33,MOLX,MRQ,2005-06-30,2005-06-30,2005-06-30,2021-09-14,71296000.0,2730162000.0,,1374063000.0,1356099000.0,,11.514,-64176000.0,309756000.0,309756000.0,475116000.0,564000.0,2.927,0.258,15746000.0,5771000.0,9975000.0,15746000.0,0.0,52742000.0,0.0,0.006,0.037,18178000.0,70920000.0,0.109,70920000.0,18178000.0,18178000.0,0.01,0.01,0.01,2168676000.0,,2168676000.0,4607993139.0,21.0,10.137,94078000.0,0.499,1.0,174452000.0,0.269,143872000.0,0.0,1822776000.0,,290100000.0,187835000.0,187835000.0,0.0,559408000.0,469504000.0,89904000.0,4918985139.0,-14030000.0,0.0,-30628000.0,-1159000.0,-7087000.0,-38242000.0,-129659000.0,-64346000.0,158254000.0,-4383000.0,564000.0,564000.0,564000.0,0.0,0.0,0.001,161798000.0,12654000.0,252370000.0,3.7,2.268,32.768,32.55,984237000.0,0.0,26.04,1.926,1.923,539533000.0,2270677000.0,649568000.0,649568000.0,0.0,,,,,7895000.0,108754000.0,1.0,188901119.0,188358000,190206000.0,3.449,2586290000.0,145995000.0,17614000.0,52304000.0,13.731,904559000.0
34,MOLX,MRQ,2005-03-31,2005-03-31,2005-03-31,2021-09-14,100814000.0,2732188000.0,,1335358000.0,1396830000.0,,11.784,-49847000.0,323786000.0,323786000.0,401434000.0,44822000.0,3.132,0.228,12794000.0,0.0,12794000.0,12794000.0,0.0,60645000.0,0.0,0.005,0.037,61409000.0,122054000.0,0.199,122054000.0,61409000.0,61409000.0,0.24,0.24,0.24,2224567000.0,,2224567000.0,4689740505.0,17.0,9.13,39486000.0,0.209,1.0,211408000.0,0.345,167355000.0,0.0,1827537000.0,,294014000.0,123449000.0,123449000.0,0.0,507621000.0,426304000.0,81317000.0,4973915505.0,26142000.0,0.0,2624000.0,-913000.0,-7079000.0,-5368000.0,-55714000.0,-9224000.0,89333000.0,-2109000.0,44822000.0,44822000.0,44822000.0,0.0,0.0,0.073,158552000.0,52856000.0,219137000.0,0.154,2.236,25.007,24.868,1015736000.0,0.0,26.36,1.959,1.96,553472000.0,2289030000.0,612842000.0,612842000.0,0.0,,,,,2950000.0,158552000.0,1.0,188691787.0,188780000,190509000.0,3.246,2564833000.0,0.0,16587000.0,0.0,13.586,909054000.0
35,MOLX,MRQ,2004-12-31,2004-12-31,2004-12-31,2021-09-14,129001000.0,2714392000.0,,1293288000.0,1421104000.0,,11.715,-56908000.0,297644000.0,297644000.0,430298000.0,52246000.0,3.081,0.229,13469000.0,0.0,13469000.0,13469000.0,0.0,60784000.0,0.0,0.004,0.037,71601000.0,132385000.0,0.203,132385000.0,71601000.0,71601000.0,0.28,0.27,0.28,2209370000.0,,2209370000.0,5427426490.0,20.0,10.619,71924000.0,0.381,1.0,221520000.0,0.34,164953000.0,0.0,1845537000.0,,288158000.0,114365000.0,114365000.0,0.0,505022000.0,419727000.0,85295000.0,5652500490.0,59352000.0,0.0,2157000.0,-1213000.0,-7069000.0,-6125000.0,-76735000.0,-20925000.0,128832000.0,13380000.0,52246000.0,52246000.0,52246000.0,0.0,0.0,0.08,153763000.0,67757000.0,224682000.0,0.132,2.558,28.327,28.302,1047896000.0,0.0,30.0,2.265,2.267,550278000.0,2251289000.0,651818000.0,651818000.0,0.0,,,,,3788000.0,153763000.0,1.0,188416683.0,188589000,190506000.0,3.456,2549439000.0,0.0,19355000.0,0.0,13.518,873561000.0
36,MOLX,MRQ,2004-09-30,2004-09-30,2004-09-30,2021-09-14,53888000.0,2569918000.0,,1200856000.0,1369062000.0,,11.031,-48435000.0,238292000.0,238292000.0,414948000.0,52484000.0,2.927,0.234,13218000.0,0.0,13218000.0,13218000.0,0.0,57193000.0,0.0,0.004,0.037,72013000.0,129206000.0,0.202,129206000.0,72013000.0,72013000.0,0.28,0.28,0.28,2082268000.0,,2082268000.0,5421360782.0,21.0,11.078,5981000.0,0.032,1.0,225282000.0,0.352,164969000.0,0.0,1769622000.0,,282459000.0,93153000.0,93153000.0,0.0,487650000.0,410253000.0,77397000.0,5638058782.0,3861000.0,0.0,-20332000.0,-892000.0,-4730000.0,-25954000.0,-24124000.0,11036000.0,54416000.0,-477000.0,52484000.0,52484000.0,52484000.0,0.0,0.0,0.082,155285000.0,69997000.0,225731000.0,0.132,2.708,29.907,29.82,1009163000.0,0.0,29.82,2.357,2.353,546925000.0,2206053000.0,640230000.0,640230000.0,0.0,,,,,3787000.0,155285000.0,1.0,189069711.0,188763000,190617000.0,3.392,2404949000.0,0.0,19529000.0,0.0,12.741,790603000.0
37,MOLX,MRQ,2004-06-30,2004-06-30,2004-06-30,2021-09-14,66573000.0,2572346000.0,,1168644000.0,1403702000.0,,10.902,-55476000.0,234431000.0,234431000.0,450876000.0,49347000.0,2.728,0.245,17733000.0,3694000.0,14039000.0,17733000.0,0.0,61010000.0,0.0,0.003,0.025,68988000.0,129998000.0,0.205,129998000.0,68988000.0,68988000.0,0.26,0.25,0.26,2064783000.0,,2064783000.0,5836729974.0,25.0,12.7,43288000.0,0.229,1.0,183244000.0,0.289,164915000.0,0.0,1762269000.0,,265344000.0,104223000.0,104223000.0,0.0,506352000.0,428464000.0,77888000.0,6083290974.0,-25696000.0,0.0,-16465000.0,-1178000.0,-4744000.0,-22387000.0,-99736000.0,-13837000.0,98764000.0,-2337000.0,49347000.0,49347000.0,49347000.0,0.0,0.0,0.078,117729000.0,65515000.0,234823000.0,0.096,2.946,36.189,36.455,1022378000.0,0.0,32.08,2.705,2.713,529630000.0,2160368000.0,634120000.0,634120000.0,0.0,,,,,8243000.0,117729000.0,1.0,189628771.0,189388000,191394000.0,3.348,2407431000.0,139790000.0,19641000.0,46787000.0,12.712,740180000.0
38,MOLX,MRQ,2004-03-31,2004-03-31,2004-03-31,2021-09-14,77028000.0,2535645000.0,,1129943000.0,1405702000.0,,10.707,-50309000.0,260127000.0,260127000.0,366886000.0,45471000.0,2.744,0.245,13566000.0,0.0,13566000.0,13566000.0,0.0,57229000.0,0.0,0.003,0.025,62303000.0,119532000.0,0.21,119532000.0,62303000.0,62303000.0,0.24,0.24,0.24,2036964000.0,,2036964000.0,5642648282.0,30.0,13.492,48920000.0,0.257,1.0,202267000.0,0.355,160733000.0,0.0,1716517000.0,,246665000.0,90386000.0,90386000.0,0.0,498681000.0,411834000.0,86847000.0,5786185282.0,102684000.0,0.0,-22292000.0,-2062000.0,-4763000.0,-29117000.0,25289000.0,79723000.0,99229000.0,7283000.0,45471000.0,45471000.0,45471000.0,0.0,0.0,0.08,143005000.0,59262000.0,223264000.0,0.104,2.841,47.933,47.484,1025689000.0,0.0,30.39,2.767,2.765,493738000.0,2107911000.0,569153000.0,569153000.0,0.0,,,,,3851000.0,143005000.0,1.0,190397673.0,190252000,192417000.0,2.992,2374912000.0,0.0,16832000.0,0.0,12.483,718109000.0
39,MOLX,MRQ,2003-12-31,2003-12-31,2003-12-31,2021-09-14,77489000.0,2490154000.0,,1079695000.0,1410459000.0,,10.582,-38615000.0,157443000.0,157443000.0,369685000.0,41216000.0,2.78,0.236,13906000.0,0.0,13906000.0,13906000.0,0.0,54124000.0,0.0,0.003,0.025,56530000.0,110654000.0,0.202,110654000.0,56530000.0,56530000.0,0.22,0.21,0.22,2015408000.0,,2015408000.0,6493789951.0,43.0,17.129,12514000.0,0.066,1.0,179297000.0,0.327,160743000.0,0.0,1797474000.0,,216386000.0,170109000.0,170109000.0,0.0,474746000.0,388400000.0,86346000.0,6638262951.0,-1351000.0,0.0,-2169000.0,-1414000.0,-4762000.0,-8345000.0,-45915000.0,-8261000.0,51129000.0,1780000.0,41216000.0,41216000.0,41216000.0,0.0,0.0,0.075,131172000.0,48125000.0,203926000.0,0.114,3.294,66.352,65.83,1027870000.0,0.0,34.89,3.378,3.382,490395000.0,2067204000.0,548982000.0,548982000.0,0.0,,,,,3203000.0,131172000.0,1.0,190262624.0,190459000,192450000.0,2.882,2329411000.0,0.0,15314000.0,0.0,12.231,691295000.0
40,MOLX,MRQ,2003-09-30,2003-09-30,2003-09-30,2021-09-14,32186000.0,2394001000.0,,1007496000.0,1386505000.0,,10.135,-45324000.0,158794000.0,158794000.0,328739000.0,32062000.0,2.643,0.239,14321000.0,0.0,14321000.0,14321000.0,0.0,55475000.0,0.0,0.003,0.025,43936000.0,99411000.0,0.2,99411000.0,43936000.0,43936000.0,0.17,0.17,0.17,1932521000.0,,1932521000.0,5306122437.0,43.0,15.097,-2415000.0,-0.013,1.0,168024000.0,0.338,160729000.0,0.0,1707632000.0,,195653000.0,161848000.0,161848000.0,0.0,461480000.0,381167000.0,80313000.0,5462142437.0,-20182000.0,0.0,-17269000.0,-4217000.0,-4773000.0,-26259000.0,-37996000.0,9387000.0,42909000.0,1164000.0,32062000.0,32062000.0,32062000.0,0.0,0.0,0.065,127464000.0,40560000.0,188650000.0,0.147,2.826,62.77,62.13,1023584000.0,0.0,28.58,2.92,2.913,441280000.0,2030750000.0,496763000.0,496763000.0,0.0,,,,,3007000.0,127464000.0,1.0,191117650.0,190679000,192372000.0,2.605,2233272000.0,0.0,11874000.0,0.0,11.712,626329000.0
41,MOLX,MRQ,2003-06-30,2003-06-30,2003-06-30,2021-09-14,10246000.0,2329870000.0,,962113000.0,1367757000.0,,9.928,-40295000.0,178976000.0,178976000.0,322848000.0,1964000.0,2.701,0.228,22956000.0,6088000.0,16868000.0,22956000.0,0.0,61900000.0,0.0,0.004,0.025,26726000.0,88626000.0,0.186,88626000.0,26726000.0,26726000.0,0.01,0.01,0.01,1896568000.0,,1896568000.0,4987890969.0,45.0,14.739,35372000.0,0.185,1.0,153218000.0,0.322,160732000.0,0.0,1656970000.0,,179256000.0,171235000.0,171235000.0,0.0,433302000.0,356148000.0,77154000.0,5162174969.0,-9381000.0,0.0,-11723000.0,-2509000.0,-4764000.0,-18996000.0,-52986000.0,-25599000.0,75667000.0,-13066000.0,1964000.0,1964000.0,1964000.0,0.0,0.0,0.004,154400000.0,-1182000.0,175815000.0,2.5,2.722,60.79,61.386,1007948000.0,0.0,27.01,2.801,2.812,396780000.0,2003440000.0,476066000.0,476066000.0,0.0,,,,,3334000.0,119370000.0,1.0,191120880.0,191039000,192797000.0,2.492,2169138000.0,127945000.0,24762000.0,51251000.0,11.354,605965000.0
42,MOLX,MRQ,2003-03-31,2003-03-31,2003-03-31,2021-09-14,-20502000.0,2245587000.0,,925385000.0,1320202000.0,,9.799,-48488000.0,188357000.0,188357000.0,294645000.0,24804000.0,3.061,0.197,14073000.0,0.0,14073000.0,14073000.0,0.0,55605000.0,0.0,0.005,0.025,24804000.0,80409000.0,0.181,80409000.0,24804000.0,24804000.0,0.13,0.13,0.13,1876448000.0,,1876448000.0,3938274235.0,31.0,11.171,26774000.0,0.14,1.0,148532000.0,0.335,160180000.0,0.0,1608806000.0,,174890000.0,145636000.0,145636000.0,0.0,369139000.0,302317000.0,66822000.0,4119619235.0,-6966000.0,0.0,-12381000.0,-720000.0,-4798000.0,-17899000.0,-67313000.0,-13920000.0,75262000.0,2984000.0,24804000.0,24804000.0,24804000.0,0.0,0.0,0.056,117408000.0,31124000.0,157138000.0,0.192,2.195,37.353,37.034,1023446000.0,0.0,21.48,2.259,2.256,375963000.0,2006255000.0,443177000.0,443177000.0,0.0,,,,,2911000.0,117408000.0,1.0,191788605.0,191493000,192394000.0,2.314,2085407000.0,0.0,0.0,0.0,10.89,623068000.0
43,MOLX,MRQ,2002-12-31,2002-12-31,2002-12-31,2021-09-14,-24327000.0,2240593000.0,,916395000.0,1324198000.0,,9.698,-41247000.0,195323000.0,195323000.0,308215000.0,28188000.0,2.942,0.203,13978000.0,0.0,13978000.0,13978000.0,0.0,54829000.0,0.0,0.004,0.025,28188000.0,83017000.0,0.183,83017000.0,28188000.0,28188000.0,0.15,0.15,0.15,1862029000.0,,1862029000.0,4268306808.0,33.0,12.098,50370000.0,0.262,1.0,146394000.0,0.322,160198000.0,0.0,1587540000.0,,166705000.0,131716000.0,131716000.0,0.0,378564000.0,311510000.0,67054000.0,4429127808.0,19328000.0,0.0,-16778000.0,-2183000.0,-4811000.0,-23772000.0,-63719000.0,-9310000.0,91617000.0,15202000.0,28188000.0,28188000.0,28188000.0,0.0,0.0,0.062,113166000.0,33228000.0,159538000.0,0.167,2.379,42.114,41.891,1033935000.0,0.0,23.04,2.477,2.474,380761000.0,1986250000.0,454609000.0,454609000.0,0.0,,,,,3281000.0,113166000.0,1.0,192236450.0,192002000,193312000.0,2.368,2080395000.0,0.0,0.0,0.0,10.835,604885000.0
44,MOLX,MRQ,2002-09-30,2002-09-30,2002-09-30,2021-09-14,-58307000.0,2228316000.0,,915464000.0,1312852000.0,,9.429,-37312000.0,175995000.0,175995000.0,309690000.0,29962000.0,2.679,0.225,15174000.0,0.0,15174000.0,15174000.0,0.0,56396000.0,0.0,0.004,0.025,39515000.0,95911000.0,0.204,95911000.0,39515000.0,39515000.0,0.16,0.15,0.16,1818608000.0,,1818608000.0,4359755453.0,45.0,13.52,25014000.0,0.13,1.0,159556000.0,0.34,160173000.0,0.0,1565562000.0,,175745000.0,122406000.0,122406000.0,0.0,409708000.0,341760000.0,67948000.0,4545255453.0,-37482000.0,0.0,-23450000.0,-3385000.0,-4829000.0,-31664000.0,-65207000.0,-22558000.0,62326000.0,-2937000.0,29962000.0,29962000.0,29962000.0,0.0,0.0,0.064,120468000.0,39088000.0,173462000.0,0.156,2.499,55.945,56.0,1039254000.0,0.0,23.52,2.597,2.592,390325000.0,1962876000.0,469246000.0,469246000.0,0.0,,,,,3281000.0,120468000.0,1.0,193250657.0,192865000,194439000.0,2.433,2068143000.0,0.0,9553000.0,0.0,10.723,573704000.0
45,MOLX,MRQ,2002-06-30,2002-06-30,2002-06-30,2021-09-14,-42354000.0,2253920000.0,,915343000.0,1338577000.0,,9.45,-41985000.0,213477000.0,213477000.0,314647000.0,27336000.0,2.545,0.233,27977000.0,10128000.0,17849000.0,27977000.0,0.0,57308000.0,0.0,0.003,0.025,35912000.0,93220000.0,0.204,93220000.0,35912000.0,35912000.0,0.14,0.14,0.14,1827652000.0,,1827652000.0,6278388062.0,67.0,19.815,119334000.0,0.617,1.0,141630000.0,0.31,160180000.0,0.0,1548647000.0,,167253000.0,99848000.0,99848000.0,0.0,426268000.0,359593000.0,66675000.0,6488827062.0,-16215000.0,-4702000.0,-17009000.0,-3014000.0,-4842000.0,-24865000.0,-165913000.0,-85683000.0,161319000.0,13244000.0,27336000.0,27336000.0,27336000.0,0.0,0.0,0.06,110565000.0,31065000.0,184630000.0,0.179,3.55,84.845,85.974,1067590000.0,0.0,33.53,3.791,3.807,386150000.0,1937488000.0,456277000.0,456277000.0,0.0,,,,,2609000.0,110565000.0,1.0,193523026.0,193400000,200036000.0,2.359,2093740000.0,88307000.0,8576000.0,37893000.0,10.826,555750000.0
46,MOLX,MRQ,2002-03-31,2002-03-31,2002-03-31,2021-09-14,-118729000.0,2077515000.0,,826829000.0,1250686000.0,,8.986,-40973000.0,229692000.0,229692000.0,276035000.0,19683000.0,3.157,0.191,19253000.0,0.0,19253000.0,19253000.0,0.0,54786000.0,0.0,0.003,0.025,25879000.0,80665000.0,0.198,80665000.0,25879000.0,25879000.0,0.1,0.1,0.1,1743633000.0,,1743633000.0,6542959333.0,93.0,21.927,46941000.0,0.242,1.0,132272000.0,0.324,157529000.0,0.0,1447635000.0,,176089000.0,14165000.0,14165000.0,0.0,333882000.0,261912000.0,71970000.0,6736072333.0,14744000.0,0.0,-23935000.0,-4170000.0,-4860000.0,-32965000.0,-34273000.0,-1626000.0,87914000.0,-5932000.0,19683000.0,19683000.0,19683000.0,0.0,0.0,0.048,107096000.0,25176000.0,133095000.0,0.25,3.863,112.322,115.567,1035775000.0,0.0,34.67,3.815,3.81,355806000.0,1914999000.0,408307000.0,408307000.0,0.0,,,,,3375000.0,107096000.0,1.0,194291097.0,194034000,194034000.0,2.104,1919986000.0,0.0,6196000.0,0.0,9.895,564917000.0
47,MOLX,MRQ,2001-12-31,2001-12-31,2001-12-31,2021-09-14,-115964000.0,2091888000.0,,821164000.0,1270724000.0,,9.001,-40508000.0,214948000.0,214948000.0,291115000.0,4264000.0,3.098,0.194,21835000.0,0.0,21835000.0,21835000.0,0.0,56427000.0,0.0,0.003,0.025,-3757000.0,52670000.0,0.126,52670000.0,-3757000.0,-3757000.0,0.02,0.02,0.02,1751977000.0,,1751977000.0,5863498789.0,45.0,16.592,40827000.0,0.21,1.0,125345000.0,0.301,157537000.0,0.0,1476148000.0,,190194000.0,12539000.0,12539000.0,0.0,339911000.0,265090000.0,74821000.0,6030593789.0,21904000.0,0.0,-16734000.0,-3934000.0,-4875000.0,-25543000.0,-30687000.0,8099000.0,81335000.0,-3201000.0,4264000.0,4264000.0,4264000.0,0.0,0.0,0.01,117872000.0,7473000.0,126396000.0,1.25,3.442,59.695,60.686,1055219000.0,0.0,30.95,3.081,3.078,350879000.0,1900174000.0,416460000.0,416460000.0,0.0,,,,,2642000.0,117872000.0,1.0,194849557.0,194636000,194636000.0,2.14,1934351000.0,0.0,-8021000.0,0.0,9.938,556074000.0
48,MOLX,MRQ,2001-09-30,2001-09-30,2001-09-30,2021-09-14,-60995000.0,2219649000.0,,874373000.0,1345276000.0,,9.322,-44280000.0,193044000.0,193044000.0,293149000.0,25196000.0,2.74,0.22,25949000.0,0.0,25949000.0,25949000.0,0.0,55166000.0,0.0,0.004,0.025,35129000.0,90295000.0,0.21,90295000.0,35129000.0,35129000.0,0.13,0.13,0.13,1819706000.0,,1819706000.0,5383494241.0,23.0,11.819,20781000.0,0.106,1.0,137304000.0,0.319,157025000.0,0.0,1576388000.0,,208767000.0,20638000.0,20638000.0,0.0,399943000.0,319141000.0,80802000.0,5492968241.0,54606000.0,0.0,-14089000.0,-3790000.0,-4885000.0,-22764000.0,7246000.0,48756000.0,65061000.0,5063000.0,25196000.0,25196000.0,25196000.0,0.0,0.0,0.059,103067000.0,34237000.0,159512000.0,0.192,3.019,33.373,33.464,1111338000.0,0.0,28.11,2.531,2.529,392255000.0,1900319000.0,430453000.0,430453000.0,0.0,,,,,2484000.0,103067000.0,1.0,195409756.0,195204000,195204000.0,2.205,2062624000.0,0.0,9933000.0,0.0,10.567,555232000.0
49,MOLX,MRQ,2001-06-30,2001-06-30,2001-06-30,2021-09-14,-105214000.0,2213627000.0,,891865000.0,1321762000.0,,9.036,-74822000.0,138438000.0,138438000.0,356590000.0,10828000.0,2.384,0.254,36666000.0,11201000.0,25465000.0,36666000.0,0.0,61301000.0,0.0,0.003,0.025,13462000.0,74763000.0,0.146,74763000.0,13462000.0,13462000.0,0.05,0.05,0.05,1765640000.0,,1765640000.0,7039354806.0,24.0,13.822,80581000.0,0.412,1.0,153914000.0,0.301,156697000.0,0.0,1581052000.0,,213637000.0,69394000.0,69394000.0,0.0,447987000.0,374106000.0,73881000.0,7137743806.0,18875000.0,0.0,-4928000.0,-852000.0,-4887000.0,-10667000.0,-117207000.0,-41370000.0,155403000.0,-8654000.0,10828000.0,10828000.0,10828000.0,0.0,0.0,0.021,145079000.0,8835000.0,178035000.0,0.5,4.043,35.003,35.125,1092567000.0,0.0,36.53,3.017,3.019,415798000.0,1880450000.0,510504000.0,510504000.0,0.0,,,,,1777000.0,145079000.0,1.0,195394027.0,195411000,204059000.0,2.612,2056930000.0,66245000.0,2634000.0,38638000.0,10.526,517759000.0
50,MOLX,MRQ,2001-03-31,2001-03-31,2001-03-31,2021-09-14,-87000000.0,2240390000.0,,936326000.0,1304064000.0,,9.114,-88174000.0,119563000.0,119563000.0,380765000.0,60735000.0,2.439,0.258,21174000.0,0.0,21174000.0,21174000.0,0.0,49868000.0,0.0,0.003,0.025,85793000.0,135661000.0,0.226,135661000.0,85793000.0,85793000.0,0.31,0.31,0.31,1780556000.0,,1780556000.0,6791234100.0,18.0,11.586,9589000.0,0.049,1.0,219036000.0,0.365,157810000.0,0.0,1600288000.0,,262323000.0,28023000.0,28023000.0,0.0,459834000.0,383903000.0,75931000.0,6892092100.0,-2840000.0,0.0,-2260000.0,-8095000.0,-4888000.0,-15243000.0,-84268000.0,240000.0,97763000.0,-1092000.0,60735000.0,60735000.0,60735000.0,0.0,0.0,0.101,136284000.0,82752000.0,210591000.0,0.081,3.871,26.7,26.728,1063663000.0,0.0,35.281,2.791,2.791,491625000.0,1874504000.0,599801000.0,599801000.0,0.0,,,,,2540000.0,136284000.0,1.0,195347440.0,195360000,195360000.0,3.07,2082580000.0,0.0,25058000.0,0.0,10.66,552423000.0
51,MOLX,MRQ,2000-12-31,2000-12-31,2000-12-31,2021-09-14,-43481000.0,2301236000.0,,1001090000.0,1300146000.0,,9.027,-104026000.0,122404000.0,122404000.0,388470000.0,67834000.0,2.17,0.304,21546000.0,0.0,21546000.0,21546000.0,0.0,56327000.0,0.0,0.003,0.025,98451000.0,154778000.0,0.246,154778000.0,98451000.0,98451000.0,0.35,0.34,0.35,1764325000.0,,1764325000.0,6841269360.0,18.0,11.754,6304000.0,0.032,1.0,240849000.0,0.383,160506000.0,0.0,1578520000.0,,285733000.0,28264000.0,28264000.0,0.0,536911000.0,461352000.0,75559000.0,6941959360.0,427000.0,0.0,-9664000.0,9278000.0,-4888000.0,-5274000.0,-100141000.0,10270000.0,110330000.0,-4488000.0,67834000.0,67834000.0,67834000.0,0.0,0.0,0.108,146648000.0,94201000.0,255999000.0,0.071,3.935,27.203,27.308,1053298000.0,0.0,35.5,2.848,2.846,531629000.0,1818650000.0,629319000.0,629319000.0,0.0,,,,,2541000.0,146648000.0,1.0,195548151.0,195440000,195440000.0,3.22,2140730000.0,0.0,30617000.0,0.0,10.953,539738000.0
52,MOLX,MRQ,2000-09-30,2000-09-30,2000-09-30,2021-09-14,-28335000.0,2254515000.0,,994352000.0,1260163000.0,,8.812,-103547000.0,121976000.0,121976000.0,381235000.0,64522000.0,2.174,0.308,21286000.0,0.0,21286000.0,21286000.0,0.0,50458000.0,0.0,0.002,0.025,93637000.0,144095000.0,0.23,144095000.0,93637000.0,93637000.0,0.33,0.33,0.33,1723946000.0,,1723946000.0,10519821077.0,30.0,19.032,-50491000.0,-0.258,1.0,244690000.0,0.391,163007000.0,0.0,1533354000.0,,260111000.0,38534000.0,38534000.0,0.0,530569000.0,457464000.0,73105000.0,10658975077.0,-42312000.0,0.0,-10328000.0,-1514000.0,-4892000.0,-16734000.0,-75394000.0,38421000.0,53056000.0,-3240000.0,64522000.0,64522000.0,64522000.0,0.0,0.0,0.103,150888000.0,93802000.0,253532000.0,0.076,6.183,44.14,44.258,1018741000.0,0.0,54.438,4.534,4.53,538627000.0,1755732000.0,625925000.0,625925000.0,0.0,,,,,2540000.0,150888000.0,1.0,195802068.0,195638000,195638000.0,3.199,2091508000.0,0.0,29115000.0,0.0,10.691,536888000.0
53,MOLX,MRQ,2000-06-30,2000-06-30,2000-06-30,2021-09-14,6962000.0,2247106000.0,,1023009000.0,1224097000.0,,8.713,-84165000.0,164288000.0,164288000.0,383774000.0,65044000.0,2.152,0.317,25134000.0,3541000.0,21593000.0,25134000.0,0.0,55209000.0,0.0,0.002,0.025,96436000.0,151645000.0,0.247,151645000.0,96436000.0,96436000.0,0.33,0.33,0.33,1705804000.0,,1705804000.0,9299910469.0,29.0,17.898,51130000.0,0.261,1.0,230874000.0,0.376,165307000.0,0.0,1467196000.0,,236209000.0,76955000.0,76955000.0,0.0,541302000.0,475449000.0,65853000.0,9440765469.0,849000.0,-38877000.0,-14258000.0,-3340000.0,-4893000.0,-22491000.0,-122039000.0,-30802000.0,135295000.0,10084000.0,65044000.0,65044000.0,65044000.0,0.0,0.0,0.106,136310000.0,94564000.0,277303000.0,0.076,5.534,42.439,42.588,980775000.0,0.0,48.125,4.258,4.256,514855000.0,1696162000.0,614648000.0,614648000.0,0.0,,,,,4466000.0,136310000.0,1.0,196171750.0,195769000,204361000.0,3.14,2081799000.0,24664000.0,31392000.0,66282000.0,10.634,547560000.0
54,MOLX,MRQ,2000-03-31,2000-03-31,2000-03-31,2021-09-14,167967000.0,2283164000.0,,966409000.0,1316755000.0,,9.221,-93134000.0,163439000.0,163439000.0,346432000.0,57795000.0,2.376,0.263,22584000.0,0.0,22584000.0,22584000.0,0.0,47517000.0,0.0,0.001,0.025,84019000.0,131536000.0,0.232,131536000.0,84019000.0,84019000.0,0.29,0.29,0.29,1807670000.0,,1807670000.0,11350780098.0,42.0,24.555,-13678000.0,-0.07,1.0,221137000.0,0.39,165686000.0,0.0,1569914000.0,,244194000.0,46153000.0,46153000.0,0.0,475494000.0,406709000.0,68785000.0,11521549098.0,-30685000.0,0.0,-5576000.0,-771000.0,-3914000.0,-10261000.0,-92051000.0,30589000.0,79456000.0,-7829000.0,57795000.0,57795000.0,57795000.0,0.0,0.0,0.102,140114000.0,81023000.0,231728000.0,0.086,6.374,55.543,55.425,941091000.0,0.0,58.75,5.625,5.623,486258000.0,1636203000.0,567569000.0,567569000.0,0.0,,,,,0.0,140114000.0,1.0,196111474.0,196044000,196044000.0,2.895,2117478000.0,0.0,26224000.0,0.0,10.801,559700000.0
55,MOLX,MRQ,1999-12-31,1999-12-31,1999-12-31,2021-09-14,111286000.0,2156972000.0,,976470000.0,1180502000.0,,8.683,-89964000.0,194124000.0,194124000.0,333554000.0,54118000.0,2.621,0.266,23355000.0,0.0,23355000.0,23355000.0,0.0,47957000.0,0.0,0.001,0.02,77504000.0,125461000.0,0.231,125461000.0,77504000.0,77504000.0,0.28,0.27,0.28,1703297000.0,,1703297000.0,8748958782.0,35.0,20.174,12220000.0,0.062,1.0,209455000.0,0.386,135521000.0,0.0,1478154000.0,,234294000.0,76742000.0,76742000.0,0.0,453675000.0,372528000.0,81147000.0,8892297782.0,26475000.0,0.0,-9503000.0,-955000.0,-3922000.0,-14380000.0,-51101000.0,15714000.0,102184000.0,-10228000.0,54118000.0,54118000.0,54118000.0,0.0,0.0,0.1,133348000.0,76107000.0,205877000.0,0.071,5.221,45.696,45.35,906418000.0,0.0,45.35,4.663,4.665,450575000.0,1583297000.0,543009000.0,543009000.0,0.0,,,,,2454000.0,133348000.0,1.0,196081539.0,196158000,196158000.0,2.768,2021451000.0,0.0,23386000.0,0.0,10.305,603942000.0
56,MOLX,MRQ,1999-09-30,1999-09-30,1999-09-30,2021-09-14,29545000.0,2004083000.0,,932263000.0,1071820000.0,,8.051,-54463000.0,167649000.0,167649000.0,298447000.0,45497000.0,2.71,0.269,24310000.0,0.0,24310000.0,24310000.0,0.0,45669000.0,0.0,0.002,0.02,65305000.0,110974000.0,0.226,110974000.0,65305000.0,65305000.0,0.23,0.23,0.23,1579852000.0,,1579852000.0,5549465261.0,23.0,13.36,-3471000.0,-0.018,1.0,193423000.0,0.393,135775000.0,0.0,1380927000.0,,209689000.0,92456000.0,92456000.0,0.0,424231000.0,344042000.0,80189000.0,5707346261.0,-15343000.0,0.0,-12679000.0,4162000.0,-2358000.0,-10875000.0,-72966000.0,-8582000.0,50992000.0,17506000.0,45497000.0,45497000.0,45497000.0,0.0,0.0,0.092,129131000.0,64292000.0,185693000.0,0.087,3.613,30.959,30.632,856904000.0,0.0,29.1,3.182,3.184,424580000.0,1534606000.0,491870000.0,491870000.0,0.0,,,,,800000.0,129131000.0,1.0,196128738.0,196239000,196239000.0,2.506,1868308000.0,0.0,19808000.0,0.0,9.521,588221000.0
57,MOLX,MRQ,1999-06-30,1999-06-30,1999-06-30,2021-09-14,-17708000.0,1902012000.0,,881338000.0,1020674000.0,,7.708,-67984000.0,182992000.0,182992000.0,288370000.0,50023000.0,2.574,0.268,25111000.0,4963000.0,20148000.0,25111000.0,0.0,51277000.0,0.0,0.002,0.012,43020000.0,94297000.0,0.211,94297000.0,43020000.0,43020000.0,0.26,0.26,0.26,1500537000.0,,1500537000.0,5537933089.0,24.0,13.871,66844000.0,0.343,1.0,157491000.0,0.353,137378000.0,0.0,1264312000.0,,188861000.0,83874000.0,83874000.0,0.0,401475000.0,342441000.0,59034000.0,5733468089.0,-22510000.0,-34935000.0,-9248000.0,-34730000.0,-2401000.0,-46136000.0,-62243000.0,19733000.0,134828000.0,-48959000.0,50023000.0,50023000.0,50023000.0,0.0,0.0,0.112,115942000.0,41549000.0,156556000.0,0.046,3.821,32.205,32.174,809602000.0,0.0,29.6,3.35,3.361,387525000.0,1491337000.0,445861000.0,445861000.0,0.0,,,,,1842000.0,115942000.0,1.0,193698246.0,194676000,199840000.0,2.29,1764634000.0,19137000.0,-7003000.0,52061000.0,9.064,538897000.0
58,MOLX,MRQ,1999-03-31,1999-03-31,1999-03-31,2021-09-14,-12802000.0,1768448000.0,,901468000.0,866980000.0,,7.205,-54809000.0,205502000.0,205502000.0,252504000.0,44960000.0,2.82,0.267,9967000.0,0.0,9967000.0,9967000.0,0.0,38964000.0,0.0,0.002,0.012,63971000.0,102935000.0,0.242,102935000.0,63971000.0,63971000.0,0.23,0.23,0.23,1396065000.0,,1396065000.0,4372862414.0,17.0,10.625,3363000.0,0.017,1.0,173674000.0,0.408,0.0,0.0,1253246000.0,,200080000.0,93607000.0,93607000.0,0.0,372383000.0,319667000.0,52716000.0,4560972414.0,11729000.0,0.0,-5989000.0,4401000.0,-2336000.0,-3924000.0,-46236000.0,29895000.0,58172000.0,3717000.0,44960000.0,44960000.0,44960000.0,0.0,0.0,0.105,110099000.0,63575000.0,135291000.0,0.052,3.267,26.239,26.286,750574000.0,0.0,23.5,2.741,2.737,364867000.0,1443792000.0,426178000.0,426178000.0,0.0,,,,,1777000.0,110099000.0,1.0,194083932.0,193771000,193771000.0,2.199,1768448000.0,0.0,19011000.0,0.0,9.126,581801000.0
59,MOLX,MRQ,1998-12-31,1998-12-31,1998-12-31,2021-09-14,26175000.0,1781789000.0,,897354000.0,884435000.0,,7.192,-49799000.0,193773000.0,193773000.0,253121000.0,43873000.0,2.66,0.276,5663000.0,0.0,5663000.0,5663000.0,0.0,42611000.0,0.0,0.002,0.012,64570000.0,107181000.0,0.249,107181000.0,64570000.0,64570000.0,0.23,0.22,0.23,1396334000.0,,1396334000.0,5760852420.0,22.0,13.975,19135000.0,0.099,1.0,176597000.0,0.411,0.0,0.0,1256355000.0,,201401000.0,100800000.0,100800000.0,0.0,385455000.0,337324000.0,48131000.0,5940742420.0,8224000.0,0.0,-19988000.0,-94000.0,-2330000.0,-22412000.0,-71806000.0,-32166000.0,68934000.0,33508000.0,43873000.0,43873000.0,43873000.0,0.0,0.0,0.102,111013000.0,65584000.0,136933000.0,0.052,4.255,33.892,33.739,756901000.0,0.0,30.5,3.607,3.596,365329000.0,1400871000.0,429718000.0,429718000.0,0.0,,,,,1777000.0,111013000.0,1.0,194778440.0,194161000,194161000.0,2.213,1781789000.0,0.0,20697000.0,0.0,9.177,560030000.0
60,MOLX,MRQ,1998-09-30,1998-09-30,1998-09-30,2021-09-14,-26109000.0,1705039000.0,,873542000.0,831497000.0,,6.774,-51337000.0,185549000.0,185549000.0,244315000.0,39173000.0,2.569,0.292,5659000.0,0.0,5659000.0,5659000.0,0.0,36004000.0,0.0,0.002,0.012,58831000.0,94835000.0,0.231,94835000.0,58831000.0,58831000.0,0.2,0.2,0.2,1319550000.0,,1319550000.0,4336050827.0,16.0,10.44,1247000.0,0.006,1.0,165577000.0,0.404,0.0,0.0,1185159000.0,,177187000.0,101337000.0,101337000.0,0.0,385489000.0,339990000.0,45499000.0,4535746827.0,-19713000.0,0.0,-7697000.0,94000.0,-2266000.0,-9869000.0,-67382000.0,15815000.0,52584000.0,4954000.0,39173000.0,39173000.0,39173000.0,0.0,0.0,0.096,109927000.0,55650000.0,133681000.0,0.06,3.437,25.631,25.607,710636000.0,0.0,23.2,2.795,2.785,374096000.0,1358161000.0,409892000.0,409892000.0,0.0,,,,,1775000.0,109927000.0,1.0,195506329.0,194792500,194792500.0,2.104,1705039000.0,0.0,19658000.0,0.0,8.753,533552000.0
61,MOLX,MRQ,1998-06-30,1998-06-30,1998-06-30,2021-09-14,-53557000.0,1639634000.0,,867791000.0,771843000.0,,6.464,-60295000.0,205262000.0,205262000.0,234712000.0,45818000.0,2.581,0.3,5566000.0,0.0,5566000.0,5566000.0,0.0,39854000.0,0.0,0.002,0.012,66740000.0,106594000.0,0.268,106594000.0,66740000.0,66740000.0,0.234,0.232,0.234,1261570000.0,,1261570000.0,3738439375.0,14.0,8.824,48815000.0,0.25,1.0,163344000.0,0.41,40660000.0,0.0,1063003000.0,,184433000.0,117151000.0,117151000.0,0.0,378064000.0,336275000.0,41789000.0,3918229375.0,19917000.0,-1171000.0,-26794000.0,-15000.0,-2435000.0,-28733000.0,-61817000.0,-977000.0,109110000.0,1357000.0,45818000.0,45818000.0,45818000.0,0.0,0.0,0.115,99277000.0,64067000.0,140350000.0,0.051,3.106,21.5,21.505,676161000.0,0.0,20.0,2.414,2.412,324279000.0,1322775000.0,398056000.0,398056000.0,0.0,,,,,2586000.0,99277000.0,1.0,195911469.0,195161250,204045250.0,2.04,1598974000.0,15101000.0,20922000.0,75066000.0,8.193,531516000.0
62,MOLX,MRQ,1998-03-31,1998-03-31,1998-03-31,2021-09-14,-28325000.0,1608226000.0,,854861000.0,753365000.0,,6.423,-54675000.0,185345000.0,185345000.0,240705000.0,46418000.0,2.882,0.279,5555000.0,0.0,5555000.0,5555000.0,0.0,34511000.0,0.0,0.002,0.012,69106000.0,103617000.0,0.253,103617000.0,69106000.0,69106000.0,0.24,0.232,0.24,1257688000.0,,1257688000.0,4160950502.0,15.0,9.57,24097000.0,0.123,1.0,168523000.0,0.412,0.0,0.0,1131838000.0,,173315000.0,116604000.0,116604000.0,0.0,350538000.0,296598000.0,53940000.0,4306216502.0,34488000.0,0.0,967000.0,0.0,-2352000.0,-1385000.0,-46357000.0,18860000.0,78772000.0,3458000.0,46418000.0,46418000.0,46418000.0,0.0,0.0,0.113,101845000.0,66678000.0,117563000.0,0.05,3.424,23.416,23.504,662197000.0,0.0,22.0,2.624,2.625,331128000.0,1277510000.0,409228000.0,409228000.0,0.0,,,,,1279000.0,101845000.0,1.0,195737114.0,195821250,195821250.0,2.09,1608226000.0,0.0,22688000.0,0.0,8.213,558263000.0
63,MOLX,MRQ,1997-12-31,1997-12-31,1997-12-31,2021-09-14,-26153000.0,1577357000.0,,843566000.0,733791000.0,,6.241,-55310000.0,150857000.0,150857000.0,236989000.0,45551000.0,2.79,0.29,5591000.0,0.0,5591000.0,5591000.0,0.0,40655000.0,0.0,0.002,0.012,69632000.0,110287000.0,0.272,110287000.0,69632000.0,69632000.0,0.232,0.232,0.232,1222656000.0,,1222656000.0,4862801548.0,17.0,11.323,-247000.0,-0.001,1.0,168508000.0,0.416,0.0,0.0,1129763000.0,,169994000.0,156382000.0,156382000.0,0.0,354701000.0,302328000.0,52373000.0,5039057548.0,-32749000.0,0.0,-13365000.0,-1769000.0,-1940000.0,-17074000.0,-62025000.0,-9367000.0,55063000.0,-8713000.0,45551000.0,45551000.0,45551000.0,0.0,0.0,0.112,101504000.0,67004000.0,122895000.0,0.052,4.121,27.891,27.935,643866000.0,0.0,25.7,3.113,3.11,320104000.0,1235816000.0,405497000.0,405497000.0,0.0,,,,,1495000.0,101504000.0,1.0,196072278.0,195911250,195911250.0,2.07,1577357000.0,0.0,24081000.0,0.0,8.051,541238000.0
64,MOLX,MRQ,1997-09-30,1997-09-30,1997-09-30,2021-09-14,19611000.0,1620200000.0,,871041000.0,749159000.0,,6.31,-49701000.0,183606000.0,183606000.0,239861000.0,44456000.0,2.67,0.309,7350000.0,0.0,7350000.0,7350000.0,0.0,33900000.0,0.0,0.002,0.013,69254000.0,103154000.0,0.251,103154000.0,69254000.0,69254000.0,0.224,0.224,0.224,1237275000.0,,1237275000.0,5658935376.0,21.0,13.704,12009000.0,0.061,1.0,170333000.0,0.415,0.0,0.0,1117744000.0,,162946000.0,138054000.0,138054000.0,0.0,382925000.0,326200000.0,56725000.0,5851352376.0,-16161000.0,0.0,-3000000.0,0.0,-1895000.0,-4895000.0,-64406000.0,-17799000.0,61710000.0,-8570000.0,44456000.0,44456000.0,44456000.0,0.0,0.0,0.108,104460000.0,65873000.0,145812000.0,0.058,4.729,33.376,31.696,659794000.0,0.0,28.4,3.679,3.502,339082000.0,1192563000.0,410194000.0,410194000.0,0.0,,,,,1357000.0,104460000.0,1.0,206033534.0,196086250,196086250.0,2.092,1620200000.0,0.0,24798000.0,0.0,8.263,544841000.0
65,MOLX,MRQ,1997-06-30,1997-06-30,1997-06-30,2021-09-14,59329000.0,1636931000.0,,873614000.0,763317000.0,,6.305,-58042000.0,199767000.0,199767000.0,229384000.0,47474000.0,2.554,0.324,7350000.0,0.0,7350000.0,7350000.0,0.0,45175000.0,0.0,0.001,0.013,72556000.0,117731000.0,0.283,117731000.0,72556000.0,72556000.0,0.24,0.24,0.24,1235912000.0,,1235912000.0,4397840649.0,17.0,10.968,18506000.0,0.094,1.0,186675000.0,0.449,0.0,0.0,1102488000.0,,166660000.0,125570000.0,125570000.0,0.0,401019000.0,342026000.0,58993000.0,4576066649.0,13589000.0,0.0,-6892000.0,-793000.0,-2342000.0,-8960000.0,-65674000.0,-11722000.0,76548000.0,11675000.0,47474000.0,47474000.0,47474000.0,0.0,0.0,0.114,116393000.0,70282000.0,151934000.0,0.054,3.703,27.448,27.547,665468000.0,0.0,23.36,2.972,2.98,332350000.0,1149720000.0,416059000.0,416059000.0,0.0,,,,,1174000.0,116393000.0,1.0,195893264.0,196017500,203857500.0,2.123,1636931000.0,35801000.0,25082000.0,90614000.0,8.351,531588000.0
66,MOLX,MRQ,1997-03-31,1997-03-31,1997-03-31,2021-09-14,41642000.0,1518613000.0,,785435000.0,733178000.0,,5.954,-51002000.0,186178000.0,186178000.0,228712000.0,43190000.0,2.649,0.301,7952000.0,0.0,7952000.0,7952000.0,0.0,30321000.0,0.0,0.001,0.01,67965000.0,98286000.0,0.254,98286000.0,67965000.0,67965000.0,0.224,0.216,0.224,1167644000.0,,1167644000.0,3392960667.0,13.0,8.993,51024000.0,0.26,1.0,158341000.0,0.409,0.0,0.0,1043848000.0,,146167000.0,112794000.0,112794000.0,0.0,350969000.0,296539000.0,54430000.0,3569215667.0,2659000.0,0.0,-11725000.0,600000.0,-1517000.0,-12642000.0,-69464000.0,-16538000.0,102026000.0,-17261000.0,43190000.0,43190000.0,43190000.0,0.0,0.0,0.112,93391000.0,64950000.0,135032000.0,0.045,3.057,22.52,22.058,630804000.0,0.0,18.176,2.417,2.414,306471000.0,1088569000.0,387053000.0,387053000.0,0.0,,,,,1295000.0,93391000.0,1.0,196369700.0,196106250,196106250.0,1.974,1518613000.0,0.0,24775000.0,0.0,7.744,488896000.0
67,MOLX,MRQ,1996-12-31,1996-12-31,1996-12-31,2021-09-14,78599000.0,1515018000.0,,774077000.0,740941000.0,,5.978,-54575000.0,183519000.0,183519000.0,223952000.0,40197000.0,2.756,0.289,7264000.0,0.0,7264000.0,7264000.0,0.0,30619000.0,0.0,0.0,0.01,63137000.0,93756000.0,0.249,93756000.0,63137000.0,63137000.0,0.208,0.2,0.208,1175192000.0,,1175192000.0,,,,-5082000.0,-0.026,1.0,153053000.0,0.406,0.0,0.0,1057918000.0,,155835000.0,92242000.0,92242000.0,0.0,339826000.0,280845000.0,58981000.0,3933677830.0,-58574000.0,0.0,-2966000.0,19000.0,-1550000.0,-4497000.0,-101755000.0,-56625000.0,49493000.0,-1815000.0,40197000.0,40197000.0,40197000.0,0.0,0.0,0.107,92875000.0,60178000.0,126870000.0,0.048,3.347,25.978,25.486,635552000.0,0.0,20.032,2.738,2.741,305518000.0,1062911000.0,377005000.0,377005000.0,0.0,,,,,1294000.0,92875000.0,1.0,196369700.0,196581250,198875000.0,1.918,1515018000.0,0.0,22940000.0,0.0,7.707,493232000.0
68,MOLX,MRQ,1996-09-30,1996-09-30,1996-09-30,2021-09-14,,,,,,,,-41835000.0,,,216769000.0,35855000.0,,,,,,,,32560000.0,,0.0,0.0,56212000.0,88772000.0,0.247,88772000.0,56212000.0,58639000.0,0.186,,0.186,,,,,,,5450000.0,0.028,1.0,142826000.0,0.397,,-2427000.0,,,,,,,,,,,-686000.0,0.0,-4496000.0,-29000.0,-1515000.0,-6040000.0,-41117000.0,3636000.0,47285000.0,-814000.0,35855000.0,35855000.0,35855000.0,0.0,0.0,0.1,86958000.0,55868000.0,,0.0,,,25.194,,0.0,19.072,,2.674,,,359595000.0,359595000.0,0.0,,,,,1294000.0,86958000.0,1.0,,196856250,,1.827,,,22784000.0,,,
69,MOLX,MRQ,1996-06-30,1996-06-30,1996-06-30,2021-09-14,95891000.0,1460999000.0,,734589000.0,726410000.0,,5.745,-60256000.0,242779000.0,242779000.0,202328000.0,39249000.0,2.669,0.291,7553000.0,103000.0,7450000.0,7553000.0,0.0,31205000.0,0.0,0.0,0.0,65256000.0,96461000.0,0.273,96461000.0,65256000.0,57148000.0,0.206,,0.206,1131271000.0,,1131271000.0,,,,30012000.0,0.152,1.0,150621000.0,0.427,0.0,8108000.0,950591000.0,,147612000.0,39883000.0,39883000.0,0.0,329728000.0,275182000.0,54546000.0,,43670000.0,-1677000.0,1431000.0,-61000.0,-1584000.0,573000.0,-42880000.0,25687000.0,90268000.0,-4291000.0,39249000.0,39249000.0,39249000.0,0.0,0.0,0.111,96585000.0,54036000.0,127557000.0,0.0,,,21.849,613125000.0,0.0,16.256,,2.313,269675000.0,989928000.0,352949000.0,352949000.0,0.0,,,,,1492000.0,96585000.0,1.0,,196899686,,1.793,1460999000.0,22562000.0,17899000.0,65404000.0,7.42,459407000.0
70,MOLX,MRQ,1996-03-31,1996-03-31,1996-03-31,2021-09-14,,,,,,,,-49087000.0,,,208771000.0,36123000.0,,,,,,,,30272000.0,,0.0,0.0,55186000.0,85458000.0,0.246,85458000.0,55186000.0,57365000.0,0.186,,0.186,,,,,,,-1851000.0,-0.009,1.0,138294000.0,0.398,,-2179000.0,,,,,,,,,,,-3380000.0,0.0,2226000.0,-31000.0,-1508000.0,687000.0,-46698000.0,-2903000.0,47236000.0,-4605000.0,36123000.0,36123000.0,36123000.0,0.0,0.0,0.104,83648000.0,54646000.0,,0.0,,,,,0.0,17.856,,,,,347065000.0,347065000.0,0.0,,,,,912000.0,83648000.0,1.0,,196673438,,1.765,,,21242000.0,,,
71,MOLX,MRQ,1995-12-31,1995-12-31,1995-12-31,2021-09-14,,,,,,,,,,,207545000.0,35057000.0,,,,,,,,,,0.0,0.0,57303000.0,,,,57303000.0,57303000.0,0.179,,0.179,,,,,,,,,1.0,136938000.0,0.398,,0.0,,,,,,,,,,,,,,,,,,,,,35057000.0,35057000.0,35057000.0,0.0,0.0,0.102,82492000.0,54446000.0,,0.0,,,,,0.0,16.256,,,,,344483000.0,344483000.0,0.0,,,,,,82492000.0,1.0,,196606250,,1.752,,,22246000.0,,,
0,MOLX,MRT,2013-09-30,2013-09-30,2013-09-30,2021-09-14,276271000.0,3686017000.0,3649823500.0,2087704000.0,1598313000.0,0.997,14.527,-226963000.0,665156000.0,665156000.0,2542645000.0,256388000.0,3.041,0.423,357458000.0,42458000.0,315000000.0,357458000.0,0.0,234388000.0,0.0,0.024,0.92,369308000.0,603696000.0,0.166,603696000.0,369308000.0,363731000.0,1.44,1.42,1.44,2589433000.0,2545287500.0,2589433000.0,6515966530.0,18.0,10.793,87036000.0,0.488,1.0,1097248000.0,0.301,231050000.0,5577000.0,2460818000.0,2410891500.0,580481000.0,11083000.0,11083000.0,0.0,1096584000.0,686451000.0,410133000.0,6863244530.0,-20816000.0,-118292000.0,20447000.0,145713000.0,-159687000.0,2055000.0,-340043000.0,4160000.0,313999000.0,3173000.0,256388000.0,256388000.0,256388000.0,0.0,0.0,0.07,724727000.0,372521000.0,354565000.0,0.639,2.65,26.769,26.75,1128494000.0,0.0,38.52,1.886,1.886,736983000.0,2665101000.0,3639893000.0,3639893000.0,0.0,0.07,0.101,0.153,0.101,29272000.0,701890000.0,1.0,178173534.0,178247000,181545000.0,20.421,3454967000.0,105835000.0,107343000.0,20833000.0,19.383,1401253000.0
1,MOLX,MRT,2013-06-30,2013-06-30,2013-06-30,2021-09-14,253248000.0,3586854000.0,3664788750.0,2043884000.0,1542970000.0,0.988,14.232,-247575000.0,711561000.0,711561000.0,2557333000.0,243623000.0,3.101,0.422,364283000.0,54283000.0,310000000.0,364283000.0,0.0,234885000.0,0.0,0.031,0.9,353035000.0,587920000.0,0.162,587920000.0,353035000.0,348475000.0,1.37,1.36,1.37,2523163000.0,2524989500.0,2523163000.0,4914601811.0,14.0,8.359,134977000.0,0.761,1.0,1063114000.0,0.294,191053000.0,4560000.0,2389489000.0,2338024000.0,531810000.0,10378000.0,10378000.0,0.0,1063691000.0,659034000.0,404657000.0,5213662811.0,74144000.0,-55299000.0,14482000.0,121149000.0,-155791000.0,-24492000.0,-287166000.0,4014000.0,382552000.0,3250000.0,243623000.0,243623000.0,243623000.0,0.0,0.0,0.067,710980000.0,352134000.0,347700000.0,0.657,2.066,21.401,21.416,1114092000.0,0.0,29.34,1.44,1.437,703434000.0,2623868000.0,3620447000.0,3620447000.0,0.0,0.066,0.096,0.151,0.098,29237000.0,685582000.0,1.0,177698119.0,177290000,179328000.0,20.421,3395801000.0,106706000.0,104852000.0,15966000.0,19.154,1384850000.0
2,MOLX,MRT,2013-03-31,2013-03-31,2013-03-31,2021-09-14,277936000.0,3561826000.0,3670951000.0,2002255000.0,1559571000.0,0.98,14.204,-266399000.0,702786000.0,702786000.0,2532299000.0,258436000.0,3.251,0.413,403725000.0,88725000.0,315000000.0,403725000.0,0.0,233755000.0,0.0,0.03,0.88,363282000.0,597037000.0,0.166,597037000.0,363282000.0,359094000.0,1.46,1.45,1.46,2521572000.0,2503230000.0,2521572000.0,4837709641.0,13.0,8.103,111432000.0,0.628,1.0,1063741000.0,0.296,191551000.0,4188000.0,2455361000.0,2284669000.0,544633000.0,10145000.0,10145000.0,0.0,1040254000.0,615853000.0,424401000.0,5196887641.0,93977000.0,-55299000.0,10900000.0,158738000.0,-151969000.0,13441000.0,-297478000.0,2858000.0,377831000.0,183000.0,258436000.0,258436000.0,258436000.0,0.0,0.0,0.072,701605000.0,362136000.0,301536000.0,0.603,2.061,20.109,20.055,1135637000.0,0.0,29.28,1.445,1.445,657447000.0,2609443000.0,3596040000.0,3596040000.0,0.0,0.07,0.103,0.159,0.101,28132000.0,673114000.0,1.0,177489332.0,177527000,179652000.0,20.256,3370275000.0,106324000.0,100658000.0,0.0,18.985,1386402000.0
3,MOLX,MRT,2012-12-31,2012-12-31,2012-12-31,2021-09-14,317888000.0,3764597000.0,3671397750.0,2164032000.0,1600565000.0,0.975,14.38,-275825000.0,705047000.0,705047000.0,2509877000.0,278552000.0,2.48,0.478,345869000.0,115869000.0,230000000.0,345869000.0,0.0,233202000.0,0.0,0.031,0.86,393442000.0,626644000.0,0.175,626644000.0,393442000.0,389624000.0,1.58,1.56,1.58,2546982000.0,2483628500.0,2546982000.0,4380112044.0,11.0,6.99,260958000.0,1.473,1.0,1070385000.0,0.299,195030000.0,3818000.0,2337898000.0,2219978750.0,566889000.0,11738000.0,11738000.0,0.0,1217615000.0,872491000.0,345124000.0,4841010044.0,97711000.0,-55299000.0,10047000.0,32822000.0,-187158000.0,-148511000.0,-299653000.0,-886000.0,536783000.0,9092000.0,278552000.0,278552000.0,278552000.0,0.0,0.0,0.078,679385000.0,391000000.0,344997000.0,0.544,1.901,17.379,17.297,1177342000.0,0.0,27.33,1.352,1.352,745851000.0,2603761000.0,3580262000.0,3580262000.0,0.0,0.076,0.112,0.177,0.11,27358000.0,669583000.0,1.0,177131725.0,177123000,178854000.0,20.213,3569567000.0,149461000.0,111072000.0,40876000.0,20.153,1291541000.0
4,MOLX,MRT,2012-09-30,2012-09-30,2012-09-30,2021-09-14,319528000.0,3745878000.0,3622778000.0,2184878000.0,1561000000.0,0.958,14.201,-249748000.0,685972000.0,685972000.0,2425973000.0,272174000.0,2.289,0.493,225074000.0,75074000.0,150000000.0,225074000.0,0.0,233477000.0,0.0,0.032,0.84,388701000.0,622178000.0,0.179,622178000.0,388701000.0,383922000.0,1.54,1.53,1.54,2508241000.0,2442786250.0,2508241000.0,4256698663.0,11.0,6.842,340826000.0,1.93,1.0,1044152000.0,0.301,161163000.0,4779000.0,2169348000.0,2196613000.0,564377000.0,16111000.0,16111000.0,0.0,1237637000.0,954469000.0,283168000.0,4639150663.0,128596000.0,-24000000.0,8968000.0,-78525000.0,-144397000.0,-218160000.0,-247086000.0,-5460000.0,590574000.0,3268000.0,272174000.0,272174000.0,272174000.0,0.0,0.0,0.078,662526000.0,381626000.0,412429000.0,0.545,1.85,17.045,17.065,1178875000.0,0.0,26.28,1.337,1.338,770976000.0,2572359000.0,3470125000.0,3470125000.0,0.0,0.075,0.111,0.177,0.112,24360000.0,651628000.0,1.0,176527803.0,176621000,178564000.0,19.647,3584715000.0,161754000.0,111748000.0,49828000.0,20.296,1230409000.0
5,MOLX,MRT,2012-06-30,2012-06-30,2012-06-30,2021-09-14,286395000.0,3611503000.0,3581453000.0,2079238000.0,1532265000.0,0.974,13.843,-223657000.0,637417000.0,637417000.0,2420726000.0,281377000.0,2.331,0.482,254965000.0,104933000.0,150032000.0,254965000.0,0.0,236974000.0,0.0,0.034,0.82,405627000.0,642601000.0,0.184,642601000.0,405627000.0,400267000.0,1.6,1.59,1.6,2436125000.0,2405370500.0,2436125000.0,3869317562.0,10.0,6.021,350062000.0,1.989,1.0,1068463000.0,0.306,160986000.0,5360000.0,2176069000.0,2218018250.0,531825000.0,14830000.0,14830000.0,0.0,1175378000.0,891996000.0,283382000.0,4222022562.0,104818000.0,-24000000.0,7873000.0,-89323000.0,-140638000.0,-226282000.0,-227695000.0,-2438000.0,573719000.0,-14924000.0,281377000.0,281377000.0,281377000.0,0.0,0.0,0.081,668991000.0,399472000.0,355491000.0,0.512,1.733,15.005,14.963,1150549000.0,0.0,23.94,1.21,1.207,751279000.0,2539931000.0,3489189000.0,3489189000.0,0.0,0.079,0.117,0.183,0.116,23335000.0,657732000.0,1.0,176358503.0,175980000,177382000.0,19.827,3450517000.0,160827000.0,118890000.0,35360000.0,19.607,1187242000.0
6,MOLX,MRT,2012-03-31,2012-03-31,2012-03-31,2021-09-14,329556000.0,3563613000.0,3578040250.0,2058774000.0,1504839000.0,0.991,13.869,-211041000.0,608809000.0,608809000.0,2452086000.0,286692000.0,2.413,0.459,256104000.0,100976000.0,155128000.0,256104000.0,0.0,240119000.0,0.0,0.028,0.8,419647000.0,659766000.0,0.186,659766000.0,419647000.0,414091000.0,1.63,1.62,1.63,2443166000.0,2388405750.0,2443166000.0,4667320693.0,11.0,7.074,358557000.0,2.035,1.0,1092243000.0,0.308,161143000.0,5556000.0,2196600000.0,2268079000.0,546909000.0,13654000.0,13654000.0,0.0,1120447000.0,853165000.0,267282000.0,4950354693.0,161013000.0,-24000000.0,8201000.0,-64205000.0,-136019000.0,-196276000.0,-215304000.0,3569000.0,569598000.0,2995000.0,286692000.0,286692000.0,286692000.0,0.0,0.0,0.081,675597000.0,416646000.0,314999000.0,0.491,2.026,17.267,17.252,1126467000.0,0.0,28.12,1.397,1.398,724141000.0,2511045000.0,3544329000.0,3544329000.0,0.0,0.08,0.12,0.185,0.118,22700000.0,664065000.0,1.0,176043908.0,176164000,178134000.0,20.119,3402470000.0,167241000.0,127399000.0,49737000.0,19.314,1205609000.0
7,MOLX,MRT,2011-12-31,2011-12-31,2011-12-31,2021-09-14,309552000.0,3570118000.0,3563879750.0,2048870000.0,1521248000.0,1.005,13.556,-221967000.0,607336000.0,607336000.0,2484099000.0,289954000.0,2.338,0.498,324302000.0,127631000.0,196671000.0,324302000.0,0.0,242541000.0,0.0,0.032,0.775,428920000.0,671461000.0,0.187,671461000.0,428920000.0,422850000.0,1.65,1.65,1.65,2383613000.0,2344659000.0,2383613000.0,3943852290.0,9.0,5.874,353222000.0,2.009,1.0,1097681000.0,0.306,166409000.0,6070000.0,2244435000.0,2305444000.0,552264000.0,11230000.0,11230000.0,0.0,1186505000.0,876240000.0,310265000.0,4194522290.0,214946000.0,-42847000.0,8079000.0,12369000.0,-131410000.0,-115139000.0,-256059000.0,3783000.0,575189000.0,10955000.0,289954000.0,289954000.0,289954000.0,0.0,0.0,0.081,671526000.0,426155000.0,317103000.0,0.47,1.76,14.466,14.461,1135735000.0,0.0,23.86,1.171,1.171,708197000.0,2482317000.0,3581780000.0,3581780000.0,0.0,0.081,0.124,0.186,0.12,22403000.0,659660000.0,1.0,175797246.0,175830000,176985000.0,20.371,3403709000.0,168032000.0,132896000.0,27672000.0,19.358,1172630000.0
8,MOLX,MRT,2011-09-30,2011-09-30,2011-09-30,2021-09-14,320595000.0,3580578000.0,3528862500.0,2071304000.0,1509274000.0,1.027,13.442,-231301000.0,557376000.0,557376000.0,2519858000.0,304221000.0,2.235,0.518,306706000.0,129781000.0,176925000.0,306706000.0,0.0,244302000.0,0.0,0.037,0.75,444377000.0,688679000.0,0.19,688679000.0,444377000.0,438613000.0,1.74,1.74,1.74,2358578000.0,2296616750.0,2358578000.0,3382223941.0,8.0,4.911,322804000.0,1.84,1.0,1105789000.0,0.305,148349000.0,5764000.0,2254969000.0,2323911500.0,547209000.0,11150000.0,11150000.0,0.0,1222000000.0,926590000.0,295410000.0,3572264941.0,216732000.0,-18847000.0,7531000.0,5628000.0,-122913000.0,-113845000.0,-240404000.0,4772000.0,554105000.0,16876000.0,304221000.0,304221000.0,304221000.0,0.0,0.0,0.084,667487000.0,438302000.0,349657000.0,0.431,1.515,11.742,11.707,1144023000.0,0.0,20.37,0.985,0.986,782833000.0,2453482000.0,3625647000.0,3625647000.0,0.0,0.086,0.132,0.191,0.123,22447000.0,655631000.0,1.0,175368922.0,175466000,176585000.0,20.663,3432229000.0,171223000.0,134392000.0,32349000.0,19.561,1144714000.0
9,MOLX,MRT,2011-06-30,2011-06-30,2011-06-30,2021-09-14,380443000.0,3597852000.0,3475598250.0,2055345000.0,1542507000.0,1.032,13.548,-260442000.0,532599000.0,532599000.0,2499197000.0,298808000.0,2.33,0.519,342558000.0,119764000.0,222794000.0,342558000.0,0.0,242171000.0,0.0,0.027,0.703,435647000.0,677818000.0,0.189,677818000.0,435647000.0,429939000.0,1.71,1.7,1.71,2368266000.0,2233855500.0,2368266000.0,4407051787.0,10.0,6.502,205709000.0,1.177,1.0,1088137000.0,0.303,149452000.0,5708000.0,2376312000.0,2323573250.0,535953000.0,13947000.0,13947000.0,0.0,1229586000.0,882047000.0,347539000.0,4535574787.0,156247000.0,-18847000.0,7269000.0,33994000.0,-114410000.0,-77191000.0,-270709000.0,3608000.0,466151000.0,37996000.0,298808000.0,298808000.0,298808000.0,0.0,0.0,0.083,657938000.0,430199000.0,359812000.0,0.411,1.915,15.179,15.07,1168448000.0,0.0,25.77,1.264,1.256,811449000.0,2408083000.0,3587334000.0,3587334000.0,0.0,0.086,0.134,0.187,0.121,22461000.0,643462000.0,1.0,176002126.0,174812000,175943000.0,20.521,3448400000.0,167336000.0,131131000.0,2383000.0,19.726,1173298000.0
10,MOLX,MRT,2011-03-31,2011-03-31,2011-03-31,2021-09-14,329047000.0,3506971000.0,3385279750.0,1947293000.0,1559678000.0,1.04,12.964,-279999000.0,447796000.0,447796000.0,2461299000.0,261311000.0,2.203,0.546,319273000.0,116724000.0,202549000.0,319273000.0,0.0,239683000.0,0.0,0.026,0.655,387834000.0,627517000.0,0.178,627517000.0,387834000.0,382153000.0,1.5,1.5,1.5,2268179000.0,2138071750.0,2268179000.0,4306226319.0,11.0,6.862,115585000.0,0.661,1.0,1059673000.0,0.301,148422000.0,5681000.0,2346060000.0,2256776250.0,546080000.0,20400000.0,20400000.0,0.0,1238792000.0,883966000.0,354826000.0,4392309319.0,16042000.0,-18847000.0,7686000.0,12159000.0,-110330000.0,-92539000.0,-306619000.0,-7091000.0,395584000.0,19616000.0,261311000.0,261311000.0,261311000.0,0.0,0.0,0.074,676646000.0,383027000.0,353188000.0,0.437,1.936,16.809,16.747,1139918000.0,0.0,25.12,1.247,1.248,780761000.0,2365875000.0,3520972000.0,3520972000.0,0.0,0.077,0.122,0.172,0.11,23019000.0,634224000.0,1.0,174853078.0,174957000,176449000.0,20.125,3358549000.0,197045000.0,120842000.0,20906000.0,19.196,1063327000.0
11,MOLX,MRT,2010-12-31,2010-12-31,2010-12-31,2021-09-14,299395000.0,3430049000.0,3279988500.0,1900737000.0,1529312000.0,1.037,12.547,-271025000.0,392390000.0,392390000.0,2367946000.0,231613000.0,2.132,0.565,306307000.0,107668000.0,198639000.0,306307000.0,0.0,238207000.0,0.0,0.028,0.632,347733000.0,585940000.0,0.172,585940000.0,347733000.0,341480000.0,1.33,1.33,1.33,2191444000.0,2091029000.0,2191444000.0,3920725944.0,11.0,6.691,20191000.0,0.116,1.0,1034789000.0,0.304,134218000.0,6253000.0,2318305000.0,2200361250.0,559637000.0,18239000.0,18239000.0,0.0,1238605000.0,891443000.0,347162000.0,3973262944.0,-93928000.0,-7000.0,4837000.0,-5855000.0,-106251000.0,-109160000.0,-283808000.0,-6760000.0,291216000.0,7824000.0,231613000.0,231613000.0,231613000.0,0.0,0.0,0.068,687817000.0,346972000.0,377592000.0,0.475,1.813,17.155,17.083,1129141000.0,0.0,22.72,1.168,1.166,759814000.0,2328374000.0,3402735000.0,3402735000.0,0.0,0.071,0.111,0.158,0.102,23367000.0,631150000.0,1.0,174879531.0,174664000,175556000.0,19.482,3295831000.0,200166000.0,109867000.0,18842000.0,18.87,1009294000.0
12,MOLX,MRT,2010-09-30,2010-09-30,2010-09-30,2021-09-14,271074000.0,3367521000.0,3184026250.0,1851232000.0,1516289000.0,1.015,12.087,-254570000.0,340644000.0,340644000.0,2254566000.0,167170000.0,1.994,0.598,288107000.0,116200000.0,171907000.0,288107000.0,0.0,237185000.0,0.0,0.029,0.61,261205000.0,498390000.0,0.154,498390000.0,261205000.0,255454000.0,0.96,0.96,0.96,2107533000.0,2062093250.0,2107533000.0,3564293683.0,14.0,7.152,-12014000.0,-0.069,1.0,976280000.0,0.302,132848000.0,5751000.0,2253616000.0,2164549250.0,546808000.0,18261000.0,18261000.0,0.0,1259988000.0,928520000.0,331468000.0,3647141683.0,-180355000.0,-10097000.0,4100000.0,-43987000.0,-106063000.0,-147337000.0,-278041000.0,-7935000.0,242556000.0,2467000.0,167170000.0,167170000.0,167170000.0,0.0,0.0,0.052,710343000.0,265937000.0,385271000.0,0.635,1.731,21.817,21.802,1111292000.0,0.0,20.93,1.129,1.13,790101000.0,2280685000.0,3230846000.0,3230846000.0,0.0,0.053,0.081,0.121,0.081,25091000.0,622211000.0,1.0,174254261.0,174370000,175156000.0,18.529,3234673000.0,203773000.0,88284000.0,37374000.0,18.551,922712000.0
13,MOLX,MRT,2010-06-30,2010-06-30,2010-06-30,2021-09-14,200770000.0,3236578000.0,3124008250.0,1775821000.0,1460757000.0,0.963,11.422,-226463000.0,376352000.0,376352000.0,2114584000.0,76930000.0,1.946,0.63,293504000.0,110070000.0,183434000.0,293504000.0,0.0,238666000.0,0.0,0.033,0.61,136905000.0,375571000.0,0.125,375571000.0,136905000.0,131489000.0,0.44,0.44,0.44,1985131000.0,2052323000.0,1985131000.0,3028021367.0,22.0,8.062,24116000.0,0.139,1.0,892623000.0,0.297,131910000.0,5416000.0,2109124000.0,2146573500.0,469369000.0,18508000.0,18508000.0,0.0,1251447000.0,912696000.0,338751000.0,3174268367.0,-48355000.0,-10097000.0,4008000.0,19860000.0,-105984000.0,-83236000.0,-216871000.0,25483000.0,250579000.0,1173000.0,76930000.0,76930000.0,76930000.0,0.0,0.0,0.026,754821000.0,137802000.0,395474000.0,1.386,1.599,41.262,41.455,1055144000.0,0.0,18.24,1.056,1.054,734932000.0,2232445000.0,3007207000.0,3007207000.0,0.0,0.025,0.037,0.064,0.046,27034000.0,610784000.0,1.0,174027871.0,173803000,174660000.0,17.302,3104668000.0,206722000.0,54559000.0,21505000.0,17.863,863125000.0
14,MOLX,MRT,2010-03-31,2010-03-31,2010-03-31,2021-09-14,226492000.0,3085806000.0,3067760250.0,1633420000.0,1452386000.0,0.89,11.964,-190161000.0,431754000.0,431754000.0,1953570000.0,-183338000.0,2.371,0.484,285507000.0,103048000.0,182459000.0,285507000.0,0.0,242516000.0,0.0,0.029,0.61,-142734000.0,99782000.0,0.037,99782000.0,-142734000.0,-147644000.0,-1.05,-1.05,-1.05,2080008000.0,2046353250.0,2080008000.0,3430258675.0,-24.0,34.378,50078000.0,0.288,1.0,776922000.0,0.285,130099000.0,4910000.0,2120400000.0,2076328250.0,419864000.0,11636000.0,11636000.0,0.0,1005798000.0,689060000.0,316738000.0,3625523675.0,-25794000.0,-11439000.0,2716000.0,-9261000.0,-105838000.0,-121094000.0,-163706000.0,40583000.0,240239000.0,18767000.0,-183338000.0,-183338000.0,-183338000.0,0.0,0.0,-0.067,920813000.0,-143891000.0,325398000.0,-0.581,1.743,-19.775,-19.867,1054575000.0,0.0,20.86,1.328,1.328,657280000.0,2307993000.0,2730492000.0,2730492000.0,0.0,-0.06,-0.09,-0.069,-0.052,28139000.0,588775000.0,1.0,173802669.0,173858000,174838000.0,15.705,2955707000.0,120956000.0,35694000.0,7493000.0,17.001,944360000.0
15,MOLX,MRT,2009-12-31,2009-12-31,2009-12-31,2021-09-14,220935000.0,3046200000.0,3064594000.0,1582737000.0,1463463000.0,0.809,11.947,-160822000.0,486318000.0,486318000.0,1845149000.0,-280385000.0,2.896,0.468,291053000.0,3821000.0,287232000.0,291053000.0,0.0,246816000.0,0.0,0.021,0.458,-289029000.0,-42213000.0,-0.017,-42213000.0,-289029000.0,-291390000.0,-1.61,-1.61,-1.61,2075701000.0,2094537000.0,2075701000.0,3542988885.0,-12.0,-83.931,160671000.0,0.925,1.0,634588000.0,0.256,129306000.0,2361000.0,2175057000.0,2029810000.0,372166000.0,9645000.0,9645000.0,0.0,970499000.0,546572000.0,423927000.0,3744020885.0,67745000.0,-11432000.0,1496000.0,-13906000.0,-105752000.0,-125910000.0,-140057000.0,28513000.0,321493000.0,12219000.0,-280385000.0,-280385000.0,-280385000.0,0.0,0.0,-0.113,930754000.0,-296166000.0,285904000.0,-0.284,1.804,-13.353,-13.385,1064197000.0,0.0,21.55,1.51,1.51,626449000.0,2315918000.0,2479737000.0,2479737000.0,0.0,-0.091,-0.134,-0.142,-0.117,28560000.0,571472000.0,1.0,173736468.0,173743000,174575000.0,14.272,2916894000.0,104464000.0,-11005000.0,17492000.0,16.789,1036165000.0
16,MOLX,MRT,2009-09-30,2009-09-30,2009-09-30,2021-09-14,220657000.0,3127449000.0,3134515000.0,1608998000.0,1518451000.0,0.771,11.923,-168184000.0,520999000.0,520999000.0,1818765000.0,-381469000.0,2.606,0.512,319967000.0,16777000.0,303190000.0,319967000.0,0.0,248978000.0,0.0,0.022,0.458,-399657000.0,-150679000.0,-0.062,-150679000.0,-399657000.0,-399889000.0,-2.19,-2.19,-2.19,2068452000.0,2178904500.0,2068452000.0,3450651383.0,-9.0,-22.901,183356000.0,1.057,1.0,598124000.0,0.247,127372000.0,232000.0,2181713000.0,2017017750.0,350220000.0,9132000.0,9132000.0,0.0,1058997000.0,617332000.0,441665000.0,3620707383.0,81978000.0,-21343000.0,-36521000.0,32850000.0,-106164000.0,-117720000.0,-166302000.0,20119000.0,351540000.0,14460000.0,-381469000.0,-381469000.0,-381469000.0,0.0,0.0,-0.158,1024005000.0,-425881000.0,308514000.0,-0.209,1.75,-9.491,-9.534,1093780000.0,0.0,20.88,1.498,1.499,614900000.0,2317910000.0,2416889000.0,2416889000.0,0.0,-0.122,-0.175,-0.198,-0.165,27370000.0,565979000.0,1.0,173405526.0,173486000,173486000.0,13.931,3000077000.0,130162000.0,-18420000.0,14642000.0,17.293,991666000.0
17,MOLX,MRT,2009-06-30,2009-06-30,2009-06-30,2021-09-14,176383000.0,3011586000.0,3243599750.0,1507058000.0,1504528000.0,0.796,11.233,-168369000.0,424707000.0,424707000.0,1925664000.0,-322036000.0,1.703,0.536,254651000.0,224340000.0,30311000.0,254651000.0,0.0,251902000.0,0.0,0.029,0.458,-323534000.0,-71632000.0,-0.028,-71632000.0,-323534000.0,-321573000.0,-1.84,-1.84,-1.84,1961252000.0,2308078500.0,1961252000.0,2522961890.0,-8.0,-35.221,201529000.0,1.154,1.0,656177000.0,0.254,128494000.0,-1961000.0,1828143000.0,2004086250.0,354337000.0,43234000.0,43234000.0,0.0,1050334000.0,884893000.0,165441000.0,2694445890.0,-50800000.0,-74789000.0,-74650000.0,26233000.0,-99640000.0,-155582000.0,-253086000.0,-13202000.0,369898000.0,-12030000.0,-322036000.0,-322036000.0,-322036000.0,0.0,0.0,-0.125,1005058000.0,-348881000.0,266633000.0,-0.249,1.374,-8.367,-8.451,1080417000.0,0.0,15.55,1.044,1.052,528907000.0,2261594000.0,2581841000.0,2581841000.0,0.0,-0.099,-0.14,-0.161,-0.125,26508000.0,586702000.0,1.0,173276263.0,174598000,174598000.0,14.787,2883092000.0,186700000.0,463000.0,687000.0,16.513,622165000.0
18,MOLX,MRT,2009-03-31,2009-03-31,2009-03-31,2021-09-14,154724000.0,3073141000.0,3390587500.0,1422120000.0,1651021000.0,0.85,13.12,-187752000.0,457548000.0,457548000.0,2093695000.0,-48653000.0,2.113,0.352,286064000.0,280897000.0,5167000.0,286064000.0,0.0,257754000.0,0.0,0.03,0.417,-28819000.0,228935000.0,0.079,228935000.0,-28819000.0,-17340000.0,-0.29,-0.29,-0.29,2272743000.0,2486977000.0,2272743000.0,2263534743.0,-79.0,9.887,250110000.0,1.444,1.0,789449000.0,0.274,294359000.0,-11479000.0,1934327000.0,2125547750.0,360776000.0,48384000.0,48384000.0,0.0,800398000.0,672971000.0,127427000.0,2380187743.0,3694000.0,-73447000.0,-100295000.0,56647000.0,-93263000.0,-139380000.0,-273093000.0,-19519000.0,437862000.0,-21695000.0,-48653000.0,-48653000.0,-48653000.0,0.0,0.0,-0.017,839821000.0,-50372000.0,182363000.0,-1.438,1.047,-48.922,-47.379,1081469000.0,0.0,13.74,0.826,0.826,444617000.0,2602472000.0,2883144000.0,2883144000.0,0.0,-0.014,-0.02,-0.014,-0.01,25103000.0,621099000.0,1.0,173230549.0,173228000,173228000.0,16.644,2778782000.0,0.0,31313000.0,0.0,16.041,749149000.0
19,MOLX,MRT,2008-12-31,2008-12-31,2008-12-31,2021-09-14,216810000.0,3325884000.0,3531109750.0,1591120000.0,1734764000.0,0.906,13.818,-218331000.0,418573000.0,418573000.0,2249376000.0,60253000.0,2.014,0.378,301920000.0,297091000.0,4829000.0,301920000.0,0.0,257336000.0,0.0,0.037,0.53,144870000.0,402206000.0,0.126,402206000.0,144870000.0,156098000.0,0.33,0.33,0.33,2413171000.0,2585123500.0,2413171000.0,2368320671.0,16.0,5.888,200760000.0,1.15,1.0,950514000.0,0.297,295321000.0,-11228000.0,2123888000.0,2215565250.0,448147000.0,39160000.0,39160000.0,0.0,912713000.0,790022000.0,122691000.0,2551210671.0,19535000.0,-73480000.0,-153740000.0,128912000.0,-87146000.0,-114936000.0,-290123000.0,-1794000.0,419091000.0,5503000.0,60253000.0,60253000.0,60253000.0,0.0,0.0,0.019,830444000.0,120070000.0,253875000.0,1.606,1.057,42.342,43.909,1161186000.0,0.0,14.49,0.797,0.791,600930000.0,2687490000.0,3199890000.0,3199890000.0,0.0,0.017,0.023,0.065,0.045,24897000.0,649667000.0,1.0,176066989.0,174636000,174636000.0,18.323,3030563000.0,0.0,95845000.0,0.0,17.354,801098000.0
20,MOLX,MRT,2008-09-30,2008-09-30,2008-09-30,2021-09-14,241972000.0,3563788000.0,3559792000.0,1757151000.0,1806637000.0,0.948,14.613,-215228000.0,439021000.0,439021000.0,2347165000.0,206713000.0,2.068,0.379,256131000.0,250937000.0,5194000.0,256131000.0,0.0,254884000.0,0.0,0.022,0.49,312541000.0,567425000.0,0.168,567425000.0,312541000.0,322926000.0,1.16,1.16,1.16,2585148000.0,2629817500.0,2585148000.0,3722926441.0,12.0,6.561,207781000.0,1.174,1.0,1027557000.0,0.304,401054000.0,-10385000.0,2129987000.0,2243479000.0,468181000.0,33220000.0,33220000.0,0.0,978640000.0,849857000.0,128783000.0,3985413441.0,43640000.0,-53849000.0,-161039000.0,107060000.0,-80756000.0,-136003000.0,-253777000.0,17115000.0,423009000.0,10411000.0,206713000.0,206713000.0,206713000.0,0.0,0.0,0.061,725867000.0,301690000.0,322828000.0,0.422,1.542,19.28,19.353,1134293000.0,0.0,22.45,1.181,1.177,744129000.0,2804215000.0,3374722000.0,3374722000.0,0.0,0.058,0.079,0.139,0.093,22888000.0,670754000.0,1.0,177523984.0,176911000,177594000.0,19.076,3162734000.0,0.0,116213000.0,0.0,17.878,907294000.0
21,MOLX,MRT,2008-06-30,2008-06-30,2008-06-30,2021-09-14,320615000.0,3599537000.0,3515356000.0,1782960000.0,1816577000.0,0.947,14.832,-219648000.0,475507000.0,475507000.0,2314112000.0,215720000.0,2.745,0.345,213020000.0,66687000.0,146333000.0,213020000.0,0.0,252344000.0,0.0,0.018,0.45,324739000.0,577083000.0,0.173,577083000.0,324739000.0,333931000.0,1.2,1.19,1.2,2676846000.0,2620156250.0,2676846000.0,4058614379.0,12.0,7.033,259486000.0,1.438,1.0,1014235000.0,0.305,373623000.0,-9192000.0,2313989000.0,2259445250.0,458295000.0,34298000.0,34298000.0,0.0,922691000.0,649438000.0,273253000.0,4356779379.0,97146000.0,-42503000.0,-182851000.0,62642000.0,-74598000.0,-197306000.0,-218156000.0,46758000.0,479134000.0,33474000.0,215720000.0,215720000.0,215720000.0,0.0,0.0,0.065,701002000.0,313233000.0,350413000.0,0.375,1.628,20.196,20.342,1172395000.0,0.0,24.41,1.309,1.324,740827000.0,2785099000.0,3328347000.0,3328347000.0,0.0,0.061,0.082,0.144,0.098,24249000.0,665038000.0,1.0,178483383.0,180474000,181395000.0,18.442,3225914000.0,85965000.0,118211000.0,73124000.0,17.875,1133522000.0
22,MOLX,MRT,2008-03-31,2008-03-31,2008-03-31,2021-09-14,322384000.0,3635230000.0,3444498750.0,1754660000.0,1880570000.0,0.943,14.858,-223394000.0,453854000.0,453854000.0,2266775000.0,195548000.0,2.622,0.364,155689000.0,0.0,155689000.0,155689000.0,0.0,245449000.0,0.0,0.018,0.413,292009000.0,537458000.0,0.165,537458000.0,292009000.0,292009000.0,1.08,1.08,1.08,2665329000.0,2581702500.0,2665329000.0,3913274492.0,13.0,7.281,305643000.0,1.704,1.0,981528000.0,0.302,373451000.0,0.0,2294397000.0,2231288750.0,457974000.0,38361000.0,38361000.0,0.0,969901000.0,669217000.0,300684000.0,4174819492.0,134280000.0,-43368000.0,-165138000.0,62928000.0,-68351000.0,-172775000.0,-256407000.0,16026000.0,529037000.0,34425000.0,195548000.0,195548000.0,195548000.0,0.0,0.0,0.06,708954000.0,272574000.0,309634000.0,0.382,1.566,21.349,21.444,1191337000.0,0.0,23.16,1.285,1.279,746705000.0,2752450000.0,3248303000.0,3248303000.0,0.0,0.057,0.076,0.131,0.09,26447000.0,655799000.0,1.0,180259909.0,179385000,180086000.0,18.108,3261779000.0,0.0,96461000.0,0.0,18.183,1085443000.0
23,MOLX,MRT,2007-12-31,2007-12-31,2007-12-31,2021-09-14,231684000.0,3440613000.0,3355007000.0,1636959000.0,1803654000.0,0.964,14.317,-228836000.0,399038000.0,399038000.0,2254977000.0,210560000.0,2.851,0.327,137493000.0,0.0,137493000.0,137493000.0,0.0,241573000.0,0.0,0.014,0.375,297376000.0,538949000.0,0.167,538949000.0,297376000.0,297376000.0,1.16,1.15,1.16,2591947000.0,2543900250.0,2591947000.0,4694910388.0,16.0,8.711,307543000.0,1.699,1.0,978055000.0,0.303,369381000.0,0.0,2235543000.0,2218293000.0,411291000.0,43545000.0,43545000.0,0.0,848666000.0,574144000.0,274522000.0,4954710388.0,99625000.0,-43428000.0,-119307000.0,-2067000.0,-61856000.0,-185109000.0,-271973000.0,3080000.0,536379000.0,20328000.0,210560000.0,210560000.0,210560000.0,0.0,0.0,0.065,697387000.0,280668000.0,289898000.0,0.323,1.912,23.531,23.534,1138919000.0,0.0,27.3,1.533,1.529,725091000.0,2722183000.0,3233032000.0,3233032000.0,0.0,0.063,0.083,0.134,0.092,26207000.0,650631000.0,1.0,181491223.0,181034000,182174000.0,17.859,3071232000.0,0.0,86816000.0,0.0,16.965,1062815000.0
24,MOLX,MRT,2007-09-30,2007-09-30,2007-09-30,2021-09-14,185389000.0,3386044000.0,3310090750.0,1593389000.0,1792655000.0,0.975,13.893,-259955000.0,395381000.0,395381000.0,2245490000.0,217571000.0,2.81,0.33,135581000.0,0.0,135581000.0,135581000.0,0.0,240763000.0,0.0,0.013,0.338,307400000.0,548163000.0,0.17,548163000.0,307400000.0,307400000.0,1.19,1.18,1.19,2546503000.0,2507099500.0,2546503000.0,4708743698.0,15.0,8.59,299812000.0,1.636,1.0,983449000.0,0.305,365286000.0,0.0,2193852000.0,2210992500.0,396093000.0,51913000.0,51913000.0,0.0,839541000.0,567106000.0,272435000.0,4957746698.0,61060000.0,-43546000.0,-81493000.0,-46022000.0,-55206000.0,-185739000.0,-332721000.0,-33246000.0,559767000.0,19753000.0,217571000.0,217571000.0,217571000.0,0.0,0.0,0.067,692121000.0,291328000.0,277197000.0,0.284,1.947,22.787,22.63,1135333000.0,0.0,26.93,1.535,1.529,692523000.0,2682928000.0,3228939000.0,3228939000.0,0.0,0.066,0.087,0.139,0.095,27476000.0,652623000.0,1.0,184097538.0,183290000,184276000.0,17.617,3020758000.0,0.0,89829000.0,0.0,16.481,1026283000.0
25,MOLX,MRT,2007-06-30,2007-06-30,2007-06-30,2021-09-14,141398000.0,3316108000.0,3278088000.0,1590827000.0,1725281000.0,0.996,13.715,-286915000.0,378361000.0,378361000.0,2249166000.0,240768000.0,2.996,0.314,129358000.0,1537000.0,127821000.0,129358000.0,0.0,237912000.0,0.0,0.01,0.3,338257000.0,576169000.0,0.176,576169000.0,338257000.0,338257000.0,1.31,1.3,1.31,2523031000.0,2460809500.0,2523031000.0,5350687745.0,16.0,9.287,164519000.0,0.894,1.0,1016708000.0,0.311,334791000.0,0.0,2201363000.0,2185361250.0,392680000.0,82549000.0,82549000.0,0.0,793077000.0,530951000.0,262126000.0,5535660745.0,45546000.0,-238072000.0,-19473000.0,104108000.0,-55176000.0,28529000.0,-446129000.0,71221000.0,451434000.0,11712000.0,240768000.0,240768000.0,240768000.0,0.0,0.0,0.074,695158000.0,321550000.0,279847000.0,0.229,2.194,22.992,22.908,1121369000.0,0.0,30.01,1.695,1.69,685666000.0,2650470000.0,3265874000.0,3265874000.0,0.0,0.073,0.098,0.155,0.104,27524000.0,658289000.0,1.0,184460538.0,183961000,185565000.0,17.753,2981317000.0,119797000.0,97489000.0,61677000.0,16.206,1059876000.0
26,MOLX,MRT,2007-03-31,2007-03-31,2007-03-31,2021-09-14,159394000.0,3277263000.0,3192666000.0,1549433000.0,1727830000.0,1.02,13.665,-274047000.0,319574000.0,319574000.0,2220302000.0,278517000.0,2.937,0.303,134601000.0,0.0,134601000.0,134601000.0,0.0,231384000.0,0.0,0.011,0.3,390180000.0,621564000.0,0.191,621564000.0,390180000.0,390180000.0,1.52,1.5,1.52,2514120000.0,2400519000.0,2514120000.0,5025670473.0,13.0,8.086,179900000.0,0.978,1.0,1037523000.0,0.318,322237000.0,0.0,2242414000.0,2111369500.0,415334000.0,53505000.0,53505000.0,0.0,762040000.0,527639000.0,234401000.0,5192319473.0,31066000.0,-261772000.0,-38401000.0,102909000.0,-50149000.0,14999000.0,-451966000.0,62562000.0,453947000.0,14086000.0,278517000.0,278517000.0,278517000.0,0.0,0.0,0.085,660787000.0,376736000.0,283446000.0,0.197,2.065,18.643,18.553,1131537000.0,0.0,28.2,1.594,1.593,692904000.0,2631656000.0,3257825000.0,3257825000.0,0.0,0.087,0.116,0.185,0.12,28382000.0,650107000.0,1.0,184124804.0,183985000,185271000.0,17.707,2955026000.0,0.0,111663000.0,0.0,16.061,1021794000.0
27,MOLX,MRT,2006-12-31,2006-12-31,2006-12-31,2021-09-14,138078000.0,3260948000.0,3072668000.0,1552984000.0,1707964000.0,1.032,13.282,-274934000.0,299413000.0,299413000.0,2142205000.0,274383000.0,2.66,0.333,132764000.0,0.0,132764000.0,132764000.0,0.0,225669000.0,0.0,0.009,0.275,383456000.0,609125000.0,0.192,609125000.0,383456000.0,383456000.0,1.49,1.48,1.49,2444744000.0,2323441250.0,2444744000.0,5623838452.0,15.0,9.233,156334000.0,0.849,1.0,1028933000.0,0.324,304035000.0,0.0,2206341000.0,2019797000.0,423639000.0,44097000.0,44097000.0,0.0,815259000.0,583923000.0,231336000.0,5823656452.0,-28278000.0,-261679000.0,-68043000.0,103534000.0,-46071000.0,-10465000.0,-465501000.0,50705000.0,431268000.0,16420000.0,274383000.0,274383000.0,274383000.0,0.0,0.0,0.087,659781000.0,369152000.0,305981000.0,0.185,2.382,21.225,21.228,1122759000.0,0.0,31.63,1.836,1.836,705497000.0,2579774000.0,3171138000.0,3171138000.0,0.0,0.089,0.118,0.19,0.121,30528000.0,644814000.0,1.0,184118130.0,184058000,185969000.0,17.229,2956913000.0,0.0,109073000.0,0.0,16.065,969061000.0
28,MOLX,MRT,2006-09-30,2006-09-30,2006-09-30,2021-09-14,105629000.0,3258033000.0,2940155000.0,1573907000.0,1684126000.0,1.031,12.85,-262287000.0,334321000.0,334321000.0,2032799000.0,266352000.0,2.367,0.379,134503000.0,0.0,134503000.0,134503000.0,0.0,218112000.0,0.0,0.006,0.25,370226000.0,588338000.0,0.194,588338000.0,370226000.0,370226000.0,1.44,1.43,1.44,2361343000.0,2253115500.0,2361343000.0,6836687636.0,18.0,11.62,168699000.0,0.918,1.0,998220000.0,0.329,301929000.0,0.0,2091327000.0,1914614000.0,408220000.0,17595000.0,17595000.0,0.0,895824000.0,664959000.0,230865000.0,7157375636.0,24408000.0,-261191000.0,-99674000.0,147478000.0,-41569000.0,4891000.0,-421312000.0,98243000.0,430986000.0,9843000.0,266352000.0,266352000.0,266352000.0,0.0,0.0,0.088,644643000.0,353577000.0,324873000.0,0.174,3.031,26.872,27.062,1090285000.0,0.0,38.97,2.361,2.363,731719000.0,2527576000.0,3031019000.0,3031019000.0,0.0,0.091,0.118,0.193,0.122,30825000.0,623159000.0,1.0,183663732.0,183763000,185992000.0,16.494,2956104000.0,0.0,103874000.0,0.0,16.087,908948000.0
29,MOLX,MRT,2006-06-30,2006-06-30,2006-06-30,2021-09-14,106713000.0,2974420000.0,2800388000.0,1548233000.0,1426187000.0,1.022,12.3,-252347000.0,332815000.0,332815000.0,1918659000.0,236091000.0,2.603,0.304,8061000.0,968000.0,7093000.0,8061000.0,0.0,214657000.0,0.0,0.007,0.225,327884000.0,542541000.0,0.19,542541000.0,327884000.0,327884000.0,1.27,1.26,1.27,2281869000.0,2201930500.0,2281869000.0,5908830767.0,18.0,10.891,191509000.0,1.032,1.0,942630000.0,0.329,149458000.0,0.0,1905396000.0,1843309750.0,347312000.0,152728000.0,152728000.0,0.0,692551000.0,594812000.0,97739000.0,6188695767.0,23059000.0,-24565000.0,-149540000.0,-3693000.0,-34843000.0,-189814000.0,-240779000.0,37336000.0,443856000.0,9796000.0,236091000.0,236091000.0,236091000.0,0.0,0.0,0.083,632886000.0,309744000.0,305876000.0,0.177,2.712,26.213,26.433,1025852000.0,0.0,33.57,2.163,2.177,660665000.0,2464889000.0,2861289000.0,2861289000.0,0.0,0.084,0.107,0.178,0.115,30548000.0,606532000.0,1.0,184351974.0,185521000,187416000.0,15.423,2824962000.0,149525000.0,91793000.0,96234000.0,15.227,953421000.0
30,MOLX,MRT,2006-03-31,2006-03-31,2006-03-31,2021-09-14,74223000.0,2797271000.0,2739323500.0,1408023000.0,1389248000.0,0.996,11.945,-258020000.0,288508000.0,288508000.0,1868593000.0,166184000.0,2.855,0.267,8643000.0,0.0,8643000.0,8643000.0,0.0,213153000.0,0.0,0.006,0.188,249802000.0,462955000.0,0.17,462955000.0,249802000.0,249802000.0,0.9,0.9,0.9,2205809000.0,2173632250.0,2205809000.0,5824917638.0,23.0,12.582,165397000.0,0.896,1.0,858465000.0,0.315,148107000.0,0.0,1876124000.0,1822654750.0,327446000.0,112942000.0,112942000.0,0.0,588939000.0,493175000.0,95764000.0,6143683638.0,-35278000.0,0.0,-153767000.0,-3286000.0,-33163000.0,-191578000.0,-267881000.0,10195000.0,423417000.0,764000.0,166184000.0,166184000.0,166184000.0,0.0,0.0,0.061,630360000.0,228105000.0,260763000.0,0.209,2.785,36.969,36.889,1008259000.0,0.0,33.2,2.253,2.248,632422000.0,2425385000.0,2727058000.0,2727058000.0,0.0,0.061,0.076,0.137,0.092,29677000.0,561642000.0,1.0,185050712.0,184658000,186303000.0,14.768,2649164000.0,0.0,83618000.0,0.0,14.346,914848000.0
31,MOLX,MRT,2005-12-31,2005-12-31,2005-12-31,2021-09-14,55481000.0,2730896000.0,2723052750.0,1358412000.0,1372484000.0,0.962,11.629,-245145000.0,327691000.0,327691000.0,1792098000.0,149822000.0,2.876,0.261,8925000.0,0.0,8925000.0,8925000.0,0.0,220071000.0,0.0,0.007,0.175,225639000.0,445710000.0,0.17,445710000.0,225639000.0,225639000.0,0.81,0.81,0.81,2163441000.0,2178321750.0,2163441000.0,4537460547.0,20.0,10.18,180371000.0,0.97,1.0,827475000.0,0.316,154200000.0,0.0,1785609000.0,1810508000.0,312518000.0,92158000.0,92158000.0,0.0,565086000.0,472321000.0,92765000.0,4837793547.0,30047000.0,0.0,-113933000.0,-4591000.0,-30517000.0,-149810000.0,-238669000.0,21873000.0,425516000.0,-6990000.0,149822000.0,149822000.0,149822000.0,0.0,0.0,0.057,627447000.0,200028000.0,256756000.0,0.216,2.236,32.29,32.037,991989000.0,0.0,25.95,1.847,1.843,585676000.0,2373071000.0,2619573000.0,2619573000.0,0.0,0.055,0.069,0.125,0.086,24609000.0,563016000.0,1.0,186427497.0,186042000,187648000.0,14.081,2576696000.0,0.0,75817000.0,0.0,13.85,886091000.0
32,MOLX,MRT,2005-09-30,2005-09-30,2005-09-30,2021-09-14,64716000.0,2698965000.0,2718926750.0,1341930000.0,1357035000.0,0.947,11.518,-234998000.0,309913000.0,309913000.0,1752844000.0,143872000.0,2.991,0.251,9580000.0,0.0,9580000.0,9580000.0,0.0,228838000.0,0.0,0.006,0.163,215851000.0,444689000.0,0.173,444689000.0,215851000.0,215851000.0,0.78,0.77,0.78,2156603000.0,2189804000.0,2156603000.0,4727321091.0,22.0,10.631,191059000.0,1.02,1.0,821199000.0,0.319,143844000.0,0.0,1806110000.0,1825490000.0,305770000.0,113312000.0,113312000.0,0.0,540267000.0,448678000.0,91589000.0,5021331091.0,71621000.0,0.0,-73368000.0,-5557000.0,-28283000.0,-106453000.0,-254598000.0,-20268000.0,426057000.0,6615000.0,143872000.0,143872000.0,143872000.0,0.0,0.0,0.056,628657000.0,192542000.0,249992000.0,0.209,2.328,34.901,34.205,987356000.0,0.0,26.68,1.951,1.941,564980000.0,2323874000.0,2574043000.0,2574043000.0,0.0,0.053,0.066,0.118,0.084,21995000.0,570743000.0,1.0,188205813.0,187243000,188543000.0,13.747,2555121000.0,0.0,71979000.0,0.0,13.646,893252000.0
33,MOLX,MRT,2005-06-30,2005-06-30,2005-06-30,2021-09-14,71296000.0,2730162000.0,2686665000.0,1374063000.0,1356099000.0,0.951,11.496,-219366000.0,309756000.0,309756000.0,1721796000.0,150116000.0,2.927,0.258,15746000.0,5771000.0,9975000.0,15746000.0,0.0,231364000.0,0.0,0.006,0.15,223201000.0,454565000.0,0.178,454565000.0,223201000.0,223201000.0,0.8,0.79,0.8,2168676000.0,2171220250.0,2168676000.0,4607993139.0,21.0,10.137,211469000.0,1.121,1.0,832662000.0,0.326,143872000.0,0.0,1822776000.0,1816368000.0,290100000.0,187835000.0,187835000.0,0.0,559408000.0,469504000.0,89904000.0,4918985139.0,75325000.0,0.0,-46179000.0,-4177000.0,-25965000.0,-75689000.0,-286232000.0,-83459000.0,430835000.0,6411000.0,150116000.0,150116000.0,150116000.0,0.0,0.0,0.059,629398000.0,203264000.0,252370000.0,0.188,2.268,32.768,32.55,984237000.0,0.0,26.04,1.926,1.923,539533000.0,2270677000.0,2554458000.0,2554458000.0,0.0,0.056,0.069,0.123,0.087,18420000.0,576354000.0,1.0,188901119.0,188646000,190572000.0,13.541,2586290000.0,145995000.0,73085000.0,52304000.0,13.71,904559000.0
34,MOLX,MRT,2005-03-31,2005-03-31,2005-03-31,2021-09-14,100814000.0,2732188000.0,2647211000.0,1335358000.0,1396830000.0,0.959,11.784,-210666000.0,323786000.0,323786000.0,1697556000.0,198899000.0,3.132,0.228,12794000.0,0.0,12794000.0,12794000.0,0.0,239632000.0,0.0,0.005,0.137,274011000.0,513643000.0,0.202,513643000.0,274011000.0,274011000.0,1.06,1.04,1.06,2224567000.0,2145247000.0,2224567000.0,4689740505.0,17.0,9.13,160679000.0,0.851,1.0,841454000.0,0.331,167355000.0,0.0,1827537000.0,1801241250.0,294014000.0,123449000.0,123449000.0,0.0,507621000.0,426304000.0,81317000.0,4973915505.0,63659000.0,0.0,-32016000.0,-4196000.0,-23622000.0,-59834000.0,-256309000.0,-32950000.0,371345000.0,8457000.0,198899000.0,198899000.0,198899000.0,0.0,0.0,0.078,585329000.0,256125000.0,219137000.0,0.129,2.236,25.007,24.868,1015736000.0,0.0,26.36,1.959,1.96,553472000.0,2289030000.0,2539010000.0,2539010000.0,0.0,0.075,0.093,0.152,0.108,18768000.0,585329000.0,1.0,188691787.0,188780000,190509000.0,13.45,2564833000.0,0.0,75112000.0,0.0,13.586,909054000.0
35,MOLX,MRT,2004-12-31,2004-12-31,2004-12-31,2021-09-14,129001000.0,2714392000.0,2598075250.0,1293288000.0,1421104000.0,0.96,11.715,-211128000.0,297644000.0,297644000.0,1663008000.0,199548000.0,3.081,0.229,13469000.0,0.0,13469000.0,13469000.0,0.0,236216000.0,0.0,0.004,0.125,274905000.0,511121000.0,0.205,511121000.0,274905000.0,274905000.0,1.06,1.04,1.06,2209370000.0,2098346250.0,2209370000.0,5427426490.0,20.0,10.619,170113000.0,0.902,1.0,832313000.0,0.334,164953000.0,0.0,1845537000.0,1773486250.0,288158000.0,114365000.0,114365000.0,0.0,505022000.0,419727000.0,85295000.0,5652500490.0,140201000.0,0.0,-56932000.0,-5345000.0,-21306000.0,-83583000.0,-175306000.0,55997000.0,381241000.0,17849000.0,199548000.0,199548000.0,199548000.0,0.0,0.0,0.08,569782000.0,262531000.0,224682000.0,0.118,2.558,28.327,28.302,1047896000.0,0.0,30.0,2.265,2.267,550278000.0,2251289000.0,2495321000.0,2495321000.0,0.0,0.077,0.095,0.155,0.11,19669000.0,569782000.0,1.0,188416683.0,188589000,190506000.0,13.232,2549439000.0,0.0,75357000.0,0.0,13.518,873561000.0
36,MOLX,MRT,2004-09-30,2004-09-30,2004-09-30,2021-09-14,53888000.0,2569918000.0,2542015750.0,1200856000.0,1369062000.0,0.941,11.031,-192835000.0,238292000.0,238292000.0,1602395000.0,188518000.0,2.927,0.234,13218000.0,0.0,13218000.0,13218000.0,0.0,229556000.0,0.0,0.004,0.112,259834000.0,489390000.0,0.205,489390000.0,259834000.0,259834000.0,1.0,0.98,1.0,2082268000.0,2049855750.0,2082268000.0,5421360782.0,21.0,11.078,110703000.0,0.586,1.0,790090000.0,0.33,164969000.0,0.0,1769622000.0,1761470500.0,282459000.0,93153000.0,93153000.0,0.0,487650000.0,410253000.0,77397000.0,5638058782.0,79498000.0,0.0,-61258000.0,-5546000.0,-18999000.0,-85803000.0,-144486000.0,68661000.0,303538000.0,6249000.0,188518000.0,188518000.0,188518000.0,0.0,0.0,0.079,547191000.0,242899000.0,225731000.0,0.112,2.708,29.907,29.82,1009163000.0,0.0,29.82,2.357,2.353,546925000.0,2206053000.0,2392485000.0,2392485000.0,0.0,0.074,0.092,0.148,0.109,19084000.0,547191000.0,1.0,189069711.0,188763000,190617000.0,12.675,2404949000.0,0.0,71316000.0,0.0,12.741,790603000.0
37,MOLX,MRT,2004-06-30,2004-06-30,2004-06-30,2021-09-14,66573000.0,2572346000.0,2498036500.0,1168644000.0,1403702000.0,0.9,10.855,-189724000.0,234431000.0,234431000.0,1516186000.0,168096000.0,2.728,0.245,17733000.0,3694000.0,14039000.0,17733000.0,0.0,227838000.0,0.0,0.003,0.1,231757000.0,459595000.0,0.204,459595000.0,231757000.0,231757000.0,0.88,0.87,0.88,2064783000.0,2012419000.0,2064783000.0,5836729974.0,25.0,12.7,102307000.0,0.538,1.0,732832000.0,0.326,164915000.0,0.0,1762269000.0,1745973000.0,265344000.0,104223000.0,104223000.0,0.0,506352000.0,428464000.0,77888000.0,6083290974.0,55455000.0,0.0,-58195000.0,-8871000.0,-19042000.0,-86108000.0,-158358000.0,67012000.0,292031000.0,7890000.0,168096000.0,168096000.0,168096000.0,0.0,0.0,0.075,519370000.0,213462000.0,234823000.0,0.114,2.946,36.189,36.455,1022378000.0,0.0,32.08,2.705,2.713,529630000.0,2160368000.0,2249018000.0,2249018000.0,0.0,0.067,0.084,0.133,0.103,18304000.0,519370000.0,1.0,189628771.0,190207000,192186000.0,11.824,2407431000.0,139790000.0,63661000.0,46787000.0,12.657,740180000.0
38,MOLX,MRT,2004-03-31,2004-03-31,2004-03-31,2021-09-14,77028000.0,2535645000.0,2437417500.0,1129943000.0,1405702000.0,0.858,10.707,-174543000.0,260127000.0,260127000.0,1388158000.0,120713000.0,2.744,0.245,13566000.0,0.0,13566000.0,13566000.0,0.0,228728000.0,0.0,0.003,0.1,189495000.0,418223000.0,0.2,418223000.0,189495000.0,189495000.0,0.64,0.63,0.64,2036964000.0,1970365250.0,2036964000.0,5642648282.0,30.0,13.492,94391000.0,0.496,1.0,702806000.0,0.336,160733000.0,0.0,1716517000.0,1719648250.0,246665000.0,90386000.0,90386000.0,0.0,498681000.0,411834000.0,86847000.0,5786185282.0,71770000.0,0.0,-53453000.0,-10202000.0,-19062000.0,-82717000.0,-111608000.0,55250000.0,268934000.0,-2839000.0,120713000.0,120713000.0,120713000.0,0.0,0.0,0.058,556041000.0,146765000.0,223264000.0,0.156,2.841,47.933,47.484,1025689000.0,0.0,30.39,2.767,2.765,493738000.0,2107911000.0,2090964000.0,2090964000.0,0.0,0.05,0.061,0.11,0.091,13395000.0,521011000.0,1.0,190397673.0,190252000,192417000.0,10.99,2374912000.0,0.0,68782000.0,0.0,12.483,718109000.0
39,MOLX,MRT,2003-12-31,2003-12-31,2003-12-31,2021-09-14,77489000.0,2490154000.0,2364903000.0,1079695000.0,1410459000.0,0.831,10.582,-172722000.0,157443000.0,157443000.0,1315917000.0,100046000.0,2.78,0.236,13906000.0,0.0,13906000.0,13906000.0,0.0,227104000.0,0.0,0.003,0.1,151996000.0,379100000.0,0.193,379100000.0,151996000.0,151996000.0,0.53,0.52,0.53,2015408000.0,1930236250.0,2015408000.0,6493789951.0,43.0,17.129,72245000.0,0.379,1.0,649071000.0,0.33,160743000.0,0.0,1797474000.0,1692720500.0,216386000.0,170109000.0,170109000.0,0.0,474746000.0,388400000.0,86346000.0,6638262951.0,-37880000.0,0.0,-43542000.0,-8860000.0,-19097000.0,-71499000.0,-204210000.0,-38393000.0,244967000.0,-7138000.0,100046000.0,100046000.0,100046000.0,0.0,0.0,0.051,530444000.0,118627000.0,203926000.0,0.189,3.294,66.352,65.83,1027870000.0,0.0,34.89,3.378,3.382,490395000.0,2067204000.0,1964988000.0,1964988000.0,0.0,0.042,0.052,0.09,0.077,12455000.0,495414000.0,1.0,190262624.0,190459000,192450000.0,10.317,2329411000.0,0.0,51950000.0,0.0,12.231,691295000.0
40,MOLX,MRT,2003-09-30,2003-09-30,2003-09-30,2021-09-14,32186000.0,2394001000.0,2302512750.0,1007496000.0,1386505000.0,0.812,10.135,-175354000.0,158794000.0,158794000.0,1254447000.0,87018000.0,2.643,0.239,14321000.0,0.0,14321000.0,14321000.0,0.0,227809000.0,0.0,0.003,0.1,123654000.0,351463000.0,0.188,351463000.0,123654000.0,123654000.0,0.46,0.46,0.46,1932521000.0,1891891500.0,1932521000.0,5306122437.0,43.0,15.097,110101000.0,0.577,1.0,616168000.0,0.329,160729000.0,0.0,1707632000.0,1640237000.0,195653000.0,161848000.0,161848000.0,0.0,461480000.0,381167000.0,80313000.0,5462142437.0,-17201000.0,0.0,-58151000.0,-9629000.0,-19146000.0,-86926000.0,-222014000.0,-39442000.0,285455000.0,6284000.0,87018000.0,87018000.0,87018000.0,0.0,0.0,0.047,512438000.0,103730000.0,188650000.0,0.217,2.826,62.77,62.13,1023584000.0,0.0,28.58,2.92,2.913,441280000.0,2030750000.0,1870615000.0,1870615000.0,0.0,0.038,0.046,0.075,0.066,12533000.0,477408000.0,1.0,191117650.0,190679000,192372000.0,9.81,2233272000.0,0.0,36636000.0,0.0,11.712,626329000.0
41,MOLX,MRT,2003-06-30,2003-06-30,2003-06-30,2021-09-14,10246000.0,2329870000.0,2261091500.0,962113000.0,1367757000.0,0.815,9.884,-167342000.0,178976000.0,178976000.0,1235398000.0,84918000.0,2.701,0.228,22956000.0,6088000.0,16868000.0,22956000.0,0.0,228730000.0,0.0,0.004,0.1,109680000.0,338410000.0,0.184,338410000.0,109680000.0,109680000.0,0.44,0.44,0.44,1896568000.0,1863413250.0,1896568000.0,4987890969.0,45.0,14.739,137530000.0,0.717,1.0,607700000.0,0.33,160732000.0,0.0,1656970000.0,1604719500.0,179256000.0,171235000.0,171235000.0,0.0,433302000.0,356148000.0,77154000.0,5162174969.0,-34501000.0,0.0,-64332000.0,-8797000.0,-19202000.0,-92331000.0,-249225000.0,-71387000.0,304872000.0,2183000.0,84918000.0,84918000.0,84918000.0,0.0,0.0,0.046,505442000.0,102258000.0,175815000.0,0.227,2.722,60.79,61.386,1007948000.0,0.0,27.01,2.801,2.812,396780000.0,2003440000.0,1843098000.0,1843098000.0,0.0,0.038,0.046,0.068,0.06,12807000.0,470412000.0,1.0,191120880.0,191873000,193229000.0,9.606,2169138000.0,127945000.0,24762000.0,51251000.0,11.305,605965000.0
42,MOLX,MRT,2003-03-31,2003-03-31,2003-03-31,2021-09-14,-20502000.0,2245587000.0,2242104000.0,925385000.0,1320202000.0,0.813,9.799,-169032000.0,188357000.0,188357000.0,1227197000.0,110290000.0,3.061,0.197,14073000.0,0.0,14073000.0,14073000.0,0.0,224138000.0,0.0,0.005,0.1,128419000.0,352557000.0,0.193,352557000.0,128419000.0,128419000.0,0.58,0.57,0.58,1876448000.0,1846184250.0,1876448000.0,3938274235.0,31.0,11.171,221492000.0,1.157,1.0,596112000.0,0.327,160180000.0,0.0,1608806000.0,1577638750.0,174890000.0,145636000.0,145636000.0,0.0,369139000.0,302317000.0,66822000.0,4119619235.0,-41335000.0,-4702000.0,-69618000.0,-9302000.0,-19280000.0,-98200000.0,-362152000.0,-131471000.0,390524000.0,28493000.0,110290000.0,110290000.0,110290000.0,0.0,0.0,0.06,461607000.0,134505000.0,157138000.0,0.172,2.195,37.353,37.034,1023446000.0,0.0,21.48,2.259,2.256,375963000.0,2006255000.0,1823309000.0,1823309000.0,0.0,0.049,0.06,0.081,0.07,12082000.0,461607000.0,1.0,191788605.0,191493000,192394000.0,9.522,2085407000.0,0.0,18129000.0,0.0,10.89,623068000.0
43,MOLX,MRT,2002-12-31,2002-12-31,2002-12-31,2021-09-14,-24327000.0,2240593000.0,2200086000.0,916395000.0,1324198000.0,0.813,9.698,-161517000.0,195323000.0,195323000.0,1208587000.0,105169000.0,2.942,0.203,13978000.0,0.0,13978000.0,13978000.0,0.0,223319000.0,0.0,0.004,0.1,129494000.0,352813000.0,0.197,352813000.0,129494000.0,129494000.0,0.55,0.54,0.55,1862029000.0,1812980500.0,1862029000.0,4268306808.0,33.0,12.098,241659000.0,1.259,1.0,579852000.0,0.324,160198000.0,0.0,1587540000.0,1537346000.0,166705000.0,131716000.0,131716000.0,0.0,378564000.0,311510000.0,67054000.0,4429127808.0,-19625000.0,-4702000.0,-81172000.0,-12752000.0,-19342000.0,-113266000.0,-329112000.0,-119177000.0,403176000.0,19577000.0,105169000.0,105169000.0,105169000.0,0.0,0.0,0.059,451295000.0,128557000.0,159538000.0,0.182,2.379,42.114,41.891,1033935000.0,0.0,23.04,2.477,2.474,380761000.0,1986250000.0,1788439000.0,1788439000.0,0.0,0.048,0.058,0.084,0.072,12546000.0,451295000.0,1.0,192236450.0,192002000,193312000.0,9.315,2080395000.0,0.0,24325000.0,0.0,10.835,604885000.0
44,MOLX,MRT,2002-09-30,2002-09-30,2002-09-30,2021-09-14,-58307000.0,2228316000.0,2162909750.0,915464000.0,1312852000.0,0.809,9.429,-160778000.0,175995000.0,175995000.0,1191487000.0,81245000.0,2.679,0.225,15174000.0,0.0,15174000.0,15174000.0,0.0,224917000.0,0.0,0.004,0.1,97549000.0,322466000.0,0.184,322466000.0,97549000.0,97549000.0,0.42,0.41,0.42,1818608000.0,1785467500.0,1818608000.0,4359755453.0,45.0,13.52,232116000.0,1.204,1.0,558803000.0,0.319,160173000.0,0.0,1565562000.0,1509498000.0,175745000.0,122406000.0,122406000.0,0.0,409708000.0,341760000.0,67948000.0,4545255453.0,-17049000.0,-4702000.0,-81128000.0,-14503000.0,-19406000.0,-115037000.0,-296080000.0,-101768000.0,392894000.0,1174000.0,81245000.0,81245000.0,81245000.0,0.0,0.0,0.046,456001000.0,102802000.0,173462000.0,0.238,2.499,55.945,56.0,1039254000.0,0.0,23.52,2.597,2.592,390325000.0,1962876000.0,1750290000.0,1750290000.0,0.0,0.038,0.046,0.065,0.056,11907000.0,456001000.0,1.0,193250657.0,192865000,194439000.0,9.075,2068143000.0,0.0,16304000.0,0.0,10.723,573704000.0
45,MOLX,MRT,2002-06-30,2002-06-30,2002-06-30,2021-09-14,-42354000.0,2253920000.0,2160743000.0,915343000.0,1338577000.0,0.792,9.405,-167746000.0,213477000.0,213477000.0,1174946000.0,76479000.0,2.545,0.233,27977000.0,10128000.0,17849000.0,27977000.0,0.0,223687000.0,0.0,0.003,0.1,93163000.0,316850000.0,0.185,316850000.0,93163000.0,93163000.0,0.39,0.39,0.39,1827652000.0,1785742000.0,1827652000.0,6278388062.0,67.0,19.815,227883000.0,1.173,1.0,536551000.0,0.313,160180000.0,0.0,1548647000.0,1512204500.0,167253000.0,99848000.0,99848000.0,0.0,426268000.0,359593000.0,66675000.0,6488827062.0,75039000.0,-4702000.0,-71767000.0,-14908000.0,-19462000.0,-106137000.0,-223627000.0,-30454000.0,395629000.0,9174000.0,76479000.0,76479000.0,76479000.0,0.0,0.0,0.045,438600000.0,97951000.0,184630000.0,0.256,3.55,84.845,85.974,1067590000.0,0.0,33.53,3.791,3.807,386150000.0,1937488000.0,1711497000.0,1711497000.0,0.0,0.035,0.043,0.062,0.054,11110000.0,438600000.0,1.0,193523026.0,194327000,195986000.0,8.807,2093740000.0,88307000.0,16684000.0,37893000.0,10.774,555750000.0
46,MOLX,MRT,2002-03-31,2002-03-31,2002-03-31,2021-09-14,-118729000.0,2077515000.0,2150669750.0,826829000.0,1250686000.0,0.821,8.986,-200583000.0,229692000.0,229692000.0,1216889000.0,59971000.0,3.157,0.191,19253000.0,0.0,19253000.0,19253000.0,0.0,227680000.0,0.0,0.003,0.1,70713000.0,298393000.0,0.169,298393000.0,70713000.0,70713000.0,0.3,0.3,0.3,1743633000.0,1770239000.0,1743633000.0,6542959333.0,93.0,21.927,189130000.0,0.975,1.0,548835000.0,0.311,157529000.0,0.0,1447635000.0,1520305750.0,176089000.0,14165000.0,14165000.0,0.0,333882000.0,261912000.0,71970000.0,6736072333.0,110129000.0,0.0,-59686000.0,-12746000.0,-19507000.0,-91939000.0,-174921000.0,13859000.0,389713000.0,-12724000.0,59971000.0,59971000.0,59971000.0,0.0,0.0,0.034,473114000.0,75721000.0,133095000.0,0.333,3.863,112.322,115.567,1035775000.0,0.0,34.67,3.815,3.81,355806000.0,1914999000.0,1765724000.0,1765724000.0,0.0,0.028,0.034,0.047,0.04,10278000.0,473114000.0,1.0,194291097.0,194034000,194034000.0,9.1,1919986000.0,0.0,10742000.0,0.0,9.895,564917000.0
47,MOLX,MRT,2001-12-31,2001-12-31,2001-12-31,2021-09-14,-115964000.0,2091888000.0,2191388500.0,821164000.0,1270724000.0,0.893,9.001,-247784000.0,214948000.0,214948000.0,1321619000.0,101023000.0,3.098,0.194,21835000.0,0.0,21835000.0,21835000.0,0.0,222762000.0,0.0,0.003,0.1,130627000.0,353389000.0,0.181,353389000.0,130627000.0,130627000.0,0.51,0.51,0.51,1751977000.0,1779469750.0,1751977000.0,5863498789.0,45.0,16.592,151778000.0,0.78,1.0,635599000.0,0.325,157537000.0,0.0,1476148000.0,1558469000.0,190194000.0,12539000.0,12539000.0,0.0,339911000.0,265090000.0,74821000.0,6030593789.0,92545000.0,0.0,-38011000.0,-16671000.0,-19535000.0,-74217000.0,-224916000.0,15725000.0,399562000.0,-7884000.0,101023000.0,101023000.0,101023000.0,0.0,0.0,0.052,502302000.0,133297000.0,126396000.0,0.196,3.442,59.695,60.686,1055219000.0,0.0,30.95,3.081,3.078,350879000.0,1900174000.0,1957218000.0,1957218000.0,0.0,0.046,0.057,0.084,0.067,9443000.0,502302000.0,1.0,194849557.0,194636000,194636000.0,10.056,1934351000.0,0.0,29604000.0,0.0,9.938,556074000.0
48,MOLX,MRT,2001-09-30,2001-09-30,2001-09-30,2021-09-14,-60995000.0,2219649000.0,2243725500.0,874373000.0,1345276000.0,0.967,9.322,-311302000.0,193044000.0,193044000.0,1418974000.0,164593000.0,2.74,0.22,25949000.0,0.0,25949000.0,25949000.0,0.0,222662000.0,0.0,0.004,0.1,232835000.0,455497000.0,0.21,455497000.0,232835000.0,232835000.0,0.84,0.83,0.84,1819706000.0,1782556750.0,1819706000.0,5383494241.0,23.0,11.819,117255000.0,0.601,1.0,751103000.0,0.346,157025000.0,0.0,1576388000.0,1584062000.0,208767000.0,20638000.0,20638000.0,0.0,399943000.0,319141000.0,80802000.0,5492968241.0,71068000.0,0.0,-30941000.0,-3459000.0,-19548000.0,-53948000.0,-294370000.0,17896000.0,428557000.0,-9171000.0,164593000.0,164593000.0,164593000.0,0.0,0.0,0.076,531078000.0,220025000.0,159512000.0,0.119,3.019,33.373,33.464,1111338000.0,0.0,28.11,2.531,2.529,392255000.0,1900319000.0,2170077000.0,2170077000.0,0.0,0.073,0.092,0.147,0.107,9342000.0,531078000.0,1.0,195409756.0,195204000,195204000.0,11.117,2062624000.0,0.0,68242000.0,0.0,10.567,555232000.0
49,MOLX,MRT,2001-06-30,2001-06-30,2001-06-30,2021-09-14,-105214000.0,2213627000.0,2252442000.0,891865000.0,1321762000.0,1.05,9.033,-370569000.0,138438000.0,138438000.0,1507060000.0,203919000.0,2.384,0.254,36666000.0,11201000.0,25465000.0,36666000.0,0.0,217954000.0,0.0,0.003,0.1,291343000.0,509297000.0,0.215,509297000.0,291343000.0,291343000.0,1.04,1.03,1.04,1765640000.0,1758616750.0,1765640000.0,7039354806.0,24.0,13.822,45983000.0,0.235,1.0,858489000.0,0.363,156697000.0,0.0,1581052000.0,1573303500.0,213637000.0,69394000.0,69394000.0,0.0,447987000.0,374106000.0,73881000.0,7137743806.0,-25850000.0,0.0,-27180000.0,-1183000.0,-19555000.0,-47918000.0,-377010000.0,7561000.0,416552000.0,-17474000.0,203919000.0,203919000.0,203919000.0,0.0,0.0,0.086,578899000.0,279590000.0,178035000.0,0.096,4.043,35.003,35.125,1092567000.0,0.0,36.53,3.017,3.019,415798000.0,1880450000.0,2365549000.0,2365549000.0,0.0,0.091,0.116,0.185,0.123,9398000.0,578899000.0,1.0,195394027.0,195471000,197633000.0,12.102,2056930000.0,66245000.0,87424000.0,38638000.0,10.523,517759000.0
50,MOLX,MRT,2001-03-31,2001-03-31,2001-03-31,2021-09-14,-87000000.0,2240390000.0,2260811750.0,936326000.0,1304064000.0,1.092,9.114,-379912000.0,119563000.0,119563000.0,1534244000.0,258135000.0,2.439,0.258,21174000.0,0.0,21174000.0,21174000.0,0.0,211862000.0,0.0,0.003,0.1,374317000.0,586179000.0,0.237,586179000.0,374317000.0,374317000.0,1.32,1.31,1.32,1780556000.0,1743657750.0,1780556000.0,6791234100.0,18.0,11.586,16532000.0,0.085,1.0,935449000.0,0.379,157810000.0,0.0,1600288000.0,1544839500.0,262323000.0,28023000.0,28023000.0,0.0,459834000.0,383903000.0,75931000.0,6892092100.0,-43876000.0,-38877000.0,-36510000.0,-3671000.0,-19561000.0,-59742000.0,-381842000.0,18129000.0,396444000.0,1264000.0,258135000.0,258135000.0,258135000.0,0.0,0.0,0.105,570130000.0,365319000.0,210591000.0,0.076,3.871,26.7,26.728,1063663000.0,0.0,35.281,2.791,2.791,491625000.0,1874504000.0,2469693000.0,2469693000.0,0.0,0.114,0.148,0.242,0.152,12087000.0,570130000.0,1.0,195347440.0,195360000,195360000.0,12.642,2082580000.0,0.0,116182000.0,0.0,10.66,552423000.0
51,MOLX,MRT,2000-12-31,2000-12-31,2000-12-31,2021-09-14,-43481000.0,2301236000.0,2271505250.0,1001090000.0,1300146000.0,1.073,9.027,-384872000.0,122404000.0,122404000.0,1499911000.0,255195000.0,2.17,0.304,21546000.0,0.0,21546000.0,21546000.0,0.0,209511000.0,0.0,0.003,0.1,372543000.0,582054000.0,0.239,582054000.0,372543000.0,372543000.0,1.3,1.29,1.3,1764325000.0,1750436250.0,1764325000.0,6841269360.0,18.0,11.754,-6735000.0,-0.034,1.0,937550000.0,0.385,160506000.0,0.0,1578520000.0,1537246000.0,285733000.0,28264000.0,28264000.0,0.0,536911000.0,461352000.0,75559000.0,6941959360.0,-71721000.0,-38877000.0,-39826000.0,3653000.0,-18587000.0,-54760000.0,-389625000.0,48478000.0,378137000.0,-5473000.0,255195000.0,255195000.0,255195000.0,0.0,0.0,0.105,573960000.0,363590000.0,255999000.0,0.077,3.935,27.203,27.308,1053298000.0,0.0,35.5,2.848,2.846,531629000.0,1818650000.0,2437461000.0,2437461000.0,0.0,0.112,0.146,0.242,0.153,9547000.0,573960000.0,1.0,195548151.0,195440000,195440000.0,12.472,2140730000.0,0.0,117348000.0,0.0,10.953,539738000.0
52,MOLX,MRT,2000-09-30,2000-09-30,2000-09-30,2021-09-14,-28335000.0,2254515000.0,2235439250.0,994352000.0,1260163000.0,1.052,8.812,-370810000.0,121976000.0,121976000.0,1444995000.0,241479000.0,2.174,0.308,21286000.0,0.0,21286000.0,21286000.0,0.0,201141000.0,0.0,0.002,0.095,351596000.0,552737000.0,0.235,552737000.0,351596000.0,351596000.0,1.23,1.22,1.23,1723946000.0,1735179250.0,1723946000.0,10519821077.0,30.0,19.032,-819000.0,-0.004,1.0,906156000.0,0.385,163007000.0,0.0,1533354000.0,1512154500.0,260111000.0,38534000.0,38534000.0,0.0,530569000.0,457464000.0,73105000.0,10658975077.0,-45673000.0,-38877000.0,-39665000.0,-6580000.0,-17621000.0,-63866000.0,-340585000.0,53922000.0,369991000.0,-11213000.0,241479000.0,241479000.0,241479000.0,0.0,0.0,0.103,560660000.0,345496000.0,253532000.0,0.077,6.183,44.14,44.258,1018741000.0,0.0,54.438,4.534,4.53,538627000.0,1755732000.0,2351151000.0,2351151000.0,0.0,0.108,0.139,0.233,0.15,9460000.0,560660000.0,1.0,195802068.0,195638000,195638000.0,12.018,2091508000.0,0.0,110117000.0,0.0,10.691,536888000.0
53,MOLX,MRT,2000-06-30,2000-06-30,2000-06-30,2021-09-14,6962000.0,2247106000.0,2172831250.0,1023009000.0,1224097000.0,1.02,8.7,-321726000.0,164288000.0,164288000.0,1362207000.0,222454000.0,2.152,0.317,25134000.0,3541000.0,21593000.0,25134000.0,0.0,196352000.0,0.0,0.002,0.09,323264000.0,519616000.0,0.234,519616000.0,323264000.0,323264000.0,1.13,1.12,1.13,1705804000.0,1699155750.0,1705804000.0,9299910469.0,29.0,17.898,46201000.0,0.236,1.0,854889000.0,0.386,165307000.0,0.0,1467196000.0,1474047750.0,236209000.0,76955000.0,76955000.0,0.0,541302000.0,475449000.0,65853000.0,9440765469.0,-18704000.0,-38877000.0,-42016000.0,-904000.0,-15087000.0,-58007000.0,-338157000.0,6919000.0,367927000.0,9533000.0,222454000.0,222454000.0,222454000.0,0.0,0.0,0.1,538903000.0,315986000.0,277303000.0,0.08,5.534,42.439,42.588,980775000.0,0.0,48.125,4.258,4.256,514855000.0,1696162000.0,2217096000.0,2217096000.0,0.0,0.102,0.131,0.219,0.146,7720000.0,538903000.0,1.0,196171750.0,196060000,198208000.0,11.308,2081799000.0,24664000.0,100810000.0,66282000.0,10.618,547560000.0
54,MOLX,MRT,2000-03-31,2000-03-31,2000-03-31,2021-09-14,167967000.0,2283164000.0,2086557750.0,966409000.0,1316755000.0,0.982,9.221,-305545000.0,163439000.0,163439000.0,1266803000.0,207433000.0,2.376,0.263,22584000.0,0.0,22584000.0,22584000.0,0.0,192420000.0,0.0,0.001,0.077,269848000.0,462268000.0,0.226,462268000.0,269848000.0,269848000.0,1.06,1.05,1.06,1807670000.0,1647839000.0,1807670000.0,11350780098.0,42.0,24.555,61915000.0,0.316,1.0,781506000.0,0.382,165686000.0,0.0,1569914000.0,1423326750.0,244194000.0,46153000.0,46153000.0,0.0,475494000.0,406709000.0,68785000.0,11521549098.0,-42063000.0,-34935000.0,-37006000.0,-32294000.0,-12595000.0,-81652000.0,-278361000.0,57454000.0,367460000.0,-49510000.0,207433000.0,207433000.0,207433000.0,0.0,0.0,0.101,518535000.0,262971000.0,231728000.0,0.073,6.374,55.543,55.425,941091000.0,0.0,58.75,5.625,5.623,486258000.0,1636203000.0,2048309000.0,2048309000.0,0.0,0.099,0.126,0.19,0.132,5096000.0,518535000.0,1.0,196111474.0,196044000,196044000.0,10.448,2117478000.0,0.0,62415000.0,0.0,10.801,559700000.0
55,MOLX,MRT,1999-12-31,1999-12-31,1999-12-31,2021-09-14,111286000.0,2156972000.0,1957878750.0,976470000.0,1180502000.0,0.974,8.683,-267220000.0,194124000.0,194124000.0,1172875000.0,194598000.0,2.621,0.266,23355000.0,0.0,23355000.0,23355000.0,0.0,183867000.0,0.0,0.001,0.064,249800000.0,433667000.0,0.227,433667000.0,249800000.0,249800000.0,1.0,0.99,1.0,1703297000.0,1544937750.0,1703297000.0,8748958782.0,35.0,20.174,78956000.0,0.403,1.0,734043000.0,0.385,135521000.0,0.0,1478154000.0,1344159750.0,234294000.0,76742000.0,76742000.0,0.0,453675000.0,372528000.0,81147000.0,8892297782.0,351000.0,-34935000.0,-37419000.0,-27122000.0,-11017000.0,-75315000.0,-232546000.0,56760000.0,346176000.0,-37964000.0,194598000.0,194598000.0,194598000.0,0.0,0.0,0.102,488520000.0,245523000.0,205877000.0,0.064,5.221,45.696,45.35,906418000.0,0.0,45.35,4.663,4.665,450575000.0,1583297000.0,1906918000.0,1906918000.0,0.0,0.099,0.126,0.186,0.131,6873000.0,488520000.0,1.0,196081539.0,196158000,196158000.0,9.721,2021451000.0,0.0,55202000.0,0.0,10.305,603942000.0
56,MOLX,MRT,1999-09-30,1999-09-30,1999-09-30,2021-09-14,29545000.0,2004083000.0,1864083000.0,932263000.0,1071820000.0,0.962,8.051,-227055000.0,167649000.0,167649000.0,1092442000.0,184353000.0,2.71,0.269,24310000.0,0.0,24310000.0,24310000.0,0.0,178521000.0,0.0,0.002,0.056,236866000.0,415387000.0,0.232,415387000.0,236866000.0,236866000.0,0.95,0.94,0.95,1579852000.0,1468197000.0,1579852000.0,5549465261.0,23.0,13.36,85871000.0,0.438,1.0,701185000.0,0.391,135775000.0,0.0,1380927000.0,1288710000.0,209689000.0,92456000.0,92456000.0,0.0,424231000.0,344042000.0,80189000.0,5707346261.0,-17900000.0,-34935000.0,-47904000.0,-26261000.0,-9425000.0,-83347000.0,-253251000.0,8880000.0,312926000.0,5772000.0,184353000.0,184353000.0,184353000.0,0.0,0.0,0.103,466185000.0,235000000.0,185693000.0,0.059,3.613,30.959,30.632,856904000.0,0.0,29.1,3.182,3.184,424580000.0,1534606000.0,1793627000.0,1793627000.0,0.0,0.099,0.126,0.184,0.132,6196000.0,466185000.0,1.0,196128738.0,196239000,196239000.0,9.14,1868308000.0,0.0,52513000.0,0.0,9.521,588221000.0
57,MOLX,MRT,1999-06-30,1999-06-30,1999-06-30,2021-09-14,-17708000.0,1902012000.0,1789322000.0,881338000.0,1020674000.0,0.957,7.721,-223929000.0,182992000.0,182992000.0,1038311000.0,178029000.0,2.574,0.268,25111000.0,4963000.0,20148000.0,25111000.0,0.0,168856000.0,0.0,0.002,0.048,230392000.0,399248000.0,0.233,399248000.0,230392000.0,230392000.0,0.92,0.91,0.92,1500537000.0,1403121500.0,1500537000.0,5537933089.0,24.0,13.871,90589000.0,0.466,1.0,673338000.0,0.393,137378000.0,0.0,1264312000.0,1239768000.0,188861000.0,83874000.0,83874000.0,0.0,401475000.0,342441000.0,59034000.0,5733468089.0,-22270000.0,-34935000.0,-42922000.0,-30329000.0,-9333000.0,-82341000.0,-247667000.0,33277000.0,314518000.0,-6780000.0,178029000.0,178029000.0,178029000.0,0.0,0.0,0.104,446980000.0,226358000.0,156556000.0,0.052,3.821,32.205,32.174,809602000.0,0.0,29.6,3.35,3.361,387525000.0,1491337000.0,1711649000.0,1711649000.0,0.0,0.099,0.127,0.186,0.135,7171000.0,446980000.0,1.0,193698246.0,194340000,195631000.0,8.807,1764634000.0,19137000.0,52363000.0,52061000.0,9.08,538897000.0
58,MOLX,MRT,1999-03-31,1999-03-31,1999-03-31,2021-09-14,-12802000.0,1768448000.0,1723727500.0,901468000.0,866980000.0,0.965,7.205,-216240000.0,205502000.0,205502000.0,984652000.0,173824000.0,2.82,0.267,9967000.0,0.0,9967000.0,9967000.0,0.0,157433000.0,0.0,0.002,0.048,254112000.0,411545000.0,0.247,411545000.0,254112000.0,254112000.0,0.894,0.882,0.894,1396065000.0,1343379750.0,1396065000.0,4372862414.0,17.0,10.625,72560000.0,0.374,1.0,679192000.0,0.408,0.0,0.0,1253246000.0,1189440750.0,200080000.0,93607000.0,93607000.0,0.0,372383000.0,319667000.0,52716000.0,4560972414.0,20157000.0,-1171000.0,-60468000.0,4386000.0,-9367000.0,-64938000.0,-247241000.0,12567000.0,288800000.0,43536000.0,173824000.0,173824000.0,173824000.0,0.0,0.0,0.104,430316000.0,248876000.0,135291000.0,0.054,3.267,26.239,26.286,750574000.0,0.0,23.5,2.741,2.737,364867000.0,1443792000.0,1663844000.0,1663844000.0,0.0,0.101,0.129,0.214,0.153,7915000.0,430316000.0,1.0,194083932.0,193771000,193771000.0,8.587,1768448000.0,0.0,80288000.0,0.0,9.126,581801000.0
59,MOLX,MRT,1998-12-31,1998-12-31,1998-12-31,2021-09-14,26175000.0,1781789000.0,1683672000.0,897354000.0,884435000.0,0.978,7.192,-216106000.0,193773000.0,193773000.0,972853000.0,175282000.0,2.66,0.276,5663000.0,0.0,5663000.0,5663000.0,0.0,152980000.0,0.0,0.002,0.048,259247000.0,412227000.0,0.25,412227000.0,259247000.0,259247000.0,0.904,0.884,0.904,1396334000.0,1308785500.0,1396334000.0,5760852420.0,22.0,13.975,93294000.0,0.48,1.0,674041000.0,0.409,0.0,0.0,1256355000.0,1159088750.0,201401000.0,100800000.0,100800000.0,0.0,385455000.0,337324000.0,48131000.0,5940742420.0,42916000.0,-1171000.0,-53512000.0,-15000.0,-9383000.0,-62399000.0,-247362000.0,1532000.0,309400000.0,43277000.0,175282000.0,175282000.0,175282000.0,0.0,0.0,0.106,422062000.0,251979000.0,136933000.0,0.053,4.255,33.892,33.739,756901000.0,0.0,30.5,3.607,3.596,365329000.0,1400871000.0,1646894000.0,1646894000.0,0.0,0.104,0.134,0.224,0.157,7417000.0,422062000.0,1.0,194778440.0,194161000,194161000.0,8.482,1781789000.0,0.0,83965000.0,0.0,9.177,560030000.0
60,MOLX,MRT,1998-09-30,1998-09-30,1998-09-30,2021-09-14,-26109000.0,1705039000.0,1632564000.0,873542000.0,831497000.0,0.994,6.774,-221617000.0,185549000.0,185549000.0,956721000.0,176960000.0,2.569,0.292,5659000.0,0.0,5659000.0,5659000.0,0.0,151024000.0,0.0,0.002,0.048,264309000.0,415333000.0,0.256,415333000.0,264309000.0,264309000.0,0.906,0.896,0.906,1319550000.0,1265366000.0,1319550000.0,4336050827.0,16.0,10.44,73912000.0,0.379,1.0,665952000.0,0.41,0.0,0.0,1185159000.0,1127440750.0,177187000.0,101337000.0,101337000.0,0.0,385489000.0,339990000.0,45499000.0,4535746827.0,1943000.0,-1171000.0,-46889000.0,-1690000.0,-8993000.0,-57061000.0,-237581000.0,24331000.0,295529000.0,1056000.0,176960000.0,176960000.0,176960000.0,0.0,0.0,0.109,412553000.0,253399000.0,133681000.0,0.053,3.437,25.631,25.607,710636000.0,0.0,23.2,2.795,2.785,374096000.0,1358161000.0,1622673000.0,1622673000.0,0.0,0.108,0.14,0.234,0.163,7135000.0,412553000.0,1.0,195506329.0,194792500,194792500.0,8.33,1705039000.0,0.0,87349000.0,0.0,8.753,533552000.0
61,MOLX,MRT,1998-06-30,1998-06-30,1998-06-30,2021-09-14,-53557000.0,1639634000.0,1611354250.0,867791000.0,771843000.0,1.007,6.445,-219981000.0,205262000.0,205262000.0,952266000.0,182243000.0,2.581,0.3,5566000.0,0.0,5566000.0,5566000.0,0.0,148920000.0,0.0,0.002,0.049,274733000.0,423653000.0,0.261,423653000.0,274733000.0,274733000.0,0.93,0.92,0.93,1261570000.0,1244797250.0,1261570000.0,3738439375.0,14.0,8.824,84674000.0,0.433,1.0,670709000.0,0.413,40660000.0,0.0,1063003000.0,1110587000.0,184433000.0,117151000.0,117151000.0,0.0,378064000.0,336275000.0,41789000.0,3918229375.0,5495000.0,-1171000.0,-42192000.0,-1784000.0,-8622000.0,-52087000.0,-234605000.0,-9283000.0,304655000.0,-12468000.0,182243000.0,182243000.0,182243000.0,0.0,0.0,0.112,407087000.0,263622000.0,140350000.0,0.053,3.106,21.5,21.505,676161000.0,0.0,20.0,2.414,2.412,324279000.0,1322775000.0,1622975000.0,1622975000.0,0.0,0.113,0.146,0.247,0.169,6717000.0,407087000.0,1.0,195911469.0,195750000,197971000.0,8.291,1598974000.0,15101000.0,92490000.0,75066000.0,8.168,531516000.0
62,MOLX,MRT,1998-03-31,1998-03-31,1998-03-31,2021-09-14,-28325000.0,1608226000.0,1610678500.0,854861000.0,753365000.0,1.019,6.423,-217728000.0,185345000.0,185345000.0,946939000.0,183899000.0,2.882,0.279,5555000.0,0.0,5555000.0,5555000.0,0.0,154241000.0,0.0,0.002,0.05,280548000.0,434789000.0,0.265,434789000.0,280548000.0,280548000.0,0.936,0.928,0.936,1257688000.0,1238382750.0,1257688000.0,4160950502.0,15.0,9.57,54365000.0,0.278,1.0,694039000.0,0.423,0.0,0.0,1131838000.0,1120458250.0,173315000.0,116604000.0,116604000.0,0.0,350538000.0,296598000.0,53940000.0,4306216502.0,-833000.0,0.0,-22290000.0,-2562000.0,-8529000.0,-32314000.0,-238462000.0,-20028000.0,272093000.0,-2150000.0,183899000.0,183899000.0,183899000.0,0.0,0.0,0.112,424202000.0,269837000.0,117563000.0,0.053,3.424,23.416,23.504,662197000.0,0.0,22.0,2.624,2.625,331128000.0,1277510000.0,1640978000.0,1640978000.0,0.0,0.114,0.148,0.25,0.171,5305000.0,424202000.0,1.0,195737114.0,195821250,195821250.0,8.38,1608226000.0,0.0,96649000.0,0.0,8.213,558263000.0
63,MOLX,MRT,1997-12-31,1997-12-31,1997-12-31,2021-09-14,-26153000.0,1577357000.0,1588275250.0,843566000.0,733791000.0,1.019,6.241,-214055000.0,150857000.0,150857000.0,934946000.0,180671000.0,2.79,0.29,5591000.0,0.0,5591000.0,5591000.0,0.0,150051000.0,0.0,0.002,0.048,279407000.0,429458000.0,0.265,429458000.0,279407000.0,279407000.0,0.92,0.912,0.92,1222656000.0,1215871750.0,1222656000.0,4862801548.0,17.0,11.323,81292000.0,0.415,1.0,683857000.0,0.422,0.0,0.0,1129763000.0,1098460750.0,169994000.0,156382000.0,156382000.0,0.0,354701000.0,302328000.0,52373000.0,5039057548.0,-32662000.0,0.0,-34982000.0,-1962000.0,-7694000.0,-43571000.0,-261569000.0,-55426000.0,295347000.0,-22869000.0,180671000.0,180671000.0,180671000.0,0.0,0.0,0.112,415748000.0,268109000.0,122895000.0,0.052,4.121,27.891,27.935,643866000.0,0.0,25.7,3.113,3.11,320104000.0,1235816000.0,1618803000.0,1618803000.0,0.0,0.114,0.149,0.254,0.173,5321000.0,415748000.0,1.0,196072278.0,195911250,195911250.0,8.263,1577357000.0,0.0,98736000.0,0.0,8.051,541238000.0
64,MOLX,MRT,1997-09-30,1997-09-30,1997-09-30,2021-09-14,19611000.0,1620200000.0,1572690500.0,871041000.0,749159000.0,1.011,6.31,-213320000.0,183606000.0,183606000.0,921909000.0,175317000.0,2.67,0.309,7350000.0,0.0,7350000.0,7350000.0,0.0,140015000.0,0.0,0.002,0.046,272912000.0,412927000.0,0.26,412927000.0,272912000.0,272912000.0,0.896,0.88,0.896,1237275000.0,1204005750.0,1237275000.0,5658935376.0,21.0,13.704,76457000.0,0.39,1.0,668402000.0,0.42,0.0,0.0,1117744000.0,1080499500.0,162946000.0,138054000.0,138054000.0,0.0,382925000.0,326200000.0,56725000.0,5851352376.0,-58487000.0,0.0,-24583000.0,-174000.0,-7304000.0,-30994000.0,-301299000.0,-102684000.0,289777000.0,-15971000.0,175317000.0,175317000.0,175317000.0,0.0,0.0,0.11,407119000.0,261283000.0,145812000.0,0.051,4.729,33.376,31.696,659794000.0,0.0,28.4,3.679,3.502,339082000.0,1192563000.0,1590311000.0,1590311000.0,0.0,0.111,0.146,0.253,0.172,5120000.0,407119000.0,1.0,206033534.0,196086250,196086250.0,8.11,1620200000.0,0.0,97595000.0,0.0,8.263,544841000.0
65,MOLX,MRT,1997-06-30,1997-06-30,1997-06-30,2021-09-14,59329000.0,1636931000.0,1548965000.0,873614000.0,763317000.0,0.994,6.293,-205454000.0,199767000.0,199767000.0,898817000.0,166716000.0,2.554,0.324,7350000.0,0.0,7350000.0,7350000.0,0.0,138675000.0,0.0,0.001,0.033,262297000.0,400972000.0,0.26,400972000.0,262297000.0,262297000.0,0.848,0.84,0.848,1235912000.0,1183591500.0,1235912000.0,4397840649.0,17.0,10.968,69898000.0,0.356,1.0,640895000.0,0.416,0.0,0.0,1102488000.0,1026539500.0,166660000.0,125570000.0,125570000.0,0.0,401019000.0,342026000.0,58993000.0,4576066649.0,-43012000.0,0.0,-26079000.0,-203000.0,-6924000.0,-32139000.0,-278010000.0,-81249000.0,275352000.0,-8215000.0,166716000.0,166716000.0,166716000.0,0.0,0.0,0.108,389617000.0,251278000.0,151934000.0,0.039,3.703,27.448,27.547,665468000.0,0.0,23.36,2.972,2.98,332350000.0,1149720000.0,1539712000.0,1539712000.0,0.0,0.108,0.141,0.256,0.17,5057000.0,389617000.0,1.0,195893264.0,196388750,198348750.0,7.84,1636931000.0,35801000.0,95581000.0,90614000.0,8.335,531588000.0
66,MOLX,MRT,1997-03-31,1997-03-31,1997-03-31,2021-09-14,41642000.0,1518613000.0,,785435000.0,733178000.0,,5.954,-207668000.0,186178000.0,186178000.0,871761000.0,158491000.0,2.649,0.301,7952000.0,0.0,7952000.0,7952000.0,0.0,124705000.0,0.0,0.001,0.02,252570000.0,377275000.0,0.256,377275000.0,252570000.0,246889000.0,0.824,,0.824,1167644000.0,,1167644000.0,3392960667.0,13.0,8.993,81404000.0,0.415,1.0,604841000.0,0.41,0.0,5681000.0,1043848000.0,,146167000.0,112794000.0,112794000.0,0.0,350969000.0,296539000.0,54430000.0,3569215667.0,-12931000.0,-1677000.0,-17756000.0,529000.0,-6166000.0,-22606000.0,-255216000.0,-43840000.0,289072000.0,-24181000.0,158491000.0,158491000.0,158491000.0,0.0,0.0,0.107,369809000.0,235032000.0,135032000.0,0.024,3.057,22.52,22.058,630804000.0,0.0,18.176,2.417,2.414,306471000.0,1088569000.0,1476602000.0,1476602000.0,0.0,,,,0.171,5375000.0,369809000.0,1.0,196369700.0,196106250,,7.53,1518613000.0,0.0,88398000.0,0.0,7.744,488896000.0
67,MOLX,MRT,1996-12-31,1996-12-31,1996-12-31,2021-09-14,78599000.0,1515018000.0,,774077000.0,740941000.0,,5.978,-205753000.0,183519000.0,183519000.0,851820000.0,151424000.0,2.756,0.289,7264000.0,0.0,7264000.0,7264000.0,0.0,124656000.0,0.0,0.0,0.01,239791000.0,364447000.0,0.254,364447000.0,239791000.0,236289000.0,0.786,,0.786,1175192000.0,,1175192000.0,,,,28529000.0,0.145,1.0,584794000.0,0.407,0.0,3502000.0,1057918000.0,,155835000.0,92242000.0,92242000.0,0.0,339826000.0,280845000.0,58981000.0,3933677830.0,-18970000.0,-1677000.0,-3805000.0,-102000.0,-6157000.0,-9277000.0,-232450000.0,-30205000.0,234282000.0,-11525000.0,151424000.0,151424000.0,151424000.0,0.0,0.0,0.105,360066000.0,224728000.0,126870000.0,0.013,3.347,25.978,25.486,635552000.0,0.0,20.032,2.738,2.741,305518000.0,1062911000.0,1436614000.0,1436614000.0,0.0,,,,0.167,4992000.0,360066000.0,1.0,196369700.0,196581250,,7.308,1515018000.0,0.0,84865000.0,0.0,7.707,493232000.0
68,MOLX,MRT,1996-09-30,1996-09-30,1996-09-30,2021-09-14,,,,,,,,,,,835413000.0,146284000.0,,,,,,,,,,0.0,0.0,233957000.0,,,,233957000.0,230455000.0,0.757,,0.757,,,,,,,,,1.0,568679000.0,0.405,,3502000.0,,,,,,,,,,,,,,,,,,,,,146284000.0,146284000.0,146284000.0,0.0,0.0,0.104,349683000.0,218996000.0,,0.0,,,25.194,,0.0,19.072,,2.674,,,1404092000.0,1404092000.0,0.0,,,,0.167,,349683000.0,1.0,,196856250,,7.133,,,84171000.0,,,
69,MOLX,MRT,1996-06-30,1996-06-30,1996-06-30,2021-09-14,95891000.0,1460999000.0,,734589000.0,726410000.0,,5.749,-218529000.0,242779000.0,242779000.0,819942000.0,145586000.0,2.669,0.291,7553000.0,103000.0,7450000.0,7553000.0,0.0,119909000.0,0.0,0.0,0.0,228886000.0,348795000.0,0.252,348795000.0,228886000.0,228886000.0,0.744,0.736,0.744,1131271000.0,,1131271000.0,,,,34703000.0,0.176,1.0,562731000.0,0.407,0.0,0.0,950591000.0,,147612000.0,39883000.0,39883000.0,0.0,329728000.0,275182000.0,54546000.0,,-10773000.0,-1677000.0,-19212000.0,-718000.0,-5556000.0,-24699000.0,-210976000.0,19520000.0,253232000.0,-28330000.0,145586000.0,145586000.0,145586000.0,0.0,0.0,0.105,346362000.0,216369000.0,127557000.0,0.0,,,21.849,613125000.0,0.0,16.256,,2.313,269675000.0,989928000.0,1382673000.0,1382673000.0,0.0,,,,0.166,4584000.0,346362000.0,1.0,,196767500,198818750.0,7.027,1460999000.0,22562000.0,83300000.0,65404000.0,7.425,459407000.0
70,MOLX,MRT,1996-03-31,1996-03-31,1996-03-31,2021-09-14,,,,,,,,,,,,,,,,,,,,,,0.0,0.0,,,,,,,,,,,,,,,,,,1.0,,,,,,,,,,,,,,,,,,,,,,,,,,,,,,,,,,,,,,,,17.856,,,,,,,,,,,,,,1.0,,196673438,,,,,,,,
71,MOLX,MRT,1995-12-31,1995-12-31,1995-12-31,2021-09-14,,,,,,,,,,,,,,,,,,,,,,0.0,0.0,,,,,,,,,,,,,,,,,,1.0,,,,,,,,,,,,,,,,,,,,,,,,,,,,,,,,,,,,,,,,16.256,,,,,,,,,,,,,,1.0,,196606250,,,,,,,,
72,MOLX,MRT,1995-06-30,1995-06-30,1995-06-30,2021-09-14,,,,,,,,-183836000.0,,,692050000.0,124035000.0,,,,,,,,104857000.0,,0.0,0.0,214308000.0,319165000.0,0.266,319165000.0,214308000.0,214308000.0,0.634,0.634,0.634,,,,,,,40813000.0,0.209,1.0,505697000.0,0.422,,0.0,,,,,,,,,,,32871000.0,-16338000.0,1002000.0,-945000.0,-2998000.0,-2941000.0,-204329000.0,-2826000.0,224649000.0,15492000.0,124035000.0,124035000.0,124035000.0,0.0,0.0,0.104,298483000.0,207214000.0,,0.0,,,25.035,,0.0,15.872,,2.589,,,1197747000.0,1197747000.0,0.0,,,,0.179,3435000.0,298483000.0,1.0,,195342188,195342188.0,6.132,,,90273000.0,,,
