None,ticker,dimension,calendardate,datekey,reportperiod,lastupdated,accoci,assets,assetsavg,assetsc,assetsnc,assetturnover,bvps,capex,cashneq,cashnequsd,cor,consolinc,currentratio,de,debt,debtc,debtnc,debtusd,deferredrev,depamor,deposits,divyield,dps,ebit,ebitda,ebitdamargin,ebitdausd,ebitusd,ebt,eps,epsdil,epsusd,equity,equityavg,equityusd,ev,evebit,evebitda,fcf,fcfps,fxusd,gp,grossmargin,intangibles,intexp,invcap,invcapavg,inventory,investments,investmentsc,investmentsnc,liabilities,liabilitiesc,liabilitiesnc,marketcap,ncf,ncfbus,ncfcommon,ncfdebt,ncfdiv,ncff,ncfi,ncfinv,ncfo,ncfx,netinc,netinccmn,netinccmnusd,netincdis,netincnci,netmargin,opex,opinc,payables,payoutratio,pb,pe,pe1,ppnenet,prefdivis,price,ps,ps1,receivables,retearn,revenue,revenueusd,rnd,roa,roe,roic,ros,sbcomp,sgna,sharefactor,sharesbas,shareswa,shareswadil,sps,tangibles,taxassets,taxexp,taxliabilities,tbvps,workingcapital
0,GWW,MRY,2020-12-31,2020-12-31,2020-12-31,2021-08-02,-61000000.0,6295000000.0,6812250000.0,3919000000.0,2376000000.0,1.732,34.168,-197000000.0,585000000.0,585000000.0,7559000000.0,755000000.0,2.72,2.299,2397000000.0,8000000.0,2389000000.0,2397000000.0,0.0,182000000.0,0.0,0.015,5.94,980000000.0,1162000000.0,0.098,1162000000.0,980000000.0,887000000.0,12.88,12.82,12.88,1828000000.0,1924500000.0,1828000000.0,23455811537.0,24.0,20.186,926000000.0,17.308,1.0,4238000000.0,0.359,619000000.0,93000000.0,6047000000.0,6507000000.0,1733000000.0,0.0,0.0,0.0,4202000000.0,1441000000.0,2761000000.0,21914811537.0,225000000.0,20000000.0,-531000000.0,161000000.0,-338000000.0,-726000000.0,-179000000.0,0.0,1123000000.0,7000000.0,695000000.0,695000000.0,695000000.0,0.0,60000000.0,0.059,3219000000.0,1019000000.0,779000000.0,0.461,11.988,31.532,31.703,1395000000.0,0.0,408.34,1.858,1.852,1474000000.0,8779000000.0,11797000000.0,11797000000.0,0.0,0.102,0.361,0.151,0.083,46000000.0,3219000000.0,1.0,53668050.0,53500000,53700000.0,220.505,5676000000.0,0.0,192000000.0,152000000.0,106.093,2478000000.0
1,GWW,MRY,2019-12-31,2019-12-31,2019-12-31,2021-08-02,-154000000.0,6005000000.0,5983250000.0,3555000000.0,2450000000.0,1.92,33.912,-221000000.0,360000000.0,360000000.0,7089000000.0,895000000.0,2.119,2.127,2215000000.0,301000000.0,1914000000.0,2215000000.0,0.0,229000000.0,0.0,0.017,5.68,1242000000.0,1471000000.0,0.128,1471000000.0,1242000000.0,1163000000.0,15.39,15.32,15.39,1855000000.0,1905000000.0,1855000000.0,20136804304.0,16.0,13.689,821000000.0,15.009,1.0,4397000000.0,0.383,733000000.0,79000000.0,5449000000.0,5481250000.0,1655000000.0,0.0,0.0,0.0,3945000000.0,1678000000.0,2267000000.0,18234804304.0,-178000000.0,17000000.0,-651000000.0,-37000000.0,-328000000.0,-1023000000.0,-202000000.0,0.0,1042000000.0,5000000.0,849000000.0,849000000.0,849000000.0,0.0,46000000.0,0.074,3135000000.0,1262000000.0,719000000.0,0.369,9.83,21.478,21.996,1400000000.0,0.0,338.52,1.588,1.612,1425000000.0,8405000000.0,11486000000.0,11486000000.0,0.0,0.142,0.446,0.227,0.108,40000000.0,3135000000.0,1.0,53866254.0,54700000,54900000.0,209.982,5272000000.0,22000000.0,314000000.0,133000000.0,96.38,1877000000.0
2,GWW,MRY,2018-12-31,2018-12-31,2018-12-31,2021-08-02,-171000000.0,5873000000.0,5903141500.0,3557000000.0,2316000000.0,1.901,34.242,-239000000.0,538000000.0,538000000.0,6873000000.0,823000000.0,2.37,1.968,2220000000.0,130000000.0,2090000000.0,2220000000.0,0.0,257000000.0,0.0,0.019,5.36,1122000000.0,1379000000.0,0.123,1379000000.0,1122000000.0,1040000000.0,13.82,13.73,13.82,1921000000.0,1880855500.0,1921000000.0,17620596933.0,16.0,12.778,818000000.0,14.581,1.0,4348000000.0,0.387,884000000.0,82000000.0,5170000000.0,5306577250.0,1541000000.0,0.0,0.0,0.0,3780000000.0,1501000000.0,2279000000.0,15902645933.0,211000000.0,86000000.0,-244000000.0,-101000000.0,-316000000.0,-670000000.0,-166000000.0,0.0,1057000000.0,-10000000.0,782000000.0,782000000.0,782000000.0,0.0,41000000.0,0.07,3190000000.0,1158000000.0,678000000.0,0.388,8.278,20.336,20.431,1352000000.0,0.0,282.36,1.417,1.412,1385000000.0,7869000000.0,11221000000.0,11221000000.0,0.0,0.132,0.416,0.211,0.1,47000000.0,3190000000.0,1.0,56320463.0,56100000,56500000.0,200.018,4989000000.0,22000000.0,258000000.0,132000000.0,88.93,2056000000.0
3,GWW,MRY,2017-12-31,2017-12-31,2017-12-31,2021-08-02,-135000000.0,5804000000.0,5818372500.0,3206000000.0,2598000000.0,1.792,29.289,-237000000.0,327000000.0,327000000.0,6327000000.0,623000000.0,2.127,2.353,2343000000.0,95000000.0,2248000000.0,2343000000.0,0.0,264000000.0,0.0,0.021,5.06,985000000.0,1249000000.0,0.12,1249000000.0,985000000.0,899000000.0,10.07,10.02,10.07,1690000000.0,1743906750.0,1690000000.0,15500888165.0,16.0,12.411,820000000.0,14.211,1.0,4098000000.0,0.393,1113000000.0,86000000.0,5200000000.0,5260802250.0,1429000000.0,0.0,0.0,0.0,3976000000.0,1507000000.0,2469000000.0,13462278165.0,53000000.0,120000000.0,-558000000.0,23000000.0,-304000000.0,-867000000.0,-146000000.0,-35000000.0,1057000000.0,9000000.0,586000000.0,586000000.0,586000000.0,0.0,37000000.0,0.056,3063000000.0,1035000000.0,731000000.0,0.502,7.966,22.973,23.461,1392000000.0,0.0,236.25,1.291,1.308,1325000000.0,7405000000.0,10425000000.0,10425000000.0,0.0,0.101,0.336,0.187,0.094,33000000.0,3063000000.0,1.0,56983188.0,57700000,58000000.0,180.676,4691000000.0,60000000.0,313000000.0,131000000.0,81.3,1699000000.0
4,GWW,MRY,2016-12-31,2016-12-31,2016-12-31,2021-08-02,-272294000.0,5694307000.0,5877364750.0,3020229000.0,2674078000.0,1.725,29.767,-284000000.0,274146000.0,274146000.0,6022000000.0,633000000.0,1.854,2.107,2247052000.0,406106000.0,1840946000.0,2247052000.0,0.0,249000000.0,0.0,0.021,4.83,1068000000.0,1317000000.0,0.13,1317000000.0,1068000000.0,992000000.0,9.94,9.87,9.94,1797935000.0,2060462500.0,1797935000.0,15827351916.0,15.0,12.018,740000000.0,12.252,1.0,4115000000.0,0.406,1113276000.0,76000000.0,4925000000.0,5086535000.0,1406470000.0,0.0,0.0,0.0,3788539000.0,1628937000.0,2159602000.0,13835028916.0,-16000000.0,55000000.0,-756000000.0,292000000.0,-303000000.0,-776000000.0,-262000000.0,-34000000.0,1024000000.0,-2000000.0,606000000.0,606000000.0,606000000.0,0.0,27000000.0,0.06,3002000000.0,1113000000.0,650092000.0,0.486,7.695,22.83,23.365,1420891000.0,0.0,232.25,1.365,1.384,1223096000.0,7113559000.0,10137000000.0,10137000000.0,0.0,0.103,0.294,0.21,0.105,36000000.0,3002000000.0,1.0,59569554.0,60400000,60800000.0,167.831,4581031000.0,99526000.0,386000000.0,141160000.0,75.845,1391292000.0
5,GWW,MRY,2015-12-31,2015-12-31,2015-12-31,2021-08-02,-221091000.0,5857755000.0,5675697250.0,3048642000.0,2809113000.0,1.757,34.787,-373868000.0,290136000.0,290136000.0,5741956000.0,785174000.0,1.705,1.546,1988832000.0,600418000.0,1388414000.0,1988832000.0,0.0,227967000.0,0.0,0.023,4.59,1268098000.0,1496065000.0,0.15,1496065000.0,1268098000.0,1234527000.0,11.69,11.58,11.69,2266634000.0,2695346250.0,2266634000.0,14274387482.0,11.0,9.541,662241000.0,10.164,1.0,4231428000.0,0.424,1230346000.0,33571000.0,4537571000.0,4200519250.0,1414177000.0,0.0,0.0,0.0,3505041000.0,1788534000.0,1716507000.0,12720327482.0,63492000.0,-449574000.0,-1339186000.0,1555556000.0,-306474000.0,-108756000.0,-843358000.0,-20382000.0,1036109000.0,-20503000.0,768996000.0,768996000.0,768996000.0,0.0,16178000.0,0.077,2931108000.0,1300320000.0,583474000.0,0.393,5.612,16.541,17.33,1431241000.0,0.0,202.59,1.275,1.324,1209641000.0,6802130000.0,9973384000.0,9973384000.0,0.0,0.135,0.285,0.302,0.127,46861000.0,2931108000.0,1.0,62788526.0,65156864,65765121.0,153.067,4627409000.0,133014000.0,465531000.0,171038000.0,71.02,1260108000.0
6,GWW,MRY,2014-12-31,2014-12-31,2014-12-31,2021-08-02,-96673000.0,5283049000.0,5288751500.0,2967549000.0,2315500000.0,1.884,46.973,-387390000.0,226644000.0,226644000.0,5650711000.0,812296000.0,2.352,0.623,483633000.0,80300000.0,403333000.0,483633000.0,0.0,208326000.0,0.0,0.016,4.17,1333912000.0,1542238000.0,0.155,1542238000.0,1333912000.0,1323819000.0,11.59,11.45,11.59,3209872000.0,3304601750.0,3209872000.0,17516704690.0,13.0,11.358,572424000.0,8.377,1.0,4314242000.0,0.433,770835000.0,10093000.0,3507487000.0,3371851750.0,1356396000.0,0.0,0.0,0.0,1998948000.0,1261716000.0,737232000.0,17379246690.0,-204000000.0,-3958000.0,-476541000.0,-23959000.0,-291395000.0,-758123000.0,-384058000.0,0.0,959814000.0,-21633000.0,801729000.0,801729000.0,801729000.0,0.0,10567000.0,0.08,2967125000.0,1347117000.0,554088000.0,0.36,5.414,21.677,21.992,1324346000.0,0.0,254.89,1.744,1.748,1172924000.0,6335990000.0,9964953000.0,9964953000.0,0.0,0.152,0.243,0.396,0.134,49032000.0,2967125000.0,1.0,68183321.0,68334322,69205744.0,145.826,4512214000.0,125634000.0,522090000.0,107711000.0,66.031,1705833000.0
7,GWW,MRY,2013-12-31,2013-12-31,2013-12-31,2021-08-02,28914000.0,5266328000.0,5140435000.0,3044285000.0,2222043000.0,1.836,46.799,-272145000.0,430644000.0,430644000.0,5301275000.0,807749000.0,2.546,0.597,542799000.0,97286000.0,445513000.0,542799000.0,0.0,180613000.0,0.0,0.014,3.59,1290111000.0,1470724000.0,0.156,1470724000.0,1290111000.0,1276886000.0,11.31,11.13,11.31,3250438000.0,3208107250.0,3250438000.0,17737794968.0,14.0,12.061,714353000.0,10.285,1.0,4136483000.0,0.438,997272000.0,13225000.0,3185421000.0,3189433500.0,1305520000.0,0.0,0.0,0.0,1939492000.0,1195790000.0,743702000.0,17729138968.0,-21419000.0,-127214000.0,-369061000.0,-26326000.0,-255466000.0,-590869000.0,-399427000.0,0.0,986498000.0,-17621000.0,797036000.0,797036000.0,797036000.0,0.0,10713000.0,0.084,2839629000.0,1296854000.0,510634000.0,0.317,5.454,22.244,22.584,1208562000.0,0.0,255.42,1.879,1.88,1101656000.0,5822612000.0,9437758000.0,9437758000.0,0.0,0.155,0.248,0.404,0.137,55590000.0,2839629000.0,1.0,69411710.0,69455507,70576432.0,135.882,4269056000.0,107343000.0,479850000.0,119915000.0,61.465,1848495000.0
8,GWW,MRY,2012-12-31,2012-12-31,2012-12-31,2021-08-02,53578000.0,5014598000.0,4877715000.0,2900640000.0,2113958000.0,1.835,43.315,-249860000.0,452063000.0,452063000.0,5033885000.0,698849000.0,2.686,0.627,564644000.0,97596000.0,467048000.0,564644000.0,0.0,159049000.0,0.0,0.015,3.06,1124899000.0,1283948000.0,0.143,1283948000.0,1124899000.0,1108821000.0,9.71,9.52,9.71,3023912000.0,2866781750.0,3023912000.0,14204902738.0,13.0,11.063,566335000.0,8.112,1.0,3916160000.0,0.438,917849000.0,16078000.0,3129327000.0,3083388750.0,1301935000.0,0.0,0.0,0.0,1897232000.0,1080003000.0,817229000.0,14063616738.0,116572000.0,-56278000.0,-268448000.0,36204000.0,-220077000.0,-394436000.0,-305656000.0,0.0,816195000.0,469000.0,689881000.0,689881000.0,689881000.0,0.0,8968000.0,0.077,2785035000.0,1131125000.0,428782000.0,0.315,4.651,20.386,20.841,1144573000.0,0.0,202.37,1.571,1.579,940020000.0,5278577000.0,8950045000.0,8950045000.0,0.0,0.141,0.241,0.365,0.126,55500000.0,2785035000.0,1.0,69494573.0,69811881,71181733.0,128.202,4096749000.0,147744000.0,418940000.0,132221000.0,58.683,1820637000.0
9,GWW,MRY,2011-12-31,2011-12-31,2011-12-31,2021-08-02,-28738000.0,4716062000.0,4350141500.0,2694900000.0,2021162000.0,1.857,37.721,-189664000.0,335491000.0,335491000.0,4567393000.0,666412000.0,1.942,0.758,516564000.0,341509000.0,175055000.0,516564000.0,0.0,149200000.0,0.0,0.013,2.52,1052629000.0,1201829000.0,0.149,1201829000.0,1052629000.0,1043538000.0,9.26,9.07,9.26,2628785000.0,2493168500.0,2628785000.0,13302814185.0,13.0,11.069,556444000.0,7.984,1.0,3510792000.0,0.435,860037000.0,9091000.0,2649173000.0,2605015500.0,1268647000.0,0.0,0.0,0.0,1991783000.0,1387925000.0,603858000.0,13056051185.0,22037000.0,-359296000.0,-66745000.0,17728000.0,-180527000.0,-177446000.0,-535068000.0,0.0,746108000.0,-11557000.0,658423000.0,658423000.0,658423000.0,0.0,7989000.0,0.082,2458363000.0,1052429000.0,477648000.0,0.272,4.967,19.829,20.215,1060295000.0,0.0,187.19,1.616,1.615,888697000.0,4806110000.0,8078185000.0,8078185000.0,0.0,0.151,0.264,0.404,0.13,54020000.0,2458363000.0,1.0,69747589.0,69690854,71176158.0,115.915,3856025000.0,202814000.0,385115000.0,123374000.0,55.33,1306975000.0
10,GWW,MRY,2010-12-31,2010-12-31,2010-12-31,2021-08-02,42951000.0,3904377000.0,3809079250.0,2238071000.0,1666306000.0,1.886,31.131,-120616000.0,313454000.0,313454000.0,4176474000.0,513582000.0,2.575,0.733,494274000.0,73828000.0,420446000.0,494274000.0,0.0,149678000.0,0.0,0.015,2.08,859248000.0,1008926000.0,0.14,1008926000.0,859248000.0,851061000.0,7.05,6.93,7.05,2205216000.0,2178444250.0,2205216000.0,9756724560.0,11.0,9.67,475829000.0,6.717,1.0,3005684000.0,0.418,615390000.0,8187000.0,2600504000.0,2512677750.0,991577000.0,0.0,0.0,0.0,1616707000.0,869303000.0,747404000.0,9538085560.0,-146417000.0,-62072000.0,-418275000.0,-33624000.0,-152338000.0,-578587000.0,-169159000.0,0.0,596445000.0,4884000.0,510865000.0,510865000.0,510865000.0,0.0,2717000.0,0.071,2145209000.0,860475000.0,344295000.0,0.295,4.325,18.67,19.59,963672000.0,0.0,138.11,1.328,1.362,762895000.0,4326761000.0,7182158000.0,7182158000.0,0.0,0.134,0.235,0.342,0.12,49796000.0,2145209000.0,1.0,69061513.0,70836945,72138858.0,101.39,3288987000.0,170264000.0,340196000.0,88384000.0,46.43,1368768000.0
11,GWW,MRY,2009-12-31,2009-12-31,2009-12-31,2021-08-02,12374000.0,3726332000.0,3536912750.0,2131515000.0,1594817000.0,1.759,29.324,-140730000.0,459871000.0,459871000.0,3623465000.0,430772000.0,2.744,0.693,525408000.0,87908000.0,437500000.0,525408000.0,0.0,147531000.0,0.0,0.018,1.78,715797000.0,863328000.0,0.139,863328000.0,715797000.0,707031000.0,5.7,5.62,5.7,2163720000.0,2140704750.0,2163720000.0,7058730571.0,10.0,8.176,591666000.0,8.019,1.0,2598526000.0,0.418,558566000.0,8766000.0,2456504000.0,2559777250.0,889679000.0,3508000.0,0.0,3508000.0,1499133000.0,776799000.0,722334000.0,7195963571.0,63581000.0,-123093000.0,-281562000.0,-16314000.0,-134684000.0,-413530000.0,-262563000.0,0.0,732396000.0,7278000.0,430466000.0,430466000.0,430466000.0,0.0,306000.0,0.069,1933302000.0,665224000.0,300791000.0,0.312,3.326,16.717,16.988,953271000.0,0.0,96.83,1.157,1.148,624910000.0,3966508000.0,6221991000.0,6221991000.0,0.0,0.122,0.201,0.28,0.115,43301000.0,1933302000.0,1.0,74315435.0,73786346,74891852.0,84.324,3167766000.0,148163000.0,276565000.0,68947000.0,42.932,1354716000.0
12,GWW,MRY,2008-12-31,2008-12-31,2008-12-31,2021-08-02,-38525000.0,3515417000.0,3399570500.0,2144109000.0,1371308000.0,2.015,26.558,-181355000.0,396290000.0,396290000.0,4041810000.0,475355000.0,2.815,0.728,529445000.0,41217000.0,488228000.0,529445000.0,0.0,139570000.0,0.0,0.02,1.55,787703000.0,927273000.0,0.135,927273000.0,787703000.0,773218000.0,6.07,5.97,6.07,2033805000.0,2049583750.0,2033805000.0,6158687821.0,8.0,6.642,348711000.0,4.554,1.0,2808222000.0,0.41,322725000.0,14485000.0,2564113000.0,2470212500.0,1009932000.0,20830000.0,0.0,20830000.0,1481612000.0,761734000.0,719878000.0,5997188821.0,282853000.0,-34290000.0,-347414000.0,418575000.0,-121504000.0,-36810000.0,-202635000.0,0.0,530066000.0,-7768000.0,475355000.0,475355000.0,475355000.0,0.0,0.0,0.069,2025550000.0,782672000.0,290802000.0,0.255,2.949,12.616,12.988,930311000.0,0.0,78.84,0.875,0.881,589416000.0,3670726000.0,6850032000.0,6850032000.0,0.0,0.14,0.232,0.319,0.115,47870000.0,2025550000.0,1.0,76067844.0,76579856,77887620.0,89.45,3192692000.0,172554000.0,297863000.0,34999000.0,41.691,1382375000.0
13,GWW,MRY,2007-12-31,2007-12-31,2007-12-31,2021-08-02,72171000.0,3094028000.0,3116510000.0,1800817000.0,1293211000.0,2.059,25.461,-185339000.0,113437000.0,113437000.0,3814391000.0,420120000.0,2.179,0.475,111545000.0,106650000.0,4895000.0,111545000.0,0.0,131999000.0,0.0,0.015,1.34,684835000.0,816834000.0,0.127,816834000.0,684835000.0,681861000.0,5.01,4.91,5.01,2098108000.0,2164605500.0,2098108000.0,6999785034.0,10.0,8.569,283536000.0,3.441,1.0,2603623000.0,0.406,345449000.0,2974000.0,1920284000.0,1850637000.0,946327000.0,34833000.0,20074000.0,14759000.0,995920000.0,826403000.0,169517000.0,6935452034.0,-235034000.0,-11618000.0,-533793000.0,102303000.0,-113093000.0,-513887000.0,-196957000.0,0.0,468875000.0,6935000.0,420120000.0,420120000.0,420120000.0,0.0,0.0,0.065,1932970000.0,670653000.0,297929000.0,0.267,3.306,16.508,17.469,878345000.0,0.0,87.52,1.081,1.124,602650000.0,3316875000.0,6418014000.0,6418014000.0,0.0,0.135,0.194,0.37,0.107,38744000.0,1932970000.0,1.0,79244196.0,82403958,84173381.0,77.885,2748579000.0,111321000.0,261741000.0,31186000.0,33.355,974414000.0
14,GWW,MRY,2006-12-31,2006-12-31,2006-12-31,2021-08-02,3431000.0,3046088000.0,3100291750.0,1862086000.0,1184002000.0,1.898,24.791,-119450000.0,348471000.0,348471000.0,3529504000.0,383399000.0,2.636,0.399,9485000.0,4590000.0,4895000.0,9485000.0,0.0,100975000.0,0.0,0.016,1.11,604949000.0,705924000.0,0.12,705924000.0,604949000.0,603023000.0,4.36,4.24,4.36,2177615000.0,2290762750.0,2177615000.0,5599578083.0,9.0,7.932,317303000.0,3.612,1.0,2354150000.0,0.4,333782000.0,1926000.0,1666997000.0,1660609000.0,827254000.0,21319000.0,12827000.0,8492000.0,868473000.0,706323000.0,162150000.0,6017447083.0,-196423000.0,-38378000.0,-408350000.0,0.0,-97896000.0,-492873000.0,-139746000.0,14656000.0,436753000.0,-557000.0,383399000.0,383399000.0,383399000.0,0.0,0.0,0.065,1776079000.0,578071000.0,334820000.0,0.255,2.763,15.695,16.041,792935000.0,0.0,69.94,1.023,1.044,566607000.0,3007606000.0,5883654000.0,5883654000.0,0.0,0.124,0.167,0.364,0.103,35304000.0,1776079000.0,1.0,86037276.0,87838723,90523774.0,66.982,2712306000.0,96916000.0,219624000.0,13312000.0,30.878,1155763000.0
15,GWW,MRY,2005-12-31,2005-12-31,2005-12-31,2021-08-02,27082000.0,3107921000.0,2940255000.0,1985539000.0,1122382000.0,1.88,25.556,-142210000.0,544894000.0,544894000.0,3365095000.0,346324000.0,2.855,0.358,9485000.0,4590000.0,4895000.0,9485000.0,0.0,98087000.0,0.0,0.013,0.92,534537000.0,632624000.0,0.114,632624000.0,534537000.0,532674000.0,3.87,3.78,3.87,2288976000.0,2175597000.0,2288976000.0,5921932605.0,11.0,9.361,290333000.0,3.241,1.0,2161541000.0,0.391,309900000.0,1863000.0,1567261000.0,1565788000.0,791212000.0,25155000.0,0.0,25155000.0,818945000.0,695351000.0,123594000.0,6358867605.0,115648000.0,-24817000.0,-71476000.0,0.0,-82663000.0,-154139000.0,-162985000.0,4088000.0,432543000.0,229000.0,346324000.0,346324000.0,346324000.0,0.0,0.0,0.063,1642552000.0,518989000.0,319254000.0,0.238,2.778,18.361,18.372,770625000.0,0.0,71.1,1.151,1.152,518625000.0,2722103000.0,5526636000.0,5526636000.0,0.0,0.118,0.159,0.341,0.097,20977000.0,1642552000.0,1.0,89435550.0,89568746,91588295.0,61.703,2798021000.0,93176000.0,186350000.0,31573000.0,31.239,1290188000.0
16,GWW,MRY,2004-12-31,2004-12-31,2004-12-31,2021-08-02,18052000.0,2809573000.0,2734416000.0,1744416000.0,1065157000.0,1.847,22.925,-143142000.0,429246000.0,429246000.0,3143133000.0,286923000.0,2.743,0.359,9485000.0,9485000.0,0.0,9485000.0,0.0,85566000.0,0.0,0.012,0.785,449527000.0,535093000.0,0.106,535093000.0,449527000.0,445139000.0,3.18,3.13,3.18,2067970000.0,1955128000.0,2067970000.0,5617055461.0,12.0,10.497,263345000.0,2.919,1.0,1906652000.0,0.378,248290000.0,4388000.0,1505490000.0,1455966750.0,700559000.0,26126000.0,0.0,26126000.0,741603000.0,636032000.0,105571000.0,6001233461.0,26422000.0,0.0,-28597000.0,-140800000.0,-71243000.0,-240640000.0,-142392000.0,0.0,406487000.0,2967000.0,286923000.0,286923000.0,286923000.0,0.0,0.0,0.057,1465398000.0,441254000.0,289388000.0,0.247,2.902,20.916,20.95,761573000.0,0.0,66.62,1.188,1.19,480893000.0,2458442000.0,5049785000.0,5049785000.0,0.0,0.105,0.147,0.309,0.089,20294000.0,1465624000.0,1.0,90081559.0,90206773,91673375.0,55.98,2561283000.0,115800000.0,158216000.0,39735000.0,28.393,1108384000.0
17,GWW,MRY,2003-12-31,2003-12-31,2003-12-31,2021-08-02,2594000.0,2624678000.0,2564735750.0,1633413000.0,991265000.0,1.82,20.336,-68342000.0,402824000.0,402824000.0,2975513000.0,226971000.0,2.312,0.422,149030000.0,144135000.0,4895000.0,149030000.0,0.0,74583000.0,0.0,0.016,0.735,387105000.0,461688000.0,0.099,461688000.0,387105000.0,381090000.0,2.5,2.46,2.5,1845135000.0,1781848250.0,1845135000.0,4174839829.0,11.0,9.043,325766000.0,3.59,1.0,1691501000.0,0.362,216155000.0,6015000.0,1448089000.0,1615962250.0,661247000.0,22822000.0,0.0,22822000.0,779543000.0,706640000.0,72903000.0,4324515829.0,194296000.0,-36713000.0,-26033000.0,-4564000.0,-67281000.0,-97878000.0,-105281000.0,-2126000.0,394108000.0,3347000.0,226971000.0,226971000.0,226971000.0,0.0,0.0,0.049,1302633000.0,388868000.0,257806000.0,0.294,2.344,19.053,18.956,731992000.0,0.0,47.39,0.927,0.921,431896000.0,2242762000.0,4667014000.0,4667014000.0,0.0,0.088,0.127,0.24,0.083,2091000.0,1303197000.0,1.0,91253763.0,90731013,92394085.0,51.438,2408523000.0,119795000.0,154119000.0,43690000.0,26.546,926773000.0
18,GWW,MRY,2002-12-31,2002-12-31,2002-12-31,2021-08-02,-35742000.0,2437448000.0,2425250250.0,1484947000.0,952501000.0,1.915,18.131,-127867000.0,208528000.0,208528000.0,2984548000.0,211567000.0,2.533,0.462,129165000.0,9472000.0,119693000.0,129165000.0,0.0,75226000.0,0.0,0.014,0.715,380079000.0,455305000.0,0.098,455305000.0,380079000.0,373916000.0,2.3,2.24,2.3,1667698000.0,1647574250.0,1667698000.0,4627765003.0,12.0,10.164,175603000.0,1.909,1.0,1659350000.0,0.357,148942000.0,6163000.0,1622877000.0,1652949500.0,721178000.0,21303000.0,0.0,21303000.0,769750000.0,586266000.0,183484000.0,4713629003.0,39682000.0,5748000.0,-82806000.0,-8780000.0,-66467000.0,-158053000.0,-105758000.0,15957000.0,303470000.0,23000.0,211567000.0,211567000.0,211567000.0,0.0,0.0,0.046,1266195000.0,393155000.0,290807000.0,0.311,2.826,22.28,22.413,736807000.0,0.0,51.55,1.015,1.021,423240000.0,2083072000.0,4643898000.0,4643898000.0,0.0,0.087,0.128,0.23,0.082,5897000.0,1268134000.0,1.0,91438002.0,91982430,94303497.0,50.487,2288506000.0,115877000.0,162349000.0,37902000.0,24.88,898681000.0
19,GWW,MRY,2001-12-31,2001-12-31,2001-12-31,2021-08-02,-29553000.0,2331246000.0,2400273750.0,1392611000.0,938635000.0,1.981,17.204,-95088000.0,168846000.0,168846000.0,3165030000.0,174530000.0,2.515,0.454,135265000.0,17046000.0,118219000.0,135265000.0,0.0,103209000.0,0.0,0.014,0.695,307954000.0,411163000.0,0.086,411163000.0,307954000.0,297280000.0,1.87,1.84,1.87,1603189000.0,1577688250.0,1603189000.0,4497738048.0,15.0,10.939,414093000.0,4.444,1.0,1589287000.0,0.334,194690000.0,10674000.0,1549164000.0,1787257250.0,634654000.0,31799000.0,0.0,31799000.0,728057000.0,553811000.0,174246000.0,4490214048.0,105462000.0,-14407000.0,-42284000.0,-179262000.0,-65445000.0,-287082000.0,-114064000.0,-4749000.0,509181000.0,-2573000.0,174530000.0,174530000.0,174530000.0,0.0,0.0,0.037,1250714000.0,338573000.0,275893000.0,0.372,2.801,25.727,25.668,689718000.0,0.0,48.0,0.944,0.941,454180000.0,1937972000.0,4754317000.0,4754317000.0,0.0,0.073,0.111,0.172,0.065,1814000.0,1211644000.0,1.0,93546126.0,93189132,94727868.0,51.018,2136556000.0,97454000.0,122750000.0,10351000.0,22.927,838800000.0
20,GWW,MRY,2000-12-31,2000-12-31,2000-12-31,2021-08-02,-18832000.0,2459601000.0,2550011250.0,1483002000.0,976599000.0,1.952,16.53,-93850000.0,63384000.0,63384000.0,3391707000.0,192903000.0,1.984,0.6,321566000.0,196308000.0,125258000.0,321566000.0,0.0,106893000.0,0.0,0.018,0.67,355998000.0,462891000.0,0.093,462891000.0,355998000.0,331595000.0,2.07,2.05,2.07,1537386000.0,1508995250.0,1537386000.0,3758920425.0,11.0,8.121,184545000.0,1.984,1.0,1585337000.0,0.319,215279000.0,24403000.0,1755180000.0,1965607000.0,704071000.0,51599000.0,0.0,51599000.0,922215000.0,747324000.0,174891000.0,3429556425.0,701000.0,-26862000.0,5064000.0,-123368000.0,-62863000.0,-181067000.0,-94821000.0,26665000.0,278395000.0,-1806000.0,192903000.0,192903000.0,192903000.0,0.0,0.0,0.039,1250217000.0,335120000.0,283112000.0,0.324,2.231,17.779,17.633,676397000.0,0.0,36.5,0.689,0.682,608297000.0,1837298000.0,4977044000.0,4977044000.0,0.0,0.076,0.128,0.181,0.072,3198000.0,1250217000.0,1.0,93960450.0,93003813,94223815.0,53.514,2244322000.0,90897000.0,138692000.0,29352000.0,24.132,735678000.0
21,GWW,MRY,1999-12-31,1999-12-31,1999-12-31,2021-08-02,68791000.0,2564826000.0,2364425500.0,1471145000.0,1093681000.0,1.961,15.948,-133986000.0,62683000.0,62683000.0,3125647000.0,180731000.0,1.69,0.732,449485000.0,324557000.0,124928000.0,449485000.0,0.0,82286000.0,0.0,0.013,0.63,319346000.0,401632000.0,0.087,401632000.0,319346000.0,303750000.0,1.95,1.92,1.95,1480529000.0,1382256750.0,1480529000.0,4789632314.0,15.0,11.925,-96746000.0,-1.042,1.0,1510628000.0,0.326,222702000.0,15596000.0,1858392000.0,1836993250.0,762495000.0,154203000.0,0.0,154203000.0,1084297000.0,870534000.0,213763000.0,4464662314.0,19512000.0,0.0,-14083000.0,208683000.0,-58817000.0,135783000.0,-155384000.0,-18500000.0,37240000.0,1873000.0,180731000.0,180731000.0,180731000.0,0.0,0.0,0.039,1193400000.0,317228000.0,311345000.0,0.323,3.016,24.703,24.518,697751000.0,0.0,47.81,0.963,0.957,561786000.0,1707258000.0,4636275000.0,4636275000.0,0.0,0.076,0.131,0.174,0.069,3424000.0,1193400000.0,1.0,93383441.0,92836696,94315479.0,49.94,2342124000.0,65794000.0,123019000.0,48503000.0,25.228,600611000.0
22,GWW,MRY,1998-12-31,1998-12-31,1998-12-31,2021-08-02,-19564000.0,2103966000.0,2066244750.0,1206429000.0,897537000.0,2.148,13.288,-165525000.0,43171000.0,43171000.0,2947962000.0,238504000.0,1.815,0.645,233774000.0,110891000.0,122883000.0,233774000.0,0.0,62901000.0,0.0,0.014,0.585,407499000.0,470400000.0,0.106,470400000.0,407499000.0,400847000.0,2.48,2.44,2.48,1278741000.0,1320674250.0,1278741000.0,4097247200.0,10.0,8.71,165956000.0,1.725,1.0,1491013000.0,0.336,213912000.0,6652000.0,1416100000.0,1574782500.0,626731000.0,5000000.0,0.0,5000000.0,825225000.0,664557000.0,160668000.0,3952730200.0,-6053000.0,0.0,-193516000.0,84021000.0,-56683000.0,-166178000.0,-170669000.0,-5000000.0,331481000.0,-687000.0,238504000.0,238504000.0,238504000.0,0.0,0.0,0.054,1083031000.0,407982000.0,212872000.0,0.236,3.091,16.573,16.786,660528000.0,0.0,41.63,0.89,0.902,463377000.0,1585344000.0,4438975000.0,4438975000.0,0.0,0.115,0.181,0.259,0.092,4107000.0,1083031000.0,1.0,94949080.0,96231829,97846658.0,46.128,1890054000.0,64387000.0,162343000.0,33220000.0,19.641,541872000.0
23,GWW,MRY,1997-12-31,1997-12-31,1997-12-31,2021-08-02,-9210000.0,2000116000.0,2059568500.0,1185283000.0,814833000.0,2.008,12.869,-105308000.0,49224000.0,49224000.0,2642208000.0,231833000.0,2.211,0.545,157995000.0,26794000.0,131201000.0,157995000.0,0.0,64813000.0,0.0,0.011,0.53,395097000.0,459910000.0,0.111,459910000.0,395097000.0,389636000.0,2.3,2.27,2.3,1294661000.0,1378661500.0,1294661000.0,,,,327602000.0,3.256,1.0,1494352000.0,0.361,207818000.0,5461000.0,1364893000.0,1337429500.0,612132000.0,0.0,0.0,0.0,705455000.0,536176000.0,169279000.0,4746233511.0,-73659000.0,0.0,-344583000.0,-8185000.0,-53934000.0,-402943000.0,-103626000.0,0.0,432910000.0,0.0,231833000.0,231833000.0,231833000.0,0.0,0.0,0.056,1101193000.0,393159000.0,207584000.0,0.23,3.666,20.473,21.128,592913000.0,0.0,48.595,1.147,1.182,455457000.0,1403523000.0,4136560000.0,4136560000.0,0.0,0.113,0.168,0.295,0.096,0.0,1101193000.0,1.0,97669174.0,100604518,102178952.0,41.117,1792298000.0,59348000.0,157803000.0,37773000.0,17.815,649107000.0
24,GWW,MRY,1996-12-31,1996-12-31,1996-12-31,2021-08-02,-2262000.0,2119021000.0,1894132000.0,1320243000.0,798778000.0,1.867,14.298,-54882000.0,126935000.0,126935000.0,2269993000.0,208526000.0,2.143,0.449,166180000.0,160028000.0,6152000.0,166180000.0,0.0,64059000.0,0.0,0.012,0.49,350116000.0,414175000.0,0.117,414175000.0,350116000.0,348888000.0,2.04,2.02,2.04,1462662000.0,1320885500.0,1462662000.0,,,,217528000.0,2.126,1.0,1267214000.0,0.358,232232000.0,1228000.0,1309966000.0,1253266500.0,686925000.0,0.0,0.0,0.0,656359000.0,616068000.0,40291000.0,,115475000.0,-136144000.0,-29200000.0,110649000.0,-50035000.0,35123000.0,-192058000.0,0.0,272410000.0,0.0,208526000.0,208526000.0,208526000.0,0.0,0.0,0.059,921685000.0,345529000.0,240779000.0,0.24,,,19.669,550984000.0,0.0,40.125,,1.16,433575000.0,1225624000.0,3537207000.0,3537207000.0,0.0,0.11,0.158,0.279,0.099,0.0,921685000.0,1.0,,102295506,103272408.0,34.578,1886789000.0,60837000.0,140362000.0,30011000.0,18.444,704175000.0
25,GWW,MRY,1995-12-31,1995-12-31,1995-12-31,2021-08-02,0.0,1669243000.0,,1062660000.0,606583000.0,,11.602,-106969000.0,11460000.0,11460000.0,2095552000.0,186665000.0,2.393,0.416,55531000.0,46818000.0,8713000.0,55531000.0,0.0,57760000.0,0.0,0.013,0.445,316409000.0,374169000.0,0.114,374169000.0,316409000.0,312149000.0,1.835,1.82,1.835,1179109000.0,,1179109000.0,,,,19268000.0,0.19,1.0,1181358000.0,0.361,72611000.0,4260000.0,1196567000.0,,602639000.0,0.0,0.0,0.0,490134000.0,444136000.0,45998000.0,,-3832000.0,0.0,2147000.0,16925000.0,-45227000.0,-23478000.0,-106591000.0,0.0,126237000.0,0.0,186665000.0,186665000.0,186665000.0,0.0,0.0,0.057,865067000.0,316291000.0,204925000.0,0.243,,,18.052,518351000.0,0.0,33.125,,1.027,369576000.0,1067133000.0,3276910000.0,3276910000.0,0.0,,,,0.097,0.0,865067000.0,1.0,,101630162,102482434.0,32.243,1596632000.0,67239000.0,125484000.0,32004000.0,15.71,618524000.0
0,GWW,MRQ,2021-06-30,2021-06-30,2021-06-30,2021-08-02,-74000000.0,6462000000.0,,4057000000.0,2405000000.0,,35.785,-74000000.0,547000000.0,547000000.0,2083000000.0,243000000.0,2.553,2.313,2375000000.0,0.0,2375000000.0,2375000000.0,0.0,49000000.0,0.0,0.014,1.62,323000000.0,372000000.0,0.116,372000000.0,323000000.0,301000000.0,4.3,4.27,4.3,1868000000.0,,1868000000.0,24642243510.0,19.0,16.639,195000000.0,3.736,1.0,1124000000.0,0.35,622000000.0,22000000.0,6079000000.0,,1707000000.0,0.0,0.0,0.0,4321000000.0,1589000000.0,2732000000.0,22824243510.0,-15000000.0,17000000.0,-86000000.0,-8000000.0,-95000000.0,-213000000.0,-72000000.0,-15000000.0,269000000.0,1000000.0,225000000.0,225000000.0,225000000.0,0.0,18000000.0,0.07,790000000.0,334000000.0,954000000.0,0.377,12.219,26.205,26.74,1436000000.0,0.0,438.0,1.863,1.866,1634000000.0,9089000000.0,3207000000.0,3207000000.0,0.0,,,,,17000000.0,790000000.0,1.0,52110145.0,52200000,52500000.0,61.437,5840000000.0,0.0,76000000.0,117000000.0,111.877,2468000000.0
1,GWW,MRQ,2021-03-31,2021-03-31,2021-03-31,2021-08-02,-81000000.0,6333000000.0,,3934000000.0,2399000000.0,,34.723,-73000000.0,562000000.0,562000000.0,1991000000.0,255000000.0,2.57,2.342,2380000000.0,7000000.0,2373000000.0,2380000000.0,0.0,43000000.0,0.0,0.015,1.53,347000000.0,390000000.0,0.126,390000000.0,347000000.0,326000000.0,4.51,4.48,4.51,1816000000.0,,1816000000.0,22810996217.0,19.0,16.822,221000000.0,4.226,1.0,1093000000.0,0.354,612000000.0,21000000.0,6008000000.0,,1675000000.0,0.0,0.0,0.0,4253000000.0,1531000000.0,2722000000.0,20998996217.0,-23000000.0,0.0,-167000000.0,0.0,-81000000.0,-250000000.0,-58000000.0,15000000.0,294000000.0,-9000000.0,238000000.0,238000000.0,238000000.0,0.0,17000000.0,0.077,735000000.0,358000000.0,887000000.0,0.339,11.563,27.63,28.254,1441000000.0,0.0,400.93,1.768,1.765,1576000000.0,8948000000.0,3084000000.0,3084000000.0,0.0,,,,,8000000.0,735000000.0,1.0,52375717.0,52300000,52600000.0,58.967,5721000000.0,0.0,88000000.0,175000000.0,109.388,2403000000.0
2,GWW,MRQ,2020-12-31,2020-12-31,2020-12-31,2021-08-02,-61000000.0,6295000000.0,,3919000000.0,2376000000.0,,34.361,-45000000.0,585000000.0,585000000.0,1914000000.0,185000000.0,2.72,2.299,2397000000.0,8000000.0,2389000000.0,2397000000.0,0.0,45000000.0,0.0,0.015,1.53,263000000.0,308000000.0,0.105,308000000.0,263000000.0,242000000.0,3.14,3.12,3.14,1828000000.0,,1828000000.0,23455811537.0,24.0,20.186,291000000.0,5.47,1.0,1027000000.0,0.349,619000000.0,21000000.0,6047000000.0,,1733000000.0,0.0,0.0,0.0,4202000000.0,1441000000.0,2761000000.0,21914811537.0,-274000000.0,-2000000.0,-477000000.0,-8000000.0,-92000000.0,-579000000.0,-47000000.0,0.0,336000000.0,16000000.0,168000000.0,168000000.0,168000000.0,0.0,17000000.0,0.057,752000000.0,275000000.0,779000000.0,0.487,11.988,31.532,31.703,1395000000.0,0.0,408.34,1.858,1.852,1474000000.0,8779000000.0,2941000000.0,2941000000.0,0.0,,,,,10000000.0,752000000.0,1.0,53668050.0,53200000,53400000.0,55.282,5676000000.0,0.0,74000000.0,152000000.0,106.692,2478000000.0
3,GWW,MRQ,2020-09-30,2020-09-30,2020-09-30,2021-08-02,-134000000.0,6583000000.0,,4273000000.0,2310000000.0,,39.757,-59000000.0,859000000.0,859000000.0,1944000000.0,256000000.0,2.965,1.975,2400000000.0,12000000.0,2388000000.0,2400000000.0,0.0,42000000.0,0.0,0.016,1.53,369000000.0,411000000.0,0.136,411000000.0,369000000.0,346000000.0,4.43,4.41,4.43,2131000000.0,,2131000000.0,20846788253.0,23.0,19.178,252000000.0,4.701,1.0,1074000000.0,0.356,593000000.0,23000000.0,6090000000.0,,1780000000.0,0.0,0.0,0.0,4208000000.0,1441000000.0,2767000000.0,19112788253.0,-744000000.0,9000000.0,19000000.0,-946000000.0,-82000000.0,-1011000000.0,-50000000.0,0.0,311000000.0,6000000.0,240000000.0,240000000.0,240000000.0,0.0,16000000.0,0.08,694000000.0,380000000.0,836000000.0,0.345,8.969,30.338,30.572,1394000000.0,0.0,356.77,1.633,1.634,1485000000.0,8694000000.0,3018000000.0,3018000000.0,0.0,,,,,10000000.0,694000000.0,1.0,53571736.0,53600000,53900000.0,56.306,5990000000.0,40000000.0,106000000.0,132000000.0,111.754,2832000000.0
4,GWW,MRQ,2020-06-30,2020-06-30,2020-06-30,2021-08-02,-151000000.0,7194000000.0,,4918000000.0,2276000000.0,,36.056,-43000000.0,1603000000.0,1603000000.0,1821000000.0,129000000.0,3.543,2.614,3337000000.0,36000000.0,3301000000.0,3337000000.0,0.0,50000000.0,0.0,0.018,1.44,197000000.0,247000000.0,0.087,247000000.0,197000000.0,169000000.0,2.11,2.1,2.11,1929000000.0,,1929000000.0,18646486774.0,22.0,17.508,189000000.0,3.533,1.0,1016000000.0,0.358,588000000.0,28000000.0,6952000000.0,,1695000000.0,0.0,0.0,0.0,5042000000.0,1388000000.0,3654000000.0,16797486774.0,111000000.0,13000000.0,8000000.0,-4000000.0,-86000000.0,-91000000.0,-30000000.0,0.0,232000000.0,0.0,114000000.0,114000000.0,114000000.0,0.0,15000000.0,0.04,811000000.0,205000000.0,770000000.0,0.682,8.708,26.962,27.295,1365000000.0,0.0,314.16,1.444,1.445,1460000000.0,8536000000.0,2837000000.0,2837000000.0,0.0,,,,,17000000.0,811000000.0,1.0,53467936.0,53500000,53700000.0,53.028,6606000000.0,43000000.0,55000000.0,128000000.0,123.477,3530000000.0
5,GWW,MRQ,2020-03-31,2020-03-31,2020-03-31,2021-08-02,-217000000.0,7177000000.0,,4914000000.0,2263000000.0,,33.769,-50000000.0,1492000000.0,1492000000.0,1880000000.0,185000000.0,3.276,2.844,3341000000.0,38000000.0,3303000000.0,3341000000.0,0.0,45000000.0,0.0,0.023,1.44,151000000.0,196000000.0,0.065,196000000.0,151000000.0,130000000.0,3.2,3.19,3.2,1810000000.0,,1810000000.0,15188592041.0,15.0,12.161,194000000.0,3.619,1.0,1121000000.0,0.374,587000000.0,21000000.0,6939000000.0,,1615000000.0,0.0,0.0,0.0,5147000000.0,1500000000.0,3647000000.0,13333592041.0,1132000000.0,0.0,-81000000.0,1119000000.0,-78000000.0,955000000.0,-52000000.0,0.0,244000000.0,-15000000.0,173000000.0,173000000.0,173000000.0,0.0,12000000.0,0.058,962000000.0,159000000.0,863000000.0,0.45,7.367,17.339,17.637,1357000000.0,0.0,248.5,1.141,1.14,1613000000.0,8500000000.0,3001000000.0,3001000000.0,0.0,,,,,9000000.0,962000000.0,1.0,53656306.0,53600000,53800000.0,55.989,6590000000.0,75000000.0,-43000000.0,118000000.0,122.948,3414000000.0
6,GWW,MRQ,2019-12-31,2019-12-31,2019-12-31,2021-08-02,-154000000.0,6005000000.0,,3555000000.0,2450000000.0,,34.48,-58000000.0,360000000.0,360000000.0,1765000000.0,117000000.0,2.119,2.127,2215000000.0,301000000.0,1914000000.0,2215000000.0,0.0,58000000.0,0.0,0.017,1.44,175000000.0,233000000.0,0.082,233000000.0,175000000.0,156000000.0,1.93,1.92,1.93,1855000000.0,,1855000000.0,20136804304.0,16.0,13.689,214000000.0,3.978,1.0,1082000000.0,0.38,733000000.0,19000000.0,5449000000.0,,1655000000.0,0.0,0.0,0.0,3945000000.0,1678000000.0,2267000000.0,18234804304.0,74000000.0,1000000.0,-70000000.0,7000000.0,-86000000.0,-148000000.0,-57000000.0,0.0,272000000.0,7000000.0,103000000.0,103000000.0,103000000.0,0.0,14000000.0,0.036,901000000.0,181000000.0,719000000.0,0.746,9.83,21.478,21.996,1400000000.0,0.0,338.52,1.588,1.612,1425000000.0,8405000000.0,2847000000.0,2847000000.0,0.0,,,,,8000000.0,901000000.0,1.0,53866254.0,53800000,54000000.0,52.918,5272000000.0,22000000.0,53000000.0,133000000.0,97.993,1877000000.0
7,GWW,MRQ,2019-09-30,2019-09-30,2019-09-30,2021-08-02,-174000000.0,5922000000.0,,3396000000.0,2526000000.0,,34.584,-56000000.0,286000000.0,286000000.0,1848000000.0,244000000.0,2.16,2.058,2188000000.0,270000000.0,1918000000.0,2188000000.0,0.0,58000000.0,0.0,0.019,1.44,331000000.0,389000000.0,0.132,389000000.0,331000000.0,311000000.0,4.27,4.25,4.27,1871000000.0,,1871000000.0,18112814548.0,13.0,11.435,264000000.0,4.88,1.0,1099000000.0,0.373,847000000.0,20000000.0,5405000000.0,,1520000000.0,0.0,0.0,0.0,3850000000.0,1572000000.0,2278000000.0,16215814548.0,-29000000.0,2000000.0,-197000000.0,-13000000.0,-79000000.0,-289000000.0,-54000000.0,0.0,320000000.0,-6000000.0,233000000.0,233000000.0,233000000.0,0.0,11000000.0,0.079,761000000.0,338000000.0,723000000.0,0.337,8.667,16.98,17.316,1384000000.0,0.0,297.15,1.422,1.41,1495000000.0,8380000000.0,2947000000.0,2947000000.0,0.0,,,,,9000000.0,761000000.0,1.0,54571141.0,54100000,54400000.0,54.473,5075000000.0,22000000.0,78000000.0,132000000.0,93.808,1824000000.0
8,GWW,MRQ,2019-06-30,2019-06-30,2019-06-30,2021-08-02,-156000000.0,5992000000.0,,3456000000.0,2536000000.0,,34.9,-47000000.0,315000000.0,315000000.0,1772000000.0,272000000.0,2.38,2.017,2212000000.0,132000000.0,2080000000.0,2212000000.0,0.0,56000000.0,0.0,0.021,1.44,375000000.0,431000000.0,0.149,431000000.0,375000000.0,354000000.0,4.69,4.67,4.69,1923000000.0,,1923000000.0,16690634414.0,14.0,11.583,276000000.0,5.009,1.0,1121000000.0,0.387,866000000.0,21000000.0,5571000000.0,,1535000000.0,0.0,0.0,0.0,3878000000.0,1452000000.0,2426000000.0,14871634414.0,-77000000.0,8000000.0,-252000000.0,-20000000.0,-87000000.0,-365000000.0,-39000000.0,0.0,323000000.0,4000000.0,260000000.0,260000000.0,260000000.0,0.0,12000000.0,0.09,741000000.0,380000000.0,780000000.0,0.307,7.734,18.004,18.21,1380000000.0,0.0,268.23,1.318,1.31,1503000000.0,8226000000.0,2893000000.0,2893000000.0,0.0,,,,,18000000.0,741000000.0,1.0,55443591.0,55100000,55400000.0,52.505,5126000000.0,24000000.0,94000000.0,138000000.0,93.031,2004000000.0
9,GWW,MRQ,2019-03-31,2019-03-31,2019-03-31,2021-08-02,-168000000.0,6014000000.0,,3508000000.0,2506000000.0,,35.45,-60000000.0,392000000.0,392000000.0,1704000000.0,262000000.0,2.399,1.959,2211000000.0,134000000.0,2077000000.0,2211000000.0,0.0,57000000.0,0.0,0.018,1.36,361000000.0,418000000.0,0.149,418000000.0,361000000.0,342000000.0,4.5,4.48,4.5,1971000000.0,,1971000000.0,18437548577.0,16.0,13.076,67000000.0,1.205,1.0,1095000000.0,0.391,871000000.0,19000000.0,5500000000.0,,1523000000.0,0.0,0.0,0.0,3862000000.0,1462000000.0,2400000000.0,16755548577.0,-146000000.0,6000000.0,-132000000.0,-11000000.0,-76000000.0,-221000000.0,-52000000.0,0.0,127000000.0,0.0,253000000.0,253000000.0,253000000.0,0.0,9000000.0,0.09,732000000.0,363000000.0,741000000.0,0.302,8.501,20.866,21.148,1358000000.0,0.0,300.93,1.489,1.487,1485000000.0,8045000000.0,2799000000.0,2799000000.0,0.0,,,,,5000000.0,732000000.0,1.0,55679223.0,55600000,55900000.0,50.342,5143000000.0,20000000.0,89000000.0,191000000.0,92.5,2046000000.0
10,GWW,MRQ,2018-12-31,2018-12-31,2018-12-31,2021-08-02,-171000000.0,5873000000.0,,3557000000.0,2316000000.0,,34.375,-70000000.0,538000000.0,538000000.0,1697000000.0,219000000.0,2.37,1.968,2220000000.0,130000000.0,2090000000.0,2220000000.0,0.0,65000000.0,0.0,0.019,1.36,281000000.0,346000000.0,0.125,346000000.0,281000000.0,269000000.0,3.7,3.69,3.7,1921000000.0,,1921000000.0,17620596933.0,16.0,12.778,244000000.0,4.366,1.0,1066000000.0,0.386,884000000.0,12000000.0,5170000000.0,,1541000000.0,0.0,0.0,0.0,3780000000.0,1501000000.0,2279000000.0,15902645933.0,21000000.0,10000000.0,-140000000.0,-8000000.0,-84000000.0,-233000000.0,-61000000.0,12000000.0,314000000.0,1000000.0,209000000.0,209000000.0,209000000.0,0.0,10000000.0,0.076,776000000.0,290000000.0,678000000.0,0.368,8.278,20.336,20.431,1352000000.0,0.0,282.36,1.417,1.412,1385000000.0,7869000000.0,2763000000.0,2763000000.0,0.0,,,,,11000000.0,776000000.0,1.0,56320463.0,55883169,56234410.0,49.442,4989000000.0,22000000.0,60000000.0,132000000.0,89.276,2056000000.0
11,GWW,MRQ,2018-09-30,2018-09-30,2018-09-30,2021-08-02,-164862000.0,5932183000.0,,3583344000.0,2348839000.0,,34.393,-66000000.0,516850000.0,516850000.0,1752000000.0,115000000.0,2.442,1.978,2234801000.0,86402000.0,2148399000.0,2234801000.0,0.0,64000000.0,0.0,0.015,1.36,182000000.0,246000000.0,0.087,246000000.0,182000000.0,160000000.0,1.84,1.82,1.84,1937703000.0,,1937703000.0,22045077819.0,21.0,16.691,282000000.0,5.005,1.0,1079000000.0,0.381,909339000.0,22000000.0,5273463000.0,,1473117000.0,0.0,0.0,0.0,3832129000.0,1467332000.0,2364797000.0,20062786819.0,204000000.0,33000000.0,10000000.0,-57000000.0,-77000000.0,-106000000.0,-31000000.0,2000000.0,348000000.0,-7000000.0,104000000.0,104000000.0,104000000.0,0.0,11000000.0,0.037,890000000.0,189000000.0,730215000.0,0.739,10.354,27.698,28.01,1348914000.0,0.0,357.41,1.809,1.816,1481300000.0,7751677000.0,2831000000.0,2831000000.0,0.0,,,,,8000000.0,890000000.0,1.0,56133815.0,56339630,56803857.0,50.249,5022844000.0,39217000.0,56000000.0,154860000.0,89.153,2116012000.0
12,GWW,MRQ,2018-06-30,2018-06-30,2018-06-30,2021-08-02,-167109000.0,5904572000.0,,3373002000.0,2531570000.0,,33.757,-54000000.0,312461000.0,312461000.0,1750000000.0,248000000.0,2.368,2.035,2294752000.0,84394000.0,2210358000.0,2294752000.0,0.0,64000000.0,0.0,0.017,1.36,336000000.0,400000000.0,0.14,400000000.0,336000000.0,313000000.0,4.19,4.16,4.19,1894121000.0,,1894121000.0,19386017480.0,17.0,13.789,194000000.0,3.458,1.0,1111000000.0,0.388,1068762000.0,23000000.0,5393606000.0,,1464181000.0,0.0,0.0,0.0,3854303000.0,1424495000.0,2429808000.0,17275704480.0,11000000.0,17000000.0,0.0,-91000000.0,-83000000.0,-185000000.0,-43000000.0,-6000000.0,248000000.0,-9000000.0,237000000.0,237000000.0,237000000.0,0.0,11000000.0,0.083,767000000.0,344000000.0,735266000.0,0.325,9.121,22.082,22.478,1359908000.0,0.0,308.4,1.586,1.588,1462603000.0,7724635000.0,2861000000.0,2861000000.0,0.0,,,,,16000000.0,767000000.0,1.0,56017200.0,56109809,56552644.0,50.989,4835810000.0,54704000.0,76000000.0,155640000.0,86.185,1948507000.0
13,GWW,MRQ,2018-03-31,2018-03-31,2018-03-31,2021-08-02,-122353000.0,5902811000.0,,3307162000.0,2595649000.0,,31.561,-49000000.0,302015000.0,302015000.0,1674000000.0,241000000.0,2.198,2.246,2412328000.0,167922000.0,2244406000.0,2412328000.0,0.0,64000000.0,0.0,0.018,1.28,323000000.0,387000000.0,0.14,387000000.0,323000000.0,298000000.0,4.09,4.07,4.09,1770598000.0,,1770598000.0,17852346363.0,17.0,13.813,98000000.0,1.747,1.0,1092000000.0,0.395,1119552000.0,25000000.0,5389240000.0,,1434609000.0,0.0,0.0,0.0,3976905000.0,1504332000.0,2472573000.0,15836874363.0,-25000000.0,26000000.0,-114000000.0,55000000.0,-72000000.0,-146000000.0,-31000000.0,-8000000.0,147000000.0,5000000.0,232000000.0,232000000.0,232000000.0,0.0,9000000.0,0.084,757000000.0,335000000.0,748372000.0,0.313,8.944,24.62,25.18,1370071000.0,0.0,282.27,1.487,1.487,1428233000.0,7564319000.0,2766000000.0,2766000000.0,0.0,,,,,12000000.0,757000000.0,1.0,56105411.0,56100000,56400000.0,49.305,4783259000.0,59287000.0,66000000.0,174541000.0,85.263,1802830000.0
14,GWW,MRQ,2017-12-31,2017-12-31,2017-12-31,2021-08-02,-135000000.0,5804000000.0,,3206000000.0,2598000000.0,,29.77,-45817000.0,327000000.0,327000000.0,1610931000.0,162372000.0,2.127,2.353,2343000000.0,95000000.0,2248000000.0,2343000000.0,0.0,69662000.0,0.0,0.021,1.28,218119000.0,287781000.0,0.109,287781000.0,218119000.0,197090000.0,2.64,2.63,2.64,1690000000.0,,1690000000.0,15500888165.0,16.0,12.411,290305000.0,5.114,1.0,1021672000.0,0.388,1113000000.0,21029000.0,5200000000.0,,1429000000.0,0.0,0.0,0.0,3976000000.0,1507000000.0,2469000000.0,13462278165.0,42571000.0,9579000.0,-149272000.0,-9686000.0,-78496000.0,-247908000.0,-46362000.0,-12570000.0,336122000.0,719000.0,151329000.0,151329000.0,151329000.0,0.0,11043000.0,0.057,785991000.0,235681000.0,731000000.0,0.485,7.966,22.973,23.461,1392000000.0,0.0,236.25,1.291,1.308,1325000000.0,7405000000.0,2632603000.0,2632603000.0,0.0,,,,,5848000.0,785991000.0,1.0,56983188.0,56769334,57010225.0,46.374,4691000000.0,60000000.0,45761000.0,131000000.0,82.633,1699000000.0
15,GWW,MRQ,2017-09-30,2017-09-30,2017-09-30,2021-08-02,-134029000.0,5825060000.0,,3175060000.0,2650000000.0,,30.837,-60036000.0,284575000.0,284575000.0,1618819000.0,170816000.0,2.28,2.22,2323185000.0,53184000.0,2270001000.0,2323185000.0,0.0,66143000.0,0.0,0.028,1.28,264978000.0,331121000.0,0.126,331121000.0,264978000.0,241188000.0,2.8,2.79,2.8,1767497000.0,,1767497000.0,12521003472.0,13.0,10.454,288664000.0,5.036,1.0,1017180000.0,0.386,1125522000.0,23790000.0,5345625000.0,,1391993000.0,0.0,0.0,0.0,3923975000.0,1392523000.0,2531452000.0,10369898472.0,9510000.0,40663000.0,-122230000.0,-117684000.0,-73867000.0,-314608000.0,-24803000.0,-9130000.0,348700000.0,221000.0,162006000.0,162006000.0,162006000.0,0.0,8810000.0,0.061,739442000.0,277738000.0,713453000.0,0.457,5.867,20.932,21.172,1395906000.0,0.0,179.75,1.01,1.004,1373323000.0,7327140000.0,2635999000.0,2635999000.0,0.0,,,,,7122000.0,739442000.0,1.0,57690673.0,57316532,57521348.0,45.99,4699538000.0,96742000.0,79182000.0,169223000.0,81.993,1782537000.0
16,GWW,MRQ,2017-06-30,2017-06-30,2017-06-30,2021-08-02,-203604000.0,5861881000.0,,3186347000.0,2675534000.0,,29.706,-52379000.0,275065000.0,275065000.0,1575313000.0,106959000.0,2.259,2.329,2426170000.0,158298000.0,2267872000.0,2426170000.0,0.0,65946000.0,0.0,0.027,1.28,220626000.0,286572000.0,0.11,286572000.0,220626000.0,198158000.0,1.68,1.67,1.68,1723328000.0,,1723328000.0,12594520660.0,13.0,10.205,138853000.0,2.393,1.0,1039956000.0,0.398,1129053000.0,22468000.0,5473355000.0,,1397804000.0,0.0,0.0,0.0,4013685000.0,1410578000.0,2603107000.0,10543980660.0,36264000.0,21452000.0,-153697000.0,117026000.0,-79519000.0,-121284000.0,-37306000.0,-6233000.0,191232000.0,3622000.0,97921000.0,97921000.0,97921000.0,0.0,9038000.0,0.037,810876000.0,229080000.0,692689000.0,0.762,6.118,20.305,20.608,1392196000.0,0.0,180.53,1.031,1.024,1369626000.0,7239159000.0,2615269000.0,2615269000.0,0.0,,,,,13273000.0,810876000.0,1.0,58405698.0,58012731,58287312.0,45.081,4732828000.0,116457000.0,100237000.0,157657000.0,81.583,1775769000.0
17,GWW,MRQ,2017-03-31,2017-03-31,2017-03-31,2021-08-02,-249933000.0,5782549000.0,,3096183000.0,2686366000.0,,30.565,-78768000.0,238801000.0,238801000.0,1521937000.0,182853000.0,1.834,2.154,2289341000.0,441624000.0,1847717000.0,2289341000.0,0.0,62249000.0,0.0,0.021,1.22,281277000.0,343526000.0,0.135,343526000.0,281277000.0,262564000.0,2.95,2.93,2.95,1794802000.0,,1794802000.0,15667888284.0,15.0,12.072,102178000.0,1.74,1.0,1019192000.0,0.401,1120430000.0,18713000.0,5024229000.0,,1388091000.0,0.0,0.0,0.0,3866026000.0,1688430000.0,2177596000.0,13694982284.0,-35345000.0,48306000.0,-132801000.0,33344000.0,-72118000.0,-183200000.0,-37529000.0,-7067000.0,180946000.0,4438000.0,174744000.0,174744000.0,174744000.0,0.0,8109000.0,0.069,726691000.0,292501000.0,672471000.0,0.414,7.63,23.054,23.535,1410312000.0,0.0,232.76,1.346,1.344,1325218000.0,7216018000.0,2541129000.0,2541129000.0,0.0,,,,,6757000.0,726691000.0,1.0,58837353.0,58720066,59202882.0,43.275,4662119000.0,113310000.0,87820000.0,222858000.0,79.396,1407753000.0
18,GWW,MRQ,2016-12-31,2016-12-31,2016-12-31,2021-08-02,-272294000.0,5694307000.0,,3020229000.0,2674078000.0,,30.455,-70378000.0,274146000.0,274146000.0,1480371000.0,68502000.0,1.854,2.107,2247052000.0,406106000.0,1840946000.0,2247052000.0,0.0,71605000.0,0.0,0.021,1.22,164931000.0,236536000.0,0.096,236536000.0,164931000.0,137487000.0,1.06,1.05,1.06,1797935000.0,,1797935000.0,15827351916.0,15.0,12.018,264698000.0,4.484,1.0,990135000.0,0.401,1113276000.0,27444000.0,4925000000.0,,1406470000.0,0.0,0.0,0.0,3788539000.0,1628937000.0,2159602000.0,13835028916.0,-11845000.0,6911000.0,-172355000.0,-1002000.0,-81869000.0,-257558000.0,-76604000.0,-14701000.0,335076000.0,-12759000.0,60738000.0,60738000.0,60738000.0,0.0,7764000.0,0.025,822404000.0,167731000.0,650092000.0,1.151,7.695,22.83,23.365,1420891000.0,0.0,232.25,1.365,1.384,1223096000.0,7113559000.0,2470506000.0,2470506000.0,0.0,,,,,8455000.0,822404000.0,1.0,59569554.0,59036356,59395643.0,41.847,4581031000.0,99526000.0,76749000.0,141160000.0,77.597,1391292000.0
19,GWW,MRQ,2016-09-30,2016-09-30,2016-09-30,2021-08-02,-208126000.0,5885509000.0,,3129192000.0,2756317000.0,,34.036,-107905000.0,285981000.0,285981000.0,1556536000.0,193409000.0,2.037,1.823,2278304000.0,404172000.0,1874132000.0,2278304000.0,0.0,63899000.0,0.0,0.021,1.22,303673000.0,367572000.0,0.142,367572000.0,303673000.0,285649000.0,3.07,3.05,3.07,2042713000.0,,2042713000.0,15540693491.0,14.0,11.188,237926000.0,3.964,1.0,1039752000.0,0.4,1014598000.0,18024000.0,5326923000.0,,1381468000.0,0.0,0.0,0.0,3724473000.0,1536311000.0,2188162000.0,13585407491.0,-30016000.0,4970000.0,-197189000.0,10616000.0,-73651000.0,-259958000.0,-111861000.0,-8959000.0,345831000.0,-4028000.0,185873000.0,185873000.0,185873000.0,0.0,7536000.0,0.072,717165000.0,322587000.0,623745000.0,0.397,6.651,19.675,20.004,1436938000.0,0.0,224.84,1.339,1.33,1326359000.0,7125727000.0,2596288000.0,2596288000.0,0.0,,,,,6410000.0,717165000.0,1.0,60422556.0,60016550,60416151.0,43.26,4870911000.0,81371000.0,99776000.0,143230000.0,81.159,1592881000.0
20,GWW,MRQ,2016-06-30,2016-06-30,2016-06-30,2021-08-02,-192310000.0,5964804000.0,,3190262000.0,2774542000.0,,35.044,-53920000.0,315997000.0,315997000.0,1523609000.0,179445000.0,1.944,1.744,2271283000.0,505474000.0,1765809000.0,2271283000.0,0.0,57202000.0,0.0,0.021,1.22,293017000.0,350219000.0,0.137,350219000.0,293017000.0,276211000.0,2.81,2.79,2.81,2133903000.0,,2133903000.0,15747884178.0,13.0,11.187,128536000.0,2.111,1.0,1040059000.0,0.406,1027630000.0,16806000.0,5251116000.0,,1418678000.0,0.0,0.0,0.0,3722230000.0,1641344000.0,2080886000.0,13935465178.0,36091000.0,29302000.0,-219615000.0,191542000.0,-74848000.0,-120236000.0,-28150000.0,-3141000.0,182456000.0,2021000.0,172676000.0,172676000.0,172676000.0,0.0,6769000.0,0.067,734470000.0,305589000.0,628659000.0,0.434,6.531,19.999,20.455,1418705000.0,0.0,227.25,1.382,1.373,1310382000.0,7013688000.0,2563668000.0,2563668000.0,0.0,,,,,13679000.0,734470000.0,1.0,61322179.0,60891298,61301545.0,42.102,4937174000.0,103327000.0,103535000.0,153237000.0,81.082,1548918000.0
21,GWW,MRQ,2016-03-31,2016-03-31,2016-03-31,2021-08-02,-176010000.0,5964839000.0,,3138961000.0,2825878000.0,,36.766,-51797000.0,279906000.0,279906000.0,1461485000.0,191644000.0,1.669,1.588,2092325000.0,705201000.0,1387124000.0,2092325000.0,0.0,56294000.0,0.0,0.02,1.17,306378000.0,362672000.0,0.145,362672000.0,306378000.0,292653000.0,3.0,2.98,3.0,2267299000.0,,2267299000.0,16108002865.0,13.0,11.032,108840000.0,1.765,1.0,1045053000.0,0.417,1053717000.0,13725000.0,4843101000.0,,1420897000.0,0.0,0.0,0.0,3600639000.0,1880440000.0,1720199000.0,14409306865.0,-10230000.0,13817000.0,-166841000.0,90844000.0,-72632000.0,-138248000.0,-45385000.0,-7199000.0,160637000.0,12766000.0,186713000.0,186713000.0,186713000.0,0.0,4931000.0,0.074,727961000.0,317092000.0,620410000.0,0.39,6.355,19.349,20.158,1442191000.0,0.0,233.43,1.435,1.434,1304560000.0,6916043000.0,2506538000.0,2506538000.0,0.0,,,,,7456000.0,727961000.0,1.0,61728599.0,61668682,62099801.0,40.645,4911122000.0,97414000.0,105940000.0,208527000.0,79.637,1258521000.0
22,GWW,MRQ,2015-12-31,2015-12-31,2015-12-31,2021-08-02,-221091000.0,5857755000.0,,3048642000.0,2809113000.0,,36.522,-120671000.0,290136000.0,290136000.0,1475883000.0,149171000.0,1.705,1.546,1988832000.0,600418000.0,1388414000.0,1988832000.0,0.0,63767000.0,0.0,0.023,1.17,244846000.0,308613000.0,0.125,308613000.0,244846000.0,230994000.0,2.36,2.34,2.36,2266634000.0,,2266634000.0,14274387482.0,11.0,9.541,179508000.0,2.892,1.0,1002375000.0,0.404,1230346000.0,13852000.0,4537571000.0,,1414177000.0,0.0,0.0,0.0,3505041000.0,1788534000.0,1716507000.0,12720327482.0,31985000.0,1377000.0,-215633000.0,188870000.0,-75526000.0,-145356000.0,-123317000.0,-4695000.0,300179000.0,479000.0,145232000.0,145232000.0,145232000.0,0.0,3939000.0,0.059,750749000.0,251626000.0,583474000.0,0.496,5.612,16.541,17.33,1431241000.0,0.0,202.59,1.275,1.324,1209641000.0,6802130000.0,2478258000.0,2478258000.0,0.0,,,,,11234000.0,750749000.0,1.0,62788526.0,62062748,62511186.0,39.931,4627409000.0,133014000.0,85762000.0,171038000.0,74.56,1260108000.0
23,GWW,MRQ,2015-09-30,2015-09-30,2015-09-30,2021-08-02,-217861000.0,5807153000.0,,3104686000.0,2702467000.0,,36.484,-82324000.0,258151000.0,258151000.0,1471021000.0,196622000.0,2.004,1.423,1812211000.0,361587000.0,1450624000.0,1812211000.0,0.0,57263000.0,0.0,0.021,1.17,328925000.0,386188000.0,0.152,386188000.0,328925000.0,315026000.0,2.94,2.92,2.94,2361251000.0,,2361251000.0,14770940206.0,11.0,9.785,284101000.0,4.39,1.0,1061879000.0,0.419,1305834000.0,13899000.0,4506182000.0,,1367533000.0,0.0,0.0,0.0,3361101000.0,1549197000.0,1811904000.0,14185314206.0,-561635000.0,-462184000.0,-716507000.0,421210000.0,-77042000.0,-365030000.0,-549644000.0,-5497000.0,366425000.0,-13386000.0,192201000.0,192201000.0,192201000.0,0.0,4421000.0,0.076,721150000.0,340729000.0,582477000.0,0.398,6.008,18.36,18.697,1372992000.0,0.0,215.01,1.418,1.391,1291365000.0,6730068000.0,2532900000.0,2532900000.0,0.0,,,,,8584000.0,721150000.0,1.0,65975137.0,64720037,65289144.0,39.136,4501319000.0,127419000.0,122825000.0,143752000.0,69.551,1555489000.0
24,GWW,MRQ,2015-06-30,2015-06-30,2015-06-30,2021-08-02,-162721000.0,5826909000.0,,3523746000.0,2303163000.0,,45.318,-71384000.0,819786000.0,819786000.0,1449133000.0,225235000.0,3.365,0.903,1405412000.0,56770000.0,1348642000.0,1405412000.0,0.0,54526000.0,0.0,0.019,1.17,348183000.0,402709000.0,0.16,402709000.0,348183000.0,343999000.0,3.28,3.25,3.28,3020515000.0,,3020515000.0,16221381808.0,12.0,10.401,141912000.0,2.129,1.0,1073432000.0,0.426,961252000.0,4184000.0,4404181000.0,,1302977000.0,0.0,0.0,0.0,2727471000.0,1047102000.0,1680369000.0,15836789808.0,576359000.0,3900000.0,-261937000.0,771289000.0,-80513000.0,441626000.0,-78193000.0,-10190000.0,213296000.0,-370000.0,220548000.0,220548000.0,220548000.0,0.0,4687000.0,0.087,716715000.0,356717000.0,498416000.0,0.357,5.243,19.534,19.903,1324551000.0,0.0,236.65,1.578,1.572,1197856000.0,6615081000.0,2522565000.0,2522565000.0,0.0,,,,,17882000.0,716715000.0,1.0,66920726.0,66652130,67317131.0,37.847,4865657000.0,125479000.0,123451000.0,106292000.0,73.001,2476644000.0
25,GWW,MRQ,2015-03-31,2015-03-31,2015-03-31,2021-08-02,-172725000.0,5210972000.0,,2946641000.0,2264331000.0,,46.601,-99489000.0,243427000.0,243427000.0,1345918000.0,214146000.0,2.271,0.639,628019000.0,256949000.0,371070000.0,628019000.0,0.0,52411000.0,0.0,0.018,1.08,346144000.0,398555000.0,0.163,398555000.0,346144000.0,344508000.0,3.11,3.07,3.11,3132985000.0,,3132985000.0,16161732230.0,12.0,10.475,56720000.0,0.844,1.0,1093743000.0,0.448,943876000.0,1636000.0,3354143000.0,,1328395000.0,0.0,0.0,0.0,2000703000.0,1297545000.0,703158000.0,15903540230.0,16783000.0,7333000.0,-145109000.0,174187000.0,-73393000.0,-39996000.0,-92204000.0,0.0,156209000.0,-7226000.0,211015000.0,211015000.0,211015000.0,0.0,3131000.0,0.086,742496000.0,351247000.0,513551000.0,0.347,5.076,19.977,20.364,1306962000.0,0.0,235.81,1.587,1.582,1198153000.0,6473464000.0,2439661000.0,2439661000.0,0.0,,,,,9161000.0,742496000.0,1.0,67442179.0,67229653,67982362.0,36.288,4267096000.0,89575000.0,133493000.0,166933000.0,63.47,1649096000.0
26,GWW,MRQ,2014-12-31,2014-12-31,2014-12-31,2021-08-02,-96673000.0,5283049000.0,,2967549000.0,2315500000.0,,47.279,-156256000.0,226644000.0,226644000.0,1456158000.0,151114000.0,2.352,0.623,483633000.0,80300000.0,403333000.0,483633000.0,0.0,60575000.0,0.0,0.016,1.08,261534000.0,322109000.0,0.128,322109000.0,261534000.0,259438000.0,2.17,2.15,2.17,3209872000.0,,3209872000.0,17516704690.0,13.0,11.358,140725000.0,2.073,1.0,1054801000.0,0.42,770835000.0,2096000.0,3507487000.0,,1356396000.0,0.0,0.0,0.0,1998948000.0,1261716000.0,737232000.0,17379246690.0,-93090000.0,6648000.0,-200582000.0,44941000.0,-76130000.0,-227441000.0,-149134000.0,0.0,296981000.0,-13496000.0,148839000.0,148839000.0,148839000.0,0.0,2275000.0,0.059,788287000.0,266514000.0,554088000.0,0.498,5.414,21.677,21.992,1324346000.0,0.0,254.89,1.744,1.748,1172924000.0,6335990000.0,2510959000.0,2510959000.0,0.0,,,,,10173000.0,788287000.0,1.0,68183321.0,67892245,68697727.0,36.984,4512214000.0,125634000.0,110599000.0,107711000.0,66.461,1705833000.0
27,GWW,MRQ,2014-09-30,2014-09-30,2014-09-30,2021-08-02,-24822000.0,5326416000.0,,3043663000.0,2282753000.0,,49.727,-80340000.0,319734000.0,319734000.0,1459479000.0,233050000.0,2.631,0.545,457192000.0,72001000.0,385191000.0,457192000.0,0.0,53955000.0,0.0,0.016,1.08,382284000.0,436239000.0,0.17,436239000.0,382284000.0,379907000.0,3.33,3.3,3.33,3396137000.0,,3396137000.0,17447552838.0,13.0,11.408,254027000.0,3.719,1.0,1102784000.0,0.43,1003472000.0,2377000.0,3303619000.0,,1306504000.0,0.0,0.0,0.0,1850010000.0,1156783000.0,693227000.0,17211805838.0,-11973000.0,-29805000.0,-71928000.0,-94411000.0,-74380000.0,-233454000.0,-103329000.0,0.0,334367000.0,-9557000.0,230322000.0,230322000.0,230322000.0,0.0,2728000.0,0.09,717271000.0,385513000.0,498244000.0,0.324,5.068,21.259,21.582,1259264000.0,0.0,251.65,1.751,1.748,1234884000.0,6261502000.0,2562263000.0,2562263000.0,0.0,,,,,9871000.0,717271000.0,1.0,68395811.0,68296018,69111945.0,37.517,4322944000.0,104642000.0,149585000.0,133056000.0,63.297,1886880000.0
28,GWW,MRQ,2014-06-30,2014-06-30,2014-06-30,2021-08-02,38687000.0,5311312000.0,,3030553000.0,2280759000.0,,49.147,-85592000.0,331707000.0,331707000.0,1425418000.0,209077000.0,2.69,0.554,567454000.0,134969000.0,432485000.0,567454000.0,0.0,48020000.0,0.0,0.015,1.08,338020000.0,386040000.0,0.154,386040000.0,338020000.0,335263000.0,2.97,2.94,2.97,3364291000.0,,3364291000.0,17599049755.0,14.0,11.861,75356000.0,1.101,1.0,1080686000.0,0.431,1015289000.0,2757000.0,3405317000.0,,1317467000.0,0.0,0.0,0.0,1863288000.0,1126453000.0,736835000.0,17399913755.0,-43857000.0,19199000.0,-63648000.0,-7190000.0,-76203000.0,-131671000.0,-79416000.0,0.0,160948000.0,6282000.0,205915000.0,205915000.0,205915000.0,0.0,3162000.0,0.082,739935000.0,340751000.0,513829000.0,0.364,5.172,22.022,22.462,1249088000.0,0.0,254.27,1.8,1.8,1177543000.0,6105729000.0,2506104000.0,2506104000.0,0.0,,,,,17726000.0,739935000.0,1.0,68430856.0,68453602,69341885.0,36.61,4296023000.0,107620000.0,129348000.0,121019000.0,62.758,1904100000.0
29,GWW,MRQ,2014-03-31,2014-03-31,2014-03-31,2021-08-02,7721000.0,5234229000.0,,2995664000.0,2238565000.0,,47.28,-65202000.0,375564000.0,375564000.0,1309656000.0,219055000.0,2.569,0.587,574700000.0,136632000.0,438068000.0,574700000.0,0.0,45776000.0,0.0,0.015,0.93,352074000.0,397850000.0,0.167,397850000.0,352074000.0,349211000.0,3.11,3.07,3.11,3248107000.0,,3248107000.0,17494583398.0,13.0,11.763,102316000.0,1.489,1.0,1075971000.0,0.451,996244000.0,2863000.0,3270984000.0,,1266460000.0,0.0,0.0,0.0,1905638000.0,1166137000.0,739501000.0,17382428398.0,-55080000.0,0.0,-140383000.0,32701000.0,-64682000.0,-165557000.0,-52179000.0,0.0,167518000.0,-4862000.0,216653000.0,216653000.0,216653000.0,0.0,2402000.0,0.091,721632000.0,354339000.0,493915000.0,0.299,5.352,21.678,22.105,1210778000.0,0.0,252.66,1.821,1.819,1159556000.0,5974519000.0,2385627000.0,2385627000.0,0.0,,,,,11262000.0,721632000.0,1.0,68797706.0,68699561,69677438.0,34.726,4237985000.0,104450000.0,132558000.0,213744000.0,61.689,1829527000.0
30,GWW,MRQ,2013-12-31,2013-12-31,2013-12-31,2021-08-02,28914000.0,5266328000.0,,3044285000.0,2222043000.0,,47.016,-127438000.0,430644000.0,430644000.0,1370835000.0,159393000.0,2.546,0.597,542799000.0,97286000.0,445513000.0,542799000.0,0.0,54449000.0,0.0,0.014,0.93,254774000.0,309223000.0,0.13,309223000.0,254774000.0,251651000.0,2.25,2.21,2.25,3250438000.0,,3250438000.0,17737794968.0,14.0,12.061,118632000.0,1.716,1.0,1006397000.0,0.423,997272000.0,3123000.0,3185421000.0,,1305520000.0,0.0,0.0,0.0,1939492000.0,1195790000.0,743702000.0,17729138968.0,-109351000.0,746000.0,-155954000.0,-6309000.0,-66778000.0,-222376000.0,-126600000.0,0.0,246070000.0,-6445000.0,156749000.0,156749000.0,156749000.0,0.0,2644000.0,0.066,749634000.0,256763000.0,510634000.0,0.413,5.454,22.244,22.584,1208562000.0,0.0,255.42,1.879,1.88,1101656000.0,5822612000.0,2377232000.0,2377232000.0,0.0,,,,,11562000.0,749634000.0,1.0,69411710.0,69135452,70185664.0,34.385,4269056000.0,107343000.0,94902000.0,119915000.0,61.749,1848495000.0
31,GWW,MRQ,2013-09-30,2013-09-30,2013-09-30,2021-08-02,18254000.0,5251549000.0,,3049097000.0,2202452000.0,,47.344,-64060000.0,539995000.0,539995000.0,1347164000.0,213075000.0,2.838,0.572,548651000.0,100524000.0,448127000.0,548651000.0,0.0,45351000.0,0.0,0.013,0.93,345309000.0,390660000.0,0.163,390660000.0,345309000.0,341575000.0,2.99,2.95,2.99,3288572000.0,,3288572000.0,18247334184.0,14.0,12.462,289545000.0,4.168,1.0,1051366000.0,0.438,1008082000.0,3734000.0,3177631000.0,,1256852000.0,0.0,0.0,0.0,1882410000.0,1074492000.0,807918000.0,18188117184.0,51254000.0,-119726000.0,-58849000.0,-6148000.0,-65139000.0,-118507000.0,-184046000.0,0.0,353605000.0,202000.0,210789000.0,210789000.0,210789000.0,0.0,2286000.0,0.088,704651000.0,346715000.0,435165000.0,0.311,5.531,22.834,23.222,1136316000.0,0.0,261.71,1.959,1.958,1082108000.0,5731002000.0,2398530000.0,2398530000.0,0.0,,,,,12656000.0,704651000.0,1.0,69497219.0,69461060,70547071.0,34.531,4243467000.0,121204000.0,130786000.0,138741000.0,61.091,1974605000.0
32,GWW,MRQ,2013-06-30,2013-06-30,2013-06-30,2021-08-02,365000.0,5030135000.0,,2962184000.0,2067951000.0,,45.425,-39258000.0,488741000.0,488741000.0,1334577000.0,220753000.0,3.002,0.565,547958000.0,95509000.0,452449000.0,547958000.0,0.0,41868000.0,0.0,0.013,0.93,347628000.0,389496000.0,0.164,389496000.0,347628000.0,344427000.0,3.08,3.03,3.08,3164535000.0,,3164535000.0,17601989538.0,15.0,12.881,171148000.0,2.457,1.0,1046984000.0,0.44,895787000.0,3201000.0,3206680000.0,,1221888000.0,0.0,0.0,0.0,1787940000.0,986885000.0,801055000.0,17537619538.0,3225000.0,-8234000.0,-107922000.0,-6287000.0,-67003000.0,-152172000.0,-47303000.0,0.0,210406000.0,-7706000.0,217660000.0,217660000.0,217660000.0,0.0,3093000.0,0.091,696912000.0,350072000.0,452179000.0,0.302,5.542,23.662,24.086,1118750000.0,0.0,252.18,1.913,1.916,1075592000.0,5585752000.0,2381561000.0,2381561000.0,0.0,,,,,19825000.0,696912000.0,1.0,69544054.0,69664697,70801050.0,34.186,4134348000.0,119887000.0,126767000.0,127430000.0,59.346,1975299000.0
33,GWW,MRQ,2013-03-31,2013-03-31,2013-03-31,2021-08-02,31860000.0,5013728000.0,,2923428000.0,2090300000.0,,44.98,-41389000.0,485516000.0,485516000.0,1248699000.0,214527000.0,2.955,0.574,549886000.0,95359000.0,454527000.0,549886000.0,0.0,38945000.0,0.0,0.014,0.8,342401000.0,381346000.0,0.167,381346000.0,342401000.0,339235000.0,2.99,2.94,2.99,3128884000.0,,3128884000.0,15753784547.0,14.0,11.89,135028000.0,1.941,1.0,1031736000.0,0.452,900674000.0,3166000.0,3188002000.0,,1230614000.0,0.0,0.0,0.0,1795538000.0,989422000.0,806116000.0,15641203547.0,33453000.0,0.0,-46336000.0,-7582000.0,-56546000.0,-97814000.0,-41478000.0,0.0,176417000.0,-3672000.0,211838000.0,211838000.0,211838000.0,0.0,2689000.0,0.093,688431000.0,343305000.0,431848000.0,0.268,4.999,21.9,22.342,1133406000.0,0.0,224.98,1.731,1.732,1031920000.0,5433869000.0,2280435000.0,2280435000.0,0.0,,,,,11547000.0,688431000.0,1.0,69522640.0,69562387,70774614.0,32.783,4113054000.0,114180000.0,127397000.0,183465000.0,59.128,1934006000.0
34,GWW,MRQ,2012-12-31,2012-12-31,2012-12-31,2021-08-02,53578000.0,5014598000.0,,2900640000.0,2113958000.0,,43.474,-99732000.0,452063000.0,452063000.0,1256595000.0,158486000.0,2.686,0.627,564644000.0,97596000.0,467048000.0,564644000.0,0.0,45711000.0,0.0,0.015,0.8,256968000.0,302679000.0,0.136,302679000.0,256968000.0,251608000.0,2.21,2.17,2.21,3023912000.0,,3023912000.0,14204902738.0,13.0,11.063,140354000.0,2.018,1.0,969525000.0,0.436,917849000.0,5360000.0,3129327000.0,,1301935000.0,0.0,0.0,0.0,1897232000.0,1080003000.0,817229000.0,14063616738.0,31260000.0,-31894000.0,-26256000.0,-1336000.0,-58079000.0,-71963000.0,-131584000.0,0.0,240086000.0,-5279000.0,156267000.0,156267000.0,156267000.0,0.0,2219000.0,0.07,711087000.0,258438000.0,428782000.0,0.362,4.651,20.386,20.841,1144573000.0,0.0,202.37,1.571,1.579,940020000.0,5278577000.0,2226120000.0,2226120000.0,0.0,,,,,12685000.0,711087000.0,1.0,69494573.0,69556932,70807684.0,32.004,4096749000.0,147744000.0,95341000.0,132221000.0,58.898,1820637000.0
35,GWW,MRQ,2012-09-30,2012-09-30,2012-09-30,2021-08-02,-8268000.0,4983744000.0,,2874953000.0,2108791000.0,,41.181,-57700000.0,420803000.0,420803000.0,1287245000.0,157804000.0,2.654,0.703,562089000.0,82390000.0,479699000.0,562089000.0,0.0,39896000.0,0.0,0.014,0.8,253061000.0,292957000.0,0.128,292957000.0,253061000.0,248310000.0,2.19,2.15,2.19,2867228000.0,,2867228000.0,14820788004.0,14.0,11.834,280189000.0,4.024,1.0,993960000.0,0.436,899510000.0,4751000.0,3142319000.0,,1269683000.0,0.0,0.0,0.0,2015381000.0,1083201000.0,932180000.0,14521990004.0,171057000.0,-48000.0,-70271000.0,4113000.0,-56637000.0,-114120000.0,-57371000.0,0.0,337889000.0,4659000.0,155394000.0,155394000.0,155394000.0,0.0,2410000.0,0.068,739634000.0,254326000.0,439595000.0,0.365,5.065,21.29,21.751,1093197000.0,0.0,208.37,1.65,1.648,1022185000.0,5178930000.0,2281205000.0,2281205000.0,0.0,,,,,12242000.0,739634000.0,1.0,69693286.0,69625081,70960547.0,32.764,4084234000.0,181377000.0,92916000.0,119303000.0,58.66,1791752000.0
36,GWW,MRQ,2012-06-30,2012-06-30,2012-06-30,2021-08-02,-34818000.0,4761308000.0,,2698731000.0,2062577000.0,,39.96,-52394000.0,249746000.0,249746000.0,1270932000.0,193101000.0,2.803,0.668,548544000.0,75042000.0,473502000.0,548544000.0,0.0,36763000.0,0.0,0.015,0.8,311242000.0,348005000.0,0.155,348005000.0,311242000.0,308332000.0,2.68,2.63,2.68,2794687000.0,,2794687000.0,13598310388.0,12.0,10.476,79588000.0,1.138,1.0,978343000.0,0.435,875440000.0,2910000.0,3221754000.0,,1265830000.0,0.0,0.0,0.0,1867156000.0,962912000.0,904244000.0,13413377388.0,-89009000.0,-24336000.0,-140405000.0,28524000.0,-58344000.0,-152908000.0,-77333000.0,0.0,131982000.0,9250000.0,190704000.0,190704000.0,190704000.0,0.0,2397000.0,0.085,664343000.0,314000000.0,473036000.0,0.299,4.8,18.923,19.22,1077518000.0,0.0,191.24,1.554,1.549,1015159000.0,5080295000.0,2249275000.0,2249275000.0,0.0,,,,,19130000.0,664343000.0,1.0,70138974.0,69937085,71307640.0,32.161,3885868000.0,179573000.0,117628000.0,114508000.0,55.562,1735819000.0
37,GWW,MRQ,2012-03-31,2012-03-31,2012-03-31,2021-08-02,-8584000.0,4751210000.0,,2706198000.0,2045012000.0,,39.658,-40034000.0,338755000.0,338755000.0,1219113000.0,189458000.0,2.199,0.675,523688000.0,332138000.0,191550000.0,523688000.0,0.0,36679000.0,0.0,0.012,0.66,303628000.0,340307000.0,0.155,340307000.0,303628000.0,300571000.0,2.63,2.57,2.63,2781300000.0,,2781300000.0,15240220860.0,14.0,12.215,66204000.0,0.944,1.0,974332000.0,0.444,865122000.0,3057000.0,2840155000.0,,1244419000.0,0.0,0.0,0.0,1877661000.0,1230866000.0,646795000.0,15059147860.0,3264000.0,0.0,-31516000.0,4903000.0,-47017000.0,-55445000.0,-39368000.0,0.0,106238000.0,-8161000.0,187516000.0,187516000.0,187516000.0,0.0,1942000.0,0.085,669971000.0,304361000.0,447655000.0,0.251,5.414,21.888,22.237,1071782000.0,0.0,214.81,1.795,1.796,977442000.0,4946609000.0,2193445000.0,2193445000.0,0.0,,,,,11443000.0,669971000.0,1.0,70104501.0,70132777,71655759.0,31.276,3886088000.0,156854000.0,113055000.0,183269000.0,55.41,1475332000.0
38,GWW,MRQ,2011-12-31,2011-12-31,2011-12-31,2021-08-02,-28738000.0,4716062000.0,,2694900000.0,2021162000.0,,37.609,-65824000.0,335491000.0,335491000.0,1171119000.0,151708000.0,1.942,0.758,516564000.0,341509000.0,175055000.0,516564000.0,0.0,45627000.0,0.0,0.013,0.66,225508000.0,271135000.0,0.131,271135000.0,225508000.0,222854000.0,2.08,2.04,2.08,2628785000.0,,2628785000.0,13302814185.0,13.0,11.069,120313000.0,1.721,1.0,905785000.0,0.436,860037000.0,2654000.0,2649173000.0,,1268647000.0,0.0,0.0,0.0,1991783000.0,1387925000.0,603858000.0,13056051185.0,-25172000.0,-10948000.0,-18200000.0,-99741000.0,-47808000.0,-145226000.0,-62977000.0,0.0,186137000.0,-3106000.0,148484000.0,148484000.0,148484000.0,0.0,3224000.0,0.071,684292000.0,221493000.0,477648000.0,0.317,4.967,19.829,20.215,1060295000.0,0.0,187.19,1.616,1.615,888697000.0,4806110000.0,2076904000.0,2076904000.0,0.0,,,,,12482000.0,684292000.0,1.0,69747589.0,69898469,71388603.0,29.713,3856025000.0,202814000.0,74370000.0,123374000.0,55.166,1306975000.0
39,GWW,MRQ,2011-09-30,2011-09-30,2011-09-30,2021-08-02,-3240000.0,4550645000.0,,2577694000.0,1972951000.0,,36.351,-44040000.0,360663000.0,360663000.0,1201648000.0,184047000.0,1.875,0.756,607426000.0,444010000.0,163416000.0,607426000.0,0.0,37529000.0,0.0,0.016,0.66,301112000.0,338641000.0,0.16,338641000.0,301112000.0,298533000.0,2.56,2.51,2.56,2538965000.0,,2538965000.0,10472322267.0,10.0,8.858,206462000.0,2.956,1.0,912999000.0,0.432,862426000.0,2579000.0,2560374000.0,,1114291000.0,0.0,0.0,0.0,1919140000.0,1374608000.0,544532000.0,10451800267.0,-105042000.0,-347757000.0,-35702000.0,126249000.0,-46936000.0,53232000.0,-392279000.0,0.0,250502000.0,-16497000.0,182121000.0,182121000.0,182121000.0,0.0,1926000.0,0.086,609959000.0,303040000.0,447687000.0,0.258,4.117,16.276,16.542,1007623000.0,0.0,149.54,1.335,1.334,944984000.0,4704619000.0,2114647000.0,2114647000.0,0.0,,,,,12125000.0,609959000.0,1.0,69893007.0,69846233,71280405.0,30.276,3688219000.0,173195000.0,116412000.0,130683000.0,52.805,1203086000.0
40,GWW,MRQ,2011-06-30,2011-06-30,2011-06-30,2021-08-02,65814000.0,4200435000.0,,2506258000.0,1694177000.0,,35.747,-51407000.0,465705000.0,465705000.0,1140628000.0,171569000.0,2.323,0.653,486227000.0,285758000.0,200469000.0,486227000.0,0.0,33473000.0,0.0,0.015,0.66,264122000.0,297595000.0,0.149,297595000.0,264122000.0,262142000.0,2.39,2.34,2.39,2488298000.0,,2488298000.0,10798622932.0,11.0,9.54,139671000.0,2.007,1.0,862394000.0,0.431,623375000.0,1980000.0,2518809000.0,,996600000.0,0.0,0.0,0.0,1625634000.0,1078773000.0,546861000.0,10643418932.0,131009000.0,-591000.0,23955000.0,-4387000.0,-47449000.0,-12022000.0,-51861000.0,0.0,191078000.0,3814000.0,169885000.0,169885000.0,169885000.0,0.0,1684000.0,0.085,597112000.0,265282000.0,394086000.0,0.276,4.277,17.436,17.908,981342000.0,0.0,153.65,1.398,1.405,870436000.0,4569434000.0,2003022000.0,2003022000.0,0.0,,,,,18528000.0,597112000.0,1.0,69270543.0,69608563,71122909.0,28.776,3577060000.0,173001000.0,92257000.0,96627000.0,51.388,1427485000.0
41,GWW,MRQ,2011-03-31,2011-03-31,2011-03-31,2021-08-02,57142000.0,3933424000.0,,2261702000.0,1671722000.0,,33.379,-28393000.0,334696000.0,334696000.0,1053998000.0,159088000.0,2.892,0.662,489900000.0,76561000.0,413339000.0,489900000.0,0.0,32571000.0,0.0,0.016,0.54,261887000.0,294458000.0,0.156,294458000.0,261887000.0,260009000.0,2.23,2.18,2.23,2316626000.0,,2316626000.0,9742068730.0,10.0,8.981,89998000.0,1.297,1.0,829614000.0,0.44,614955000.0,1878000.0,2691706000.0,,981367000.0,0.0,0.0,0.0,1534190000.0,781967000.0,752223000.0,9561248730.0,21242000.0,0.0,-36798000.0,-4393000.0,-38334000.0,-73430000.0,-27951000.0,0.0,118391000.0,4232000.0,157933000.0,157933000.0,157933000.0,0.0,1155000.0,0.084,567000000.0,262614000.0,361997000.0,0.242,4.127,16.785,17.318,965130000.0,0.0,137.68,1.293,1.292,809850000.0,4446360000.0,1883612000.0,1883612000.0,0.0,,,,,10885000.0,567000000.0,1.0,69445444.0,69403432,70906732.0,27.14,3318469000.0,140190000.0,102076000.0,141280000.0,47.814,1479735000.0
42,GWW,MRQ,2010-12-31,2010-12-31,2010-12-31,2021-08-02,42951000.0,3904377000.0,,2238071000.0,1666306000.0,,31.87,-55749000.0,313454000.0,313454000.0,1063564000.0,133201000.0,2.575,0.733,494274000.0,73828000.0,420446000.0,494274000.0,0.0,40455000.0,0.0,0.015,0.54,211140000.0,251595000.0,0.138,251595000.0,211140000.0,209157000.0,1.86,1.83,1.86,2205216000.0,,2205216000.0,9756724560.0,11.0,9.67,48725000.0,0.704,1.0,763132000.0,0.418,615390000.0,1983000.0,2600504000.0,,991577000.0,0.0,0.0,0.0,1616707000.0,869303000.0,747404000.0,9538085560.0,26946000.0,-10428000.0,17775000.0,-14937000.0,-38210000.0,-28971000.0,-52648000.0,0.0,104474000.0,4091000.0,132210000.0,132210000.0,132210000.0,0.0,991000.0,0.072,551730000.0,211402000.0,344295000.0,0.29,4.325,18.67,19.59,963672000.0,0.0,138.11,1.328,1.362,762895000.0,4326761000.0,1826696000.0,1826696000.0,0.0,,,,,11629000.0,551730000.0,1.0,69061513.0,69194877,70641234.0,26.399,3288987000.0,170264000.0,76947000.0,88384000.0,47.532,1368768000.0
43,GWW,MRQ,2010-09-30,2010-09-30,2010-09-30,2021-08-02,32538000.0,3789237000.0,,2147557000.0,1641680000.0,,29.585,-37925000.0,286508000.0,286508000.0,1109688000.0,151297000.0,2.399,0.793,505147000.0,77652000.0,427495000.0,505147000.0,0.0,37322000.0,0.0,0.017,0.54,250906000.0,288228000.0,0.152,288228000.0,250906000.0,248952000.0,2.1,2.06,2.1,2068672000.0,,2068672000.0,8572292432.0,11.0,8.871,167762000.0,2.399,1.0,789724000.0,0.416,606362000.0,1954000.0,2506254000.0,,935219000.0,3332000.0,0.0,3332000.0,1640708000.0,895260000.0,745448000.0,8451998432.0,-101549000.0,-10598000.0,-225659000.0,-2313000.0,-39500000.0,-262540000.0,-48523000.0,0.0,205687000.0,3827000.0,150405000.0,150405000.0,150405000.0,0.0,892000.0,0.079,538451000.0,251273000.0,402568000.0,0.257,4.086,17.767,18.353,942354000.0,0.0,119.11,1.209,1.192,784922000.0,4232761000.0,1899412000.0,1899412000.0,0.0,,,,,12203000.0,538451000.0,1.0,70959604.0,69923864,71168281.0,27.164,3182875000.0,152385000.0,98547000.0,87436000.0,45.519,1252297000.0
44,GWW,MRQ,2010-06-30,2010-06-30,2010-06-30,2021-08-02,10983000.0,3731928000.0,,2122448000.0,1609480000.0,,29.917,-13123000.0,388057000.0,388057000.0,1036610000.0,129667000.0,2.658,0.705,508351000.0,95640000.0,412711000.0,508351000.0,0.0,36052000.0,0.0,0.019,0.54,214426000.0,250478000.0,0.14,250478000.0,214426000.0,212206000.0,1.76,1.73,1.76,2144818000.0,,2144818000.0,7218558818.0,9.0,7.604,159970000.0,2.231,1.0,747086000.0,0.419,587372000.0,2220000.0,2466340000.0,,867303000.0,3110000.0,0.0,3110000.0,1511712000.0,798510000.0,713202000.0,7249485818.0,-160412000.0,-41046000.0,-235902000.0,-8528000.0,-40553000.0,-279859000.0,-45097000.0,0.0,173093000.0,-8549000.0,129077000.0,129077000.0,129077000.0,0.0,590000.0,0.072,532171000.0,214915000.0,347505000.0,0.307,3.38,15.429,15.786,934655000.0,0.0,99.45,1.085,1.067,725196000.0,4121239000.0,1783696000.0,1783696000.0,0.0,,,,,16830000.0,532171000.0,1.0,72895785.0,71691961,72931206.0,24.88,3144556000.0,143124000.0,83129000.0,66029000.0,43.862,1323938000.0
45,GWW,MRQ,2010-03-31,2010-03-31,2010-03-31,2021-08-02,31526000.0,3810775000.0,,2227823000.0,1582952000.0,,31.623,-13819000.0,548469000.0,548469000.0,966612000.0,99417000.0,3.036,0.633,517542000.0,92542000.0,425000000.0,517542000.0,0.0,35849000.0,0.0,0.017,0.46,182776000.0,218625000.0,0.131,218625000.0,182776000.0,180746000.0,1.34,1.31,1.34,2295071000.0,,2295071000.0,7896120107.0,11.0,8.896,99372000.0,1.369,1.0,705742000.0,0.422,568327000.0,2030000.0,2477613000.0,,852521000.0,3533000.0,0.0,3533000.0,1452071000.0,733908000.0,718163000.0,7830583107.0,88598000.0,0.0,25511000.0,-7846000.0,-34075000.0,-7217000.0,-22891000.0,0.0,113191000.0,5515000.0,99173000.0,99173000.0,99173000.0,0.0,244000.0,0.059,522857000.0,182885000.0,314039000.0,0.343,3.412,18.074,18.738,939438000.0,0.0,108.12,1.218,1.221,688628000.0,4031606000.0,1672354000.0,1672354000.0,0.0,,,,,9134000.0,522857000.0,1.0,72424927.0,72576633,73854681.0,23.043,3242448000.0,118263000.0,81573000.0,105433000.0,44.676,1493915000.0
46,GWW,MRQ,2009-12-31,2009-12-31,2009-12-31,2021-08-02,12374000.0,3726332000.0,,2131515000.0,1594817000.0,,29.484,-52578000.0,459871000.0,459871000.0,949617000.0,97364000.0,2.744,0.693,525408000.0,87908000.0,437500000.0,525408000.0,0.0,43438000.0,0.0,0.018,0.46,165549000.0,208987000.0,0.128,208987000.0,165549000.0,163517000.0,1.29,1.28,1.29,2163720000.0,,2163720000.0,7058730571.0,10.0,8.176,170079000.0,2.318,1.0,684198000.0,0.419,558566000.0,2032000.0,2456504000.0,,889679000.0,3508000.0,0.0,3508000.0,1499133000.0,776799000.0,722334000.0,7195963571.0,-212164000.0,-134347000.0,-213806000.0,-9585000.0,-34635000.0,-251584000.0,-185665000.0,0.0,222657000.0,2428000.0,97058000.0,97058000.0,97058000.0,0.0,306000.0,0.059,518837000.0,165361000.0,300791000.0,0.357,3.326,16.717,16.988,953271000.0,0.0,96.83,1.157,1.148,624910000.0,3966508000.0,1633815000.0,1633815000.0,0.0,,,,,8925000.0,518837000.0,1.0,74315435.0,73385612,74650178.0,22.263,3167766000.0,148163000.0,66459000.0,68947000.0,43.166,1354716000.0
47,GWW,MRQ,2009-09-30,2009-09-30,2009-09-30,2021-08-02,6582000.0,3745049000.0,,2284794000.0,1460255000.0,,31.082,-36248000.0,672035000.0,672035000.0,929720000.0,144564000.0,3.391,0.6,534802000.0,79907000.0,454895000.0,534802000.0,0.0,35588000.0,0.0,0.019,0.46,235618000.0,271206000.0,0.171,271206000.0,235618000.0,233420000.0,1.91,1.88,1.91,2301540000.0,,2301540000.0,6697660454.0,9.0,7.684,240881000.0,3.253,1.0,659945000.0,0.415,431416000.0,2198000.0,2502556000.0,,851478000.0,3341000.0,0.0,3341000.0,1381824000.0,673844000.0,707980000.0,6578967454.0,255744000.0,8961000.0,38464000.0,-8909000.0,-34875000.0,1856000.0,-27287000.0,0.0,277129000.0,4046000.0,144564000.0,144564000.0,144564000.0,0.0,0.0,0.091,473225000.0,186720000.0,279660000.0,0.241,2.859,14.907,15.407,938285000.0,0.0,89.36,1.064,1.071,638531000.0,3904086000.0,1589665000.0,1589665000.0,0.0,,,,,9535000.0,473225000.0,1.0,73623181.0,74047973,75202845.0,21.468,3313633000.0,134899000.0,88856000.0,37002000.0,44.75,1610950000.0
48,GWW,MRQ,2009-06-30,2009-06-30,2009-06-30,2021-08-02,-20568000.0,3405765000.0,,2025025000.0,1380740000.0,,28.739,-23497000.0,416291000.0,416291000.0,908295000.0,92466000.0,3.482,0.614,534984000.0,67589000.0,467395000.0,534984000.0,0.0,34872000.0,0.0,0.02,0.46,153944000.0,188816000.0,0.123,188816000.0,153944000.0,151626000.0,1.23,1.21,1.23,2110678000.0,,2110678000.0,6267298310.0,9.0,7.106,166597000.0,2.268,1.0,624968000.0,0.408,321576000.0,2318000.0,2621270000.0,,899843000.0,19645000.0,0.0,19645000.0,1295087000.0,581612000.0,713475000.0,5994556310.0,158721000.0,2269000.0,15787000.0,1342000.0,-34559000.0,-12815000.0,-21228000.0,0.0,190094000.0,2670000.0,92466000.0,92466000.0,92466000.0,0.0,0.0,0.06,471039000.0,153929000.0,255373000.0,0.374,2.84,13.724,14.39,928796000.0,0.0,81.88,0.932,0.935,582431000.0,3794397000.0,1533263000.0,1533263000.0,0.0,,,,,15333000.0,471039000.0,1.0,73211484.0,73443360,74558636.0,20.877,3084189000.0,164704000.0,59160000.0,38436000.0,41.994,1443413000.0
49,GWW,MRQ,2009-03-31,2009-03-31,2009-03-31,2021-08-02,-54590000.0,3270505000.0,,1904291000.0,1366214000.0,,26.756,-28407000.0,257570000.0,257570000.0,835833000.0,96378000.0,3.336,0.646,530312000.0,50417000.0,479895000.0,530312000.0,0.0,33633000.0,0.0,0.023,0.4,160686000.0,194319000.0,0.133,194319000.0,160686000.0,158468000.0,1.27,1.25,1.27,1986881000.0,,1986881000.0,5386484093.0,7.0,5.93,14109000.0,0.19,1.0,629415000.0,0.43,313685000.0,2218000.0,2658779000.0,,956565000.0,19181000.0,0.0,19181000.0,1283624000.0,570783000.0,712841000.0,5253329093.0,-138720000.0,24000.0,-122007000.0,838000.0,-30615000.0,-150987000.0,-28383000.0,0.0,42516000.0,-1866000.0,96378000.0,96378000.0,96378000.0,0.0,0.0,0.066,470201000.0,159214000.0,254337000.0,0.315,2.644,11.483,11.895,927674000.0,0.0,70.18,0.789,0.783,559315000.0,3736490000.0,1465248000.0,1465248000.0,0.0,,,,,9508000.0,470201000.0,1.0,74855074.0,74260401,75142460.0,19.731,2956820000.0,160274000.0,62090000.0,70794000.0,39.817,1333508000.0
50,GWW,MRQ,2008-12-31,2008-12-31,2008-12-31,2021-08-02,-38525000.0,3515417000.0,,2144109000.0,1371308000.0,,26.804,-49765000.0,396290000.0,396290000.0,912592000.0,107915000.0,2.815,0.728,529445000.0,41217000.0,488228000.0,529445000.0,0.0,38805000.0,0.0,0.02,0.4,178542000.0,217347000.0,0.136,217347000.0,178542000.0,173648000.0,1.39,1.37,1.39,2033805000.0,,2033805000.0,6158687821.0,8.0,6.642,144984000.0,1.911,1.0,680063000.0,0.427,322725000.0,4894000.0,2564113000.0,,1009932000.0,20830000.0,0.0,20830000.0,1481612000.0,761734000.0,719878000.0,5997188821.0,31873000.0,6191000.0,-80965000.0,3594000.0,-31120000.0,-106691000.0,-49775000.0,0.0,194749000.0,-6410000.0,107915000.0,107915000.0,107915000.0,0.0,0.0,0.068,499506000.0,180557000.0,290802000.0,0.288,2.949,12.616,12.988,930311000.0,0.0,78.84,0.875,0.881,589416000.0,3670726000.0,1592655000.0,1592655000.0,0.0,,,,,9603000.0,499506000.0,1.0,76067844.0,75878297,76870386.0,20.99,3192692000.0,172554000.0,65733000.0,34999000.0,42.076,1382375000.0
51,GWW,MRQ,2008-09-30,2008-09-30,2008-09-30,2021-08-02,46096000.0,3536441000.0,,2171321000.0,1365120000.0,,28.013,-29811000.0,364417000.0,364417000.0,1097127000.0,140023000.0,2.955,0.662,525916000.0,29354000.0,496562000.0,525916000.0,0.0,48399000.0,0.0,0.017,0.4,233083000.0,281482000.0,0.153,281482000.0,233083000.0,228690000.0,1.8,1.77,1.8,2128091000.0,,2128091000.0,6894245381.0,9.0,7.36,186784000.0,2.459,1.0,742348000.0,0.404,340775000.0,4393000.0,2622301000.0,,961094000.0,23089000.0,0.0,23089000.0,1408350000.0,734864000.0,673486000.0,6630136381.0,106183000.0,-33613000.0,-27390000.0,3597000.0,-31033000.0,-52462000.0,-63642000.0,0.0,216595000.0,5692000.0,140023000.0,140023000.0,140023000.0,0.0,0.0,0.076,510891000.0,231457000.0,314445000.0,0.222,3.116,14.052,14.716,928496000.0,0.0,86.97,0.965,0.962,721387000.0,3593931000.0,1839475000.0,1839475000.0,0.0,,,,,9692000.0,510891000.0,1.0,76234752.0,75967774,77407743.0,24.214,3195666000.0,134155000.0,88667000.0,40120000.0,42.066,1436457000.0
52,GWW,MRQ,2008-06-30,2008-06-30,2008-06-30,2021-08-02,64732000.0,3390591000.0,,2037947000.0,1352644000.0,,26.733,-68404000.0,258234000.0,258234000.0,1050979000.0,113179000.0,3.058,0.657,522343000.0,17448000.0,504895000.0,522343000.0,0.0,27033000.0,0.0,0.018,0.4,188145000.0,215178000.0,0.122,215178000.0,188145000.0,184380000.0,1.44,1.42,1.44,2046212000.0,,2046212000.0,6479863105.0,9.0,7.537,37010000.0,0.484,1.0,705877000.0,0.402,340181000.0,3765000.0,2648149000.0,,968293000.0,16886000.0,0.0,16886000.0,1344379000.0,666370000.0,678009000.0,6258290105.0,140805000.0,-6868000.0,-46181000.0,183604000.0,-31287000.0,114598000.0,-75714000.0,-19848000.0,105414000.0,-3493000.0,113179000.0,113179000.0,113179000.0,0.0,0.0,0.064,521042000.0,184835000.0,326581000.0,0.278,3.058,14.192,15.037,929514000.0,0.0,81.8,0.936,0.936,677695000.0,3484941000.0,1756856000.0,1756856000.0,0.0,,,,,20437000.0,521042000.0,1.0,76507214.0,76542071,78028077.0,22.953,3050410000.0,137474000.0,71201000.0,23885000.0,39.853,1371577000.0
53,GWW,MRQ,2008-03-31,2008-03-31,2008-03-31,2021-08-02,62273000.0,3155833000.0,,1854521000.0,1301312000.0,,25.537,-33375000.0,117429000.0,117429000.0,981112000.0,114238000.0,1.867,0.586,339002000.0,334107000.0,4895000.0,339002000.0,0.0,25333000.0,0.0,0.018,0.35,187933000.0,213266000.0,0.128,213266000.0,187933000.0,186500000.0,1.44,1.41,1.44,1990227000.0,,1990227000.0,6030157724.0,9.0,7.179,-20067000.0,-0.257,1.0,679934000.0,0.409,337610000.0,1433000.0,2046287000.0,,966326000.0,16547000.0,0.0,16547000.0,1165606000.0,993509000.0,172097000.0,6032049724.0,3992000.0,0.0,-192878000.0,227780000.0,-28064000.0,7745000.0,-13504000.0,19848000.0,13308000.0,-3557000.0,114238000.0,114238000.0,114238000.0,0.0,0.0,0.069,494111000.0,185823000.0,339544000.0,0.243,3.031,13.945,14.55,885563000.0,0.0,76.39,0.923,0.911,644933000.0,3403049000.0,1661046000.0,1661046000.0,0.0,,,,,8138000.0,494111000.0,1.0,78963866.0,77933996,79245391.0,21.313,2818223000.0,120414000.0,72262000.0,92693000.0,36.162,861012000.0
54,GWW,MRQ,2007-12-31,2007-12-31,2007-12-31,2021-08-02,72171000.0,3094028000.0,,1800817000.0,1293211000.0,,26.456,-50869000.0,113437000.0,113437000.0,940272000.0,104392000.0,2.179,0.475,111545000.0,106650000.0,4895000.0,111545000.0,0.0,56886000.0,0.0,0.015,0.35,169861000.0,226747000.0,0.141,226747000.0,169861000.0,168704000.0,1.23,1.24,1.23,2098108000.0,,2098108000.0,6999785034.0,10.0,8.569,80254000.0,1.012,1.0,671481000.0,0.417,345449000.0,1157000.0,1920284000.0,,946327000.0,34833000.0,20074000.0,14759000.0,995920000.0,826403000.0,169517000.0,6935452034.0,24071000.0,-6934000.0,10035000.0,-42125000.0,-28327000.0,-56771000.0,-53084000.0,4314000.0,131123000.0,2803000.0,104392000.0,104392000.0,104392000.0,0.0,0.0,0.065,504320000.0,167161000.0,297929000.0,0.285,3.306,16.508,17.469,878345000.0,0.0,87.52,1.081,1.124,602650000.0,3316875000.0,1611753000.0,1611753000.0,0.0,,,,,6936000.0,504320000.0,1.0,79244196.0,79304280,78334514.0,20.324,2748579000.0,111321000.0,64312000.0,31186000.0,34.659,974414000.0
55,GWW,MRQ,2007-09-30,2007-09-30,2007-09-30,2021-08-02,55983000.0,3059945000.0,,1778718000.0,1281227000.0,,24.129,-58762000.0,89366000.0,89366000.0,999003000.0,109150000.0,2.027,0.542,153699000.0,148804000.0,4895000.0,153699000.0,0.0,26595000.0,0.0,0.014,0.35,177905000.0,204500000.0,0.123,204500000.0,177905000.0,177184000.0,1.33,1.29,1.33,1984236000.0,,1984236000.0,7322039894.0,11.0,9.473,98656000.0,1.2,1.0,659589000.0,0.398,350784000.0,721000.0,1895987000.0,,889166000.0,28997000.0,19833000.0,9164000.0,1075709000.0,877507000.0,198202000.0,7695722894.0,-300024000.0,78000.0,-491854000.0,138206000.0,-30701000.0,-381502000.0,-75767000.0,-4314000.0,157418000.0,-173000.0,109150000.0,109150000.0,109150000.0,0.0,0.0,0.066,485257000.0,174332000.0,377315000.0,0.263,3.878,18.559,18.46,860635000.0,0.0,91.19,1.228,1.196,674787000.0,3239438000.0,1658592000.0,1658592000.0,0.0,,,,,7855000.0,485257000.0,1.0,84392180.0,82233231,84864258.0,20.169,2709161000.0,114349000.0,68034000.0,36083000.0,32.945,901211000.0
56,GWW,MRQ,2007-06-30,2007-06-30,2007-06-30,2021-08-02,31666000.0,3239011000.0,,2001671000.0,1237340000.0,,28.083,-42735000.0,389390000.0,389390000.0,960546000.0,104791000.0,2.926,0.371,15707000.0,10812000.0,4895000.0,15707000.0,0.0,24630000.0,0.0,0.013,0.35,170771000.0,195401000.0,0.122,195401000.0,170771000.0,170252000.0,1.25,1.21,1.25,2362623000.0,,2362623000.0,7459279281.0,12.0,9.937,55186000.0,0.656,1.0,640465000.0,0.4,343716000.0,519000.0,1837416000.0,,845227000.0,8097000.0,0.0,8097000.0,876388000.0,684196000.0,192192000.0,7775266281.0,63918000.0,-4762000.0,15447000.0,6222000.0,-29546000.0,9542000.0,-47522000.0,0.0,97921000.0,3977000.0,104791000.0,104791000.0,104791000.0,0.0,0.0,0.065,473890000.0,166575000.0,386897000.0,0.28,3.291,18.964,19.345,825305000.0,0.0,93.05,1.269,1.277,637813000.0,3160989000.0,1601011000.0,1601011000.0,0.0,,,,,15858000.0,473890000.0,1.0,83560089.0,84130074,86775154.0,19.03,2895295000.0,128898000.0,65461000.0,28397000.0,34.415,1317475000.0
57,GWW,MRQ,2007-03-31,2007-03-31,2007-03-31,2021-08-02,6014000.0,3073056000.0,,1869231000.0,1203825000.0,,26.357,-32973000.0,325472000.0,325472000.0,914570000.0,101787000.0,2.771,0.388,9485000.0,4590000.0,4895000.0,9485000.0,0.0,23888000.0,0.0,0.015,0.29,166298000.0,190186000.0,0.123,190186000.0,166298000.0,165721000.0,1.21,1.17,1.21,2213455000.0,,2213455000.0,6168378567.0,10.0,8.425,49440000.0,0.589,1.0,632088000.0,0.409,333670000.0,577000.0,1748861000.0,,815891000.0,8228000.0,0.0,8228000.0,859601000.0,674538000.0,185063000.0,6507364567.0,-22999000.0,0.0,-67421000.0,0.0,-24519000.0,-85156000.0,-20584000.0,0.0,82413000.0,328000.0,101787000.0,101787000.0,101787000.0,0.0,0.0,0.066,469503000.0,162585000.0,378432000.0,0.24,2.94,16.311,16.755,802373000.0,0.0,77.24,1.083,1.079,611126000.0,3085744000.0,1546658000.0,1546658000.0,0.0,,,,,8095000.0,469503000.0,1.0,84248635.0,83979114,86758949.0,18.417,2739386000.0,109752000.0,63934000.0,73287000.0,32.62,1194693000.0
58,GWW,MRQ,2006-12-31,2006-12-31,2006-12-31,2021-08-02,3431000.0,3046088000.0,,1862086000.0,1184002000.0,,25.584,-28722000.0,348471000.0,348471000.0,860727000.0,98933000.0,2.636,0.399,9485000.0,4590000.0,4895000.0,9485000.0,0.0,29407000.0,0.0,0.016,0.29,153429000.0,182836000.0,0.125,182836000.0,153429000.0,152983000.0,1.15,1.13,1.15,2177615000.0,,2177615000.0,5599578083.0,9.0,7.932,95049000.0,1.117,1.0,601431000.0,0.411,333782000.0,446000.0,1666997000.0,,827254000.0,21319000.0,12827000.0,8492000.0,868473000.0,706323000.0,162150000.0,6017447083.0,-78883000.0,-24519000.0,-136438000.0,0.0,-24760000.0,-153779000.0,-47796000.0,305000.0,123771000.0,-1079000.0,98933000.0,98933000.0,98933000.0,0.0,0.0,0.068,453634000.0,147797000.0,334820000.0,0.252,2.763,15.695,16.041,792935000.0,0.0,69.94,1.023,1.044,566607000.0,3007606000.0,1462158000.0,1462158000.0,0.0,,,,,3300000.0,453634000.0,1.0,86037276.0,85115956,87823939.0,17.178,2712306000.0,96916000.0,54050000.0,13312000.0,31.866,1155763000.0
59,GWW,MRQ,2006-09-30,2006-09-30,2006-09-30,2021-08-02,38020000.0,3082920000.0,,1943152000.0,1139768000.0,,26.09,-34866000.0,427354000.0,427354000.0,920412000.0,104494000.0,2.767,0.354,9485000.0,4590000.0,4895000.0,9485000.0,0.0,24957000.0,0.0,0.016,0.29,157289000.0,182246000.0,0.12,182246000.0,157289000.0,156804000.0,1.2,1.16,1.2,2276547000.0,,2276547000.0,5492321728.0,9.0,7.847,177593000.0,2.035,1.0,599087000.0,0.394,320917000.0,485000.0,1641864000.0,,772121000.0,20940000.0,13234000.0,7706000.0,806373000.0,702270000.0,104103000.0,5936377728.0,-26187000.0,0.0,-165458000.0,0.0,-25421000.0,-190458000.0,-47924000.0,-13062000.0,212459000.0,-264000.0,104494000.0,104494000.0,104494000.0,0.0,0.0,0.069,447774000.0,151313000.0,344976000.0,0.242,2.608,15.288,15.301,794455000.0,0.0,67.02,1.021,1.006,610762000.0,2933433000.0,1519499000.0,1519499000.0,0.0,,,,,6777000.0,447774000.0,1.0,88576212.0,87258559,89682032.0,17.414,2762003000.0,89413000.0,52310000.0,24082000.0,31.653,1240882000.0
60,GWW,MRQ,2006-06-30,2006-06-30,2006-06-30,2021-08-02,37836000.0,3122827000.0,,1993856000.0,1128971000.0,,26.369,-25694000.0,453541000.0,453541000.0,899575000.0,93739000.0,2.991,0.326,9485000.0,4590000.0,4895000.0,9485000.0,0.0,23483000.0,0.0,0.013,0.29,153371000.0,176854000.0,0.119,176854000.0,153371000.0,152869000.0,1.05,1.02,1.05,2355866000.0,,2355866000.0,6268947342.0,11.0,9.197,47953000.0,0.537,1.0,583305000.0,0.393,323915000.0,502000.0,1688206000.0,,781991000.0,7483000.0,0.0,7483000.0,766961000.0,666650000.0,100311000.0,6753345342.0,-40342000.0,468000.0,-95896000.0,0.0,-26124000.0,-119261000.0,4527000.0,27413000.0,73647000.0,745000.0,93739000.0,93739000.0,93739000.0,0.0,0.0,0.063,438761000.0,144544000.0,319445000.0,0.276,2.867,18.158,18.084,784589000.0,0.0,75.23,1.18,1.175,608353000.0,2854360000.0,1482880000.0,1482880000.0,0.0,,,,,15758000.0,438761000.0,1.0,89769312.0,89342642,92104424.0,16.598,2798912000.0,105163000.0,59130000.0,48106000.0,31.328,1327206000.0
61,GWW,MRQ,2006-03-31,2006-03-31,2006-03-31,2021-08-02,25225000.0,3149332000.0,,2018122000.0,1131210000.0,,26.25,-30168000.0,493883000.0,493883000.0,848790000.0,86233000.0,2.887,0.338,9485000.0,4590000.0,4895000.0,9485000.0,0.0,23128000.0,0.0,0.013,0.24,140860000.0,163988000.0,0.116,163988000.0,140860000.0,140367000.0,0.96,0.93,0.96,2353023000.0,,2353023000.0,6242469302.0,11.0,9.496,-3292000.0,-0.037,1.0,570327000.0,0.402,320595000.0,493000.0,1645369000.0,,805591000.0,30158000.0,0.0,30158000.0,796309000.0,698970000.0,97339000.0,6777878302.0,-51011000.0,-14327000.0,-10558000.0,0.0,-21591000.0,-29375000.0,-48553000.0,0.0,26876000.0,41000.0,86233000.0,86233000.0,86233000.0,0.0,0.0,0.061,435910000.0,134417000.0,357875000.0,0.25,2.88,18.84,18.744,775820000.0,0.0,75.35,1.208,1.204,569600000.0,2786745000.0,1419117000.0,1419117000.0,0.0,,,,,9469000.0,435910000.0,1.0,89951935.0,89637735,92484701.0,15.832,2828737000.0,94793000.0,54134000.0,77628000.0,31.557,1319152000.0
62,GWW,MRQ,2005-12-31,2005-12-31,2005-12-31,2021-08-02,27082000.0,3107921000.0,,1985539000.0,1122382000.0,,25.625,-35912000.0,544894000.0,544894000.0,803232000.0,103834000.0,2.855,0.358,9485000.0,4590000.0,4895000.0,9485000.0,0.0,27345000.0,0.0,0.013,0.24,149497000.0,176842000.0,0.127,176842000.0,149497000.0,149015000.0,1.17,1.13,1.17,2288976000.0,,2288976000.0,5921932605.0,11.0,9.361,113055000.0,1.266,1.0,587374000.0,0.422,309900000.0,482000.0,1567261000.0,,791212000.0,25155000.0,0.0,25155000.0,818945000.0,695351000.0,123594000.0,6358867605.0,98474000.0,-94000.0,7164000.0,0.0,-21499000.0,-14335000.0,-35412000.0,4088000.0,148967000.0,-746000.0,103834000.0,103834000.0,103834000.0,0.0,0.0,0.075,443417000.0,143957000.0,319254000.0,0.205,2.778,18.361,18.372,770625000.0,0.0,71.1,1.151,1.152,518625000.0,2722103000.0,1390606000.0,1390606000.0,0.0,,,,,6333000.0,443417000.0,1.0,89435550.0,89325386,91682732.0,15.568,2798021000.0,93176000.0,45181000.0,31573000.0,31.324,1290188000.0
63,GWW,MRQ,2005-09-30,2005-09-30,2005-09-30,2021-08-02,27360000.0,2986075000.0,,1881044000.0,1105031000.0,,24.634,-37152000.0,446420000.0,446420000.0,880180000.0,88109000.0,2.683,0.361,9485000.0,9485000.0,0.0,9485000.0,0.0,24078000.0,0.0,0.014,0.24,139833000.0,163911000.0,0.115,163911000.0,139833000.0,139380000.0,0.98,0.97,0.98,2194031000.0,,2194031000.0,5289997871.0,10.0,8.774,131850000.0,1.48,1.0,548162000.0,0.384,302081000.0,453000.0,1546049000.0,,751127000.0,24559000.0,0.0,24559000.0,792044000.0,701010000.0,91034000.0,5606545871.0,120387000.0,115000.0,9489000.0,0.0,-21441000.0,-11952000.0,-37729000.0,0.0,169002000.0,1066000.0,88109000.0,88109000.0,88109000.0,0.0,0.0,0.062,412280000.0,135882000.0,336062000.0,0.245,2.555,16.859,17.005,768176000.0,0.0,62.92,1.038,1.038,547622000.0,2639768000.0,1428342000.0,1428342000.0,0.0,,,,,6131000.0,412280000.0,1.0,89105942.0,89064690,91130323.0,16.037,2683994000.0,97133000.0,51271000.0,41535000.0,30.135,1180034000.0
64,GWW,MRQ,2005-06-30,2005-06-30,2005-06-30,2021-08-02,12915000.0,2813959000.0,,1731668000.0,1082291000.0,,23.44,-41542000.0,326033000.0,326033000.0,845679000.0,81589000.0,2.751,0.341,9485000.0,9485000.0,0.0,9485000.0,0.0,23226000.0,0.0,0.015,0.24,129421000.0,152647000.0,0.111,152647000.0,129421000.0,128983000.0,0.91,0.89,0.91,2097664000.0,,2097664000.0,4608603494.0,10.0,8.059,60344000.0,0.674,1.0,527129000.0,0.384,285799000.0,438000.0,1582120000.0,,728468000.0,22686000.0,0.0,22686000.0,716295000.0,629492000.0,86803000.0,4968614494.0,-43463000.0,0.0,-86509000.0,0.0,-21488000.0,-107997000.0,-37425000.0,0.0,101886000.0,73000.0,81589000.0,81589000.0,81589000.0,0.0,0.0,0.059,400936000.0,126193000.0,304925000.0,0.264,2.369,15.919,15.79,763737000.0,0.0,54.79,0.942,0.93,531710000.0,2573100000.0,1372808000.0,1372808000.0,0.0,,,,,5079000.0,400936000.0,1.0,90684696.0,89489470,91080031.0,15.34,2528160000.0,100401000.0,47394000.0,40550000.0,28.251,1102176000.0
65,GWW,MRQ,2005-03-31,2005-03-31,2005-03-31,2021-08-02,15591000.0,2853065000.0,,1784480000.0,1068585000.0,,23.472,-27604000.0,369496000.0,369496000.0,836004000.0,72792000.0,2.754,0.345,9485000.0,9485000.0,0.0,9485000.0,0.0,23438000.0,0.0,0.013,0.2,115786000.0,139224000.0,0.104,139224000.0,115786000.0,115296000.0,0.81,0.79,0.81,2121717000.0,,2121717000.0,5225974330.0,11.0,9.514,-14916000.0,-0.165,1.0,498876000.0,0.374,277411000.0,490000.0,1567722000.0,,741754000.0,26244000.0,0.0,26244000.0,731348000.0,647921000.0,83427000.0,5645735330.0,-59750000.0,-24838000.0,-1620000.0,0.0,-18235000.0,-19855000.0,-52419000.0,0.0,12688000.0,-164000.0,72792000.0,72792000.0,72792000.0,0.0,0.0,0.055,385919000.0,112957000.0,334956000.0,0.247,2.661,18.999,18.87,759395000.0,0.0,62.27,1.095,1.092,520228000.0,2512999000.0,1334880000.0,1334880000.0,0.0,,,,,3434000.0,385919000.0,1.0,90665414.0,90395437,92460093.0,14.767,2575654000.0,103517000.0,42504000.0,62542000.0,28.493,1136559000.0
66,GWW,MRQ,2004-12-31,2004-12-31,2004-12-31,2021-08-02,18052000.0,2809573000.0,,1744416000.0,1065157000.0,,22.958,-66094000.0,429246000.0,429246000.0,744878000.0,90056000.0,2.743,0.359,9485000.0,9485000.0,0.0,9485000.0,0.0,18792000.0,0.0,0.012,0.2,128318000.0,147110000.0,0.116,147110000.0,128318000.0,127797000.0,1.0,0.98,1.0,2067970000.0,,2067970000.0,5617055461.0,12.0,10.497,33292000.0,0.37,1.0,520077000.0,0.411,248290000.0,521000.0,1505490000.0,,700559000.0,26126000.0,0.0,26126000.0,741603000.0,636032000.0,105571000.0,6001233461.0,35583000.0,0.0,19173000.0,0.0,-18002000.0,1171000.0,-68154000.0,0.0,99386000.0,3180000.0,90056000.0,90056000.0,90056000.0,0.0,0.0,0.071,393906000.0,126171000.0,289388000.0,0.2,2.902,20.916,20.95,761573000.0,0.0,66.62,1.188,1.19,480893000.0,2458442000.0,1264955000.0,1264955000.0,0.0,,,,,12157000.0,394132000.0,1.0,90081559.0,90076399,92005280.0,14.043,2561283000.0,115800000.0,37741000.0,39735000.0,28.435,1108384000.0
67,GWW,MRQ,2004-09-30,2004-09-30,2004-09-30,2021-08-02,4506000.0,2689496000.0,,1700811000.0,988685000.0,,21.683,-40817000.0,393663000.0,393663000.0,821774000.0,67689000.0,2.612,0.374,9485000.0,4590000.0,4895000.0,9485000.0,0.0,22818000.0,0.0,0.013,0.2,110080000.0,132898000.0,0.102,132898000.0,110080000.0,108866000.0,0.75,0.74,0.75,1957864000.0,,1957864000.0,4905901818.0,11.0,9.874,104389000.0,1.156,1.0,479283000.0,0.368,230074000.0,1214000.0,1423972000.0,,655294000.0,23759000.0,0.0,23759000.0,731632000.0,651272000.0,80360000.0,5246947818.0,-92468000.0,0.0,-40418000.0,-140776000.0,-18203000.0,-199397000.0,-39311000.0,0.0,145206000.0,1034000.0,67689000.0,67689000.0,67689000.0,0.0,0.0,0.052,371839000.0,107444000.0,313147000.0,0.267,2.68,20.289,20.157,726474000.0,0.0,57.65,1.062,1.054,501858000.0,2386388000.0,1301057000.0,1301057000.0,0.0,,,,,2590000.0,371839000.0,1.0,91013839.0,90295071,91691179.0,14.409,2459422000.0,112618000.0,41177000.0,35102000.0,27.238,1049539000.0
68,GWW,MRQ,2004-06-30,2004-06-30,2004-06-30,2021-08-02,-4057000.0,2753017000.0,,1780345000.0,972672000.0,,21.461,-25006000.0,486131000.0,486131000.0,796147000.0,66619000.0,2.416,0.422,145085000.0,140190000.0,4895000.0,145085000.0,0.0,21485000.0,0.0,0.013,0.2,108603000.0,130088000.0,0.104,130088000.0,108603000.0,107363000.0,0.74,0.72,0.74,1936564000.0,,1936564000.0,4937662370.0,12.0,10.235,43838000.0,0.486,1.0,459827000.0,0.366,215123000.0,1240000.0,1459960000.0,,654696000.0,22066000.0,0.0,22066000.0,816453000.0,736888000.0,79565000.0,5224937370.0,51399000.0,0.0,26174000.0,-20000.0,-18174000.0,7980000.0,-24677000.0,0.0,68844000.0,-748000.0,66619000.0,66619000.0,66619000.0,0.0,0.0,0.053,352936000.0,106891000.0,314783000.0,0.27,2.698,21.089,20.985,717158000.0,0.0,57.5,1.08,1.072,484547000.0,2336902000.0,1255974000.0,1255974000.0,0.0,,,,,5001000.0,352936000.0,1.0,90868476.0,90236332,91723607.0,13.919,2537894000.0,123173000.0,40744000.0,29587000.0,28.125,1043457000.0
69,GWW,MRQ,2004-03-31,2004-03-31,2004-03-31,2021-08-02,148000.0,2685578000.0,,1715695000.0,969883000.0,,20.596,-11225000.0,434732000.0,434732000.0,780334000.0,62559000.0,2.285,0.445,147457000.0,142562000.0,4895000.0,147457000.0,0.0,22471000.0,0.0,0.015,0.185,102526000.0,124997000.0,0.102,124997000.0,102526000.0,101113000.0,0.69,0.69,0.69,1858114000.0,,1858114000.0,4111656144.0,10.0,8.705,81826000.0,0.907,1.0,447465000.0,0.364,212845000.0,1413000.0,1434445000.0,,654107000.0,22253000.0,0.0,22253000.0,827464000.0,751013000.0,76451000.0,4365450144.0,31908000.0,0.0,-33526000.0,-4000.0,-16864000.0,-50394000.0,-10250000.0,0.0,93051000.0,-499000.0,62559000.0,62559000.0,62559000.0,0.0,0.0,0.051,346717000.0,100748000.0,312321000.0,0.268,2.349,18.41,18.391,718900000.0,0.0,48.0,0.918,0.911,472971000.0,2288457000.0,1227799000.0,1227799000.0,0.0,,,,,546000.0,346717000.0,1.0,90946878.0,90219290,91273433.0,13.609,2472733000.0,117319000.0,38554000.0,72982000.0,27.408,964682000.0
70,GWW,MRQ,2003-12-31,2003-12-31,2003-12-31,2021-08-02,2594000.0,2624678000.0,,1633413000.0,991265000.0,,20.372,-16903000.0,402824000.0,402824000.0,716020000.0,61738000.0,2.312,0.422,149030000.0,144135000.0,4895000.0,149030000.0,0.0,2928000.0,0.0,0.016,0.185,105932000.0,108860000.0,0.094,108860000.0,105932000.0,104449000.0,0.68,0.67,0.68,1845135000.0,,1845135000.0,4174839829.0,11.0,9.043,144108000.0,1.591,1.0,438395000.0,0.38,216155000.0,1483000.0,1448089000.0,,661247000.0,22822000.0,0.0,22822000.0,779543000.0,706640000.0,72903000.0,4324515829.0,109186000.0,-4000.0,-18651000.0,-398000.0,-16900000.0,-35949000.0,-15768000.0,-121000.0,161011000.0,-108000.0,61738000.0,61738000.0,61738000.0,0.0,0.0,0.053,328035000.0,110360000.0,257806000.0,0.272,2.344,19.053,18.956,731992000.0,0.0,47.39,0.927,0.921,431896000.0,2242762000.0,1154415000.0,1154415000.0,0.0,,,,,243000.0,328599000.0,1.0,91253763.0,90573906,92097610.0,12.746,2408523000.0,119795000.0,42711000.0,43690000.0,26.592,926773000.0
71,GWW,MRQ,2003-09-30,2003-09-30,2003-09-30,2021-08-02,-7632000.0,2597677000.0,,1604714000.0,992963000.0,,19.939,-21618000.0,293638000.0,293638000.0,775805000.0,56836000.0,2.784,0.437,143962000.0,4999000.0,138963000.0,143962000.0,0.0,22182000.0,0.0,0.015,0.185,96286000.0,118468000.0,0.099,118468000.0,96286000.0,94763000.0,0.63,0.62,0.63,1807492000.0,,1807492000.0,4300963656.0,11.0,9.254,116782000.0,1.288,1.0,424864000.0,0.354,214113000.0,1523000.0,1657383000.0,,705807000.0,24251000.0,0.0,24251000.0,790185000.0,576505000.0,213680000.0,4342043656.0,106940000.0,3580000.0,7681000.0,-1478000.0,-16912000.0,-10709000.0,-20397000.0,-2680000.0,138400000.0,-354000.0,56836000.0,56836000.0,56836000.0,0.0,0.0,0.047,330543000.0,94321000.0,288908000.0,0.294,2.402,19.06,18.944,731266000.0,0.0,47.55,0.937,0.93,462040000.0,2197924000.0,1200669000.0,1200669000.0,0.0,,,,,886000.0,330543000.0,1.0,91315324.0,90650797,92524441.0,13.245,2383564000.0,124144000.0,37927000.0,44386000.0,26.294,1028209000.0
72,GWW,MRQ,2003-06-30,2003-06-30,2003-06-30,2021-08-02,-8493000.0,2543845000.0,,1550119000.0,993726000.0,,19.344,-8108000.0,186698000.0,186698000.0,754528000.0,55993000.0,2.688,0.448,145618000.0,6455000.0,139163000.0,145618000.0,0.0,24577000.0,0.0,0.016,0.185,95408000.0,119985000.0,0.102,119985000.0,95408000.0,93834000.0,0.61,0.6,0.61,1757123000.0,,1757123000.0,4202967296.0,11.0,8.902,36935000.0,0.407,1.0,418133000.0,0.357,218109000.0,1574000.0,1708071000.0,,747116000.0,19762000.0,0.0,19762000.0,786722000.0,576585000.0,210137000.0,4284690296.0,-31887000.0,-36725000.0,-15063000.0,-2688000.0,-33469000.0,-35491000.0,-44018000.0,675000.0,45043000.0,3809000.0,55993000.0,55993000.0,55993000.0,0.0,0.0,0.048,325353000.0,92780000.0,314542000.0,0.303,2.438,18.554,18.482,731118000.0,0.0,46.76,0.924,0.916,464462000.0,2158000000.0,1172661000.0,1172661000.0,0.0,,,,,705000.0,325353000.0,1.0,91631529.0,90834004,92369529.0,12.91,2325736000.0,125800000.0,37841000.0,34819000.0,25.604,973534000.0
73,GWW,MRQ,2003-03-31,2003-03-31,2003-03-31,2021-08-02,-23651000.0,2492743000.0,,1530316000.0,962427000.0,,18.903,-21713000.0,218585000.0,218585000.0,729160000.0,52404000.0,2.639,0.451,136862000.0,9298000.0,127564000.0,136862000.0,0.0,24896000.0,0.0,0.017,0.18,89479000.0,114375000.0,0.1,114375000.0,89479000.0,88044000.0,0.58,0.57,0.58,1717643000.0,,1717643000.0,3849659926.0,10.0,8.206,27941000.0,0.307,1.0,410109000.0,0.36,180729000.0,1435000.0,1650306000.0,,706016000.0,19336000.0,0.0,19336000.0,775100000.0,579985000.0,195115000.0,3929022926.0,10057000.0,-3564000.0,0.0,0.0,0.0,-15729000.0,-25098000.0,0.0,49654000.0,0.0,52404000.0,52404000.0,52404000.0,0.0,0.0,0.046,318702000.0,91407000.0,301276000.0,0.31,2.287,17.125,17.092,738666000.0,0.0,42.9,0.844,0.837,454981000.0,2118972000.0,1139269000.0,1139269000.0,0.0,,,,,257000.0,318702000.0,1.0,91585616.0,90865346,92584753.0,12.538,2312014000.0,121651000.0,35640000.0,65273000.0,25.444,950331000.0
74,GWW,MRQ,2002-12-31,2002-12-31,2002-12-31,2021-08-02,-35742000.0,2437448000.0,,1484947000.0,952501000.0,,18.39,-35656000.0,208528000.0,208528000.0,646242000.0,62578000.0,2.533,0.462,129165000.0,9472000.0,119693000.0,129165000.0,0.0,4260000.0,0.0,0.014,0.18,107703000.0,111963000.0,0.1,111963000.0,107703000.0,105844000.0,0.69,0.67,0.69,1667698000.0,,1667698000.0,4627765003.0,12.0,10.164,-1566000.0,-0.017,1.0,474199000.0,0.423,148942000.0,1859000.0,1622877000.0,,721178000.0,21303000.0,0.0,21303000.0,769750000.0,586266000.0,183484000.0,4713629003.0,-9942000.0,5748000.0,3240000.0,-4429000.0,-16477000.0,-17666000.0,-26278000.0,3211000.0,34090000.0,-88000.0,62578000.0,62578000.0,62578000.0,0.0,0.0,0.056,365458000.0,108741000.0,290807000.0,0.261,2.826,22.28,22.413,736807000.0,0.0,51.55,1.015,1.021,423240000.0,2083072000.0,1120441000.0,1120441000.0,0.0,,,,,5897000.0,367397000.0,1.0,91438002.0,90687015,92811654.0,12.355,2288506000.0,115877000.0,43266000.0,37902000.0,25.235,898681000.0
75,GWW,MRQ,2002-09-30,2002-09-30,2002-09-30,2021-08-02,-39164000.0,2417006000.0,,1479286000.0,937720000.0,,17.54,-41703000.0,218470000.0,218470000.0,800840000.0,59953000.0,2.372,0.5,132606000.0,13965000.0,118641000.0,132606000.0,0.0,23186000.0,0.0,0.017,0.18,102653000.0,125839000.0,0.105,125839000.0,102653000.0,101290000.0,0.65,0.64,0.65,1611470000.0,,1611470000.0,3899704649.0,10.0,8.101,122434000.0,1.333,1.0,402560000.0,0.335,118020000.0,1363000.0,1589417000.0,,646452000.0,25656000.0,0.0,25656000.0,805536000.0,623705000.0,181831000.0,3960976649.0,19181000.0,3211000.0,-83142000.0,-221000.0,-16746000.0,-100109000.0,-42420000.0,-3211000.0,164137000.0,-2427000.0,59953000.0,59953000.0,59953000.0,0.0,0.0,0.05,302370000.0,100190000.0,333210000.0,0.277,2.458,18.817,18.744,723830000.0,0.0,42.55,0.855,0.844,479742000.0,2036971000.0,1203400000.0,1203400000.0,0.0,,,,,0.0,302370000.0,1.0,93089933.0,91871851,93589859.0,13.099,2298986000.0,112482000.0,41337000.0,25830000.0,25.024,855581000.0
76,GWW,MRQ,2002-06-30,2002-06-30,2002-06-30,2021-08-02,-28895000.0,2415249000.0,,1485264000.0,929985000.0,,17.897,-31615000.0,199289000.0,199289000.0,795230000.0,54499000.0,2.604,0.455,138017000.0,14187000.0,123830000.0,138017000.0,0.0,23596000.0,0.0,0.014,0.18,93372000.0,116968000.0,0.098,116968000.0,93372000.0,91965000.0,0.59,0.57,0.59,1659949000.0,,1659949000.0,4602012368.0,12.0,9.681,6158000.0,0.066,1.0,399562000.0,0.334,122313000.0,1407000.0,1661322000.0,,643173000.0,27669000.0,0.0,27669000.0,755300000.0,570342000.0,184958000.0,4691147368.0,-22301000.0,-1000.0,-13445000.0,-312000.0,-16872000.0,-30629000.0,-32255000.0,0.0,37773000.0,2810000.0,54499000.0,54499000.0,54499000.0,0.0,0.0,0.046,305298000.0,94264000.0,306597000.0,0.305,2.826,22.71,22.568,700573000.0,0.0,50.1,1.013,1.004,500725000.0,1993764000.0,1194792000.0,1194792000.0,0.0,,,,,0.0,305298000.0,1.0,93635676.0,92751999,95384343.0,12.882,2292936000.0,121266000.0,37466000.0,18091000.0,24.721,914922000.0
77,GWW,MRQ,2002-03-31,2002-03-31,2002-03-31,2021-08-02,-35714000.0,2431298000.0,,1496627000.0,934671000.0,,17.828,-18893000.0,221590000.0,221590000.0,742236000.0,34537000.0,2.478,0.472,132455000.0,14499000.0,117956000.0,132455000.0,0.0,24184000.0,0.0,0.012,0.175,76351000.0,100535000.0,0.089,100535000.0,76351000.0,74817000.0,0.37,0.36,0.37,1651180000.0,,1651180000.0,5226806856.0,17.0,12.786,48577000.0,0.524,1.0,383029000.0,0.34,0.0,1534000.0,1738182000.0,,649472000.0,22223000.0,0.0,22223000.0,780118000.0,603981000.0,176137000.0,5260387856.0,52744000.0,-3210000.0,10541000.0,-3818000.0,-16372000.0,-9649000.0,-4805000.0,15957000.0,67470000.0,-272000.0,34537000.0,34537000.0,34537000.0,0.0,0.0,0.031,293069000.0,89960000.0,342855000.0,0.473,3.186,31.52,31.413,687960000.0,0.0,56.23,1.129,1.118,484085000.0,1980058000.0,1125265000.0,1125265000.0,0.0,,,,,0.0,293069000.0,1.0,93551269.0,92618855,95428131.0,12.149,2431298000.0,100296000.0,40280000.0,34705000.0,26.251,892646000.0
78,GWW,MRQ,2001-12-31,2001-12-31,2001-12-31,2021-08-02,-29553000.0,2331246000.0,,1392611000.0,938635000.0,,17.311,-35720000.0,168846000.0,168846000.0,706890000.0,61513000.0,2.515,0.454,135265000.0,17046000.0,118219000.0,135265000.0,0.0,31569000.0,0.0,0.014,0.175,106454000.0,138023000.0,0.124,138023000.0,106454000.0,104917000.0,0.66,0.65,0.66,1603189000.0,,1603189000.0,4497738048.0,15.0,10.939,78387000.0,0.846,1.0,403609000.0,0.363,194690000.0,1537000.0,1549164000.0,,634654000.0,31799000.0,0.0,31799000.0,728057000.0,553811000.0,174246000.0,4490214048.0,30330000.0,4547000.0,-15335000.0,-9878000.0,-16346000.0,-47663000.0,-36055000.0,-5222000.0,114107000.0,-59000.0,61513000.0,61513000.0,61513000.0,0.0,0.0,0.055,297790000.0,105819000.0,275893000.0,0.265,2.801,25.727,25.668,689718000.0,0.0,48.0,0.944,0.941,454180000.0,1937972000.0,1110499000.0,1110499000.0,0.0,,,,,1814000.0,298720000.0,1.0,93546126.0,92612478,94455621.0,11.991,2136556000.0,97454000.0,43404000.0,10351000.0,23.07,838800000.0
79,GWW,MRQ,2001-09-30,2001-09-30,2001-09-30,2021-08-02,-39266000.0,2379666000.0,,1458041000.0,921625000.0,,16.794,-18480000.0,138516000.0,138516000.0,803507000.0,56022000.0,2.282,0.518,146040000.0,26924000.0,119116000.0,146040000.0,0.0,23293000.0,0.0,0.018,0.175,96565000.0,119858000.0,0.1,119858000.0,96565000.0,94396000.0,0.6,0.59,0.6,1567926000.0,,1567926000.0,3845467185.0,13.0,9.735,207497000.0,2.223,1.0,395851000.0,0.33,0.0,2169000.0,1748255000.0,,630437000.0,4412000.0,0.0,4412000.0,811740000.0,638935000.0,172805000.0,3668443185.0,72235000.0,0.0,-25681000.0,-92379000.0,-16526000.0,-132900000.0,-18596000.0,473000.0,225977000.0,-2246000.0,56022000.0,56022000.0,56022000.0,0.0,0.0,0.047,300474000.0,95377000.0,284998000.0,0.292,2.34,22.794,22.587,672108000.0,0.0,38.85,0.756,0.747,548288000.0,1892805000.0,1199358000.0,1199358000.0,0.0,,,,,0.0,300474000.0,1.0,94425822.0,93360391,94905733.0,12.847,2379666000.0,98781000.0,38374000.0,21662000.0,25.489,819106000.0
80,GWW,MRQ,2001-06-30,2001-06-30,2001-06-30,2021-08-02,-21706000.0,2437820000.0,,1491439000.0,946381000.0,,16.735,-23219000.0,66281000.0,66281000.0,830124000.0,14820000.0,2.154,0.554,243305000.0,119303000.0,124002000.0,243305000.0,0.0,24236000.0,0.0,0.017,0.175,26129000.0,50365000.0,0.041,50365000.0,26129000.0,23162000.0,0.16,0.15,0.16,1569051000.0,,1569051000.0,4096936296.0,14.0,10.479,52065000.0,0.555,1.0,394916000.0,0.322,0.0,2967000.0,1922385000.0,,665156000.0,4751000.0,0.0,4751000.0,868769000.0,692459000.0,176310000.0,3908490296.0,-2693000.0,-1940000.0,-24562000.0,-18762000.0,-16573000.0,-56709000.0,-23061000.0,0.0,75284000.0,1793000.0,14820000.0,14820000.0,14820000.0,0.0,0.0,0.012,341228000.0,53688000.0,299331000.0,1.094,2.491,25.542,25.098,676087000.0,0.0,41.16,0.793,0.783,606384000.0,1853309000.0,1225040000.0,1225040000.0,0.0,,,,,0.0,301228000.0,1.0,94958462.0,93757352,95252754.0,13.066,2437820000.0,103256000.0,8342000.0,-6125000.0,26.001,798980000.0
81,GWW,MRQ,2001-03-31,2001-03-31,2001-03-31,2021-08-02,-37084000.0,2452363000.0,,1488523000.0,963840000.0,,16.883,-17669000.0,68974000.0,68974000.0,824509000.0,42175000.0,2.092,0.561,257420000.0,138065000.0,119355000.0,257420000.0,0.0,24111000.0,0.0,0.02,0.17,78806000.0,102917000.0,0.084,102917000.0,78806000.0,74805000.0,0.45,0.45,0.45,1570587000.0,,1570587000.0,3437459607.0,10.0,7.385,76144000.0,0.819,1.0,394911000.0,0.324,0.0,4001000.0,1929225000.0,,685823000.0,21801000.0,0.0,21801000.0,881776000.0,711584000.0,170192000.0,3179277607.0,5590000.0,-17014000.0,23294000.0,-58243000.0,-16000000.0,-49810000.0,-36352000.0,0.0,93813000.0,-2061000.0,42175000.0,42175000.0,42175000.0,0.0,0.0,0.035,311222000.0,83689000.0,255664000.0,0.378,2.024,16.399,16.274,673472000.0,0.0,33.85,0.639,0.633,595105000.0,1855062000.0,1219420000.0,1219420000.0,0.0,,,,,0.0,311222000.0,1.0,93922529.0,93026308,94297365.0,13.108,2452363000.0,90263000.0,32630000.0,46199000.0,26.362,776939000.0
82,GWW,MRQ,2000-12-31,2000-12-31,2000-12-31,2021-08-02,-18832000.0,2459601000.0,,1483002000.0,976599000.0,,16.541,-28996000.0,63384000.0,63384000.0,807390000.0,47923000.0,1.984,0.6,321566000.0,196308000.0,125258000.0,321566000.0,0.0,31761000.0,0.0,0.018,0.17,90118000.0,121879000.0,0.101,121879000.0,90118000.0,84800000.0,0.51,0.51,0.51,1537386000.0,,1537386000.0,3758920425.0,11.0,8.121,88043000.0,0.947,1.0,402516000.0,0.333,215279000.0,5318000.0,1755180000.0,,704071000.0,51599000.0,0.0,51599000.0,922215000.0,747324000.0,174891000.0,3429556425.0,-8880000.0,-1529000.0,5522000.0,-80374000.0,-15972000.0,-96998000.0,-28610000.0,925000.0,117039000.0,-311000.0,47923000.0,47923000.0,47923000.0,0.0,0.0,0.04,306652000.0,95864000.0,283112000.0,0.333,2.231,17.779,17.633,676397000.0,0.0,36.5,0.689,0.682,608297000.0,1837298000.0,1209906000.0,1209906000.0,0.0,,,,,3198000.0,306652000.0,1.0,93960450.0,92945478,93956170.0,13.017,2244322000.0,90897000.0,36877000.0,29352000.0,24.147,735678000.0
83,GWW,MRQ,2000-09-30,2000-09-30,2000-09-30,2021-08-02,-11717000.0,2555039000.0,,1580804000.0,974235000.0,,16.217,-16196000.0,72264000.0,72264000.0,863853000.0,48107000.0,1.791,0.692,401628000.0,281577000.0,120051000.0,401628000.0,0.0,25412000.0,0.0,0.025,0.17,90381000.0,115793000.0,0.091,115793000.0,90381000.0,83983000.0,0.52,0.51,0.52,1509813000.0,,1509813000.0,2839337483.0,9.0,6.867,59857000.0,0.643,1.0,409185000.0,0.321,0.0,6398000.0,2001534000.0,,754509000.0,28941000.0,0.0,28941000.0,1045226000.0,882869000.0,162357000.0,2470704483.0,15125000.0,-24452000.0,0.0,-22262000.0,-15972000.0,-37841000.0,-22501000.0,17205000.0,76053000.0,-586000.0,48107000.0,48107000.0,48107000.0,0.0,0.0,0.038,317607000.0,91578000.0,271734000.0,0.327,1.636,14.27,14.07,668652000.0,0.0,26.31,0.495,0.491,651739000.0,1805347000.0,1273038000.0,1273038000.0,0.0,,,,,0.0,317607000.0,1.0,93907430.0,93097895,94074751.0,13.674,2555039000.0,76995000.0,35876000.0,36423000.0,27.445,697935000.0
84,GWW,MRQ,2000-06-30,2000-06-30,2000-06-30,2021-08-02,-114000.0,2572930000.0,,1589830000.0,983100000.0,,15.974,-26920000.0,57139000.0,57139000.0,880463000.0,55662000.0,1.735,0.731,425772000.0,303839000.0,121933000.0,425772000.0,0.0,24770000.0,0.0,0.021,0.17,100134000.0,124904000.0,0.098,124904000.0,100134000.0,93549000.0,0.6,0.59,0.6,1486400000.0,,1486400000.0,3265433807.0,11.0,8.127,10335000.0,0.111,1.0,391188000.0,0.308,0.0,6585000.0,2025022000.0,,771080000.0,0.0,0.0,0.0,1086530000.0,916541000.0,169989000.0,2894424807.0,-7546000.0,-881000.0,-112000.0,-7398000.0,-15964000.0,-22748000.0,-21229000.0,8535000.0,37255000.0,-824000.0,55662000.0,55662000.0,55662000.0,0.0,0.0,0.044,318287000.0,72901000.0,334739000.0,0.283,1.947,16.947,16.745,679718000.0,0.0,30.81,0.592,0.586,654623000.0,1773212000.0,1271651000.0,1271651000.0,0.0,,,,,0.0,318287000.0,1.0,93944330.0,93054100,94447965.0,13.666,2572930000.0,74533000.0,37887000.0,34903000.0,27.65,673289000.0
85,GWW,MRQ,2000-03-31,2000-03-31,2000-03-31,2021-08-02,57320000.0,2612475000.0,,1543662000.0,1068813000.0,,16.169,-21738000.0,64685000.0,64685000.0,840001000.0,41211000.0,1.71,0.739,435694000.0,311237000.0,124457000.0,435694000.0,0.0,24950000.0,0.0,0.012,0.16,75365000.0,100315000.0,0.082,100315000.0,75365000.0,69263000.0,0.44,0.44,0.44,1502382000.0,,1502382000.0,5460469615.0,18.0,14.166,26310000.0,0.283,1.0,382448000.0,0.313,0.0,6102000.0,2080692000.0,,773214000.0,0.0,0.0,0.0,1110093000.0,902792000.0,207301000.0,5073667615.0,2002000.0,0.0,-346000.0,-13334000.0,-14955000.0,-23480000.0,-22481000.0,0.0,48048000.0,-85000.0,41211000.0,41211000.0,41211000.0,0.0,0.0,0.034,307671000.0,74777000.0,295153000.0,0.364,3.377,30.623,30.478,688004000.0,0.0,54.25,1.064,1.057,600974000.0,1733514000.0,1222449000.0,1222449000.0,0.0,,,,,0.0,307671000.0,1.0,93523827.0,92917780,94416374.0,13.156,2612475000.0,67554000.0,28052000.0,74342000.0,28.116,640870000.0
86,GWW,MRQ,1999-12-31,1999-12-31,1999-12-31,2021-08-02,68791000.0,2564826000.0,,1471145000.0,1093681000.0,,15.945,-33890000.0,62683000.0,62683000.0,954849000.0,28158000.0,1.69,0.732,449485000.0,324557000.0,124928000.0,449485000.0,0.0,19504000.0,0.0,0.013,0.16,52969000.0,72473000.0,0.059,72473000.0,52969000.0,47325000.0,0.31,0.3,0.31,1480529000.0,,1480529000.0,4789632314.0,15.0,11.925,-50396000.0,-0.543,1.0,269015000.0,0.22,222702000.0,5644000.0,1858392000.0,,762495000.0,154203000.0,0.0,154203000.0,1084297000.0,870534000.0,213763000.0,4464662314.0,4872000.0,0.0,829000.0,74881000.0,-14941000.0,59700000.0,-40195000.0,5000000.0,-16506000.0,1873000.0,28158000.0,28158000.0,28158000.0,0.0,0.0,0.023,215906000.0,53109000.0,311345000.0,0.516,3.016,24.703,24.518,697751000.0,0.0,47.81,0.963,0.957,561786000.0,1707258000.0,1223864000.0,1223864000.0,0.0,,,,,3424000.0,215906000.0,1.0,93383441.0,92851864,94186557.0,13.181,2342124000.0,65794000.0,19167000.0,48503000.0,25.224,600611000.0
87,GWW,MRQ,1999-09-30,1999-09-30,1999-09-30,2021-08-02,-12515000.0,2349400000.0,,1392783000.0,956617000.0,,14.924,-18625000.0,47609000.0,47609000.0,752657000.0,45757000.0,1.753,0.696,372579000.0,244746000.0,127833000.0,372579000.0,0.0,21925000.0,0.0,0.013,0.16,82178000.0,104103000.0,0.089,104103000.0,82178000.0,76902000.0,0.49,0.49,0.49,1385556000.0,,1385556000.0,4838851972.0,13.0,10.715,53070000.0,0.572,1.0,422736000.0,0.36,0.0,5276000.0,1879735000.0,,699290000.0,0.0,0.0,0.0,963844000.0,794635000.0,169209000.0,4486698972.0,8521000.0,0.0,-435000.0,-25443000.0,-14942000.0,-42692000.0,-20482000.0,-8000000.0,71695000.0,0.0,45757000.0,45757000.0,45757000.0,0.0,0.0,0.039,342354000.0,80382000.0,306136000.0,0.327,3.238,20.528,20.538,685472000.0,0.0,48.06,0.985,0.98,565499000.0,1694041000.0,1175393000.0,1175393000.0,0.0,,,,,0.0,342354000.0,1.0,93356200.0,92840777,94352612.0,12.66,2349400000.0,73354000.0,31145000.0,17681000.0,25.306,598148000.0
88,GWW,MRQ,1999-06-30,1999-06-30,1999-06-30,2021-08-02,-14054000.0,2341420000.0,,1384757000.0,956663000.0,,14.56,-39277000.0,45452000.0,45452000.0,730160000.0,50553000.0,1.683,0.733,397605000.0,270171000.0,127434000.0,397605000.0,0.0,20659000.0,0.0,0.011,0.16,87907000.0,108566000.0,0.095,108566000.0,87907000.0,84964000.0,0.54,0.53,0.54,1351447000.0,,1351447000.0,5285937709.0,13.0,11.482,-58864000.0,-0.634,1.0,416015000.0,0.363,0.0,2943000.0,1870813000.0,,691490000.0,0.0,0.0,0.0,989973000.0,822760000.0,167213000.0,5021478709.0,7456000.0,0.0,-1265000.0,93389000.0,-14931000.0,79282000.0,-52239000.0,-15500000.0,-19587000.0,0.0,50553000.0,50553000.0,50553000.0,0.0,0.0,0.044,328544000.0,87471000.0,331358000.0,0.296,3.716,21.938,22.144,693490000.0,0.0,53.81,1.116,1.11,562630000.0,1663226000.0,1146175000.0,1146175000.0,0.0,,,,,0.0,328544000.0,1.0,93318690.0,92820417,94511981.0,12.348,2341420000.0,69478000.0,34411000.0,14545000.0,25.225,561997000.0
89,GWW,MRQ,1999-03-31,1999-03-31,1999-03-31,2021-08-02,-17027000.0,2202056000.0,,1280779000.0,921277000.0,,14.127,-42194000.0,36859000.0,36859000.0,687981000.0,56263000.0,1.761,0.679,301318000.0,176765000.0,124553000.0,301318000.0,0.0,20198000.0,0.0,0.014,0.15,96292000.0,116490000.0,0.107,116490000.0,96292000.0,94559000.0,0.61,0.6,0.61,1311495000.0,,1311495000.0,4208853572.0,10.0,8.933,-40556000.0,-0.437,1.0,402862000.0,0.369,0.0,1733000.0,1739033000.0,,646555000.0,0.0,0.0,0.0,890561000.0,727482000.0,163079000.0,4018186572.0,-1337000.0,0.0,-13212000.0,65856000.0,-14003000.0,39493000.0,-42468000.0,0.0,1638000.0,0.0,56263000.0,56263000.0,56263000.0,0.0,0.0,0.052,306596000.0,96266000.0,307432000.0,0.246,3.064,16.912,17.224,680586000.0,0.0,43.06,0.898,0.894,508080000.0,1627604000.0,1090843000.0,1090843000.0,0.0,,,,,0.0,306596000.0,1.0,93315991.0,92833727,94210765.0,11.751,2202056000.0,65035000.0,38296000.0,55871000.0,23.72,553297000.0
90,GWW,MRQ,1998-12-31,1998-12-31,1998-12-31,2021-08-02,-19564000.0,2103966000.0,,1206429000.0,897537000.0,,13.613,-45645000.0,43171000.0,43171000.0,844272000.0,65993000.0,1.815,0.645,233774000.0,110891000.0,122883000.0,233774000.0,0.0,9704000.0,0.0,0.014,0.15,112717000.0,122421000.0,0.107,122421000.0,112717000.0,110912000.0,0.7,0.69,0.7,1278741000.0,,1278741000.0,4097247200.0,10.0,8.71,38543000.0,0.41,1.0,298588000.0,0.261,213912000.0,1805000.0,1416100000.0,,626731000.0,5000000.0,0.0,5000000.0,825225000.0,664557000.0,160668000.0,3952730200.0,-5195000.0,0.0,-76224000.0,43064000.0,-14200000.0,-51561000.0,-37135000.0,-5000000.0,84188000.0,-687000.0,65993000.0,65993000.0,65993000.0,0.0,0.0,0.058,185206000.0,113382000.0,212872000.0,0.214,3.091,16.573,16.786,660528000.0,0.0,41.63,0.89,0.902,463377000.0,1585344000.0,1142860000.0,1142860000.0,0.0,,,,,4107000.0,185206000.0,1.0,94949080.0,93936868,95332970.0,12.166,1890054000.0,64387000.0,44919000.0,33220000.0,20.12,541872000.0
91,GWW,MRQ,1998-09-30,1998-09-30,1998-09-30,2021-08-02,-19759000.0,2051556000.0,,1186823000.0,864733000.0,,13.495,-39233000.0,46071000.0,46071000.0,714727000.0,56089000.0,2.022,0.575,190588000.0,67800000.0,122788000.0,190588000.0,0.0,17059000.0,0.0,0.014,0.15,95818000.0,112877000.0,0.101,112877000.0,95818000.0,94268000.0,0.58,0.57,0.58,1302540000.0,,1302540000.0,4224017138.0,10.0,8.958,85790000.0,0.889,1.0,405311000.0,0.362,0.0,1550000.0,1609166000.0,,570330000.0,0.0,0.0,0.0,749016000.0,586907000.0,162109000.0,4116193138.0,-2918000.0,0.0,-104681000.0,38925000.0,-14638000.0,-78224000.0,-49717000.0,0.0,125023000.0,0.0,56089000.0,56089000.0,56089000.0,0.0,0.0,0.05,309068000.0,96243000.0,279256000.0,0.259,3.16,17.464,17.409,634590000.0,0.0,42.13,0.951,0.939,496646000.0,1533551000.0,1120038000.0,1120038000.0,0.0,,,,,0.0,309068000.0,1.0,97702187.0,96519586,98010294.0,11.604,2051556000.0,60480000.0,38179000.0,23545000.0,21.255,599916000.0
92,GWW,MRQ,1998-06-30,1998-06-30,1998-06-30,2021-08-02,-13212000.0,2071608000.0,,1224298000.0,847310000.0,,14.084,-34879000.0,48989000.0,48989000.0,717011000.0,59250000.0,2.288,0.513,156813000.0,28858000.0,127955000.0,156813000.0,0.0,18189000.0,0.0,0.011,0.15,101194000.0,119383000.0,0.107,119383000.0,101194000.0,99580000.0,0.61,0.6,0.61,1369626000.0,,1369626000.0,4995356032.0,12.0,10.612,35552000.0,0.366,1.0,401959000.0,0.359,0.0,1614000.0,1644279000.0,,584051000.0,0.0,0.0,0.0,701982000.0,535153000.0,166829000.0,4868657032.0,12957000.0,0.0,-4182000.0,-1743000.0,-14661000.0,-18481000.0,-38993000.0,0.0,70431000.0,0.0,59250000.0,59250000.0,59250000.0,0.0,0.0,0.053,301193000.0,100766000.0,282867000.0,0.246,3.555,20.622,20.668,616817000.0,0.0,49.81,1.139,1.133,515760000.0,1492100000.0,1118970000.0,1118970000.0,0.0,,,,,0.0,301193000.0,1.0,97744570.0,97246552,99061632.0,11.507,2071608000.0,59934000.0,40330000.0,27328000.0,21.303,689145000.0
93,GWW,MRQ,1998-03-31,1998-03-31,1998-03-31,2021-08-02,-8033000.0,2037849000.0,,1198003000.0,839846000.0,,13.698,-45768000.0,36032000.0,36032000.0,671952000.0,57172000.0,2.239,0.53,162731000.0,30586000.0,132145000.0,162731000.0,0.0,17949000.0,0.0,0.011,0.135,97770000.0,115719000.0,0.109,115719000.0,97770000.0,96087000.0,0.59,0.58,0.59,1331790000.0,,1331790000.0,5131261544.0,13.0,11.013,6071000.0,0.062,1.0,385155000.0,0.364,0.0,1683000.0,1629585000.0,,606174000.0,0.0,0.0,0.0,706059000.0,534963000.0,171096000.0,5020195544.0,-10897000.0,0.0,-8429000.0,3775000.0,-13184000.0,-17912000.0,-44824000.0,0.0,51839000.0,0.0,57172000.0,57172000.0,57172000.0,0.0,0.0,0.054,287564000.0,97591000.0,274852000.0,0.229,3.77,21.418,21.688,601894000.0,0.0,51.4,1.193,1.188,482500000.0,1447512000.0,1057107000.0,1057107000.0,0.0,,,,,0.0,287564000.0,1.0,97669174.0,97224310,98981736.0,10.873,2037849000.0,59452000.0,38915000.0,66686000.0,20.96,663040000.0
94,GWW,MRQ,1997-12-31,1997-12-31,1997-12-31,2021-08-02,-9210000.0,2000116000.0,,1185283000.0,814833000.0,,13.189,-33803000.0,49224000.0,49224000.0,635980000.0,63185000.0,2.211,0.545,157995000.0,26794000.0,131201000.0,157995000.0,0.0,15934000.0,0.0,0.011,0.135,107643000.0,123577000.0,0.12,123577000.0,107643000.0,106194000.0,0.64,0.63,0.64,1294661000.0,,1294661000.0,,,,85837000.0,0.874,1.0,396891000.0,0.384,207818000.0,1449000.0,1364893000.0,,612132000.0,0.0,0.0,0.0,705455000.0,536176000.0,169279000.0,4746233511.0,-4226000.0,0.0,-74204000.0,-4366000.0,-13347000.0,-90092000.0,-33774000.0,0.0,119640000.0,0.0,63185000.0,63185000.0,63185000.0,0.0,0.0,0.061,289506000.0,107385000.0,207584000.0,0.211,3.666,20.473,21.128,592913000.0,0.0,48.595,1.147,1.182,455457000.0,1403523000.0,1032871000.0,1032871000.0,0.0,,,,,0.0,289506000.0,1.0,97669174.0,98164159,99882476.0,10.522,1792298000.0,59348000.0,43009000.0,37773000.0,18.258,649107000.0
95,GWW,MRQ,1997-09-30,1997-09-30,1997-09-30,2021-08-02,,,,,,,,-28249000.0,,,693775000.0,56480000.0,,,,,,,,15686000.0,,0.012,0.135,96361000.0,112047000.0,0.105,112047000.0,96361000.0,94925000.0,0.57,0.56,0.57,,,,,,,118902000.0,1.201,1.0,373152000.0,0.35,,1436000.0,,,,,,,,,,,25810000.0,0.0,-4631000.0,-76690000.0,-13426000.0,-93982000.0,-27359000.0,0.0,147151000.0,0.0,56480000.0,56480000.0,56480000.0,0.0,0.0,0.053,277338000.0,95814000.0,,0.237,,,,,0.0,44.5,,,,,1066927000.0,1066927000.0,0.0,,,,,0.0,277338000.0,1.0,,98968570,100669166.0,10.78,,,38445000.0,,,
96,GWW,MRQ,1997-06-30,1997-06-30,1997-06-30,2021-08-02,,,,,,,,-25910000.0,,,680177000.0,57559000.0,,,,,,,,16436000.0,,0.013,0.135,98165000.0,114601000.0,0.109,114601000.0,98165000.0,96737000.0,0.57,0.56,0.57,,,,,,,38675000.0,0.383,1.0,371029000.0,0.353,,1428000.0,,,,,,,,,,,-69972000.0,0.0,-169999000.0,75357000.0,-13968000.0,-107598000.0,-26959000.0,0.0,64585000.0,0.0,57559000.0,57559000.0,57559000.0,0.0,0.0,0.055,273044000.0,97985000.0,,0.237,,,,,0.0,39.125,,,,,1051206000.0,1051206000.0,0.0,,,,,0.0,273044000.0,1.0,,100887998,102287338.0,10.42,,,39178000.0,,,
97,GWW,MRQ,1997-03-31,1997-03-31,1997-03-31,2021-08-02,,,,,,,,-17346000.0,,,632276000.0,54609000.0,,,,,,,,16757000.0,,0.014,0.125,92928000.0,109685000.0,0.111,109685000.0,92928000.0,91780000.0,0.52,0.52,0.52,,,,,,,84188000.0,0.806,1.0,353280000.0,0.358,,1148000.0,,,,,,,,,,,-25271000.0,0.0,-95749000.0,-2486000.0,-13193000.0,-111271000.0,-15534000.0,0.0,101534000.0,0.0,54609000.0,54609000.0,54609000.0,0.0,0.0,0.055,261305000.0,91975000.0,,0.24,,,,,0.0,37.0,,,,,985556000.0,985556000.0,0.0,,,,,0.0,261305000.0,1.0,,104397344,105876828.0,9.44,,,37171000.0,,,
98,GWW,MRQ,1996-12-31,1996-12-31,1996-12-31,2021-08-02,-2262000.0,2119021000.0,,1320243000.0,798778000.0,,14.298,,126935000.0,126935000.0,,,2.143,0.449,166180000.0,160028000.0,6152000.0,166180000.0,0.0,,0.0,0.012,0.125,,,,,,,,,,1462662000.0,,1462662000.0,,,,,,1.0,,,232232000.0,,1309966000.0,,686925000.0,0.0,0.0,0.0,656359000.0,616068000.0,40291000.0,,,,,,,,,,,,,,,,,,,,240779000.0,,,,19.669,550984000.0,,40.125,,1.16,433575000.0,1225624000.0,,,,,,,,,,1.0,,102295506,,,1886789000.0,60837000.0,,30011000.0,18.444,704175000.0
99,GWW,MRQ,1995-12-31,1995-12-31,1995-12-31,2021-08-02,0.0,1669243000.0,,1062660000.0,606583000.0,,11.602,,11460000.0,11460000.0,,,2.393,0.416,55531000.0,46818000.0,8713000.0,55531000.0,0.0,,0.0,0.013,0.115,,,,,,,,,,1179109000.0,,1179109000.0,,,,,,1.0,,,72611000.0,,1196567000.0,,602639000.0,0.0,0.0,0.0,490134000.0,444136000.0,45998000.0,,,,,,,,,,,,,,,,,,,,204925000.0,,,,18.052,518351000.0,,33.125,,1.027,369576000.0,1067133000.0,,,,,,,,,,1.0,,101630162,,,1596632000.0,67239000.0,,32004000.0,15.71,618524000.0
0,GWW,MRT,2021-06-30,2021-06-30,2021-06-30,2021-08-02,-74000000.0,6462000000.0,6418250000.0,4057000000.0,2405000000.0,1.909,35.785,-251000000.0,547000000.0,547000000.0,7932000000.0,939000000.0,2.553,2.313,2375000000.0,0.0,2375000000.0,2375000000.0,0.0,179000000.0,0.0,0.014,6.21,1302000000.0,1481000000.0,0.121,1481000000.0,1302000000.0,1215000000.0,16.38,16.28,16.38,1868000000.0,1910750000.0,1868000000.0,24642243510.0,19.0,16.639,959000000.0,18.372,1.0,4318000000.0,0.352,622000000.0,87000000.0,6079000000.0,6056000000.0,1707000000.0,0.0,0.0,0.0,4321000000.0,1589000000.0,2732000000.0,22824243510.0,-1056000000.0,24000000.0,-711000000.0,-962000000.0,-350000000.0,-2053000000.0,-227000000.0,0.0,1210000000.0,14000000.0,871000000.0,871000000.0,871000000.0,0.0,68000000.0,0.071,2971000000.0,1347000000.0,954000000.0,0.379,12.219,26.205,26.74,1436000000.0,0.0,438.0,1.863,1.866,1634000000.0,9089000000.0,12250000000.0,12250000000.0,0.0,0.136,0.456,0.215,0.106,45000000.0,2971000000.0,1.0,52110145.0,52200000,52500000.0,234.674,5840000000.0,0.0,344000000.0,117000000.0,111.877,2468000000.0
1,GWW,MRT,2021-03-31,2021-03-31,2021-03-31,2021-08-02,-81000000.0,6333000000.0,6601250000.0,3934000000.0,2399000000.0,1.8,34.723,-220000000.0,562000000.0,562000000.0,7670000000.0,825000000.0,2.57,2.342,2380000000.0,7000000.0,2373000000.0,2380000000.0,0.0,180000000.0,0.0,0.015,6.03,1176000000.0,1356000000.0,0.114,1356000000.0,1176000000.0,1083000000.0,14.19,14.11,14.19,1816000000.0,1926000000.0,1816000000.0,22810996217.0,19.0,16.822,953000000.0,18.222,1.0,4210000000.0,0.354,612000000.0,93000000.0,6008000000.0,6274250000.0,1675000000.0,0.0,0.0,0.0,4253000000.0,1531000000.0,2722000000.0,20998996217.0,-930000000.0,20000000.0,-617000000.0,-958000000.0,-341000000.0,-1931000000.0,-185000000.0,15000000.0,1173000000.0,13000000.0,760000000.0,760000000.0,760000000.0,0.0,65000000.0,0.064,2992000000.0,1218000000.0,887000000.0,0.425,11.563,27.63,28.254,1441000000.0,0.0,400.93,1.768,1.765,1576000000.0,8948000000.0,11880000000.0,11880000000.0,0.0,0.115,0.395,0.187,0.099,45000000.0,2992000000.0,1.0,52375717.0,52300000,52600000.0,227.151,5721000000.0,0.0,323000000.0,175000000.0,109.388,2403000000.0
2,GWW,MRT,2020-12-31,2020-12-31,2020-12-31,2021-08-02,-61000000.0,6295000000.0,6812250000.0,3919000000.0,2376000000.0,1.732,34.168,-197000000.0,585000000.0,585000000.0,7559000000.0,755000000.0,2.72,2.299,2397000000.0,8000000.0,2389000000.0,2397000000.0,0.0,182000000.0,0.0,0.015,5.94,980000000.0,1162000000.0,0.098,1162000000.0,980000000.0,887000000.0,12.88,12.82,12.88,1828000000.0,1924500000.0,1828000000.0,23455811537.0,24.0,20.186,926000000.0,17.308,1.0,4238000000.0,0.359,619000000.0,93000000.0,6047000000.0,6507000000.0,1733000000.0,0.0,0.0,0.0,4202000000.0,1441000000.0,2761000000.0,21914811537.0,225000000.0,20000000.0,-531000000.0,161000000.0,-338000000.0,-726000000.0,-179000000.0,0.0,1123000000.0,7000000.0,695000000.0,695000000.0,695000000.0,0.0,60000000.0,0.059,3219000000.0,1019000000.0,779000000.0,0.461,11.988,31.532,31.703,1395000000.0,0.0,408.34,1.858,1.852,1474000000.0,8779000000.0,11797000000.0,11797000000.0,0.0,0.102,0.361,0.151,0.083,46000000.0,3219000000.0,1.0,53668050.0,53500000,53700000.0,220.505,5676000000.0,0.0,192000000.0,152000000.0,106.093,2478000000.0
3,GWW,MRT,2020-09-30,2020-09-30,2020-09-30,2021-08-02,-134000000.0,6583000000.0,6739750000.0,4273000000.0,2310000000.0,1.736,39.757,-210000000.0,859000000.0,859000000.0,7410000000.0,687000000.0,2.965,1.975,2400000000.0,12000000.0,2388000000.0,2400000000.0,0.0,195000000.0,0.0,0.016,5.85,892000000.0,1087000000.0,0.093,1087000000.0,892000000.0,801000000.0,11.67,11.62,11.67,2131000000.0,1931250000.0,2131000000.0,20846788253.0,23.0,19.178,849000000.0,15.84,1.0,4293000000.0,0.367,593000000.0,91000000.0,6090000000.0,6357500000.0,1780000000.0,0.0,0.0,0.0,4208000000.0,1441000000.0,2767000000.0,19112788253.0,573000000.0,23000000.0,-124000000.0,176000000.0,-332000000.0,-295000000.0,-189000000.0,0.0,1059000000.0,-2000000.0,630000000.0,630000000.0,630000000.0,0.0,57000000.0,0.054,3368000000.0,925000000.0,836000000.0,0.501,8.969,30.338,30.572,1394000000.0,0.0,356.77,1.633,1.634,1485000000.0,8694000000.0,11703000000.0,11703000000.0,0.0,0.093,0.326,0.14,0.076,44000000.0,3368000000.0,1.0,53571736.0,53600000,53900000.0,218.34,5990000000.0,40000000.0,171000000.0,132000000.0,111.754,2832000000.0
4,GWW,MRT,2020-06-30,2020-06-30,2020-06-30,2021-08-02,-151000000.0,7194000000.0,6574500000.0,4918000000.0,2276000000.0,1.769,36.056,-207000000.0,1603000000.0,1603000000.0,7314000000.0,675000000.0,3.543,2.614,3337000000.0,36000000.0,3301000000.0,3337000000.0,0.0,211000000.0,0.0,0.018,5.76,854000000.0,1065000000.0,0.092,1065000000.0,854000000.0,766000000.0,11.51,11.46,11.51,1929000000.0,1866250000.0,1929000000.0,18646486774.0,22.0,17.508,861000000.0,16.093,1.0,4318000000.0,0.371,588000000.0,88000000.0,6952000000.0,6186250000.0,1695000000.0,0.0,0.0,0.0,5042000000.0,1388000000.0,3654000000.0,16797486774.0,1288000000.0,16000000.0,-340000000.0,1109000000.0,-329000000.0,427000000.0,-193000000.0,0.0,1068000000.0,-14000000.0,623000000.0,623000000.0,623000000.0,0.0,52000000.0,0.054,3435000000.0,883000000.0,770000000.0,0.5,8.708,26.962,27.295,1365000000.0,0.0,314.16,1.444,1.445,1460000000.0,8536000000.0,11632000000.0,11632000000.0,0.0,0.095,0.334,0.138,0.073,43000000.0,3435000000.0,1.0,53467936.0,53500000,53700000.0,217.421,6606000000.0,43000000.0,143000000.0,128000000.0,123.477,3530000000.0
5,GWW,MRT,2020-03-31,2020-03-31,2020-03-31,2021-08-02,-217000000.0,7177000000.0,6274000000.0,4914000000.0,2263000000.0,1.863,33.769,-211000000.0,1492000000.0,1492000000.0,7265000000.0,818000000.0,3.276,2.844,3341000000.0,38000000.0,3303000000.0,3341000000.0,0.0,217000000.0,0.0,0.023,5.76,1032000000.0,1249000000.0,0.107,1249000000.0,1032000000.0,951000000.0,14.09,14.03,14.09,1810000000.0,1864750000.0,1810000000.0,15188592041.0,15.0,12.161,948000000.0,17.687,1.0,4423000000.0,0.378,587000000.0,81000000.0,6939000000.0,5841000000.0,1615000000.0,0.0,0.0,0.0,5147000000.0,1500000000.0,3647000000.0,13333592041.0,1100000000.0,11000000.0,-600000000.0,1093000000.0,-330000000.0,153000000.0,-202000000.0,0.0,1159000000.0,-10000000.0,769000000.0,769000000.0,769000000.0,0.0,49000000.0,0.066,3365000000.0,1058000000.0,863000000.0,0.409,7.367,17.339,17.637,1357000000.0,0.0,248.5,1.141,1.14,1613000000.0,8500000000.0,11688000000.0,11688000000.0,0.0,0.123,0.412,0.177,0.088,44000000.0,3365000000.0,1.0,53656306.0,53600000,53800000.0,218.06,6590000000.0,75000000.0,182000000.0,118000000.0,122.948,3414000000.0
6,GWW,MRT,2019-12-31,2019-12-31,2019-12-31,2021-08-02,-154000000.0,6005000000.0,5983250000.0,3555000000.0,2450000000.0,1.92,33.912,-221000000.0,360000000.0,360000000.0,7089000000.0,895000000.0,2.119,2.127,2215000000.0,301000000.0,1914000000.0,2215000000.0,0.0,229000000.0,0.0,0.017,5.68,1242000000.0,1471000000.0,0.128,1471000000.0,1242000000.0,1163000000.0,15.39,15.32,15.39,1855000000.0,1905000000.0,1855000000.0,20136804304.0,16.0,13.689,821000000.0,15.009,1.0,4397000000.0,0.383,733000000.0,79000000.0,5449000000.0,5481250000.0,1655000000.0,0.0,0.0,0.0,3945000000.0,1678000000.0,2267000000.0,18234804304.0,-178000000.0,17000000.0,-651000000.0,-37000000.0,-328000000.0,-1023000000.0,-202000000.0,0.0,1042000000.0,5000000.0,849000000.0,849000000.0,849000000.0,0.0,46000000.0,0.074,3135000000.0,1262000000.0,719000000.0,0.369,9.83,21.478,21.996,1400000000.0,0.0,338.52,1.588,1.612,1425000000.0,8405000000.0,11486000000.0,11486000000.0,0.0,0.142,0.446,0.227,0.108,40000000.0,3135000000.0,1.0,53866254.0,54700000,54900000.0,209.982,5272000000.0,22000000.0,314000000.0,133000000.0,96.38,1877000000.0
7,GWW,MRT,2019-09-30,2019-09-30,2019-09-30,2021-08-02,-174000000.0,5922000000.0,5950250000.0,3396000000.0,2526000000.0,1.916,34.584,-233000000.0,286000000.0,286000000.0,7021000000.0,997000000.0,2.16,2.058,2188000000.0,270000000.0,1918000000.0,2188000000.0,0.0,236000000.0,0.0,0.019,5.6,1348000000.0,1584000000.0,0.139,1584000000.0,1348000000.0,1276000000.0,17.16,17.09,17.16,1871000000.0,1921500000.0,1871000000.0,18112814548.0,13.0,11.435,851000000.0,15.73,1.0,4381000000.0,0.384,847000000.0,72000000.0,5405000000.0,5411500000.0,1520000000.0,0.0,0.0,0.0,3850000000.0,1572000000.0,2278000000.0,16215814548.0,-231000000.0,26000000.0,-721000000.0,-52000000.0,-326000000.0,-1108000000.0,-206000000.0,12000000.0,1084000000.0,-1000000.0,955000000.0,955000000.0,955000000.0,0.0,42000000.0,0.084,3010000000.0,1371000000.0,723000000.0,0.326,8.667,16.98,17.316,1384000000.0,0.0,297.15,1.422,1.41,1495000000.0,8380000000.0,11402000000.0,11402000000.0,0.0,0.16,0.497,0.249,0.118,43000000.0,3010000000.0,1.0,54571141.0,54100000,54400000.0,210.758,5075000000.0,22000000.0,321000000.0,132000000.0,93.808,1824000000.0
8,GWW,MRT,2019-06-30,2019-06-30,2019-06-30,2021-08-02,-156000000.0,5992000000.0,5952795750.0,3456000000.0,2536000000.0,1.896,34.9,-243000000.0,315000000.0,315000000.0,6925000000.0,868000000.0,2.38,2.017,2212000000.0,132000000.0,2080000000.0,2212000000.0,0.0,242000000.0,0.0,0.021,5.52,1199000000.0,1441000000.0,0.128,1441000000.0,1199000000.0,1125000000.0,14.73,14.66,14.73,1923000000.0,1938175750.0,1923000000.0,16690634414.0,14.0,11.583,869000000.0,15.771,1.0,4361000000.0,0.386,866000000.0,74000000.0,5571000000.0,5378615750.0,1535000000.0,0.0,0.0,0.0,3878000000.0,1452000000.0,2426000000.0,14871634414.0,2000000.0,57000000.0,-514000000.0,-96000000.0,-324000000.0,-925000000.0,-183000000.0,14000000.0,1112000000.0,-2000000.0,826000000.0,826000000.0,826000000.0,0.0,42000000.0,0.073,3139000000.0,1222000000.0,780000000.0,0.375,7.734,18.004,18.21,1380000000.0,0.0,268.23,1.318,1.31,1503000000.0,8226000000.0,11286000000.0,11286000000.0,0.0,0.139,0.426,0.223,0.106,42000000.0,3139000000.0,1.0,55443591.0,55100000,55400000.0,204.828,5126000000.0,24000000.0,299000000.0,138000000.0,93.031,2004000000.0
9,GWW,MRT,2019-03-31,2019-03-31,2019-03-31,2021-08-02,-168000000.0,6014000000.0,5930938750.0,3508000000.0,2506000000.0,1.898,35.45,-250000000.0,392000000.0,392000000.0,6903000000.0,844000000.0,2.399,1.959,2211000000.0,134000000.0,2077000000.0,2211000000.0,0.0,250000000.0,0.0,0.018,5.44,1160000000.0,1410000000.0,0.125,1410000000.0,1160000000.0,1084000000.0,14.23,14.15,14.23,1971000000.0,1930956000.0,1971000000.0,18437548577.0,16.0,13.076,787000000.0,14.155,1.0,4351000000.0,0.387,871000000.0,76000000.0,5500000000.0,5334267250.0,1523000000.0,0.0,0.0,0.0,3862000000.0,1462000000.0,2400000000.0,16755548577.0,90000000.0,66000000.0,-262000000.0,-167000000.0,-320000000.0,-745000000.0,-187000000.0,8000000.0,1037000000.0,-15000000.0,803000000.0,803000000.0,803000000.0,0.0,41000000.0,0.071,3165000000.0,1186000000.0,741000000.0,0.382,8.501,20.866,21.148,1358000000.0,0.0,300.93,1.489,1.487,1485000000.0,8045000000.0,11254000000.0,11254000000.0,0.0,0.135,0.416,0.217,0.103,40000000.0,3165000000.0,1.0,55679223.0,55600000,55900000.0,202.41,5143000000.0,20000000.0,281000000.0,191000000.0,92.5,2046000000.0
10,GWW,MRT,2018-12-31,2018-12-31,2018-12-31,2021-08-02,-171000000.0,5873000000.0,5903141500.0,3557000000.0,2316000000.0,1.901,34.242,-239000000.0,538000000.0,538000000.0,6873000000.0,823000000.0,2.37,1.968,2220000000.0,130000000.0,2090000000.0,2220000000.0,0.0,257000000.0,0.0,0.019,5.36,1122000000.0,1379000000.0,0.123,1379000000.0,1122000000.0,1040000000.0,13.82,13.73,13.82,1921000000.0,1880855500.0,1921000000.0,17620596933.0,16.0,12.778,818000000.0,14.581,1.0,4348000000.0,0.387,884000000.0,82000000.0,5170000000.0,5306577250.0,1541000000.0,0.0,0.0,0.0,3780000000.0,1501000000.0,2279000000.0,15902645933.0,211000000.0,86000000.0,-244000000.0,-101000000.0,-316000000.0,-670000000.0,-166000000.0,0.0,1057000000.0,-10000000.0,782000000.0,782000000.0,782000000.0,0.0,41000000.0,0.07,3190000000.0,1158000000.0,678000000.0,0.388,8.278,20.336,20.431,1352000000.0,0.0,282.36,1.417,1.412,1385000000.0,7869000000.0,11221000000.0,11221000000.0,0.0,0.132,0.416,0.211,0.1,47000000.0,3190000000.0,1.0,56320463.0,56100000,56500000.0,200.018,4989000000.0,22000000.0,258000000.0,132000000.0,88.93,2056000000.0
11,GWW,MRT,2018-09-30,2018-09-30,2018-09-30,2021-08-02,-164862000.0,5932183000.0,5885891500.0,3583344000.0,2348839000.0,1.884,34.393,-214817000.0,516850000.0,516850000.0,6786931000.0,766372000.0,2.442,1.978,2234801000.0,86402000.0,2148399000.0,2234801000.0,0.0,261662000.0,0.0,0.015,5.28,1059119000.0,1320781000.0,0.119,1320781000.0,1059119000.0,968090000.0,12.76,12.68,12.76,1937703000.0,1823105500.0,1937703000.0,22045077819.0,21.0,16.691,864305000.0,15.341,1.0,4303672000.0,0.388,909339000.0,91029000.0,5273463000.0,5314077250.0,1473117000.0,0.0,0.0,0.0,3832129000.0,1467332000.0,2364797000.0,20062786819.0,232571000.0,85579000.0,-253272000.0,-102686000.0,-310496000.0,-684908000.0,-151362000.0,-24570000.0,1079122000.0,-10281000.0,724329000.0,724329000.0,724329000.0,0.0,42043000.0,0.065,3199991000.0,1103681000.0,730215000.0,0.414,10.354,27.698,28.01,1348914000.0,0.0,357.41,1.809,1.816,1481300000.0,7751677000.0,11090603000.0,11090603000.0,0.0,0.123,0.397,0.199,0.095,41848000.0,3199991000.0,1.0,56133815.0,56339630,56803857.0,196.853,5022844000.0,39217000.0,243761000.0,154860000.0,89.153,2116012000.0
12,GWW,MRT,2018-06-30,2018-06-30,2018-06-30,2021-08-02,-167109000.0,5904572000.0,5859110750.0,3373002000.0,2531570000.0,1.86,33.757,-208853000.0,312461000.0,312461000.0,6653750000.0,822188000.0,2.368,2.035,2294752000.0,84394000.0,2210358000.0,2294752000.0,0.0,263805000.0,0.0,0.017,5.2,1142097000.0,1405902000.0,0.129,1405902000.0,1142097000.0,1049278000.0,13.72,13.65,13.72,1894121000.0,1780554000.0,1894121000.0,19386017480.0,17.0,13.789,870969000.0,15.523,1.0,4241852000.0,0.389,1068762000.0,92819000.0,5393606000.0,5332117750.0,1464181000.0,0.0,0.0,0.0,3854303000.0,1424495000.0,2429808000.0,17275704480.0,38081000.0,93242000.0,-385502000.0,-163370000.0,-307363000.0,-893516000.0,-145165000.0,-35700000.0,1079822000.0,-3060000.0,782335000.0,782335000.0,782335000.0,0.0,39853000.0,0.072,3049433000.0,1192419000.0,735266000.0,0.379,9.121,22.082,22.478,1359908000.0,0.0,308.4,1.586,1.588,1462603000.0,7724635000.0,10895602000.0,10895602000.0,0.0,0.134,0.439,0.214,0.105,40970000.0,3049433000.0,1.0,56017200.0,56109809,56552644.0,194.184,4835810000.0,54704000.0,266943000.0,155640000.0,86.185,1948507000.0
13,GWW,MRT,2018-03-31,2018-03-31,2018-03-31,2021-08-02,-122353000.0,5902811000.0,5848438000.0,3307162000.0,2595649000.0,1.821,31.561,-207232000.0,302015000.0,302015000.0,6479063000.0,681147000.0,2.198,2.246,2412328000.0,167922000.0,2244406000.0,2412328000.0,0.0,265751000.0,0.0,0.018,5.12,1026723000.0,1292474000.0,0.121,1292474000.0,1026723000.0,934436000.0,11.21,11.16,11.21,1770598000.0,1737855750.0,1770598000.0,17852346363.0,17.0,13.813,815822000.0,14.542,1.0,4170808000.0,0.392,1119552000.0,92287000.0,5389240000.0,5352055000.0,1434609000.0,0.0,0.0,0.0,3976905000.0,1504332000.0,2472573000.0,15836874363.0,63345000.0,97694000.0,-539199000.0,44656000.0,-303882000.0,-829800000.0,-139471000.0,-35933000.0,1023054000.0,9562000.0,643256000.0,643256000.0,643256000.0,0.0,37891000.0,0.06,3093309000.0,1077499000.0,748372000.0,0.457,8.944,24.62,25.18,1370071000.0,0.0,282.27,1.487,1.487,1428233000.0,7564319000.0,10649871000.0,10649871000.0,0.0,0.11,0.37,0.192,0.096,38243000.0,3093309000.0,1.0,56105411.0,56100000,56400000.0,189.837,4783259000.0,59287000.0,291180000.0,174541000.0,85.263,1802830000.0
14,GWW,MRT,2017-12-31,2017-12-31,2017-12-31,2021-08-02,-135000000.0,5804000000.0,5818372500.0,3206000000.0,2598000000.0,1.792,29.289,-237000000.0,327000000.0,327000000.0,6327000000.0,623000000.0,2.127,2.353,2343000000.0,95000000.0,2248000000.0,2343000000.0,0.0,264000000.0,0.0,0.021,5.06,985000000.0,1249000000.0,0.12,1249000000.0,985000000.0,899000000.0,10.07,10.02,10.07,1690000000.0,1743906750.0,1690000000.0,15500888165.0,16.0,12.411,820000000.0,14.211,1.0,4098000000.0,0.393,1113000000.0,86000000.0,5200000000.0,5260802250.0,1429000000.0,0.0,0.0,0.0,3976000000.0,1507000000.0,2469000000.0,13462278165.0,53000000.0,120000000.0,-558000000.0,23000000.0,-304000000.0,-867000000.0,-146000000.0,-35000000.0,1057000000.0,9000000.0,586000000.0,586000000.0,586000000.0,0.0,37000000.0,0.056,3063000000.0,1035000000.0,731000000.0,0.502,7.966,22.973,23.461,1392000000.0,0.0,236.25,1.291,1.308,1325000000.0,7405000000.0,10425000000.0,10425000000.0,0.0,0.101,0.336,0.187,0.094,33000000.0,3063000000.0,1.0,56983188.0,57700000,58000000.0,180.676,4691000000.0,60000000.0,313000000.0,131000000.0,81.3,1699000000.0
15,GWW,MRT,2017-09-30,2017-09-30,2017-09-30,2021-08-02,-134029000.0,5825060000.0,5790949250.0,3175060000.0,2650000000.0,1.772,30.837,-261561000.0,284575000.0,284575000.0,6196440000.0,529130000.0,2.28,2.22,2323185000.0,53184000.0,2270001000.0,2323185000.0,0.0,265943000.0,0.0,0.028,5.0,931812000.0,1197755000.0,0.117,1197755000.0,931812000.0,839397000.0,8.49,8.44,8.49,1767497000.0,1770890500.0,1767497000.0,12521003472.0,13.0,10.454,794393000.0,13.86,1.0,4066463000.0,0.396,1125522000.0,92415000.0,5345625000.0,5192052250.0,1391993000.0,0.0,0.0,0.0,3923975000.0,1392523000.0,2531452000.0,10369898472.0,-1416000.0,117332000.0,-581083000.0,31684000.0,-307373000.0,-876650000.0,-176242000.0,-37131000.0,1055954000.0,-4478000.0,495409000.0,495409000.0,495409000.0,0.0,33721000.0,0.048,3099413000.0,967050000.0,713453000.0,0.589,5.867,20.932,21.172,1395906000.0,0.0,179.75,1.01,1.004,1373323000.0,7327140000.0,10262903000.0,10262903000.0,0.0,0.086,0.28,0.179,0.091,35607000.0,3099413000.0,1.0,57690673.0,57316532,57521348.0,179.057,4699538000.0,96742000.0,343988000.0,169223000.0,81.993,1782537000.0
16,GWW,MRT,2017-06-30,2017-06-30,2017-06-30,2021-08-02,-203604000.0,5861881000.0,5806061500.0,3186347000.0,2675534000.0,1.761,29.706,-309430000.0,275065000.0,275065000.0,6134157000.0,551723000.0,2.259,2.329,2426170000.0,158298000.0,2267872000.0,2426170000.0,0.0,263699000.0,0.0,0.027,4.94,970507000.0,1234206000.0,0.121,1234206000.0,970507000.0,883858000.0,8.76,8.7,8.76,1723328000.0,1839694500.0,1723328000.0,12594520660.0,13.0,10.205,743655000.0,12.819,1.0,4089035000.0,0.4,1129053000.0,86649000.0,5473355000.0,5187376750.0,1397804000.0,0.0,0.0,0.0,4013685000.0,1410578000.0,2603107000.0,10543980660.0,-40942000.0,81639000.0,-656042000.0,159984000.0,-307157000.0,-822000000.0,-263300000.0,-36960000.0,1053085000.0,-8727000.0,519276000.0,519276000.0,519276000.0,0.0,32447000.0,0.051,3077136000.0,1011899000.0,692689000.0,0.564,6.118,20.305,20.608,1392196000.0,0.0,180.53,1.031,1.024,1369626000.0,7239159000.0,10223192000.0,10223192000.0,0.0,0.089,0.282,0.187,0.095,34895000.0,3077136000.0,1.0,58405698.0,58012731,58287312.0,176.223,4732828000.0,116457000.0,364582000.0,157657000.0,81.583,1775769000.0
17,GWW,MRT,2017-03-31,2017-03-31,2017-03-31,2021-08-02,-249933000.0,5782549000.0,5831792250.0,3096183000.0,2686366000.0,1.744,30.565,-310971000.0,238801000.0,238801000.0,6082453000.0,624209000.0,1.834,2.154,2289341000.0,441624000.0,1847717000.0,2289341000.0,0.0,254955000.0,0.0,0.021,4.88,1042898000.0,1297853000.0,0.128,1297853000.0,1042898000.0,961911000.0,9.89,9.82,9.89,1794802000.0,1942338250.0,1794802000.0,15667888284.0,15.0,12.072,733338000.0,12.489,1.0,4089138000.0,0.402,1120430000.0,80987000.0,5024229000.0,5131817000.0,1388091000.0,0.0,0.0,0.0,3866026000.0,1688430000.0,2177596000.0,13694982284.0,-41115000.0,89489000.0,-721960000.0,234500000.0,-302486000.0,-820952000.0,-254144000.0,-33868000.0,1044309000.0,-10328000.0,594031000.0,594031000.0,594031000.0,0.0,30178000.0,0.058,3000730000.0,1088408000.0,672471000.0,0.493,7.63,23.054,23.535,1410312000.0,0.0,232.76,1.346,1.344,1325218000.0,7216018000.0,10171591000.0,10171591000.0,0.0,0.102,0.306,0.203,0.103,35301000.0,3000730000.0,1.0,58837353.0,58720066,59202882.0,173.222,4662119000.0,113310000.0,367880000.0,222858000.0,79.396,1407753000.0
18,GWW,MRT,2016-12-31,2016-12-31,2016-12-31,2021-08-02,-272294000.0,5694307000.0,5877364750.0,3020229000.0,2674078000.0,1.725,29.767,-284000000.0,274146000.0,274146000.0,6022000000.0,633000000.0,1.854,2.107,2247052000.0,406106000.0,1840946000.0,2247052000.0,0.0,249000000.0,0.0,0.021,4.83,1068000000.0,1317000000.0,0.13,1317000000.0,1068000000.0,992000000.0,9.94,9.87,9.94,1797935000.0,2060462500.0,1797935000.0,15827351916.0,15.0,12.018,740000000.0,12.252,1.0,4115000000.0,0.406,1113276000.0,76000000.0,4925000000.0,5086535000.0,1406470000.0,0.0,0.0,0.0,3788539000.0,1628937000.0,2159602000.0,13835028916.0,-16000000.0,55000000.0,-756000000.0,292000000.0,-303000000.0,-776000000.0,-262000000.0,-34000000.0,1024000000.0,-2000000.0,606000000.0,606000000.0,606000000.0,0.0,27000000.0,0.06,3002000000.0,1113000000.0,650092000.0,0.486,7.695,22.83,23.365,1420891000.0,0.0,232.25,1.365,1.384,1223096000.0,7113559000.0,10137000000.0,10137000000.0,0.0,0.103,0.294,0.21,0.105,36000000.0,3002000000.0,1.0,59569554.0,60400000,60800000.0,167.831,4581031000.0,99526000.0,386000000.0,141160000.0,75.845,1391292000.0
19,GWW,MRT,2016-09-30,2016-09-30,2016-09-30,2021-08-02,-208126000.0,5885509000.0,5918226750.0,3129192000.0,2756317000.0,1.714,34.036,-334293000.0,285981000.0,285981000.0,6017513000.0,713669000.0,2.037,1.823,2278304000.0,404172000.0,1874132000.0,2278304000.0,0.0,241162000.0,0.0,0.021,4.78,1147914000.0,1389076000.0,0.137,1389076000.0,1147914000.0,1085507000.0,11.24,11.16,11.24,2042713000.0,2177637250.0,2042713000.0,15540693491.0,14.0,11.188,654810000.0,10.91,1.0,4127239000.0,0.407,1014598000.0,62407000.0,5326923000.0,4989677750.0,1381468000.0,0.0,0.0,0.0,3724473000.0,1536311000.0,2188162000.0,13585407491.0,27830000.0,49466000.0,-799278000.0,481872000.0,-296657000.0,-663798000.0,-308713000.0,-23994000.0,989103000.0,11238000.0,690494000.0,690494000.0,690494000.0,0.0,23175000.0,0.068,2930345000.0,1196894000.0,623745000.0,0.425,6.651,19.675,20.004,1436938000.0,0.0,224.84,1.339,1.33,1326359000.0,7125727000.0,10144752000.0,10144752000.0,0.0,0.117,0.317,0.23,0.113,38779000.0,2930345000.0,1.0,60422556.0,60016550,60416151.0,169.033,4870911000.0,81371000.0,395013000.0,143230000.0,81.159,1592881000.0
20,GWW,MRT,2016-06-30,2016-06-30,2016-06-30,2021-08-02,-192310000.0,5964804000.0,5898637750.0,3190262000.0,2774542000.0,1.709,35.044,-308712000.0,315997000.0,315997000.0,5931998000.0,716882000.0,1.944,1.744,2271283000.0,505474000.0,1765809000.0,2271283000.0,0.0,234526000.0,0.0,0.021,4.73,1173166000.0,1407692000.0,0.14,1407692000.0,1173166000.0,1114884000.0,11.11,11.03,11.11,2133903000.0,2257271750.0,2133903000.0,15747884178.0,13.0,11.187,700985000.0,11.512,1.0,4149366000.0,0.412,1027630000.0,58282000.0,5251116000.0,4784492500.0,1418678000.0,0.0,0.0,0.0,3722230000.0,1641344000.0,2080886000.0,13935465178.0,-503789000.0,-417688000.0,-1318596000.0,892466000.0,-300048000.0,-768870000.0,-746496000.0,-20532000.0,1009697000.0,1880000.0,696822000.0,696822000.0,696822000.0,0.0,20060000.0,0.069,2934330000.0,1215036000.0,628659000.0,0.426,6.531,19.999,20.455,1418705000.0,0.0,227.25,1.382,1.373,1310382000.0,7013688000.0,10081364000.0,10081364000.0,0.0,0.118,0.309,0.245,0.116,40953000.0,2934330000.0,1.0,61322179.0,60891298,61301545.0,165.563,4937174000.0,103327000.0,418062000.0,153237000.0,81.082,1548918000.0
21,GWW,MRT,2016-03-31,2016-03-31,2016-03-31,2021-08-02,-176010000.0,5964839000.0,5864164000.0,3138961000.0,2825878000.0,1.712,36.766,-326176000.0,279906000.0,279906000.0,5857522000.0,762672000.0,1.669,1.588,2092325000.0,705201000.0,1387124000.0,2092325000.0,0.0,231850000.0,0.0,0.02,4.68,1228332000.0,1460182000.0,0.145,1460182000.0,1228332000.0,1182672000.0,11.58,11.49,11.58,2267299000.0,2478924750.0,2267299000.0,16108002865.0,13.0,11.032,714361000.0,11.584,1.0,4182739000.0,0.417,1053717000.0,45660000.0,4843101000.0,4572758750.0,1420897000.0,0.0,0.0,0.0,3600639000.0,1880440000.0,1720199000.0,14409306865.0,36479000.0,-443090000.0,-1360918000.0,1472213000.0,-305713000.0,-207008000.0,-796539000.0,-27581000.0,1040537000.0,-511000.0,744694000.0,744694000.0,744694000.0,0.0,17978000.0,0.074,2916575000.0,1266164000.0,620410000.0,0.404,6.355,19.349,20.158,1442191000.0,0.0,233.43,1.435,1.434,1304560000.0,6916043000.0,10040261000.0,10040261000.0,0.0,0.127,0.3,0.269,0.122,45156000.0,2916575000.0,1.0,61728599.0,61668682,62099801.0,162.81,4911122000.0,97414000.0,437978000.0,208527000.0,79.637,1258521000.0
22,GWW,MRT,2015-12-31,2015-12-31,2015-12-31,2021-08-02,-221091000.0,5857755000.0,5675697250.0,3048642000.0,2809113000.0,1.757,34.787,-373868000.0,290136000.0,290136000.0,5741956000.0,785174000.0,1.705,1.546,1988832000.0,600418000.0,1388414000.0,1988832000.0,0.0,227967000.0,0.0,0.023,4.59,1268098000.0,1496065000.0,0.15,1496065000.0,1268098000.0,1234527000.0,11.69,11.58,11.69,2266634000.0,2695346250.0,2266634000.0,14274387482.0,11.0,9.541,662241000.0,10.164,1.0,4231428000.0,0.424,1230346000.0,33571000.0,4537571000.0,4200519250.0,1414177000.0,0.0,0.0,0.0,3505041000.0,1788534000.0,1716507000.0,12720327482.0,63492000.0,-449574000.0,-1339186000.0,1555556000.0,-306474000.0,-108756000.0,-843358000.0,-20382000.0,1036109000.0,-20503000.0,768996000.0,768996000.0,768996000.0,0.0,16178000.0,0.077,2931108000.0,1300320000.0,583474000.0,0.393,5.612,16.541,17.33,1431241000.0,0.0,202.59,1.275,1.324,1209641000.0,6802130000.0,9973384000.0,9973384000.0,0.0,0.135,0.285,0.302,0.127,46861000.0,2931108000.0,1.0,62788526.0,65156864,65765121.0,153.067,4627409000.0,133014000.0,465531000.0,171038000.0,71.02,1260108000.0
23,GWW,MRT,2015-09-30,2015-09-30,2015-09-30,2021-08-02,-217861000.0,5807153000.0,5532020750.0,3104686000.0,2702467000.0,1.809,36.484,-409453000.0,258151000.0,258151000.0,5722230000.0,787117000.0,2.004,1.423,1812211000.0,361587000.0,1450624000.0,1812211000.0,0.0,224775000.0,0.0,0.021,4.5,1284786000.0,1509561000.0,0.151,1509561000.0,1284786000.0,1262971000.0,11.5,11.39,11.5,2361251000.0,2931155750.0,2361251000.0,14770940206.0,11.0,9.785,623458000.0,9.633,1.0,4283855000.0,0.428,1305834000.0,21815000.0,4506182000.0,3942998250.0,1367533000.0,0.0,0.0,0.0,3361101000.0,1549197000.0,1811904000.0,14185314206.0,-61583000.0,-444303000.0,-1324135000.0,1411627000.0,-307078000.0,-190841000.0,-869175000.0,-15687000.0,1032911000.0,-34478000.0,772603000.0,772603000.0,772603000.0,0.0,14514000.0,0.077,2968648000.0,1315207000.0,582477000.0,0.391,6.008,18.36,18.697,1372992000.0,0.0,215.01,1.418,1.391,1291365000.0,6730068000.0,10006085000.0,10006085000.0,0.0,0.14,0.264,0.326,0.128,45800000.0,2968648000.0,1.0,65975137.0,64720037,65289144.0,154.606,4501319000.0,127419000.0,490368000.0,143752000.0,69.551,1555489000.0
24,GWW,MRT,2015-06-30,2015-06-30,2015-06-30,2021-08-02,-162721000.0,5826909000.0,5411836500.0,3523746000.0,2303163000.0,1.854,45.318,-407469000.0,819786000.0,819786000.0,5710688000.0,823545000.0,3.365,0.903,1405412000.0,56770000.0,1348642000.0,1405412000.0,0.0,221467000.0,0.0,0.019,4.41,1338145000.0,1559612000.0,0.155,1559612000.0,1338145000.0,1327852000.0,11.89,11.77,11.89,3020515000.0,3189877250.0,3020515000.0,16221381808.0,12.0,10.401,593384000.0,8.903,1.0,4324760000.0,0.431,961252000.0,10293000.0,4404181000.0,3642357500.0,1302977000.0,0.0,0.0,0.0,2727471000.0,1047102000.0,1680369000.0,15836789808.0,488079000.0,-11924000.0,-679556000.0,896006000.0,-304416000.0,-59265000.0,-422860000.0,-10190000.0,1000853000.0,-30649000.0,810724000.0,810724000.0,810724000.0,0.0,12821000.0,0.081,2964769000.0,1359991000.0,498416000.0,0.371,5.243,19.534,19.903,1324551000.0,0.0,236.65,1.578,1.572,1197856000.0,6615081000.0,10035448000.0,10035448000.0,0.0,0.15,0.254,0.367,0.133,47087000.0,2964769000.0,1.0,66920726.0,66652130,67317131.0,150.565,4865657000.0,125479000.0,517128000.0,106292000.0,73.001,2476644000.0
25,GWW,MRT,2015-03-31,2015-03-31,2015-03-31,2021-08-02,-172725000.0,5210972000.0,5282937250.0,2946641000.0,2264331000.0,1.896,46.601,-421677000.0,243427000.0,243427000.0,5686973000.0,807387000.0,2.271,0.639,628019000.0,256949000.0,371070000.0,628019000.0,0.0,214961000.0,0.0,0.018,4.32,1327982000.0,1542943000.0,0.154,1542943000.0,1327982000.0,1319116000.0,11.58,11.46,11.58,3132985000.0,3275821250.0,3132985000.0,16161732230.0,12.0,10.475,526828000.0,7.836,1.0,4332014000.0,0.432,943876000.0,8866000.0,3354143000.0,3392641500.0,1328395000.0,0.0,0.0,0.0,2000703000.0,1297545000.0,703158000.0,15903540230.0,-132137000.0,3375000.0,-481267000.0,117527000.0,-300106000.0,-632562000.0,-424083000.0,0.0,948505000.0,-23997000.0,796091000.0,796091000.0,796091000.0,0.0,11296000.0,0.079,2987989000.0,1344025000.0,513551000.0,0.373,5.076,19.977,20.364,1306962000.0,0.0,235.81,1.587,1.582,1198153000.0,6473464000.0,10018987000.0,10018987000.0,0.0,0.151,0.243,0.391,0.133,46931000.0,2987989000.0,1.0,67442179.0,67229653,67982362.0,149.026,4267096000.0,89575000.0,523025000.0,166933000.0,63.47,1649096000.0
26,GWW,MRT,2014-12-31,2014-12-31,2014-12-31,2021-08-02,-96673000.0,5283049000.0,5288751500.0,2967549000.0,2315500000.0,1.884,46.973,-387390000.0,226644000.0,226644000.0,5650711000.0,812296000.0,2.352,0.623,483633000.0,80300000.0,403333000.0,483633000.0,0.0,208326000.0,0.0,0.016,4.17,1333912000.0,1542238000.0,0.155,1542238000.0,1333912000.0,1323819000.0,11.59,11.45,11.59,3209872000.0,3304601750.0,3209872000.0,17516704690.0,13.0,11.358,572424000.0,8.377,1.0,4314242000.0,0.433,770835000.0,10093000.0,3507487000.0,3371851750.0,1356396000.0,0.0,0.0,0.0,1998948000.0,1261716000.0,737232000.0,17379246690.0,-204000000.0,-3958000.0,-476541000.0,-23959000.0,-291395000.0,-758123000.0,-384058000.0,0.0,959814000.0,-21633000.0,801729000.0,801729000.0,801729000.0,0.0,10567000.0,0.08,2967125000.0,1347117000.0,554088000.0,0.36,5.414,21.677,21.992,1324346000.0,0.0,254.89,1.744,1.748,1172924000.0,6335990000.0,9964953000.0,9964953000.0,0.0,0.152,0.243,0.396,0.134,49032000.0,2967125000.0,1.0,68183321.0,68334322,69205744.0,145.826,4512214000.0,125634000.0,522090000.0,107711000.0,66.031,1705833000.0
27,GWW,MRT,2014-09-30,2014-09-30,2014-09-30,2021-08-02,-24822000.0,5326416000.0,5284571250.0,3043663000.0,2282753000.0,1.86,49.727,-358572000.0,319734000.0,319734000.0,5565388000.0,820575000.0,2.631,0.545,457192000.0,72001000.0,385191000.0,457192000.0,0.0,202200000.0,0.0,0.016,4.02,1327152000.0,1529352000.0,0.156,1529352000.0,1327152000.0,1316032000.0,11.66,11.52,11.66,3396137000.0,3314743250.0,3396137000.0,17447552838.0,13.0,11.408,550331000.0,8.058,1.0,4265838000.0,0.434,1003472000.0,11120000.0,3303619000.0,3291335250.0,1306504000.0,0.0,0.0,0.0,1850010000.0,1156783000.0,693227000.0,17211805838.0,-220261000.0,-9860000.0,-431913000.0,-75209000.0,-282043000.0,-753058000.0,-361524000.0,0.0,908903000.0,-14582000.0,809639000.0,809639000.0,809639000.0,0.0,10936000.0,0.082,2928472000.0,1337366000.0,498244000.0,0.345,5.068,21.259,21.582,1259264000.0,0.0,251.65,1.751,1.748,1234884000.0,6261502000.0,9831226000.0,9831226000.0,0.0,0.153,0.244,0.403,0.135,50421000.0,2928472000.0,1.0,68395811.0,68296018,69111945.0,143.95,4322944000.0,104642000.0,506393000.0,133056000.0,63.297,1886880000.0
28,GWW,MRT,2014-06-30,2014-06-30,2014-06-30,2021-08-02,38687000.0,5311312000.0,5265854500.0,3030553000.0,2280759000.0,1.836,49.147,-342292000.0,331707000.0,331707000.0,5453073000.0,800600000.0,2.69,0.554,567454000.0,134969000.0,432485000.0,567454000.0,0.0,193596000.0,0.0,0.015,3.87,1290177000.0,1483773000.0,0.153,1483773000.0,1290177000.0,1277700000.0,11.32,11.17,11.32,3364291000.0,3287852000.0,3364291000.0,17599049755.0,14.0,11.861,585849000.0,8.558,1.0,4214420000.0,0.436,1015289000.0,12477000.0,3405317000.0,3259838250.0,1317467000.0,0.0,0.0,0.0,1863288000.0,1126453000.0,736835000.0,17399913755.0,-157034000.0,-99781000.0,-418834000.0,13054000.0,-272802000.0,-638111000.0,-442241000.0,0.0,928141000.0,-4823000.0,790106000.0,790106000.0,790106000.0,0.0,10494000.0,0.082,2915852000.0,1298568000.0,513829000.0,0.342,5.172,22.022,22.462,1249088000.0,0.0,254.27,1.8,1.8,1177543000.0,6105729000.0,9667493000.0,9667493000.0,0.0,0.15,0.24,0.396,0.133,53206000.0,2915852000.0,1.0,68430856.0,68453602,69341885.0,141.227,4296023000.0,107620000.0,487594000.0,121019000.0,62.758,1904100000.0
29,GWW,MRT,2014-03-31,2014-03-31,2014-03-31,2021-08-02,7721000.0,5234229000.0,5195560250.0,2995664000.0,2238565000.0,1.837,47.28,-295958000.0,375564000.0,375564000.0,5362232000.0,812276000.0,2.569,0.587,574700000.0,136632000.0,438068000.0,574700000.0,0.0,187444000.0,0.0,0.015,3.72,1299785000.0,1487229000.0,0.156,1487229000.0,1299785000.0,1286864000.0,11.43,11.26,11.43,3248107000.0,3237913000.0,3248107000.0,17494583398.0,13.0,11.763,681641000.0,9.922,1.0,4180718000.0,0.438,996244000.0,12921000.0,3270984000.0,3210179000.0,1266460000.0,0.0,0.0,0.0,1905638000.0,1166137000.0,739501000.0,17382428398.0,-109952000.0,-127214000.0,-463108000.0,13957000.0,-263602000.0,-658612000.0,-410128000.0,0.0,977599000.0,-18811000.0,801851000.0,801851000.0,801851000.0,0.0,10425000.0,0.084,2872829000.0,1307889000.0,493915000.0,0.325,5.352,21.678,22.105,1210778000.0,0.0,252.66,1.821,1.819,1159556000.0,5974519000.0,9542950000.0,9542950000.0,0.0,0.154,0.248,0.405,0.136,55305000.0,2872829000.0,1.0,68797706.0,68699561,69677438.0,138.908,4237985000.0,104450000.0,485013000.0,213744000.0,61.689,1829527000.0
30,GWW,MRT,2013-12-31,2013-12-31,2013-12-31,2021-08-02,28914000.0,5266328000.0,5140435000.0,3044285000.0,2222043000.0,1.836,46.799,-272145000.0,430644000.0,430644000.0,5301275000.0,807749000.0,2.546,0.597,542799000.0,97286000.0,445513000.0,542799000.0,0.0,180613000.0,0.0,0.014,3.59,1290111000.0,1470724000.0,0.156,1470724000.0,1290111000.0,1276886000.0,11.31,11.13,11.31,3250438000.0,3208107250.0,3250438000.0,17737794968.0,14.0,12.061,714353000.0,10.285,1.0,4136483000.0,0.438,997272000.0,13225000.0,3185421000.0,3189433500.0,1305520000.0,0.0,0.0,0.0,1939492000.0,1195790000.0,743702000.0,17729138968.0,-21419000.0,-127214000.0,-369061000.0,-26326000.0,-255466000.0,-590869000.0,-399427000.0,0.0,986498000.0,-17621000.0,797036000.0,797036000.0,797036000.0,0.0,10713000.0,0.084,2839629000.0,1296854000.0,510634000.0,0.317,5.454,22.244,22.584,1208562000.0,0.0,255.42,1.879,1.88,1101656000.0,5822612000.0,9437758000.0,9437758000.0,0.0,0.155,0.248,0.404,0.137,55590000.0,2839629000.0,1.0,69411710.0,69455507,70576432.0,135.882,4269056000.0,107343000.0,479850000.0,119915000.0,61.465,1848495000.0
31,GWW,MRT,2013-09-30,2013-09-30,2013-09-30,2021-08-02,18254000.0,5251549000.0,5077502500.0,3049097000.0,2202452000.0,1.829,47.344,-244439000.0,539995000.0,539995000.0,5187035000.0,806841000.0,2.838,0.572,548651000.0,100524000.0,448127000.0,548651000.0,0.0,171875000.0,0.0,0.013,3.46,1292306000.0,1464181000.0,0.158,1464181000.0,1292306000.0,1276845000.0,11.27,11.09,11.27,3288572000.0,3151475750.0,3288572000.0,18247334184.0,14.0,12.462,736075000.0,10.597,1.0,4099611000.0,0.441,1008082000.0,15461000.0,3177631000.0,3175410000.0,1256852000.0,0.0,0.0,0.0,1882410000.0,1074492000.0,807918000.0,18188117184.0,119192000.0,-159854000.0,-239363000.0,-21353000.0,-246767000.0,-440456000.0,-404411000.0,0.0,980514000.0,-16455000.0,796554000.0,796554000.0,796554000.0,0.0,10287000.0,0.086,2801081000.0,1298530000.0,435165000.0,0.307,5.531,22.834,23.222,1136316000.0,0.0,261.71,1.959,1.958,1082108000.0,5731002000.0,9286646000.0,9286646000.0,0.0,0.157,0.253,0.407,0.139,56713000.0,2801081000.0,1.0,69497219.0,69461060,70547071.0,133.696,4243467000.0,121204000.0,480291000.0,138741000.0,61.091,1974605000.0
32,GWW,MRT,2013-06-30,2013-06-30,2013-06-30,2021-08-02,365000.0,5030135000.0,5010551250.0,2962184000.0,2067951000.0,1.83,45.425,-238079000.0,488741000.0,488741000.0,5127116000.0,751570000.0,3.002,0.565,547958000.0,95509000.0,452449000.0,547958000.0,0.0,166420000.0,0.0,0.013,3.33,1200058000.0,1366478000.0,0.149,1366478000.0,1200058000.0,1183580000.0,10.47,10.29,10.47,3164535000.0,3046139750.0,3164535000.0,17601989538.0,15.0,12.881,726719000.0,10.432,1.0,4042205000.0,0.441,895787000.0,16478000.0,3206680000.0,3166582000.0,1221888000.0,0.0,0.0,0.0,1787940000.0,986885000.0,801055000.0,17537619538.0,238995000.0,-40176000.0,-250785000.0,-11092000.0,-238265000.0,-436069000.0,-277736000.0,0.0,964798000.0,-11998000.0,741159000.0,741159000.0,741159000.0,0.0,10411000.0,0.081,2836064000.0,1206141000.0,452179000.0,0.318,5.542,23.662,24.086,1118750000.0,0.0,252.18,1.913,1.916,1075592000.0,5585752000.0,9169321000.0,9169321000.0,0.0,0.148,0.243,0.379,0.131,56299000.0,2836064000.0,1.0,69544054.0,69664697,70801050.0,131.621,4134348000.0,119887000.0,442421000.0,127430000.0,59.346,1975299000.0
33,GWW,MRT,2013-03-31,2013-03-31,2013-03-31,2021-08-02,31860000.0,5013728000.0,4943344500.0,2923428000.0,2090300000.0,1.828,44.98,-251215000.0,485516000.0,485516000.0,5063471000.0,723918000.0,2.955,0.574,549886000.0,95359000.0,454527000.0,549886000.0,0.0,161315000.0,0.0,0.014,3.2,1163672000.0,1324987000.0,0.147,1324987000.0,1163672000.0,1147485000.0,10.07,9.89,10.07,3128884000.0,2953677750.0,3128884000.0,15753784547.0,14.0,11.89,635159000.0,9.131,1.0,3973564000.0,0.44,900674000.0,16187000.0,3188002000.0,3170350500.0,1230614000.0,0.0,0.0,0.0,1795538000.0,989422000.0,806116000.0,15641203547.0,146761000.0,-56278000.0,-283268000.0,23719000.0,-229606000.0,-436805000.0,-307766000.0,0.0,886374000.0,4958000.0,714203000.0,714203000.0,714203000.0,0.0,9715000.0,0.079,2803495000.0,1170069000.0,431848000.0,0.318,4.999,21.9,22.342,1133406000.0,0.0,224.98,1.731,1.732,1031920000.0,5433869000.0,9037035000.0,9037035000.0,0.0,0.144,0.242,0.367,0.129,55604000.0,2803495000.0,1.0,69522640.0,69562387,70774614.0,129.913,4113054000.0,114180000.0,433282000.0,183465000.0,59.128,1934006000.0
34,GWW,MRT,2012-12-31,2012-12-31,2012-12-31,2021-08-02,53578000.0,5014598000.0,4877715000.0,2900640000.0,2113958000.0,1.835,43.315,-249860000.0,452063000.0,452063000.0,5033885000.0,698849000.0,2.686,0.627,564644000.0,97596000.0,467048000.0,564644000.0,0.0,159049000.0,0.0,0.015,3.06,1124899000.0,1283948000.0,0.143,1283948000.0,1124899000.0,1108821000.0,9.71,9.52,9.71,3023912000.0,2866781750.0,3023912000.0,14204902738.0,13.0,11.063,566335000.0,8.112,1.0,3916160000.0,0.438,917849000.0,16078000.0,3129327000.0,3083388750.0,1301935000.0,0.0,0.0,0.0,1897232000.0,1080003000.0,817229000.0,14063616738.0,116572000.0,-56278000.0,-268448000.0,36204000.0,-220077000.0,-394436000.0,-305656000.0,0.0,816195000.0,469000.0,689881000.0,689881000.0,689881000.0,0.0,8968000.0,0.077,2785035000.0,1131125000.0,428782000.0,0.315,4.651,20.386,20.841,1144573000.0,0.0,202.37,1.571,1.579,940020000.0,5278577000.0,8950045000.0,8950045000.0,0.0,0.141,0.241,0.365,0.126,55500000.0,2785035000.0,1.0,69494573.0,69811881,71181733.0,128.202,4096749000.0,147744000.0,418940000.0,132221000.0,58.683,1820637000.0
35,GWW,MRT,2012-09-30,2012-09-30,2012-09-30,2021-08-02,-8268000.0,4983744000.0,4803081000.0,2874953000.0,2108791000.0,1.832,41.181,-215952000.0,420803000.0,420803000.0,4948409000.0,692071000.0,2.654,0.703,562089000.0,82390000.0,479699000.0,562089000.0,0.0,158965000.0,0.0,0.014,2.92,1093439000.0,1252404000.0,0.142,1252404000.0,1093439000.0,1080067000.0,9.58,9.39,9.58,2867228000.0,2768000000.0,2867228000.0,14820788004.0,14.0,11.834,546294000.0,7.846,1.0,3852420000.0,0.438,899510000.0,13372000.0,3142319000.0,2963350250.0,1269683000.0,0.0,0.0,0.0,2015381000.0,1083201000.0,932180000.0,14521990004.0,60140000.0,-35332000.0,-260392000.0,-62201000.0,-209806000.0,-467699000.0,-237049000.0,0.0,762246000.0,2642000.0,682098000.0,682098000.0,682098000.0,0.0,9973000.0,0.078,2758240000.0,1094180000.0,439595000.0,0.305,5.065,21.29,21.751,1093197000.0,0.0,208.37,1.65,1.648,1022185000.0,5178930000.0,8800829000.0,8800829000.0,0.0,0.142,0.246,0.369,0.124,55297000.0,2758240000.0,1.0,69693286.0,69625081,70960547.0,126.403,4084234000.0,181377000.0,397969000.0,119303000.0,58.66,1791752000.0
36,GWW,MRT,2012-06-30,2012-06-30,2012-06-30,2021-08-02,-34818000.0,4761308000.0,4694806250.0,2698731000.0,2062577000.0,1.839,39.96,-202292000.0,249746000.0,249746000.0,4862812000.0,718314000.0,2.803,0.668,548544000.0,75042000.0,473502000.0,548544000.0,0.0,156598000.0,0.0,0.015,2.78,1141490000.0,1298088000.0,0.15,1298088000.0,1141490000.0,1130290000.0,9.95,9.75,9.95,2794687000.0,2685934250.0,2794687000.0,13598310388.0,12.0,10.476,472567000.0,6.757,1.0,3771459000.0,0.437,875440000.0,11200000.0,3221754000.0,2817864000.0,1265830000.0,0.0,0.0,0.0,1867156000.0,962912000.0,904244000.0,13413377388.0,-215959000.0,-383041000.0,-225823000.0,59935000.0,-200105000.0,-300347000.0,-571957000.0,0.0,674859000.0,-18514000.0,708825000.0,708825000.0,708825000.0,0.0,9489000.0,0.082,2628565000.0,1142894000.0,473036000.0,0.279,4.8,18.923,19.22,1077518000.0,0.0,191.24,1.554,1.549,1015159000.0,5080295000.0,8634271000.0,8634271000.0,0.0,0.151,0.264,0.405,0.132,55180000.0,2628565000.0,1.0,70138974.0,69937085,71307640.0,123.458,3885868000.0,179573000.0,421465000.0,114508000.0,55.562,1735819000.0
37,GWW,MRT,2012-03-31,2012-03-31,2012-03-31,2021-08-02,-8584000.0,4751210000.0,4554588000.0,2706198000.0,2045012000.0,1.842,39.658,-201305000.0,338755000.0,338755000.0,4732508000.0,696782000.0,2.199,0.675,523688000.0,332138000.0,191550000.0,523688000.0,0.0,153308000.0,0.0,0.012,2.64,1094370000.0,1247678000.0,0.149,1247678000.0,1094370000.0,1084100000.0,9.66,9.46,9.66,2781300000.0,2609337000.0,2781300000.0,15240220860.0,14.0,12.215,532650000.0,7.595,1.0,3655510000.0,0.436,865122000.0,10270000.0,2840155000.0,2642127750.0,1244419000.0,0.0,0.0,0.0,1877661000.0,1230866000.0,646795000.0,15059147860.0,4059000.0,-359296000.0,-61463000.0,27024000.0,-189210000.0,-159461000.0,-546485000.0,0.0,733955000.0,-23950000.0,688006000.0,688006000.0,688006000.0,0.0,8776000.0,0.082,2561334000.0,1094176000.0,447655000.0,0.273,5.414,21.888,22.237,1071782000.0,0.0,214.81,1.795,1.796,977442000.0,4946609000.0,8388018000.0,8388018000.0,0.0,0.151,0.264,0.414,0.13,54578000.0,2561334000.0,1.0,70104501.0,70132777,71655759.0,119.602,3886088000.0,156854000.0,396094000.0,183269000.0,55.41,1475332000.0
38,GWW,MRT,2011-12-31,2011-12-31,2011-12-31,2021-08-02,-28738000.0,4716062000.0,4350141500.0,2694900000.0,2021162000.0,1.857,37.721,-189664000.0,335491000.0,335491000.0,4567393000.0,666412000.0,1.942,0.758,516564000.0,341509000.0,175055000.0,516564000.0,0.0,149200000.0,0.0,0.013,2.52,1052629000.0,1201829000.0,0.149,1201829000.0,1052629000.0,1043538000.0,9.26,9.07,9.26,2628785000.0,2493168500.0,2628785000.0,13302814185.0,13.0,11.069,556444000.0,7.984,1.0,3510792000.0,0.435,860037000.0,9091000.0,2649173000.0,2605015500.0,1268647000.0,0.0,0.0,0.0,1991783000.0,1387925000.0,603858000.0,13056051185.0,22037000.0,-359296000.0,-66745000.0,17728000.0,-180527000.0,-177446000.0,-535068000.0,0.0,746108000.0,-11557000.0,658423000.0,658423000.0,658423000.0,0.0,7989000.0,0.082,2458363000.0,1052429000.0,477648000.0,0.272,4.967,19.829,20.215,1060295000.0,0.0,187.19,1.616,1.615,888697000.0,4806110000.0,8078185000.0,8078185000.0,0.0,0.151,0.264,0.404,0.13,54020000.0,2458363000.0,1.0,69747589.0,69690854,71176158.0,115.915,3856025000.0,202814000.0,385115000.0,123374000.0,55.33,1306975000.0
39,GWW,MRT,2011-09-30,2011-09-30,2011-09-30,2021-08-02,-3240000.0,4550645000.0,4147220250.0,2577694000.0,1972951000.0,1.888,36.351,-179589000.0,360663000.0,360663000.0,4459838000.0,647905000.0,1.875,0.756,607426000.0,444010000.0,163416000.0,607426000.0,0.0,144028000.0,0.0,0.016,2.4,1038261000.0,1182289000.0,0.151,1182289000.0,1038261000.0,1029841000.0,9.04,8.86,9.04,2538965000.0,2387276250.0,2538965000.0,10472322267.0,10.0,8.858,484856000.0,6.942,1.0,3368139000.0,0.43,862426000.0,8420000.0,2560374000.0,2592848250.0,1114291000.0,0.0,0.0,0.0,1919140000.0,1374608000.0,544532000.0,10451800267.0,74155000.0,-358776000.0,-30770000.0,102532000.0,-170929000.0,-61191000.0,-524739000.0,0.0,664445000.0,-4360000.0,642149000.0,642149000.0,642149000.0,0.0,5756000.0,0.082,2325801000.0,1042338000.0,447687000.0,0.265,4.117,16.276,16.542,1007623000.0,0.0,149.54,1.335,1.334,944984000.0,4704619000.0,7827977000.0,7827977000.0,0.0,0.155,0.269,0.4,0.133,53167000.0,2325801000.0,1.0,69893007.0,69846233,71280405.0,112.074,3688219000.0,173195000.0,387692000.0,130683000.0,52.805,1203086000.0
40,GWW,MRT,2011-06-30,2011-06-30,2011-06-30,2021-08-02,65814000.0,4200435000.0,3956868250.0,2506258000.0,1694177000.0,1.924,35.747,-173474000.0,465705000.0,465705000.0,4367878000.0,615155000.0,2.323,0.653,486227000.0,285758000.0,200469000.0,486227000.0,0.0,143821000.0,0.0,0.015,2.28,988055000.0,1131876000.0,0.149,1131876000.0,988055000.0,980260000.0,8.58,8.41,8.58,2488298000.0,2269703000.0,2488298000.0,10798622932.0,11.0,9.54,446156000.0,6.409,1.0,3244864000.0,0.426,623375000.0,7795000.0,2518809000.0,2579318250.0,996600000.0,0.0,0.0,0.0,1625634000.0,1078773000.0,546861000.0,10643418932.0,77648000.0,-21617000.0,-220727000.0,-26030000.0,-163493000.0,-376963000.0,-180983000.0,0.0,619630000.0,15964000.0,610433000.0,610433000.0,610433000.0,0.0,4722000.0,0.08,2254293000.0,990571000.0,394086000.0,0.266,4.277,17.436,17.908,981342000.0,0.0,153.65,1.398,1.405,870436000.0,4569434000.0,7612742000.0,7612742000.0,0.0,0.154,0.269,0.383,0.13,53245000.0,2254293000.0,1.0,69270543.0,69608563,71122909.0,109.365,3577060000.0,173001000.0,369827000.0,96627000.0,51.388,1427485000.0
41,GWW,MRT,2011-03-31,2011-03-31,2011-03-31,2021-08-02,57142000.0,3933424000.0,3839741500.0,2261702000.0,1671722000.0,1.925,33.379,-135190000.0,334696000.0,334696000.0,4263860000.0,573253000.0,2.892,0.662,489900000.0,76561000.0,413339000.0,489900000.0,0.0,146400000.0,0.0,0.016,2.16,938359000.0,1084759000.0,0.147,1084759000.0,938359000.0,930324000.0,7.95,7.8,7.95,2316626000.0,2183833000.0,2316626000.0,9742068730.0,10.0,8.981,466455000.0,6.721,1.0,3129556000.0,0.423,614955000.0,8035000.0,2691706000.0,2566201000.0,981367000.0,0.0,0.0,0.0,1534190000.0,781967000.0,752223000.0,9561248730.0,-213773000.0,-62072000.0,-480584000.0,-30171000.0,-156597000.0,-644800000.0,-174219000.0,0.0,601645000.0,3601000.0,569625000.0,569625000.0,569625000.0,0.0,3628000.0,0.077,2189352000.0,940204000.0,361997000.0,0.272,4.127,16.785,17.318,965130000.0,0.0,137.68,1.293,1.292,809850000.0,4446360000.0,7393416000.0,7393416000.0,0.0,0.148,0.261,0.366,0.127,51547000.0,2189352000.0,1.0,69445444.0,69403432,70906732.0,106.528,3318469000.0,140190000.0,360699000.0,141280000.0,47.814,1479735000.0
42,GWW,MRT,2010-12-31,2010-12-31,2010-12-31,2021-08-02,42951000.0,3904377000.0,3809079250.0,2238071000.0,1666306000.0,1.886,31.131,-120616000.0,313454000.0,313454000.0,4176474000.0,513582000.0,2.575,0.733,494274000.0,73828000.0,420446000.0,494274000.0,0.0,149678000.0,0.0,0.015,2.08,859248000.0,1008926000.0,0.14,1008926000.0,859248000.0,851061000.0,7.05,6.93,7.05,2205216000.0,2178444250.0,2205216000.0,9756724560.0,11.0,9.67,475829000.0,6.717,1.0,3005684000.0,0.418,615390000.0,8187000.0,2600504000.0,2512677750.0,991577000.0,0.0,0.0,0.0,1616707000.0,869303000.0,747404000.0,9538085560.0,-146417000.0,-62072000.0,-418275000.0,-33624000.0,-152338000.0,-578587000.0,-169159000.0,0.0,596445000.0,4884000.0,510865000.0,510865000.0,510865000.0,0.0,2717000.0,0.071,2145209000.0,860475000.0,344295000.0,0.295,4.325,18.67,19.59,963672000.0,0.0,138.11,1.328,1.362,762895000.0,4326761000.0,7182158000.0,7182158000.0,0.0,0.134,0.235,0.342,0.12,49796000.0,2145209000.0,1.0,69061513.0,70836945,72138858.0,101.39,3288987000.0,170264000.0,340196000.0,88384000.0,46.43,1368768000.0
43,GWW,MRT,2010-09-30,2010-09-30,2010-09-30,2021-08-02,32538000.0,3789237000.0,3764568000.0,2147557000.0,1641680000.0,1.857,29.585,-117445000.0,286508000.0,286508000.0,4062527000.0,477745000.0,2.399,0.793,505147000.0,77652000.0,427495000.0,505147000.0,0.0,152661000.0,0.0,0.017,2.0,813657000.0,966318000.0,0.138,966318000.0,813657000.0,805421000.0,6.49,6.38,6.49,2068672000.0,2168070250.0,2068672000.0,8572292432.0,11.0,8.871,597183000.0,8.54,1.0,2926750000.0,0.419,606362000.0,8236000.0,2506254000.0,2476677750.0,935219000.0,3332000.0,0.0,3332000.0,1640708000.0,895260000.0,745448000.0,8451998432.0,-385527000.0,-185991000.0,-649856000.0,-28272000.0,-148763000.0,-801200000.0,-302176000.0,0.0,714628000.0,3221000.0,475713000.0,475713000.0,475713000.0,0.0,2032000.0,0.068,2112316000.0,814434000.0,402568000.0,0.308,4.086,17.767,18.353,942354000.0,0.0,119.11,1.209,1.192,784922000.0,4232761000.0,6989277000.0,6989277000.0,0.0,0.126,0.219,0.329,0.116,47092000.0,2112316000.0,1.0,70959604.0,69923864,71168281.0,99.956,3182875000.0,152385000.0,329708000.0,87436000.0,45.519,1252297000.0
44,GWW,MRT,2010-06-30,2010-06-30,2010-06-30,2021-08-02,10983000.0,3731928000.0,3753521000.0,2122448000.0,1609480000.0,1.78,29.917,-115768000.0,388057000.0,388057000.0,3882559000.0,471012000.0,2.658,0.705,508351000.0,95640000.0,412711000.0,508351000.0,0.0,150927000.0,0.0,0.019,1.92,798369000.0,949296000.0,0.142,949296000.0,798369000.0,789889000.0,6.3,6.2,6.3,2144818000.0,2226287250.0,2144818000.0,7218558818.0,9.0,7.604,670302000.0,9.35,1.0,2796971000.0,0.419,587372000.0,8480000.0,2466340000.0,2475753250.0,867303000.0,3110000.0,0.0,3110000.0,1511712000.0,798510000.0,713202000.0,7249485818.0,-28234000.0,-166432000.0,-385733000.0,-34868000.0,-144138000.0,-536804000.0,-280940000.0,0.0,786070000.0,3440000.0,469872000.0,469872000.0,469872000.0,0.0,1140000.0,0.07,2047090000.0,749881000.0,347505000.0,0.305,3.38,15.429,15.786,934655000.0,0.0,99.45,1.085,1.067,725196000.0,4121239000.0,6679530000.0,6679530000.0,0.0,0.125,0.211,0.322,0.12,44424000.0,2047090000.0,1.0,72895785.0,71691961,72931206.0,93.17,3144556000.0,143124000.0,320017000.0,66029000.0,43.862,1323938000.0
45,GWW,MRT,2010-03-31,2010-03-31,2010-03-31,2021-08-02,31526000.0,3810775000.0,3671980250.0,2227823000.0,1582952000.0,1.751,31.623,-126142000.0,548469000.0,548469000.0,3754244000.0,433811000.0,3.036,0.633,517542000.0,92542000.0,425000000.0,517542000.0,0.0,149747000.0,0.0,0.017,1.84,737887000.0,887634000.0,0.138,887634000.0,737887000.0,729309000.0,5.77,5.68,5.77,2295071000.0,2217752250.0,2295071000.0,7896120107.0,11.0,8.896,676929000.0,9.327,1.0,2674853000.0,0.416,568327000.0,8578000.0,2477613000.0,2514485750.0,852521000.0,3533000.0,0.0,3533000.0,1452071000.0,733908000.0,718163000.0,7830583107.0,290899000.0,-123117000.0,-134044000.0,-24998000.0,-138144000.0,-269760000.0,-257071000.0,0.0,803071000.0,14659000.0,433261000.0,433261000.0,433261000.0,0.0,550000.0,0.067,1985958000.0,688895000.0,314039000.0,0.319,3.412,18.074,18.738,939438000.0,0.0,108.12,1.218,1.221,688628000.0,4031606000.0,6429097000.0,6429097000.0,0.0,0.118,0.195,0.293,0.115,42927000.0,1985958000.0,1.0,72424927.0,72576633,73854681.0,88.584,3242448000.0,118263000.0,296048000.0,105433000.0,44.676,1493915000.0
46,GWW,MRT,2009-12-31,2009-12-31,2009-12-31,2021-08-02,12374000.0,3726332000.0,3536912750.0,2131515000.0,1594817000.0,1.759,29.324,-140730000.0,459871000.0,459871000.0,3623465000.0,430772000.0,2.744,0.693,525408000.0,87908000.0,437500000.0,525408000.0,0.0,147531000.0,0.0,0.018,1.78,715797000.0,863328000.0,0.139,863328000.0,715797000.0,707031000.0,5.7,5.62,5.7,2163720000.0,2140704750.0,2163720000.0,7058730571.0,10.0,8.176,591666000.0,8.019,1.0,2598526000.0,0.418,558566000.0,8766000.0,2456504000.0,2559777250.0,889679000.0,3508000.0,0.0,3508000.0,1499133000.0,776799000.0,722334000.0,7195963571.0,63581000.0,-123093000.0,-281562000.0,-16314000.0,-134684000.0,-413530000.0,-262563000.0,0.0,732396000.0,7278000.0,430466000.0,430466000.0,430466000.0,0.0,306000.0,0.069,1933302000.0,665224000.0,300791000.0,0.312,3.326,16.717,16.988,953271000.0,0.0,96.83,1.157,1.148,624910000.0,3966508000.0,6221991000.0,6221991000.0,0.0,0.122,0.201,0.28,0.115,43301000.0,1933302000.0,1.0,74315435.0,73786346,74891852.0,84.324,3167766000.0,148163000.0,276565000.0,68947000.0,42.932,1354716000.0
47,GWW,MRT,2009-09-30,2009-09-30,2009-09-30,2021-08-02,6582000.0,3745049000.0,3484184000.0,2284794000.0,1460255000.0,1.774,31.082,-137917000.0,672035000.0,672035000.0,3586440000.0,441323000.0,3.391,0.6,534802000.0,79907000.0,454895000.0,534802000.0,0.0,142898000.0,0.0,0.019,1.72,728790000.0,871688000.0,0.141,871688000.0,728790000.0,717162000.0,5.8,5.71,5.8,2301540000.0,2108226000.0,2301540000.0,6697660454.0,9.0,7.684,566571000.0,7.651,1.0,2594391000.0,0.42,431416000.0,11628000.0,2502556000.0,2586679500.0,851478000.0,3341000.0,0.0,3341000.0,1381824000.0,673844000.0,707980000.0,6578967454.0,307618000.0,17445000.0,-148721000.0,-3135000.0,-131169000.0,-268637000.0,-126673000.0,0.0,704488000.0,-1560000.0,441323000.0,441323000.0,441323000.0,0.0,0.0,0.071,1913971000.0,680420000.0,279660000.0,0.297,2.859,14.907,15.407,938285000.0,0.0,89.36,1.064,1.071,638531000.0,3904086000.0,6180831000.0,6180831000.0,0.0,0.127,0.209,0.282,0.118,43979000.0,1913971000.0,1.0,73623181.0,74047973,75202845.0,83.471,3313633000.0,134899000.0,275839000.0,37002000.0,44.75,1610950000.0
48,GWW,MRT,2009-06-30,2009-06-30,2009-06-30,2021-08-02,-20568000.0,3405765000.0,3432032000.0,2025025000.0,1380740000.0,1.874,28.739,-131480000.0,416291000.0,416291000.0,3753847000.0,436782000.0,3.482,0.614,534984000.0,67589000.0,467395000.0,534984000.0,0.0,155709000.0,0.0,0.02,1.66,726255000.0,881964000.0,0.137,881964000.0,726255000.0,712432000.0,5.69,5.6,5.69,2110678000.0,2064863750.0,2110678000.0,6267298310.0,9.0,7.106,512474000.0,6.978,1.0,2676794000.0,0.416,321576000.0,13823000.0,2621270000.0,2616615750.0,899843000.0,19645000.0,0.0,19645000.0,1295087000.0,581612000.0,713475000.0,5994556310.0,158057000.0,-25129000.0,-214575000.0,9371000.0,-127327000.0,-322955000.0,-163028000.0,0.0,643954000.0,86000.0,436782000.0,436782000.0,436782000.0,0.0,0.0,0.068,1951637000.0,725157000.0,255373000.0,0.292,2.84,13.724,14.39,928796000.0,0.0,81.88,0.932,0.935,582431000.0,3794397000.0,6430641000.0,6430641000.0,0.0,0.127,0.212,0.278,0.113,44136000.0,1951637000.0,1.0,73211484.0,73443360,74558636.0,87.559,3084189000.0,164704000.0,275650000.0,38436000.0,41.994,1443413000.0
49,GWW,MRT,2009-03-31,2009-03-31,2009-03-31,2021-08-02,-54590000.0,3270505000.0,3428238500.0,1904291000.0,1366214000.0,1.941,26.756,-176387000.0,257570000.0,257570000.0,3896531000.0,457495000.0,3.336,0.646,530312000.0,50417000.0,479895000.0,530312000.0,0.0,147870000.0,0.0,0.023,1.6,760456000.0,908326000.0,0.137,908326000.0,760456000.0,745186000.0,5.9,5.81,5.9,1986881000.0,2048747250.0,1986881000.0,5386484093.0,7.0,5.93,382887000.0,5.156,1.0,2757703000.0,0.414,313685000.0,15270000.0,2658779000.0,2623335500.0,956565000.0,19181000.0,0.0,19181000.0,1283624000.0,570783000.0,712841000.0,5253329093.0,140141000.0,-34266000.0,-276543000.0,191633000.0,-124055000.0,-195542000.0,-217514000.0,-19848000.0,559274000.0,-6077000.0,457495000.0,457495000.0,457495000.0,0.0,0.0,0.069,2001640000.0,756063000.0,254337000.0,0.271,2.644,11.483,11.895,927674000.0,0.0,70.18,0.789,0.783,559315000.0,3736490000.0,6654234000.0,6654234000.0,0.0,0.133,0.223,0.29,0.114,49240000.0,2001640000.0,1.0,74855074.0,74260401,75142460.0,89.607,2956820000.0,160274000.0,287691000.0,70794000.0,39.817,1333508000.0
50,GWW,MRT,2008-12-31,2008-12-31,2008-12-31,2021-08-02,-38525000.0,3515417000.0,3399570500.0,2144109000.0,1371308000.0,2.015,26.558,-181355000.0,396290000.0,396290000.0,4041810000.0,475355000.0,2.815,0.728,529445000.0,41217000.0,488228000.0,529445000.0,0.0,139570000.0,0.0,0.02,1.55,787703000.0,927273000.0,0.135,927273000.0,787703000.0,773218000.0,6.07,5.97,6.07,2033805000.0,2049583750.0,2033805000.0,6158687821.0,8.0,6.642,348711000.0,4.554,1.0,2808222000.0,0.41,322725000.0,14485000.0,2564113000.0,2470212500.0,1009932000.0,20830000.0,0.0,20830000.0,1481612000.0,761734000.0,719878000.0,5997188821.0,282853000.0,-34290000.0,-347414000.0,418575000.0,-121504000.0,-36810000.0,-202635000.0,0.0,530066000.0,-7768000.0,475355000.0,475355000.0,475355000.0,0.0,0.0,0.069,2025550000.0,782672000.0,290802000.0,0.255,2.949,12.616,12.988,930311000.0,0.0,78.84,0.875,0.881,589416000.0,3670726000.0,6850032000.0,6850032000.0,0.0,0.14,0.232,0.319,0.115,47870000.0,2025550000.0,1.0,76067844.0,76579856,77887620.0,89.45,3192692000.0,172554000.0,297863000.0,34999000.0,41.691,1382375000.0
51,GWW,MRT,2008-09-30,2008-09-30,2008-09-30,2021-08-02,46096000.0,3536441000.0,3294223250.0,2171321000.0,1365120000.0,2.085,28.013,-182459000.0,364417000.0,364417000.0,4069490000.0,471832000.0,2.955,0.662,525916000.0,29354000.0,496562000.0,525916000.0,0.0,157651000.0,0.0,0.017,1.5,779022000.0,936673000.0,0.136,936673000.0,779022000.0,768274000.0,5.91,5.84,5.91,2128091000.0,2065659500.0,2128091000.0,6894245381.0,9.0,7.36,283981000.0,3.738,1.0,2799640000.0,0.408,340775000.0,10748000.0,2622301000.0,2309255250.0,961094000.0,23089000.0,0.0,23089000.0,1408350000.0,734864000.0,673486000.0,6630136381.0,275051000.0,-47415000.0,-256414000.0,372856000.0,-118711000.0,13110000.0,-205944000.0,4314000.0,466440000.0,1445000.0,471832000.0,471832000.0,471832000.0,0.0,0.0,0.069,2030364000.0,769276000.0,314445000.0,0.254,3.116,14.052,14.716,928496000.0,0.0,86.97,0.965,0.962,721387000.0,3593931000.0,6869130000.0,6869130000.0,0.0,0.143,0.228,0.337,0.113,45203000.0,2030364000.0,1.0,76234752.0,75967774,77407743.0,90.422,3195666000.0,134155000.0,296442000.0,40120000.0,42.066,1436457000.0
52,GWW,MRT,2008-06-30,2008-06-30,2008-06-30,2021-08-02,64732000.0,3390591000.0,3175099250.0,2037947000.0,1352644000.0,2.106,26.733,-211410000.0,258234000.0,258234000.0,3971366000.0,440959000.0,3.058,0.657,522343000.0,17448000.0,504895000.0,522343000.0,0.0,135847000.0,0.0,0.018,1.45,723844000.0,859691000.0,0.129,859691000.0,723844000.0,716768000.0,5.44,5.36,5.44,2046212000.0,2029695750.0,2046212000.0,6479863105.0,9.0,7.537,195853000.0,2.559,1.0,2716881000.0,0.406,340181000.0,7076000.0,2648149000.0,2127676750.0,968293000.0,16886000.0,0.0,16886000.0,1344379000.0,666370000.0,678009000.0,6258290105.0,-131156000.0,-13724000.0,-720878000.0,507465000.0,-118379000.0,-315930000.0,-218069000.0,0.0,407263000.0,-4420000.0,440959000.0,440959000.0,440959000.0,0.0,0.0,0.066,2004730000.0,712151000.0,326581000.0,0.267,3.058,14.192,15.037,929514000.0,0.0,81.8,0.936,0.936,677695000.0,3484941000.0,6688247000.0,6688247000.0,0.0,0.139,0.217,0.34,0.108,43366000.0,2004730000.0,1.0,76507214.0,76542071,78028077.0,87.38,3050410000.0,137474000.0,275809000.0,23885000.0,39.853,1371577000.0
53,GWW,MRT,2008-03-31,2008-03-31,2008-03-31,2021-08-02,62273000.0,3155833000.0,3137204250.0,1854521000.0,1301312000.0,2.082,25.537,-185741000.0,117429000.0,117429000.0,3880933000.0,432571000.0,1.867,0.586,339002000.0,334107000.0,4895000.0,339002000.0,0.0,133444000.0,0.0,0.018,1.4,706470000.0,839914000.0,0.129,839914000.0,706470000.0,702640000.0,5.25,5.15,5.25,1990227000.0,2108798500.0,1990227000.0,6030157724.0,9.0,7.179,214029000.0,2.746,1.0,2651469000.0,0.406,337610000.0,3830000.0,2046287000.0,1924993500.0,966326000.0,16547000.0,0.0,16547000.0,1165606000.0,993509000.0,172097000.0,6032049724.0,-208043000.0,-11618000.0,-659250000.0,330083000.0,-116638000.0,-420986000.0,-189877000.0,19848000.0,399770000.0,3050000.0,432571000.0,432571000.0,432571000.0,0.0,0.0,0.066,1957578000.0,693891000.0,339544000.0,0.267,3.031,13.945,14.55,885563000.0,0.0,76.39,0.923,0.911,644933000.0,3403049000.0,6532402000.0,6532402000.0,0.0,0.138,0.205,0.367,0.108,38787000.0,1957578000.0,1.0,78963866.0,77933996,79245391.0,83.82,2818223000.0,120414000.0,270069000.0,92693000.0,36.162,861012000.0
54,GWW,MRT,2007-12-31,2007-12-31,2007-12-31,2021-08-02,72171000.0,3094028000.0,3116510000.0,1800817000.0,1293211000.0,2.059,25.461,-185339000.0,113437000.0,113437000.0,3814391000.0,420120000.0,2.179,0.475,111545000.0,106650000.0,4895000.0,111545000.0,0.0,131999000.0,0.0,0.015,1.34,684835000.0,816834000.0,0.127,816834000.0,684835000.0,681861000.0,5.01,4.91,5.01,2098108000.0,2164605500.0,2098108000.0,6999785034.0,10.0,8.569,283536000.0,3.441,1.0,2603623000.0,0.406,345449000.0,2974000.0,1920284000.0,1850637000.0,946327000.0,34833000.0,20074000.0,14759000.0,995920000.0,826403000.0,169517000.0,6935452034.0,-235034000.0,-11618000.0,-533793000.0,102303000.0,-113093000.0,-513887000.0,-196957000.0,0.0,468875000.0,6935000.0,420120000.0,420120000.0,420120000.0,0.0,0.0,0.065,1932970000.0,670653000.0,297929000.0,0.267,3.306,16.508,17.469,878345000.0,0.0,87.52,1.081,1.124,602650000.0,3316875000.0,6418014000.0,6418014000.0,0.0,0.135,0.194,0.37,0.107,38744000.0,1932970000.0,1.0,79244196.0,82403958,84173381.0,77.885,2748579000.0,111321000.0,261741000.0,31186000.0,33.355,974414000.0
55,GWW,MRT,2007-09-30,2007-09-30,2007-09-30,2021-08-02,55983000.0,3059945000.0,3104525000.0,1778718000.0,1281227000.0,2.019,24.129,-163192000.0,89366000.0,89366000.0,3734846000.0,414661000.0,2.027,0.542,153699000.0,148804000.0,4895000.0,153699000.0,0.0,104520000.0,0.0,0.014,1.28,668403000.0,772923000.0,0.123,772923000.0,668403000.0,666140000.0,4.94,4.8,4.94,1984236000.0,2184482250.0,1984236000.0,7322039894.0,11.0,9.473,298331000.0,3.628,1.0,2533573000.0,0.404,350784000.0,2263000.0,1895987000.0,1787315250.0,889166000.0,28997000.0,19833000.0,9164000.0,1075709000.0,877507000.0,198202000.0,7695722894.0,-337988000.0,-29203000.0,-680266000.0,144428000.0,-109526000.0,-610895000.0,-191669000.0,-4009000.0,461523000.0,3053000.0,414661000.0,414661000.0,414661000.0,0.0,0.0,0.066,1882284000.0,651289000.0,377315000.0,0.259,3.878,18.559,18.46,860635000.0,0.0,91.19,1.228,1.196,674787000.0,3239438000.0,6268419000.0,6268419000.0,0.0,0.134,0.19,0.374,0.107,35108000.0,1882284000.0,1.0,84392180.0,82233231,84864258.0,76.227,2709161000.0,114349000.0,251479000.0,36083000.0,32.945,901211000.0
56,GWW,MRT,2007-06-30,2007-06-30,2007-06-30,2021-08-02,31666000.0,3239011000.0,3110268750.0,2001671000.0,1237340000.0,1.971,28.083,-139296000.0,389390000.0,389390000.0,3656255000.0,410005000.0,2.926,0.371,15707000.0,10812000.0,4895000.0,15707000.0,0.0,102882000.0,0.0,0.013,1.22,647787000.0,750669000.0,0.122,750669000.0,647787000.0,645760000.0,4.81,4.67,4.81,2362623000.0,2257560000.0,2362623000.0,7459279281.0,12.0,9.937,377268000.0,4.484,1.0,2473071000.0,0.403,343716000.0,2027000.0,1837416000.0,1723784500.0,845227000.0,8097000.0,0.0,8097000.0,876388000.0,684196000.0,192192000.0,7775266281.0,-64151000.0,-29281000.0,-353870000.0,6222000.0,-104246000.0,-419851000.0,-163826000.0,-12757000.0,516564000.0,2962000.0,410005000.0,410005000.0,410005000.0,0.0,0.0,0.067,1844801000.0,628270000.0,386897000.0,0.254,3.291,18.964,19.345,825305000.0,0.0,93.05,1.269,1.277,637813000.0,3160989000.0,6129326000.0,6129326000.0,0.0,0.132,0.182,0.376,0.106,34030000.0,1844801000.0,1.0,83560089.0,84130074,86775154.0,72.855,2895295000.0,128898000.0,235755000.0,28397000.0,34.415,1317475000.0
57,GWW,MRT,2007-03-31,2007-03-31,2007-03-31,2021-08-02,6014000.0,3073056000.0,3081222750.0,1869231000.0,1203825000.0,1.951,26.357,-122255000.0,325472000.0,325472000.0,3595284000.0,398953000.0,2.771,0.388,9485000.0,4590000.0,4895000.0,9485000.0,0.0,101735000.0,0.0,0.015,1.16,630387000.0,732122000.0,0.122,732122000.0,630387000.0,628377000.0,4.61,4.48,4.61,2213455000.0,2255870750.0,2213455000.0,6168378567.0,10.0,8.425,370035000.0,4.406,1.0,2415911000.0,0.402,333670000.0,2010000.0,1748861000.0,1686482000.0,815891000.0,8228000.0,0.0,8228000.0,859601000.0,674538000.0,185063000.0,6507364567.0,-168411000.0,-24051000.0,-465213000.0,0.0,-100824000.0,-548654000.0,-111777000.0,14656000.0,492290000.0,-270000.0,398953000.0,398953000.0,398953000.0,0.0,0.0,0.066,1809672000.0,606239000.0,378432000.0,0.252,2.94,16.311,16.755,802373000.0,0.0,77.24,1.083,1.079,611126000.0,3085744000.0,6011195000.0,6011195000.0,0.0,0.129,0.177,0.374,0.105,33930000.0,1809672000.0,1.0,84248635.0,83979114,86758949.0,71.58,2739386000.0,109752000.0,229424000.0,73287000.0,32.62,1194693000.0
58,GWW,MRT,2006-12-31,2006-12-31,2006-12-31,2021-08-02,3431000.0,3046088000.0,3100291750.0,1862086000.0,1184002000.0,1.898,24.791,-119450000.0,348471000.0,348471000.0,3529504000.0,383399000.0,2.636,0.399,9485000.0,4590000.0,4895000.0,9485000.0,0.0,100975000.0,0.0,0.016,1.11,604949000.0,705924000.0,0.12,705924000.0,604949000.0,603023000.0,4.36,4.24,4.36,2177615000.0,2290762750.0,2177615000.0,5599578083.0,9.0,7.932,317303000.0,3.612,1.0,2354150000.0,0.4,333782000.0,1926000.0,1666997000.0,1660609000.0,827254000.0,21319000.0,12827000.0,8492000.0,868473000.0,706323000.0,162150000.0,6017447083.0,-196423000.0,-38378000.0,-408350000.0,0.0,-97896000.0,-492873000.0,-139746000.0,14656000.0,436753000.0,-557000.0,383399000.0,383399000.0,383399000.0,0.0,0.0,0.065,1776079000.0,578071000.0,334820000.0,0.255,2.763,15.695,16.041,792935000.0,0.0,69.94,1.023,1.044,566607000.0,3007606000.0,5883654000.0,5883654000.0,0.0,0.124,0.167,0.364,0.103,35304000.0,1776079000.0,1.0,86037276.0,87838723,90523774.0,66.982,2712306000.0,96916000.0,219624000.0,13312000.0,30.878,1155763000.0
59,GWW,MRT,2006-09-30,2006-09-30,2006-09-30,2021-08-02,38020000.0,3082920000.0,3115750000.0,1943152000.0,1139768000.0,1.865,26.09,-126640000.0,427354000.0,427354000.0,3472009000.0,388300000.0,2.767,0.354,9485000.0,4590000.0,4895000.0,9485000.0,0.0,98913000.0,0.0,0.016,1.06,601017000.0,699930000.0,0.12,699930000.0,601017000.0,599055000.0,4.38,4.24,4.38,2276547000.0,2318603000.0,2276547000.0,5492321728.0,9.0,7.847,335309000.0,3.843,1.0,2340093000.0,0.403,320917000.0,1962000.0,1641864000.0,1635675000.0,772121000.0,20940000.0,13234000.0,7706000.0,806373000.0,702270000.0,104103000.0,5936377728.0,-19066000.0,-13953000.0,-264748000.0,0.0,-94635000.0,-353429000.0,-127362000.0,18439000.0,461949000.0,-224000.0,388300000.0,388300000.0,388300000.0,0.0,0.0,0.067,1765862000.0,574231000.0,344976000.0,0.242,2.608,15.288,15.301,794455000.0,0.0,67.02,1.021,1.006,610762000.0,2933433000.0,5812102000.0,5812102000.0,0.0,0.125,0.167,0.367,0.103,38337000.0,1765862000.0,1.0,88576212.0,87258559,89682032.0,66.608,2762003000.0,89413000.0,210755000.0,24082000.0,31.653,1240882000.0
60,GWW,MRT,2006-06-30,2006-06-30,2006-06-30,2021-08-02,37836000.0,3122827000.0,3091538750.0,1993856000.0,1128971000.0,1.851,26.369,-128926000.0,453541000.0,453541000.0,3431777000.0,371915000.0,2.991,0.326,9485000.0,4590000.0,4895000.0,9485000.0,0.0,98034000.0,0.0,0.013,1.01,583561000.0,681595000.0,0.119,681595000.0,583561000.0,581631000.0,4.16,4.05,4.16,2355866000.0,2297974000.0,2355866000.0,6268947342.0,11.0,9.197,289566000.0,3.241,1.0,2289168000.0,0.4,323915000.0,1930000.0,1688206000.0,1611721250.0,781991000.0,7483000.0,0.0,7483000.0,766961000.0,666650000.0,100311000.0,6753345342.0,127508000.0,-13838000.0,-89801000.0,0.0,-90655000.0,-174923000.0,-117167000.0,31501000.0,418492000.0,1106000.0,371915000.0,371915000.0,371915000.0,0.0,0.0,0.065,1730368000.0,558800000.0,319445000.0,0.243,2.867,18.158,18.084,784589000.0,0.0,75.23,1.18,1.175,608353000.0,2854360000.0,5720945000.0,5720945000.0,0.0,0.12,0.162,0.362,0.102,37691000.0,1730368000.0,1.0,89769312.0,89342642,92104424.0,64.034,2798912000.0,105163000.0,209716000.0,48106000.0,31.328,1327206000.0
61,GWW,MRT,2006-03-31,2006-03-31,2006-03-31,2021-08-02,25225000.0,3149332000.0,3014321750.0,2018122000.0,1131210000.0,1.861,26.25,-144774000.0,493883000.0,493883000.0,3377881000.0,359765000.0,2.887,0.338,9485000.0,4590000.0,4895000.0,9485000.0,0.0,97777000.0,0.0,0.013,0.96,559611000.0,657388000.0,0.117,657388000.0,559611000.0,557745000.0,4.02,3.92,4.02,2353023000.0,2233423500.0,2353023000.0,6242469302.0,11.0,9.496,301957000.0,3.369,1.0,2232992000.0,0.398,320595000.0,1866000.0,1645369000.0,1585199750.0,805591000.0,30158000.0,0.0,30158000.0,796309000.0,698970000.0,97339000.0,6777878302.0,124387000.0,-14306000.0,-80414000.0,0.0,-86019000.0,-163659000.0,-159119000.0,4088000.0,446731000.0,434000.0,359765000.0,359765000.0,359765000.0,0.0,0.0,0.064,1692543000.0,540449000.0,357875000.0,0.239,2.88,18.84,18.744,775820000.0,0.0,75.35,1.208,1.204,569600000.0,2786745000.0,5610873000.0,5610873000.0,0.0,0.119,0.161,0.353,0.1,27012000.0,1692543000.0,1.0,89951935.0,89637735,92484701.0,62.595,2828737000.0,94793000.0,197980000.0,77628000.0,31.557,1319152000.0
62,GWW,MRT,2005-12-31,2005-12-31,2005-12-31,2021-08-02,27082000.0,3107921000.0,2940255000.0,1985539000.0,1122382000.0,1.88,25.556,-142210000.0,544894000.0,544894000.0,3365095000.0,346324000.0,2.855,0.358,9485000.0,4590000.0,4895000.0,9485000.0,0.0,98087000.0,0.0,0.013,0.92,534537000.0,632624000.0,0.114,632624000.0,534537000.0,532674000.0,3.87,3.78,3.87,2288976000.0,2175597000.0,2288976000.0,5921932605.0,11.0,9.361,290333000.0,3.241,1.0,2161541000.0,0.391,309900000.0,1863000.0,1567261000.0,1565788000.0,791212000.0,25155000.0,0.0,25155000.0,818945000.0,695351000.0,123594000.0,6358867605.0,115648000.0,-24817000.0,-71476000.0,0.0,-82663000.0,-154139000.0,-162985000.0,4088000.0,432543000.0,229000.0,346324000.0,346324000.0,346324000.0,0.0,0.0,0.063,1642552000.0,518989000.0,319254000.0,0.238,2.778,18.361,18.372,770625000.0,0.0,71.1,1.151,1.152,518625000.0,2722103000.0,5526636000.0,5526636000.0,0.0,0.118,0.159,0.341,0.097,20977000.0,1642552000.0,1.0,89435550.0,89568746,91588295.0,61.703,2798021000.0,93176000.0,186350000.0,31573000.0,31.239,1290188000.0
63,GWW,MRT,2005-09-30,2005-09-30,2005-09-30,2021-08-02,27360000.0,2986075000.0,2865668000.0,1881044000.0,1105031000.0,1.885,24.634,-172392000.0,446420000.0,446420000.0,3306741000.0,332546000.0,2.683,0.361,9485000.0,9485000.0,0.0,9485000.0,0.0,89534000.0,0.0,0.014,0.88,513358000.0,602892000.0,0.112,602892000.0,513358000.0,511456000.0,3.7,3.63,3.7,2194031000.0,2120345500.0,2194031000.0,5289997871.0,10.0,8.774,210570000.0,2.364,1.0,2094244000.0,0.388,302081000.0,1902000.0,1546049000.0,1550345250.0,751127000.0,24559000.0,0.0,24559000.0,792044000.0,701010000.0,91034000.0,5606545871.0,52757000.0,-24723000.0,-59467000.0,0.0,-79166000.0,-138633000.0,-195727000.0,0.0,382962000.0,4155000.0,332546000.0,332546000.0,332546000.0,0.0,0.0,0.062,1593041000.0,501203000.0,336062000.0,0.238,2.555,16.859,17.005,768176000.0,0.0,62.92,1.038,1.038,547622000.0,2639768000.0,5400985000.0,5400985000.0,0.0,0.116,0.157,0.331,0.095,26801000.0,1593267000.0,1.0,89105942.0,89064690,91130323.0,60.641,2683994000.0,97133000.0,178910000.0,41535000.0,30.135,1180034000.0
64,GWW,MRT,2005-06-30,2005-06-30,2005-06-30,2021-08-02,12915000.0,2813959000.0,2791523250.0,1731668000.0,1082291000.0,1.889,23.44,-176057000.0,326033000.0,326033000.0,3248335000.0,312126000.0,2.751,0.341,9485000.0,9485000.0,0.0,9485000.0,0.0,88274000.0,0.0,0.015,0.84,483605000.0,571879000.0,0.108,571879000.0,483605000.0,480942000.0,3.47,3.4,3.47,2097664000.0,2061303750.0,2097664000.0,4608603494.0,10.0,8.059,183109000.0,2.046,1.0,2025365000.0,0.384,285799000.0,2663000.0,1582120000.0,1519826000.0,728468000.0,22686000.0,0.0,22686000.0,716295000.0,629492000.0,86803000.0,4968614494.0,-160098000.0,-24838000.0,-109374000.0,-140776000.0,-75928000.0,-326078000.0,-197309000.0,0.0,359166000.0,4123000.0,312126000.0,312126000.0,312126000.0,0.0,0.0,0.059,1552600000.0,472765000.0,304925000.0,0.242,2.369,15.919,15.79,763737000.0,0.0,54.79,0.942,0.93,531710000.0,2573100000.0,5273700000.0,5273700000.0,0.0,0.112,0.151,0.318,0.092,23260000.0,1552826000.0,1.0,90684696.0,89489470,91080031.0,58.931,2528160000.0,100401000.0,168816000.0,40550000.0,28.251,1102176000.0
65,GWW,MRT,2005-03-31,2005-03-31,2005-03-31,2021-08-02,15591000.0,2853065000.0,2776287750.0,1784480000.0,1068585000.0,1.857,23.472,-159521000.0,369496000.0,369496000.0,3198803000.0,297156000.0,2.754,0.345,9485000.0,9485000.0,0.0,9485000.0,0.0,86533000.0,0.0,0.013,0.8,462787000.0,549320000.0,0.107,549320000.0,462787000.0,459322000.0,3.3,3.23,3.3,2121717000.0,2021028750.0,2121717000.0,5225974330.0,11.0,9.514,166603000.0,1.843,1.0,1958063000.0,0.38,277411000.0,3465000.0,1567722000.0,1489286000.0,741754000.0,26244000.0,0.0,26244000.0,731348000.0,647921000.0,83427000.0,5645735330.0,-65236000.0,-24838000.0,3309000.0,-140796000.0,-72614000.0,-210101000.0,-184561000.0,0.0,326124000.0,3302000.0,297156000.0,297156000.0,297156000.0,0.0,0.0,0.058,1504600000.0,453463000.0,334956000.0,0.242,2.661,18.999,18.87,759395000.0,0.0,62.27,1.095,1.092,520228000.0,2512999000.0,5156866000.0,5156866000.0,0.0,0.107,0.147,0.311,0.09,23182000.0,1504826000.0,1.0,90665414.0,90395437,92460093.0,57.048,2575654000.0,103517000.0,162166000.0,62542000.0,28.493,1136559000.0
66,GWW,MRT,2004-12-31,2004-12-31,2004-12-31,2021-08-02,18052000.0,2809573000.0,2734416000.0,1744416000.0,1065157000.0,1.847,22.925,-143142000.0,429246000.0,429246000.0,3143133000.0,286923000.0,2.743,0.359,9485000.0,9485000.0,0.0,9485000.0,0.0,85566000.0,0.0,0.012,0.785,449527000.0,535093000.0,0.106,535093000.0,449527000.0,445139000.0,3.18,3.13,3.18,2067970000.0,1955128000.0,2067970000.0,5617055461.0,12.0,10.497,263345000.0,2.919,1.0,1906652000.0,0.378,248290000.0,4388000.0,1505490000.0,1455966750.0,700559000.0,26126000.0,0.0,26126000.0,741603000.0,636032000.0,105571000.0,6001233461.0,26422000.0,0.0,-28597000.0,-140800000.0,-71243000.0,-240640000.0,-142392000.0,0.0,406487000.0,2967000.0,286923000.0,286923000.0,286923000.0,0.0,0.0,0.057,1465398000.0,441254000.0,289388000.0,0.247,2.902,20.916,20.95,761573000.0,0.0,66.62,1.188,1.19,480893000.0,2458442000.0,5049785000.0,5049785000.0,0.0,0.105,0.147,0.309,0.089,20294000.0,1465624000.0,1.0,90081559.0,90206773,91673375.0,55.98,2561283000.0,115800000.0,158216000.0,39735000.0,28.393,1108384000.0
67,GWW,MRT,2004-09-30,2004-09-30,2004-09-30,2021-08-02,4506000.0,2689496000.0,2688192250.0,1700811000.0,988685000.0,1.837,21.683,-93951000.0,393663000.0,393663000.0,3114275000.0,258605000.0,2.612,0.374,9485000.0,4590000.0,4895000.0,9485000.0,0.0,69702000.0,0.0,0.013,0.77,427141000.0,496843000.0,0.101,496843000.0,427141000.0,421791000.0,2.86,2.82,2.86,1957864000.0,1899419250.0,1957864000.0,4905901818.0,11.0,9.874,374161000.0,4.144,1.0,1824970000.0,0.369,230074000.0,5350000.0,1423972000.0,1441616500.0,655294000.0,23759000.0,0.0,23759000.0,731632000.0,651272000.0,80360000.0,5246947818.0,100025000.0,-4000.0,-66421000.0,-141198000.0,-70141000.0,-277760000.0,-90006000.0,-121000.0,468112000.0,-321000.0,258605000.0,258605000.0,258605000.0,0.0,0.0,0.052,1399527000.0,425443000.0,313147000.0,0.269,2.68,20.289,20.157,726474000.0,0.0,57.65,1.062,1.054,501858000.0,2386388000.0,4939245000.0,4939245000.0,0.0,0.096,0.136,0.296,0.086,8380000.0,1400091000.0,1.0,91013839.0,90295071,91691179.0,54.701,2459422000.0,112618000.0,163186000.0,35102000.0,27.238,1049539000.0
68,GWW,MRT,2004-06-30,2004-06-30,2004-06-30,2021-08-02,-4057000.0,2753017000.0,2665237500.0,1780345000.0,972672000.0,1.816,21.461,-74752000.0,486131000.0,486131000.0,3068306000.0,247752000.0,2.416,0.422,145085000.0,140190000.0,4895000.0,145085000.0,0.0,69066000.0,0.0,0.013,0.755,413347000.0,482413000.0,0.1,482413000.0,413347000.0,407688000.0,2.74,2.7,2.74,1936564000.0,1861826250.0,1936564000.0,4937662370.0,12.0,10.235,386554000.0,4.284,1.0,1770551000.0,0.366,215123000.0,5659000.0,1459960000.0,1499969250.0,654696000.0,22066000.0,0.0,22066000.0,816453000.0,736888000.0,79565000.0,5224937370.0,299433000.0,3576000.0,-18322000.0,-1900000.0,-68850000.0,-89072000.0,-71092000.0,-2801000.0,461306000.0,-1709000.0,247752000.0,247752000.0,247752000.0,0.0,0.0,0.051,1358231000.0,412320000.0,314783000.0,0.276,2.698,21.089,20.985,717158000.0,0.0,57.5,1.08,1.072,484547000.0,2336902000.0,4838857000.0,4838857000.0,0.0,0.093,0.133,0.276,0.085,6676000.0,1358795000.0,1.0,90868476.0,90236332,91723607.0,53.624,2537894000.0,123173000.0,159936000.0,29587000.0,28.125,1043457000.0
69,GWW,MRT,2004-03-31,2004-03-31,2004-03-31,2021-08-02,148000.0,2685578000.0,2612944500.0,1715695000.0,969883000.0,1.82,20.596,-57854000.0,434732000.0,434732000.0,3026687000.0,237126000.0,2.285,0.445,147457000.0,142562000.0,4895000.0,147457000.0,0.0,72158000.0,0.0,0.015,0.74,400152000.0,472310000.0,0.099,472310000.0,400152000.0,394159000.0,2.61,2.58,2.61,1858114000.0,1816966000.0,1858114000.0,4111656144.0,10.0,8.705,379651000.0,4.208,1.0,1728857000.0,0.364,212845000.0,5993000.0,1434445000.0,1561997000.0,654107000.0,22253000.0,0.0,22253000.0,827464000.0,751013000.0,76451000.0,4365450144.0,216147000.0,-33149000.0,-59559000.0,-4568000.0,-84145000.0,-132543000.0,-90433000.0,-2126000.0,437505000.0,2848000.0,237126000.0,237126000.0,237126000.0,0.0,0.0,0.05,1330648000.0,398209000.0,312321000.0,0.284,2.349,18.41,18.391,718900000.0,0.0,48.0,0.918,0.911,472971000.0,2288457000.0,4755544000.0,4755544000.0,0.0,0.091,0.131,0.256,0.084,2380000.0,1331212000.0,1.0,90946878.0,90219290,91273433.0,52.711,2472733000.0,117319000.0,157033000.0,72982000.0,27.408,964682000.0
70,GWW,MRT,2003-12-31,2003-12-31,2003-12-31,2021-08-02,2594000.0,2624678000.0,2564735750.0,1633413000.0,991265000.0,1.82,20.336,-68342000.0,402824000.0,402824000.0,2975513000.0,226971000.0,2.312,0.422,149030000.0,144135000.0,4895000.0,149030000.0,0.0,74583000.0,0.0,0.016,0.735,387105000.0,461688000.0,0.099,461688000.0,387105000.0,381090000.0,2.5,2.46,2.5,1845135000.0,1781848250.0,1845135000.0,4174839829.0,11.0,9.043,325766000.0,3.59,1.0,1691501000.0,0.362,216155000.0,6015000.0,1448089000.0,1615962250.0,661247000.0,22822000.0,0.0,22822000.0,779543000.0,706640000.0,72903000.0,4324515829.0,194296000.0,-36713000.0,-26033000.0,-4564000.0,-67281000.0,-97878000.0,-105281000.0,-2126000.0,394108000.0,3347000.0,226971000.0,226971000.0,226971000.0,0.0,0.0,0.049,1302633000.0,388868000.0,257806000.0,0.294,2.344,19.053,18.956,731992000.0,0.0,47.39,0.927,0.921,431896000.0,2242762000.0,4667014000.0,4667014000.0,0.0,0.088,0.127,0.24,0.083,2091000.0,1303197000.0,1.0,91253763.0,90731013,92394085.0,51.438,2408523000.0,119795000.0,154119000.0,43690000.0,26.546,926773000.0
71,GWW,MRT,2003-09-30,2003-09-30,2003-09-30,2021-08-02,-7632000.0,2597677000.0,2517928250.0,1604714000.0,992963000.0,1.84,19.939,-87095000.0,293638000.0,293638000.0,2905735000.0,227811000.0,2.784,0.437,143962000.0,4999000.0,138963000.0,143962000.0,0.0,75915000.0,0.0,0.015,0.73,388876000.0,464791000.0,0.1,464791000.0,388876000.0,382485000.0,2.51,2.46,2.51,1807492000.0,1737489000.0,1807492000.0,4300963656.0,11.0,9.254,180092000.0,1.987,1.0,1727305000.0,0.373,214113000.0,6391000.0,1657383000.0,1659659250.0,705807000.0,24251000.0,0.0,24251000.0,790185000.0,576505000.0,213680000.0,4342043656.0,75168000.0,-30961000.0,-4142000.0,-8595000.0,-66858000.0,-79595000.0,-115791000.0,1206000.0,267187000.0,3367000.0,227811000.0,227811000.0,227811000.0,0.0,0.0,0.049,1340056000.0,387249000.0,288908000.0,0.291,2.402,19.06,18.944,731266000.0,0.0,47.55,0.937,0.93,462040000.0,2197924000.0,4633040000.0,4633040000.0,0.0,0.09,0.131,0.234,0.084,7745000.0,1341995000.0,1.0,91315324.0,90650797,92524441.0,51.109,2383564000.0,124144000.0,154674000.0,44386000.0,26.294,1028209000.0
72,GWW,MRT,2003-06-30,2003-06-30,2003-06-30,2021-08-02,-8493000.0,2543845000.0,2472760500.0,1550119000.0,993726000.0,1.875,19.344,-107180000.0,186698000.0,186698000.0,2930770000.0,230928000.0,2.688,0.448,145618000.0,6455000.0,139163000.0,145618000.0,0.0,76919000.0,0.0,0.016,0.725,395243000.0,472162000.0,0.102,472162000.0,395243000.0,389012000.0,2.53,2.48,2.53,1757123000.0,1688483500.0,1757123000.0,4202967296.0,11.0,8.902,185744000.0,2.045,1.0,1705001000.0,0.368,218109000.0,6231000.0,1708071000.0,1642667750.0,747116000.0,19762000.0,0.0,19762000.0,786722000.0,576585000.0,210137000.0,4284690296.0,-12591000.0,-31330000.0,-94965000.0,-7338000.0,-66692000.0,-168995000.0,-137814000.0,675000.0,292924000.0,1294000.0,230928000.0,230928000.0,230928000.0,0.0,0.0,0.05,1311883000.0,393118000.0,314542000.0,0.287,2.438,18.554,18.482,731118000.0,0.0,46.76,0.924,0.916,464462000.0,2158000000.0,4635771000.0,4635771000.0,0.0,0.093,0.137,0.241,0.085,6859000.0,1313822000.0,1.0,91631529.0,90834004,92369529.0,51.036,2325736000.0,125800000.0,158084000.0,34819000.0,25.604,973534000.0
73,GWW,MRT,2003-03-31,2003-03-31,2003-03-31,2021-08-02,-23651000.0,2492743000.0,2440611500.0,1530316000.0,962427000.0,1.908,18.903,-130687000.0,218585000.0,218585000.0,2971472000.0,229434000.0,2.639,0.451,136862000.0,9298000.0,127564000.0,136862000.0,0.0,75938000.0,0.0,0.017,0.72,393207000.0,469145000.0,0.101,469145000.0,393207000.0,387143000.0,2.51,2.45,2.51,1717643000.0,1664190000.0,1717643000.0,3849659926.0,10.0,8.206,154967000.0,1.705,1.0,1686430000.0,0.362,180729000.0,6064000.0,1650306000.0,1630980500.0,706016000.0,19336000.0,0.0,19336000.0,775100000.0,579985000.0,195115000.0,3929022926.0,-3005000.0,5394000.0,-93347000.0,-4962000.0,-50095000.0,-164133000.0,-126051000.0,0.0,285654000.0,295000.0,229434000.0,229434000.0,229434000.0,0.0,0.0,0.049,1291828000.0,394602000.0,301276000.0,0.287,2.287,17.125,17.092,738666000.0,0.0,42.9,0.844,0.837,454981000.0,2118972000.0,4657902000.0,4657902000.0,0.0,0.094,0.138,0.241,0.084,6154000.0,1293767000.0,1.0,91585616.0,90865346,92584753.0,51.262,2312014000.0,121651000.0,157709000.0,65273000.0,25.444,950331000.0
74,GWW,MRT,2002-12-31,2002-12-31,2002-12-31,2021-08-02,-35742000.0,2437448000.0,2425250250.0,1484947000.0,952501000.0,1.915,18.131,-127867000.0,208528000.0,208528000.0,2984548000.0,211567000.0,2.533,0.462,129165000.0,9472000.0,119693000.0,129165000.0,0.0,75226000.0,0.0,0.014,0.715,380079000.0,455305000.0,0.098,455305000.0,380079000.0,373916000.0,2.3,2.24,2.3,1667698000.0,1647574250.0,1667698000.0,4627765003.0,12.0,10.164,175603000.0,1.909,1.0,1659350000.0,0.357,148942000.0,6163000.0,1622877000.0,1652949500.0,721178000.0,21303000.0,0.0,21303000.0,769750000.0,586266000.0,183484000.0,4713629003.0,39682000.0,5748000.0,-82806000.0,-8780000.0,-66467000.0,-158053000.0,-105758000.0,15957000.0,303470000.0,23000.0,211567000.0,211567000.0,211567000.0,0.0,0.0,0.046,1266195000.0,393155000.0,290807000.0,0.311,2.826,22.28,22.413,736807000.0,0.0,51.55,1.015,1.021,423240000.0,2083072000.0,4643898000.0,4643898000.0,0.0,0.087,0.128,0.23,0.082,5897000.0,1268134000.0,1.0,91438002.0,91982430,94303497.0,50.487,2288506000.0,115877000.0,162349000.0,37902000.0,24.88,898681000.0
75,GWW,MRT,2002-09-30,2002-09-30,2002-09-30,2021-08-02,-39164000.0,2417006000.0,2398699750.0,1479286000.0,937720000.0,1.932,17.54,-127931000.0,218470000.0,218470000.0,3045196000.0,210502000.0,2.372,0.5,132606000.0,13965000.0,118641000.0,132606000.0,0.0,102535000.0,0.0,0.017,0.71,378830000.0,481365000.0,0.104,481365000.0,378830000.0,372989000.0,2.27,2.22,2.27,1611470000.0,1631447000.0,1611470000.0,3899704649.0,10.0,8.101,255556000.0,2.782,1.0,1588760000.0,0.343,118020000.0,5841000.0,1589417000.0,1634521250.0,646452000.0,25656000.0,0.0,25656000.0,805536000.0,623705000.0,181831000.0,3960976649.0,79954000.0,4547000.0,-101381000.0,-14229000.0,-66336000.0,-188050000.0,-115535000.0,7524000.0,383487000.0,52000.0,210502000.0,210502000.0,210502000.0,0.0,0.0,0.045,1198527000.0,390233000.0,333210000.0,0.313,2.458,18.817,18.744,723830000.0,0.0,42.55,0.855,0.844,479742000.0,2036971000.0,4633956000.0,4633956000.0,0.0,0.088,0.129,0.232,0.082,1814000.0,1199457000.0,1.0,93089933.0,91871851,93589859.0,50.439,2298986000.0,112482000.0,162487000.0,25830000.0,25.024,855581000.0
76,GWW,MRT,2002-06-30,2002-06-30,2002-06-30,2021-08-02,-28895000.0,2415249000.0,2389364750.0,1485264000.0,929985000.0,1.938,17.897,-104708000.0,199289000.0,199289000.0,3047863000.0,206571000.0,2.604,0.455,138017000.0,14187000.0,123830000.0,138017000.0,0.0,102642000.0,0.0,0.014,0.705,372742000.0,475384000.0,0.103,475384000.0,372742000.0,366095000.0,2.22,2.17,2.22,1659949000.0,1620561000.0,1659949000.0,4602012368.0,12.0,9.681,340619000.0,3.672,1.0,1582051000.0,0.342,122313000.0,6647000.0,1661322000.0,1674230750.0,643173000.0,27669000.0,0.0,27669000.0,755300000.0,570342000.0,184958000.0,4691147368.0,133008000.0,1336000.0,-43920000.0,-106387000.0,-66116000.0,-220841000.0,-91711000.0,11208000.0,445327000.0,233000.0,206571000.0,206571000.0,206571000.0,0.0,0.0,0.045,1196631000.0,385420000.0,306597000.0,0.318,2.826,22.71,22.568,700573000.0,0.0,50.1,1.013,1.004,500725000.0,1993764000.0,4629914000.0,4629914000.0,0.0,0.086,0.127,0.223,0.081,1814000.0,1197561000.0,1.0,93635676.0,92751999,95384343.0,49.917,2292936000.0,121266000.0,159524000.0,18091000.0,24.721,914922000.0
77,GWW,MRT,2002-03-31,2002-03-31,2002-03-31,2021-08-02,-35714000.0,2431298000.0,2395007500.0,1496627000.0,934671000.0,1.946,17.828,-96312000.0,221590000.0,221590000.0,3082757000.0,166892000.0,2.478,0.472,132455000.0,14499000.0,117956000.0,132455000.0,0.0,103282000.0,0.0,0.012,0.7,305499000.0,408781000.0,0.088,408781000.0,305499000.0,297292000.0,1.79,1.75,1.79,1651180000.0,1597836500.0,1651180000.0,5226806856.0,17.0,12.786,386526000.0,4.173,1.0,1577405000.0,0.338,0.0,8207000.0,1738182000.0,1739496500.0,649472000.0,22223000.0,0.0,22223000.0,780118000.0,603981000.0,176137000.0,5260387856.0,152616000.0,-603000.0,-55037000.0,-124837000.0,-65817000.0,-246921000.0,-82517000.0,11208000.0,482838000.0,-784000.0,166892000.0,166892000.0,166892000.0,0.0,0.0,0.036,1232561000.0,344844000.0,342855000.0,0.391,3.186,31.52,31.413,687960000.0,0.0,56.23,1.129,1.118,484085000.0,1980058000.0,4660162000.0,4660162000.0,0.0,0.07,0.104,0.176,0.066,1814000.0,1193491000.0,1.0,93551269.0,92618855,95428131.0,50.315,2431298000.0,100296000.0,130400000.0,34705000.0,26.251,892646000.0
78,GWW,MRT,2001-12-31,2001-12-31,2001-12-31,2021-08-02,-29553000.0,2331246000.0,2400273750.0,1392611000.0,938635000.0,1.981,17.204,-95088000.0,168846000.0,168846000.0,3165030000.0,174530000.0,2.515,0.454,135265000.0,17046000.0,118219000.0,135265000.0,0.0,103209000.0,0.0,0.014,0.695,307954000.0,411163000.0,0.086,411163000.0,307954000.0,297280000.0,1.87,1.84,1.87,1603189000.0,1577688250.0,1603189000.0,4497738048.0,15.0,10.939,414093000.0,4.444,1.0,1589287000.0,0.334,194690000.0,10674000.0,1549164000.0,1787257250.0,634654000.0,31799000.0,0.0,31799000.0,728057000.0,553811000.0,174246000.0,4490214048.0,105462000.0,-14407000.0,-42284000.0,-179262000.0,-65445000.0,-287082000.0,-114064000.0,-4749000.0,509181000.0,-2573000.0,174530000.0,174530000.0,174530000.0,0.0,0.0,0.037,1250714000.0,338573000.0,275893000.0,0.372,2.801,25.727,25.668,689718000.0,0.0,48.0,0.944,0.941,454180000.0,1937972000.0,4754317000.0,4754317000.0,0.0,0.073,0.111,0.172,0.065,1814000.0,1211644000.0,1.0,93546126.0,93189132,94727868.0,51.018,2136556000.0,97454000.0,122750000.0,10351000.0,22.927,838800000.0
79,GWW,MRT,2001-09-30,2001-09-30,2001-09-30,2021-08-02,-39266000.0,2379666000.0,2432362500.0,1458041000.0,921625000.0,1.995,16.794,-88364000.0,138516000.0,138516000.0,3265530000.0,160940000.0,2.282,0.518,146040000.0,26924000.0,119116000.0,146040000.0,0.0,103401000.0,0.0,0.018,0.69,291618000.0,395019000.0,0.081,395019000.0,291618000.0,277163000.0,1.72,1.7,1.72,1567926000.0,1561237500.0,1567926000.0,3845467185.0,13.0,9.735,423749000.0,4.539,1.0,1588194000.0,0.327,0.0,14455000.0,1748255000.0,1838761250.0,630437000.0,4412000.0,0.0,4412000.0,811740000.0,638935000.0,172805000.0,3668443185.0,66252000.0,-20483000.0,-21427000.0,-249758000.0,-65071000.0,-336417000.0,-106619000.0,1398000.0,512113000.0,-2825000.0,160940000.0,160940000.0,160940000.0,0.0,0.0,0.033,1259576000.0,328618000.0,284998000.0,0.401,2.34,22.794,22.587,672108000.0,0.0,38.85,0.756,0.747,548288000.0,1892805000.0,4853724000.0,4853724000.0,0.0,0.066,0.103,0.159,0.06,3198000.0,1219576000.0,1.0,94425822.0,93360391,94905733.0,51.989,2379666000.0,98781000.0,116223000.0,21662000.0,25.489,819106000.0
80,GWW,MRT,2001-06-30,2001-06-30,2001-06-30,2021-08-02,-21706000.0,2437820000.0,2476205750.0,1491439000.0,946381000.0,1.99,16.735,-86080000.0,66281000.0,66281000.0,3325876000.0,153025000.0,2.154,0.554,243305000.0,119303000.0,124002000.0,243305000.0,0.0,105520000.0,0.0,0.017,0.685,285434000.0,390954000.0,0.079,390954000.0,285434000.0,266750000.0,1.64,1.62,1.64,1569051000.0,1546709250.0,1569051000.0,4096936296.0,14.0,10.479,276109000.0,2.945,1.0,1601528000.0,0.325,0.0,18684000.0,1922385000.0,1902081000.0,665156000.0,4751000.0,0.0,4751000.0,868769000.0,692459000.0,176310000.0,3908490296.0,9142000.0,-44935000.0,4254000.0,-179641000.0,-64517000.0,-241358000.0,-110524000.0,18130000.0,362189000.0,-1165000.0,153025000.0,153025000.0,153025000.0,0.0,0.0,0.031,1276709000.0,324819000.0,299331000.0,0.418,2.491,25.542,25.098,676087000.0,0.0,41.16,0.793,0.783,606384000.0,1853309000.0,4927404000.0,4927404000.0,0.0,0.062,0.099,0.15,0.058,3198000.0,1236709000.0,1.0,94958462.0,93757352,95252754.0,52.555,2437820000.0,103256000.0,113725000.0,-6125000.0,26.001,798980000.0
81,GWW,MRT,2001-03-31,2001-03-31,2001-03-31,2021-08-02,-37084000.0,2452363000.0,2509983250.0,1488523000.0,963840000.0,1.982,16.883,-89781000.0,68974000.0,68974000.0,3376215000.0,193867000.0,2.092,0.561,257420000.0,138065000.0,119355000.0,257420000.0,0.0,106054000.0,0.0,0.02,0.68,359439000.0,465493000.0,0.094,465493000.0,359439000.0,337137000.0,2.08,2.06,2.08,1570587000.0,1526046500.0,1570587000.0,3437459607.0,10.0,7.385,234379000.0,2.519,1.0,1597800000.0,0.321,0.0,22302000.0,1929225000.0,1927740250.0,685823000.0,21801000.0,0.0,21801000.0,881776000.0,711584000.0,170192000.0,3179277607.0,4289000.0,-43876000.0,28704000.0,-168277000.0,-63908000.0,-207397000.0,-108692000.0,26665000.0,324160000.0,-3782000.0,193867000.0,193867000.0,193867000.0,0.0,0.0,0.039,1253768000.0,344032000.0,255664000.0,0.327,2.024,16.399,16.274,673472000.0,0.0,33.85,0.639,0.633,595105000.0,1855062000.0,4974015000.0,4974015000.0,0.0,0.077,0.127,0.186,0.072,3198000.0,1253768000.0,1.0,93922529.0,93026308,94297365.0,53.469,2452363000.0,90263000.0,143270000.0,46199000.0,26.362,776939000.0
82,GWW,MRT,2000-12-31,2000-12-31,2000-12-31,2021-08-02,-18832000.0,2459601000.0,2550011250.0,1483002000.0,976599000.0,1.952,16.53,-93850000.0,63384000.0,63384000.0,3391707000.0,192903000.0,1.984,0.6,321566000.0,196308000.0,125258000.0,321566000.0,0.0,106893000.0,0.0,0.018,0.67,355998000.0,462891000.0,0.093,462891000.0,355998000.0,331595000.0,2.07,2.05,2.07,1537386000.0,1508995250.0,1537386000.0,3758920425.0,11.0,8.121,184545000.0,1.984,1.0,1585337000.0,0.319,215279000.0,24403000.0,1755180000.0,1965607000.0,704071000.0,51599000.0,0.0,51599000.0,922215000.0,747324000.0,174891000.0,3429556425.0,701000.0,-26862000.0,5064000.0,-123368000.0,-62863000.0,-181067000.0,-94821000.0,26665000.0,278395000.0,-1806000.0,192903000.0,192903000.0,192903000.0,0.0,0.0,0.039,1250217000.0,335120000.0,283112000.0,0.324,2.231,17.779,17.633,676397000.0,0.0,36.5,0.689,0.682,608297000.0,1837298000.0,4977044000.0,4977044000.0,0.0,0.076,0.128,0.181,0.072,3198000.0,1250217000.0,1.0,93960450.0,93003813,94223815.0,53.514,2244322000.0,90897000.0,138692000.0,29352000.0,24.132,735678000.0
83,GWW,MRT,2000-09-30,2000-09-30,2000-09-30,2021-08-02,-11717000.0,2555039000.0,2576317500.0,1580804000.0,974235000.0,1.937,16.217,-98744000.0,72264000.0,72264000.0,3539166000.0,173138000.0,1.791,0.692,401628000.0,281577000.0,120051000.0,401628000.0,0.0,94636000.0,0.0,0.025,0.66,318849000.0,413485000.0,0.083,413485000.0,318849000.0,294120000.0,1.87,1.84,1.87,1509813000.0,1494781000.0,1509813000.0,2839337483.0,9.0,6.867,46106000.0,0.495,1.0,1451836000.0,0.291,0.0,24729000.0,2001534000.0,1991410000.0,754509000.0,28941000.0,0.0,28941000.0,1045226000.0,882869000.0,162357000.0,2470704483.0,14453000.0,-25333000.0,371000.0,31887000.0,-61832000.0,-24369000.0,-106406000.0,30740000.0,144850000.0,378000.0,173138000.0,173138000.0,173138000.0,0.0,0.0,0.035,1159471000.0,292365000.0,271734000.0,0.353,1.636,14.27,14.07,668652000.0,0.0,26.31,0.495,0.491,651739000.0,1805347000.0,4991002000.0,4991002000.0,0.0,0.067,0.116,0.16,0.064,3424000.0,1159471000.0,1.0,93907430.0,93097895,94074751.0,53.61,2555039000.0,76995000.0,120982000.0,36423000.0,27.445,697935000.0
84,GWW,MRT,2000-06-30,2000-06-30,2000-06-30,2021-08-02,-114000.0,2572930000.0,2524907750.0,1589830000.0,983100000.0,1.938,15.974,-101173000.0,57139000.0,57139000.0,3427970000.0,170788000.0,1.735,0.731,425772000.0,303839000.0,121933000.0,425772000.0,0.0,91149000.0,0.0,0.021,0.65,310646000.0,401795000.0,0.082,401795000.0,310646000.0,287039000.0,1.84,1.82,1.84,1486400000.0,1463716750.0,1486400000.0,3265433807.0,11.0,8.127,39319000.0,0.423,1.0,1465387000.0,0.299,0.0,23607000.0,2025022000.0,1960960250.0,771080000.0,0.0,0.0,0.0,1086530000.0,916541000.0,169989000.0,2894424807.0,7849000.0,-881000.0,-64000.0,28706000.0,-60802000.0,-29220000.0,-104387000.0,5535000.0,140492000.0,964000.0,170788000.0,170788000.0,170788000.0,0.0,0.0,0.035,1184218000.0,281169000.0,334739000.0,0.353,1.947,16.947,16.745,679718000.0,0.0,30.81,0.592,0.586,654623000.0,1773212000.0,4893357000.0,4893357000.0,0.0,0.068,0.117,0.158,0.063,3424000.0,1184218000.0,1.0,93944330.0,93054100,94447965.0,52.586,2572930000.0,74533000.0,116251000.0,34903000.0,27.65,673289000.0
85,GWW,MRT,2000-03-31,2000-03-31,2000-03-31,2021-08-02,57320000.0,2612475000.0,2467030250.0,1543662000.0,1068813000.0,1.933,16.169,-113530000.0,64685000.0,64685000.0,3277667000.0,165679000.0,1.71,0.739,435694000.0,311237000.0,124457000.0,435694000.0,0.0,87038000.0,0.0,0.012,0.64,298419000.0,385457000.0,0.081,385457000.0,298419000.0,278454000.0,1.78,1.76,1.78,1502382000.0,1429978500.0,1502382000.0,5460469615.0,18.0,14.166,-29880000.0,-0.322,1.0,1490214000.0,0.313,0.0,19965000.0,2080692000.0,1922408000.0,773214000.0,0.0,0.0,0.0,1110093000.0,902792000.0,207301000.0,5073667615.0,22851000.0,0.0,-1217000.0,129493000.0,-59769000.0,72810000.0,-135397000.0,-18500000.0,83650000.0,1788000.0,165679000.0,165679000.0,165679000.0,0.0,0.0,0.035,1194475000.0,295739000.0,295153000.0,0.36,3.377,30.623,30.478,688004000.0,0.0,54.25,1.064,1.057,600974000.0,1733514000.0,4767881000.0,4767881000.0,0.0,0.067,0.116,0.155,0.063,3424000.0,1194475000.0,1.0,93523827.0,92917780,94416374.0,51.313,2612475000.0,67554000.0,112775000.0,74342000.0,28.116,640870000.0
86,GWW,MRT,1999-12-31,1999-12-31,1999-12-31,2021-08-02,68791000.0,2564826000.0,2364425500.0,1471145000.0,1093681000.0,1.961,15.948,-133986000.0,62683000.0,62683000.0,3125647000.0,180731000.0,1.69,0.732,449485000.0,324557000.0,124928000.0,449485000.0,0.0,82286000.0,0.0,0.013,0.63,319346000.0,401632000.0,0.087,401632000.0,319346000.0,303750000.0,1.95,1.92,1.95,1480529000.0,1382256750.0,1480529000.0,4789632314.0,15.0,11.925,-96746000.0,-1.042,1.0,1510628000.0,0.326,222702000.0,15596000.0,1858392000.0,1836993250.0,762495000.0,154203000.0,0.0,154203000.0,1084297000.0,870534000.0,213763000.0,4464662314.0,19512000.0,0.0,-14083000.0,208683000.0,-58817000.0,135783000.0,-155384000.0,-18500000.0,37240000.0,1873000.0,180731000.0,180731000.0,180731000.0,0.0,0.0,0.039,1193400000.0,317228000.0,311345000.0,0.323,3.016,24.703,24.518,697751000.0,0.0,47.81,0.963,0.957,561786000.0,1707258000.0,4636275000.0,4636275000.0,0.0,0.076,0.131,0.174,0.069,3424000.0,1193400000.0,1.0,93383441.0,92836696,94315479.0,49.94,2342124000.0,65794000.0,123019000.0,48503000.0,25.228,600611000.0
87,GWW,MRT,1999-09-30,1999-09-30,1999-09-30,2021-08-02,-12515000.0,2349400000.0,2249210500.0,1392783000.0,956617000.0,2.025,14.924,-145741000.0,47609000.0,47609000.0,3015070000.0,218566000.0,1.753,0.696,372579000.0,244746000.0,127833000.0,372579000.0,0.0,72486000.0,0.0,0.013,0.62,379094000.0,451580000.0,0.099,451580000.0,379094000.0,367337000.0,2.34,2.31,2.34,1385556000.0,1331809750.0,1385556000.0,4838851972.0,13.0,10.715,-7807000.0,-0.084,1.0,1540201000.0,0.338,0.0,11757000.0,1879735000.0,1726420250.0,699290000.0,0.0,0.0,0.0,963844000.0,794635000.0,169209000.0,4486698972.0,9445000.0,0.0,-91136000.0,176866000.0,-58076000.0,24522000.0,-152324000.0,-28500000.0,137934000.0,-687000.0,218566000.0,218566000.0,218566000.0,0.0,0.0,0.048,1162700000.0,377501000.0,306136000.0,0.265,3.238,20.528,20.538,685472000.0,0.0,48.06,0.985,0.98,565499000.0,1694041000.0,4555271000.0,4555271000.0,0.0,0.097,0.164,0.22,0.083,4107000.0,1162700000.0,1.0,93356200.0,92840777,94352612.0,49.065,2349400000.0,73354000.0,148771000.0,17681000.0,25.306,598148000.0
88,GWW,MRT,1999-06-30,1999-06-30,1999-06-30,2021-08-02,-14054000.0,2341420000.0,2174749500.0,1384757000.0,956663000.0,2.069,14.56,-166349000.0,45452000.0,45452000.0,2977140000.0,228898000.0,1.683,0.733,397605000.0,270171000.0,127434000.0,397605000.0,0.0,67620000.0,0.0,0.011,0.61,392734000.0,460354000.0,0.102,460354000.0,392734000.0,384703000.0,2.43,2.39,2.43,1351447000.0,1311055750.0,1351447000.0,5285937709.0,13.0,11.482,24913000.0,0.268,1.0,1522776000.0,0.338,0.0,8031000.0,1870813000.0,1658778000.0,691490000.0,0.0,0.0,0.0,989973000.0,822760000.0,167213000.0,5021478709.0,-1994000.0,0.0,-195382000.0,241234000.0,-57772000.0,-11010000.0,-181559000.0,-20500000.0,191262000.0,-687000.0,228898000.0,228898000.0,228898000.0,0.0,0.0,0.051,1129414000.0,393362000.0,331358000.0,0.251,3.716,21.938,22.144,693490000.0,0.0,53.81,1.116,1.11,562630000.0,1663226000.0,4499916000.0,4499916000.0,0.0,0.105,0.175,0.237,0.087,4107000.0,1129414000.0,1.0,93318690.0,92820417,94511981.0,48.48,2341420000.0,69478000.0,155805000.0,14545000.0,25.225,561997000.0
89,GWW,MRT,1999-03-31,1999-03-31,1999-03-31,2021-08-02,-17027000.0,2202056000.0,2107296500.0,1280779000.0,921277000.0,2.122,14.127,-161951000.0,36859000.0,36859000.0,2963991000.0,237595000.0,1.761,0.679,301318000.0,176765000.0,124553000.0,301318000.0,0.0,65150000.0,0.0,0.014,0.6,406021000.0,471171000.0,0.105,471171000.0,406021000.0,399319000.0,2.5,2.46,2.5,1311495000.0,1315600500.0,1311495000.0,4208853572.0,10.0,8.933,119329000.0,1.285,1.0,1508720000.0,0.337,0.0,6702000.0,1739033000.0,1602144500.0,646555000.0,0.0,0.0,0.0,890561000.0,727482000.0,163079000.0,4018186572.0,3507000.0,0.0,-198299000.0,146102000.0,-57502000.0,-108773000.0,-168313000.0,-5000000.0,281280000.0,-687000.0,237595000.0,237595000.0,237595000.0,0.0,0.0,0.053,1102063000.0,406657000.0,307432000.0,0.24,3.064,16.912,17.224,680586000.0,0.0,43.06,0.898,0.894,508080000.0,1627604000.0,4472711000.0,4472711000.0,0.0,0.113,0.181,0.253,0.091,4107000.0,1102063000.0,1.0,93315991.0,92833727,94210765.0,48.18,2202056000.0,65035000.0,161724000.0,55871000.0,23.72,553297000.0
90,GWW,MRT,1998-12-31,1998-12-31,1998-12-31,2021-08-02,-19564000.0,2103966000.0,2066244750.0,1206429000.0,897537000.0,2.148,13.288,-165525000.0,43171000.0,43171000.0,2947962000.0,238504000.0,1.815,0.645,233774000.0,110891000.0,122883000.0,233774000.0,0.0,62901000.0,0.0,0.014,0.585,407499000.0,470400000.0,0.106,470400000.0,407499000.0,400847000.0,2.48,2.44,2.48,1278741000.0,1320674250.0,1278741000.0,4097247200.0,10.0,8.71,165956000.0,1.725,1.0,1491013000.0,0.336,213912000.0,6652000.0,1416100000.0,1574782500.0,626731000.0,5000000.0,0.0,5000000.0,825225000.0,664557000.0,160668000.0,3952730200.0,-6053000.0,0.0,-193516000.0,84021000.0,-56683000.0,-166178000.0,-170669000.0,-5000000.0,331481000.0,-687000.0,238504000.0,238504000.0,238504000.0,0.0,0.0,0.054,1083031000.0,407982000.0,212872000.0,0.236,3.091,16.573,16.786,660528000.0,0.0,41.63,0.89,0.902,463377000.0,1585344000.0,4438975000.0,4438975000.0,0.0,0.115,0.181,0.259,0.092,4107000.0,1083031000.0,1.0,94949080.0,96231829,97846658.0,46.128,1890054000.0,64387000.0,162343000.0,33220000.0,19.641,541872000.0
91,GWW,MRT,1998-09-30,1998-09-30,1998-09-30,2021-08-02,-19759000.0,2051556000.0,2040282250.0,1186823000.0,864733000.0,2.122,13.495,-153683000.0,46071000.0,46071000.0,2739670000.0,235696000.0,2.022,0.575,190588000.0,67800000.0,122788000.0,190588000.0,0.0,69131000.0,0.0,0.014,0.57,402425000.0,471556000.0,0.109,471556000.0,402425000.0,396129000.0,2.42,2.38,2.42,1302540000.0,1324654250.0,1302540000.0,4224017138.0,10.0,8.958,213250000.0,2.209,1.0,1589316000.0,0.367,0.0,6296000.0,1609166000.0,1561980750.0,570330000.0,0.0,0.0,0.0,749016000.0,586907000.0,162109000.0,4116193138.0,-5084000.0,0.0,-191496000.0,36591000.0,-55830000.0,-204709000.0,-167308000.0,0.0,366933000.0,0.0,235696000.0,235696000.0,235696000.0,0.0,0.0,0.054,1187331000.0,401985000.0,279256000.0,0.236,3.16,17.464,17.409,634590000.0,0.0,42.13,0.951,0.939,496646000.0,1533551000.0,4328986000.0,4328986000.0,0.0,0.116,0.178,0.258,0.093,0.0,1187331000.0,1.0,97702187.0,96519586,98010294.0,44.851,2051556000.0,60480000.0,160433000.0,23545000.0,21.255,599916000.0
92,GWW,MRT,1998-06-30,1998-06-30,1998-06-30,2021-08-02,-13212000.0,2071608000.0,,1224298000.0,847310000.0,,14.084,-142699000.0,48989000.0,48989000.0,2718718000.0,236087000.0,2.288,0.513,156813000.0,28858000.0,127955000.0,156813000.0,0.0,67758000.0,0.0,0.011,0.555,402968000.0,470726000.0,0.11,470726000.0,402968000.0,396786000.0,2.41,2.37,2.41,1369626000.0,,1369626000.0,4995356032.0,12.0,10.612,246362000.0,2.533,1.0,1557157000.0,0.364,0.0,6182000.0,1644279000.0,,584051000.0,0.0,0.0,0.0,701982000.0,535153000.0,166829000.0,4868657032.0,23644000.0,0.0,-91446000.0,-79024000.0,-54618000.0,-220467000.0,-144950000.0,0.0,389061000.0,0.0,236087000.0,236087000.0,236087000.0,0.0,0.0,0.055,1155601000.0,401556000.0,282867000.0,0.23,3.555,20.622,20.668,616817000.0,0.0,49.81,1.139,1.133,515760000.0,1492100000.0,4275875000.0,4275875000.0,0.0,,,,0.094,0.0,1155601000.0,1.0,97744570.0,97246552,99061632.0,43.969,2071608000.0,59934000.0,160699000.0,27328000.0,21.303,689145000.0
93,GWW,MRT,1998-03-31,1998-03-31,1998-03-31,2021-08-02,-8033000.0,2037849000.0,,1198003000.0,839846000.0,,13.698,-133730000.0,36032000.0,36032000.0,2681884000.0,234396000.0,2.239,0.53,162731000.0,30586000.0,132145000.0,162731000.0,0.0,66005000.0,0.0,0.011,0.54,399939000.0,465944000.0,0.111,465944000.0,399939000.0,393943000.0,2.37,2.33,2.37,1331790000.0,,1331790000.0,5131261544.0,13.0,11.013,249485000.0,2.566,1.0,1526227000.0,0.363,0.0,5996000.0,1629585000.0,,606174000.0,0.0,0.0,0.0,706059000.0,534963000.0,171096000.0,5020195544.0,-59285000.0,0.0,-257263000.0,-1924000.0,-53925000.0,-309584000.0,-132916000.0,0.0,383215000.0,0.0,234396000.0,234396000.0,234396000.0,0.0,0.0,0.056,1127452000.0,398775000.0,274852000.0,0.228,3.77,21.418,21.688,601894000.0,0.0,51.4,1.193,1.188,482500000.0,1447512000.0,4208111000.0,4208111000.0,0.0,,,,0.095,0.0,1127452000.0,1.0,97669174.0,97224310,98981736.0,43.282,2037849000.0,59452000.0,159547000.0,66686000.0,20.96,663040000.0
94,GWW,MRT,1997-12-31,1997-12-31,1997-12-31,2021-08-02,-9210000.0,2000116000.0,2059568500.0,1185283000.0,814833000.0,2.008,12.869,-105308000.0,49224000.0,49224000.0,2642208000.0,231833000.0,2.211,0.545,157995000.0,26794000.0,131201000.0,157995000.0,0.0,64813000.0,0.0,0.011,0.53,395097000.0,459910000.0,0.111,459910000.0,395097000.0,389636000.0,2.3,2.27,2.3,1294661000.0,1378661500.0,1294661000.0,,,,327602000.0,3.256,1.0,1494352000.0,0.361,207818000.0,5461000.0,1364893000.0,1337429500.0,612132000.0,0.0,0.0,0.0,705455000.0,536176000.0,169279000.0,4746233511.0,-73659000.0,0.0,-344583000.0,-8185000.0,-53934000.0,-402943000.0,-103626000.0,0.0,432910000.0,0.0,231833000.0,231833000.0,231833000.0,0.0,0.0,0.056,1101193000.0,393159000.0,207584000.0,0.23,3.666,20.473,21.128,592913000.0,0.0,48.595,1.147,1.182,455457000.0,1403523000.0,4136560000.0,4136560000.0,0.0,0.113,0.168,0.295,0.096,0.0,1101193000.0,1.0,97669174.0,100604518,102178952.0,41.117,1792298000.0,59348000.0,157803000.0,37773000.0,17.815,649107000.0
95,GWW,MRT,1997-09-30,1997-09-30,1997-09-30,2021-08-02,,,,,,,,,,,,,,,,,,,,,,0.012,0.52,,,,,,,,,,,,,,,,,,1.0,,,,,,,,,,,,,,,,,,,,,,,,,,,,,,,,,,,,,,,,44.5,,,,,,,,,,,,,,1.0,,98968570,,,,,,,,
96,GWW,MRT,1997-06-30,1997-06-30,1997-06-30,2021-08-02,,,,,,,,,,,,,,,,,,,,,,0.013,0.51,,,,,,,,,,,,,,,,,,1.0,,,,,,,,,,,,,,,,,,,,,,,,,,,,,,,,,,,,,,,,39.125,,,,,,,,,,,,,,1.0,,100887998,,,,,,,,
97,GWW,MRT,1997-03-31,1997-03-31,1997-03-31,2021-08-02,,,,,,,,,,,,,,,,,,,,,,0.014,0.5,,,,,,,,,,,,,,,,,,1.0,,,,,,,,,,,,,,,,,,,,,,,,,,,,,,,,,,,,,,,,37.0,,,,,,,,,,,,,,1.0,,104397344,,,,,,,,
98,GWW,MRT,1996-12-31,1996-12-31,1996-12-31,2021-08-02,-2262000.0,2119021000.0,1894132000.0,1320243000.0,798778000.0,1.867,14.298,-54882000.0,126935000.0,126935000.0,2269993000.0,208526000.0,2.143,0.449,166180000.0,160028000.0,6152000.0,166180000.0,0.0,64059000.0,0.0,0.012,0.49,350116000.0,414175000.0,0.117,414175000.0,350116000.0,348888000.0,2.04,2.02,2.04,1462662000.0,1320885500.0,1462662000.0,,,,217528000.0,2.126,1.0,1267214000.0,0.358,232232000.0,1228000.0,1309966000.0,1253266500.0,686925000.0,0.0,0.0,0.0,656359000.0,616068000.0,40291000.0,,115475000.0,-136144000.0,-29200000.0,110649000.0,-50035000.0,35123000.0,-192058000.0,0.0,272410000.0,0.0,208526000.0,208526000.0,208526000.0,0.0,0.0,0.059,921685000.0,345529000.0,240779000.0,0.24,,,19.669,550984000.0,0.0,40.125,,1.16,433575000.0,1225624000.0,3537207000.0,3537207000.0,0.0,0.11,0.158,0.279,0.099,0.0,921685000.0,1.0,,102295506,103272408.0,34.578,1886789000.0,60837000.0,140362000.0,30011000.0,18.444,704175000.0
99,GWW,MRT,1995-12-31,1995-12-31,1995-12-31,2021-08-02,0.0,1669243000.0,,1062660000.0,606583000.0,,11.602,-106969000.0,11460000.0,11460000.0,2095552000.0,186665000.0,2.393,0.416,55531000.0,46818000.0,8713000.0,55531000.0,0.0,57760000.0,0.0,0.013,0.445,316409000.0,374169000.0,0.114,374169000.0,316409000.0,312149000.0,1.835,1.82,1.835,1179109000.0,,1179109000.0,,,,19268000.0,0.19,1.0,1181358000.0,0.361,72611000.0,4260000.0,1196567000.0,,602639000.0,0.0,0.0,0.0,490134000.0,444136000.0,45998000.0,,-3832000.0,0.0,2147000.0,16925000.0,-45227000.0,-23478000.0,-106591000.0,0.0,126237000.0,0.0,186665000.0,186665000.0,186665000.0,0.0,0.0,0.057,865067000.0,316291000.0,204925000.0,0.243,,,18.052,518351000.0,0.0,33.125,,1.027,369576000.0,1067133000.0,3276910000.0,3276910000.0,0.0,,,,0.097,0.0,865067000.0,1.0,,101630162,102482434.0,32.243,1596632000.0,67239000.0,125484000.0,32004000.0,15.71,618524000.0
