None,ticker,dimension,calendardate,datekey,reportperiod,lastupdated,accoci,assets,assetsavg,assetsc,assetsnc,assetturnover,bvps,capex,cashneq,cashnequsd,cor,consolinc,currentratio,de,debt,debtc,debtnc,debtusd,deferredrev,depamor,deposits,divyield,dps,ebit,ebitda,ebitdamargin,ebitdausd,ebitusd,ebt,eps,epsdil,epsusd,equity,equityavg,equityusd,ev,evebit,evebitda,fcf,fcfps,fxusd,gp,grossmargin,intangibles,intexp,invcap,invcapavg,inventory,investments,investmentsc,investmentsnc,liabilities,liabilitiesc,liabilitiesnc,marketcap,ncf,ncfbus,ncfcommon,ncfdebt,ncfdiv,ncff,ncfi,ncfinv,ncfo,ncfx,netinc,netinccmn,netinccmnusd,netincdis,netincnci,netmargin,opex,opinc,payables,payoutratio,pb,pe,pe1,ppnenet,prefdivis,price,ps,ps1,receivables,retearn,revenue,revenueusd,rnd,roa,roe,roic,ros,sbcomp,sgna,sharefactor,sharesbas,shareswa,shareswadil,sps,tangibles,taxassets,taxexp,taxliabilities,tbvps,workingcapital
0,CB1,MRY,2014-12-31,2014-12-31,2014-12-31,2021-09-13,1110000000.0,51286000000.0,51396500000.0,,,0.274,69.105,-49000000.0,47000000.0,47000000.0,6985000000.0,2100000000.0,,2.147,3300000000.0,,,3300000000.0,6581000000.0,54000000.0,0.0,0.019,2.0,2861000000.0,2915000000.0,0.207,2915000000.0,2861000000.0,2861000000.0,8.65,8.62,8.65,16296000000.0,16381500000.0,16296000000.0,27642646540.0,10.0,9.483,2104000000.0,8.922,1.0,7113000000.0,0.505,467000000.0,0.0,54072000000.0,54175500000.0,0.0,43485000000.0,,,34990000000.0,,,24399646540.0,-5000000.0,0.0,-1525000000.0,0.0,-475000000.0,-2002000000.0,-156000000.0,-329000000.0,2153000000.0,0.0,2100000000.0,2100000000.0,2100000000.0,0.0,0.0,0.149,4252000000.0,2861000000.0,117000000.0,0.231,1.497,11.619,11.962,0.0,0.0,103.47,1.731,1.731,2816000000.0,23520000000.0,14098000000.0,14098000000.0,0.0,0.041,0.128,0.053,0.203,0.0,4194000000.0,1.0,235813729.0,235813729.0,,59.784,50819000000.0,0.0,761000000.0,15000000.0,215.505,
1,CB1,MRY,2013-12-31,2013-12-31,2013-12-31,2021-09-13,1035000000.0,50433000000.0,51207500000.0,,,0.272,63.938,-52000000.0,52000000.0,52000000.0,6520000000.0,2345000000.0,,2.133,3300000000.0,,,3300000000.0,6423000000.0,55000000.0,0.0,0.018,1.76,3237000000.0,3292000000.0,0.236,3292000000.0,3237000000.0,3237000000.0,9.08,9.04,9.08,16097000000.0,15814250000.0,16097000000.0,27581565998.0,9.0,8.378,1679000000.0,6.669,1.0,7427000000.0,0.533,467000000.0,0.0,53214000000.0,54054250000.0,0.0,42613000000.0,,,34336000000.0,,,24327565998.0,2000000.0,0.0,-1250000000.0,-275000000.0,-450000000.0,-1981000000.0,252000000.0,396000000.0,1731000000.0,0.0,2345000000.0,2345000000.0,2345000000.0,0.0,0.0,0.168,4190000000.0,3237000000.0,110000000.0,0.194,1.511,10.374,10.642,0.0,0.0,96.63,1.744,1.744,2574000000.0,21902000000.0,13947000000.0,13947000000.0,0.0,0.046,0.148,0.06,0.232,0.0,4119000000.0,1.0,251759971.0,251759971.0,,55.398,49966000000.0,47000000.0,892000000.0,0.0,198.467,
2,CB1,MRY,2012-12-31,2012-12-31,2012-12-31,2021-09-13,1431000000.0,52184000000.0,51388250000.0,,,0.265,60.421,-43000000.0,50000000.0,50000000.0,7507000000.0,1545000000.0,,2.297,3575000000.0,,,3575000000.0,6361000000.0,54000000.0,0.0,0.016,1.23,1996000000.0,2050000000.0,0.151,2050000000.0,1996000000.0,1996000000.0,5.73,5.69,5.73,15827000000.0,15713000000.0,15827000000.0,23251644977.0,12.0,11.342,2256000000.0,8.613,1.0,6088000000.0,0.448,467000000.0,0.0,55242000000.0,54437750000.0,0.0,44221000000.0,,,36357000000.0,,,19729644977.0,-8000000.0,0.0,-885000000.0,0.0,-438000000.0,-1335000000.0,-972000000.0,-974000000.0,2299000000.0,0.0,1545000000.0,1545000000.0,1545000000.0,0.0,0.0,0.114,4092000000.0,1996000000.0,108000000.0,0.215,1.247,12.77,13.145,0.0,0.0,75.32,1.451,1.451,2522000000.0,20009000000.0,13595000000.0,13595000000.0,0.0,0.03,0.098,0.037,0.147,0.0,4043000000.0,1.0,261944304.0,261944304.0,,51.9,51717000000.0,0.0,451000000.0,162000000.0,197.435,
3,CB1,MRY,2011-12-31,2011-12-31,2011-12-31,2021-09-13,1195000000.0,50445000000.0,51017750000.0,,,0.266,55.025,-52000000.0,58000000.0,58000000.0,7407000000.0,1678000000.0,,2.297,3575000000.0,,,3575000000.0,6322000000.0,58000000.0,0.0,0.023,1.56,2199000000.0,2257000000.0,0.166,2257000000.0,2199000000.0,2199000000.0,5.8,5.76,5.8,15301000000.0,15577250000.0,15301000000.0,23168124804.0,11.0,10.265,1826000000.0,6.567,1.0,6178000000.0,0.455,467000000.0,0.0,53495000000.0,54369000000.0,0.0,42769000000.0,,,35144000000.0,,,19248124804.0,-12000000.0,0.0,-1627000000.0,-400000000.0,-450000000.0,-2470000000.0,580000000.0,624000000.0,1878000000.0,0.0,1678000000.0,1678000000.0,1678000000.0,0.0,0.0,0.124,3979000000.0,2199000000.0,107000000.0,0.269,1.258,11.471,11.934,0.0,0.0,69.22,1.417,1.417,2481000000.0,18903000000.0,13585000000.0,13585000000.0,0.0,0.033,0.108,0.04,0.162,0.0,3929000000.0,1.0,278071725.0,278071725.0,,48.854,49978000000.0,0.0,521000000.0,2000000.0,179.731,
4,CB1,MRY,2010-12-31,2010-12-31,2010-12-31,2021-09-13,790000000.0,50249000000.0,50662250000.0,,,0.263,50.929,-54000000.0,70000000.0,70000000.0,6499000000.0,2174000000.0,,2.236,3975000000.0,,,3975000000.0,6189000000.0,63000000.0,0.0,0.025,1.48,2988000000.0,3051000000.0,0.229,3051000000.0,2988000000.0,2988000000.0,6.81,6.76,6.81,15530000000.0,15695750000.0,15530000000.0,22084176507.0,7.0,7.238,2277000000.0,7.467,1.0,6820000000.0,0.512,467000000.0,0.0,53687000000.0,54108250000.0,0.0,42213000000.0,,,34719000000.0,,,18186176507.0,19000000.0,0.0,-1929000000.0,0.0,-472000000.0,-2379000000.0,67000000.0,151000000.0,2331000000.0,0.0,2174000000.0,2174000000.0,2174000000.0,0.0,0.0,0.163,3832000000.0,2988000000.0,112000000.0,0.217,1.171,8.365,8.758,0.0,0.0,59.64,1.365,1.365,2423000000.0,17943000000.0,13319000000.0,13319000000.0,0.0,0.043,0.139,0.055,0.224,0.0,3782000000.0,1.0,304932537.0,304932537.0,,43.679,49782000000.0,98000000.0,814000000.0,0.0,163.256,
5,CB1,MRY,2009-12-31,2009-12-31,2009-12-31,2021-09-13,720000000.0,50449000000.0,49875500000.0,,,0.261,45.771,-52000000.0,51000000.0,51000000.0,6268000000.0,2183000000.0,,2.227,3975000000.0,,,3975000000.0,6153000000.0,69000000.0,0.0,0.028,1.4,2962000000.0,3031000000.0,0.233,3031000000.0,2962000000.0,2962000000.0,6.24,6.18,6.24,15634000000.0,14865000000.0,15634000000.0,20712514796.0,7.0,6.834,2365000000.0,6.924,1.0,6748000000.0,0.518,467000000.0,0.0,53906000000.0,53325250000.0,0.0,42004000000.0,,,34815000000.0,,,16798514796.0,-5000000.0,0.0,-1026000000.0,0.0,-487000000.0,-1566000000.0,-856000000.0,-882000000.0,2417000000.0,0.0,2183000000.0,2183000000.0,2183000000.0,0.0,0.0,0.168,3786000000.0,2962000000.0,118000000.0,0.224,1.074,7.695,7.881,0.0,0.0,49.18,1.291,1.291,2409000000.0,16235000000.0,13016000000.0,13016000000.0,0.0,0.044,0.147,0.056,0.228,0.0,3731000000.0,1.0,341572078.0,341572078.0,,38.106,49982000000.0,272000000.0,779000000.0,0.0,146.329,
6,CB1,MRY,2008-12-31,2008-12-31,2008-12-31,2021-09-13,-735000000.0,48429000000.0,50251250000.0,,,0.263,37.762,-46000000.0,56000000.0,56000000.0,6898000000.0,1804000000.0,,2.605,3975000000.0,,,3975000000.0,6367000000.0,64000000.0,0.0,0.019,0.99,2407000000.0,2471000000.0,0.187,2471000000.0,2407000000.0,2407000000.0,5.0,4.92,5.0,13432000000.0,13879000000.0,13432000000.0,22069777826.0,9.0,8.932,2498000000.0,7.023,1.0,6323000000.0,0.478,467000000.0,0.0,51881000000.0,53701500000.0,0.0,38738000000.0,,,34997000000.0,,,18140777826.0,7000000.0,0.0,-1227000000.0,515000000.0,-471000000.0,-1211000000.0,-1326000000.0,-1265000000.0,2544000000.0,0.0,1804000000.0,1804000000.0,1804000000.0,0.0,0.0,0.136,3916000000.0,2407000000.0,118000000.0,0.198,1.351,10.056,10.2,0.0,0.0,51.0,1.372,1.372,2574000000.0,14509000000.0,13221000000.0,13221000000.0,0.0,0.036,0.13,0.045,0.182,0.0,3848000000.0,1.0,355701526.0,355701526.0,,37.169,47962000000.0,1144000000.0,603000000.0,0.0,134.838,
7,CB1,MRY,2007-12-31,2007-12-31,2007-12-31,2021-09-13,444000000.0,50574000000.0,51350250000.0,,,0.275,37.639,-53000000.0,49000000.0,49000000.0,6299000000.0,2807000000.0,,2.501,3460000000.0,,,3460000000.0,6599000000.0,69000000.0,0.0,0.021,1.16,3937000000.0,4006000000.0,0.284,4006000000.0,3937000000.0,3937000000.0,7.13,7.01,7.13,14445000000.0,14096000000.0,14445000000.0,25039808734.0,6.0,6.251,3138000000.0,8.177,1.0,7808000000.0,0.553,467000000.0,0.0,53518000000.0,54605500000.0,0.0,40081000000.0,,,36129000000.0,,,20946808734.0,11000000.0,0.0,-2055000000.0,1000000000.0,-451000000.0,-1531000000.0,-1649000000.0,-1502000000.0,3191000000.0,0.0,2807000000.0,2807000000.0,2807000000.0,0.0,0.0,0.199,3871000000.0,3937000000.0,1357000000.0,0.163,1.45,7.462,7.655,0.0,0.0,54.58,1.485,1.485,2619000000.0,13280000000.0,14107000000.0,14107000000.0,0.0,0.055,0.199,0.072,0.279,0.0,3788000000.0,1.0,383781765.0,383781765.0,,36.758,50107000000.0,442000000.0,1130000000.0,0.0,130.561,
8,CB1,MRY,2006-12-31,2006-12-31,2006-12-31,2021-09-13,202000000.0,50277000000.0,48716750000.0,,,0.287,33.677,-53000000.0,38000000.0,38000000.0,6574000000.0,2528000000.0,,2.627,2466000000.0,,,2466000000.0,6546000000.0,81000000.0,0.0,0.019,1.0,3525000000.0,3606000000.0,0.258,3606000000.0,3525000000.0,3525000000.0,6.13,5.98,6.13,13863000000.0,13166000000.0,13863000000.0,24215165416.0,7.0,6.715,3289000000.0,7.99,1.0,7429000000.0,0.531,467000000.0,0.0,52238000000.0,50676500000.0,0.0,37693000000.0,,,36414000000.0,,,21780165416.0,2000000.0,0.0,-539000000.0,0.0,-403000000.0,-971000000.0,-2369000000.0,-2366000000.0,3342000000.0,0.0,2528000000.0,2528000000.0,2528000000.0,0.0,0.0,0.181,3904000000.0,3525000000.0,2724000000.0,0.163,1.571,8.616,8.631,0.0,0.0,52.91,1.555,1.555,2668000000.0,11711000000.0,14003000000.0,14003000000.0,0.0,0.052,0.192,0.07,0.252,0.0,3663000000.0,1.0,411645538.0,411645538.0,,34.017,49810000000.0,591000000.0,997000000.0,0.0,121.002,
9,CB1,MRY,2005-12-31,2005-12-31,2005-12-31,2021-09-13,368000000.0,48061000000.0,46739500000.0,,,0.301,31.031,-40000000.0,36000000.0,36000000.0,7813000000.0,1826000000.0,,2.874,2467000000.0,,,2467000000.0,6361000000.0,91000000.0,0.0,0.018,0.86,2447000000.0,2538000000.0,0.18,2538000000.0,2447000000.0,2447000000.0,4.61,4.47,4.61,12407000000.0,11343850000.0,12407000000.0,21991588741.0,9.0,8.665,3716000000.0,9.294,1.0,6270000000.0,0.445,467000000.0,0.0,50025000000.0,48885250000.0,0.0,34894000000.0,,,35654000000.0,,,19521288741.0,-6000000.0,0.0,996000000.0,-301000000.0,-330000000.0,89000000.0,-3851000000.0,-3797000000.0,3756000000.0,0.0,1826000000.0,1826000000.0,1826000000.0,0.0,0.0,0.13,3823000000.0,2447000000.0,2167000000.0,0.187,1.573,10.691,10.591,367000000.0,0.0,48.825,1.386,1.386,2563000000.0,9600000000.0,14083000000.0,14083000000.0,0.0,0.039,0.161,0.05,0.174,0.0,3633000000.0,1.0,399821582.0,399821582.0,,35.223,47594000000.0,623000000.0,621000000.0,0.0,119.038,
10,CB1,MRY,2004-12-31,2004-12-31,2004-12-31,2021-09-13,703500000.0,44260300000.0,42424425000.0,,,0.311,26.431,-65000000.0,41700000.0,41700000.0,7321000000.0,1548000000.0,,3.371,2813700000.0,,,2813700000.0,6355900000.0,106000000.0,0.0,0.02,0.78,2068000000.0,2174000000.0,0.165,2174000000.0,2068000000.0,2068000000.0,4.08,4.01,4.08,10126400000.0,9414300000.0,10126400000.0,17501019552.0,8.0,8.05,4024000000.0,10.503,1.0,5856000000.0,0.444,467400000.0,0.0,46564900000.0,44726275000.0,0.0,31504300000.0,,,34133900000.0,,,14730919552.0,-10000000.0,0.0,258000000.0,0.0,-291000000.0,29000000.0,-4128000000.0,-4189000000.0,4089000000.0,0.0,1548000000.0,1548000000.0,1548000000.0,0.0,0.0,0.117,3788000000.0,2068000000.0,1928900000.0,0.191,1.455,9.516,9.424,474200000.0,0.0,38.45,1.118,1.118,2664700000.0,8119100000.0,13177000000.0,13177000000.0,0.0,0.036,0.164,0.046,0.157,0.0,3652000000.0,1.0,383118844.0,383118844.0,,34.394,43792900000.0,533500000.0,520000000.0,0.0,114.306,
11,CB1,MRY,2003-12-31,2003-12-31,2003-12-31,2021-09-13,685600000.0,38360600000.0,37550000000.0,,,0.303,22.692,-74300000.0,52200000.0,52200000.0,6867200000.0,808800000.0,,3.501,2813900000.0,,,2813900000.0,5939400000.0,108000000.0,0.0,0.021,0.72,933600000.0,1041600000.0,0.091,1041600000.0,933600000.0,933600000.0,2.255,2.23,2.255,8522000000.0,8128050000.0,8522000000.0,15556691266.0,17.0,14.935,3289500000.0,8.759,1.0,4526800000.0,0.397,467400000.0,0.0,40654900000.0,39808400000.0,0.0,26934300000.0,,,29838600000.0,,,12787691266.0,10300000.0,0.0,930600000.0,859600000.0,-251100000.0,1879600000.0,-5233100000.0,-5130900000.0,3363800000.0,0.0,808800000.0,808800000.0,808800000.0,0.0,0.0,0.071,3593200000.0,933600000.0,772500000.0,0.319,1.501,15.811,15.1,518800000.0,0.0,34.05,1.122,1.122,2579000000.0,6868900000.0,11394000000.0,11394000000.0,0.0,0.022,0.1,0.023,0.082,0.0,3413800000.0,1.0,375556278.0,375556278.0,,30.339,37893200000.0,641400000.0,124800000.0,0.0,100.899,
12,CB1,MRY,2002-12-31,2002-12-31,2002-12-31,2021-09-13,529000000.0,34080900000.0,32081850000.0,,,0.285,19.951,-141900000.0,41900000.0,41900000.0,6064600000.0,222900000.0,,3.993,1959100000.0,,,1959100000.0,5049900000.0,103100000.0,0.0,0.027,0.7,168400000.0,271500000.0,0.03,271500000.0,168400000.0,168400000.0,0.655,0.645,0.655,6825700000.0,6847875000.0,6825700000.0,10250609450.0,61.0,37.755,2073800000.0,6.062,1.0,3075700000.0,0.336,467400000.0,0.0,35530700000.0,33110350000.0,0.0,21279100000.0,,,27255200000.0,,,8929309450.0,16100000.0,0.0,6600000.0,393100000.0,-237600000.0,327400000.0,-2527000000.0,-2439300000.0,2215700000.0,0.0,222900000.0,222900000.0,222900000.0,0.0,0.0,0.024,2907300000.0,168400000.0,1414700000.0,1.069,1.308,40.06,39.847,551400000.0,0.0,26.1,0.977,0.977,2519900000.0,6319000000.0,9140300000.0,9140300000.0,0.0,0.007,0.033,0.005,0.018,0.0,2781200000.0,1.0,342119136.0,342119136.0,,26.717,33613500000.0,630500000.0,-54500000.0,0.0,98.251,
13,CB1,MRY,2001-12-31,2001-12-31,2001-12-31,2021-09-13,179600000.0,29449000000.0,27233225000.0,,,0.285,19.216,-185200000.0,25800000.0,25800000.0,5357400000.0,111500000.0,,3.513,1550000000.0,,,1550000000.0,3916200000.0,95100000.0,0.0,0.02,0.68,-66000000.0,29100000.0,0.004,29100000.0,-66000000.0,-66000000.0,0.325,0.315,0.325,6525300000.0,6857600000.0,6525300000.0,12552477275.0,-190.0,431.357,834000000.0,2.456,1.0,2396600000.0,0.309,467400000.0,0.0,30505800000.0,27712275000.0,0.0,18170100000.0,,,22923700000.0,,,11715577275.0,3400000.0,0.0,-408800000.0,796200000.0,-234800000.0,149100000.0,-1164900000.0,-1023700000.0,1019200000.0,0.0,111500000.0,111500000.0,111500000.0,0.0,0.0,0.014,2462600000.0,-66000000.0,475300000.0,2.092,1.795,105.072,106.154,646600000.0,0.0,34.5,1.511,1.511,2033600000.0,6369300000.0,7754000000.0,7754000000.0,0.0,0.004,0.016,-0.002,-0.009,0.0,2338400000.0,1.0,339581950.0,339581950.0,,22.834,28981600000.0,674800000.0,-177500000.0,0.0,85.345,
14,CB1,MRY,2000-12-31,2000-12-31,2000-12-31,2021-09-13,151600000.0,25026700000.0,24582275000.0,,,0.295,19.969,-138700000.0,22400000.0,22400000.0,4127700000.0,714600000.0,,2.585,753800000.0,,,753800000.0,3516300000.0,84400000.0,0.0,0.015,0.66,851000000.0,935400000.0,0.129,935400000.0,851000000.0,851000000.0,2.05,2.005,2.05,6981700000.0,6639600000.0,6981700000.0,15849203728.0,19.0,16.944,817300000.0,2.338,1.0,3123800000.0,0.431,487300000.0,0.0,25270800000.0,24820400000.0,0.0,17123500000.0,,,18045000000.0,,,15121503728.0,-300000.0,55000000.0,-123000000.0,-5400000.0,-229000000.0,-332800000.0,-623500000.0,-541300000.0,956000000.0,0.0,714600000.0,714600000.0,714600000.0,0.0,0.0,0.099,2272800000.0,851000000.0,508900000.0,0.322,2.166,21.161,21.098,677100000.0,0.0,43.25,2.085,2.085,1655800000.0,6492600000.0,7251500000.0,7251500000.0,0.0,0.029,0.108,0.034,0.117,0.0,2171200000.0,1.0,349630144.0,349630144.0,,20.74,24539400000.0,501000000.0,136400000.0,0.0,70.187,
15,CB1,MRY,1999-12-31,1999-12-31,1999-12-31,2021-09-13,-157400000.0,23537000000.0,22320925000.0,,,0.301,17.824,-98400000.0,22700000.0,22700000.0,3942000000.0,621100000.0,,2.753,759200000.0,,,759200000.0,3323100000.0,68400000.0,0.0,0.023,0.64,710100000.0,778500000.0,0.116,778500000.0,710100000.0,710100000.0,1.85,1.83,1.85,6271800000.0,5961375000.0,6271800000.0,10680516047.0,15.0,13.719,1240500000.0,3.525,1.0,2787600000.0,0.414,507200000.0,0.0,23766300000.0,22737025000.0,0.0,16019400000.0,,,17265200000.0,,,9907416047.0,14400000.0,-145300000.0,-122300000.0,-48300000.0,-210600000.0,-367000000.0,-957500000.0,-715400000.0,1338900000.0,0.0,621100000.0,621100000.0,621100000.0,0.0,0.0,0.092,2077500000.0,710100000.0,525700000.0,0.346,1.58,15.951,15.22,699400000.0,0.0,28.156,1.472,1.472,1474800000.0,6008600000.0,6729600000.0,6729600000.0,0.0,0.028,0.104,0.031,0.106,0.0,1963500000.0,1.0,351872712.0,351872712.0,,19.125,23029800000.0,584200000.0,89000000.0,0.0,65.449,
16,CB1,MRY,1998-12-31,1998-12-31,1998-12-31,2021-09-13,378700000.0,20746000000.0,20374250000.0,,,0.312,17.319,-78800000.0,8300000.0,8300000.0,3493700000.0,707000000.0,,2.676,607500000.0,,,607500000.0,2915700000.0,58200000.0,0.0,0.019,0.62,849700000.0,907900000.0,0.143,907900000.0,849700000.0,849700000.0,2.135,2.095,2.135,5644100000.0,5668300000.0,5644100000.0,11170729793.0,13.0,12.304,1135200000.0,3.483,1.0,2856100000.0,0.45,0.0,0.0,21345200000.0,20798500000.0,0.0,14755300000.0,,,15101900000.0,,,10550129793.0,-3200000.0,0.0,-545700000.0,208900000.0,-203400000.0,-529800000.0,-687400000.0,-553500000.0,1214000000.0,0.0,707000000.0,707000000.0,707000000.0,0.0,0.0,0.111,2006400000.0,849700000.0,50300000.0,0.29,1.869,14.922,15.163,746000000.0,0.0,32.374,1.661,1.661,1333900000.0,5604000000.0,6349800000.0,6349800000.0,0.0,0.035,0.125,0.041,0.134,0.0,1867500000.0,1.0,325886324.0,325886324.0,,19.485,20746000000.0,320800000.0,142700000.0,0.0,63.66,
17,CB1,MRY,1997-12-31,1997-12-31,1997-12-31,2021-09-13,374400000.0,19615600000.0,19885925000.0,,,0.335,16.622,-111100000.0,11500000.0,11500000.0,3931700000.0,769500000.0,,2.467,398600000.0,,,398600000.0,2696600000.0,56400000.0,0.0,0.012,0.435,974100000.0,1030500000.0,0.155,1030500000.0,974100000.0,974100000.0,2.24,2.195,2.24,5657100000.0,5529300000.0,5657100000.0,13920293428.0,14.0,13.508,1454000000.0,4.272,1.0,2732300000.0,0.41,0.0,0.0,20002700000.0,20821000000.0,0.0,14049600000.0,,,13958500000.0,,,12868193428.0,6800000.0,861200000.0,-827900000.0,-524200000.0,-196500000.0,-1488200000.0,-70100000.0,-1620900000.0,1565100000.0,0.0,769500000.0,769500000.0,769500000.0,0.0,0.0,0.115,1758200000.0,974100000.0,49000000.0,0.194,2.275,16.723,16.88,790000000.0,0.0,37.811,1.931,1.931,1259600000.0,5101700000.0,6664000000.0,6664000000.0,0.0,0.039,0.139,0.047,0.146,0.0,1746200000.0,1.0,340330080.0,340330080.0,,19.581,19615600000.0,317000000.0,204600000.0,0.0,57.637,
18,CB1,MRY,1996-12-31,1996-12-31,1996-12-31,2021-09-13,223100000.0,19938900000.0,19787588500.0,,,0.287,15.793,-153000000.0,4700000.0,4700000.0,3566500000.0,512700000.0,,2.65,1260000000.0,,,1260000000.0,2617500000.0,59000000.0,0.0,0.02,0.54,573400000.0,632400000.0,0.111,632400000.0,573400000.0,573400000.0,1.47,1.44,1.47,5462900000.0,5362814500.0,5462900000.0,,,,1446300000.0,4.181,1.0,2114000000.0,0.372,0.0,0.0,21194200000.0,21060479500.0,0.0,12081100000.0,,,14476000000.0,,,9296012716.0,-7200000.0,0.0,-82500000.0,-21800000.0,-184200000.0,-231800000.0,-1374700000.0,-1185900000.0,1599300000.0,0.0,512700000.0,512700000.0,512700000.0,-26500000.0,0.0,0.09,1567100000.0,546900000.0,47200000.0,0.367,1.702,18.131,18.282,1604000000.0,0.0,26.874,1.636,1.636,1311600000.0,4530500000.0,5680500000.0,5680500000.0,0.0,0.026,0.096,0.027,0.101,0.0,1554800000.0,1.0,345912692.0,345912692.0,,16.422,19938900000.0,365600000.0,60700000.0,0.0,57.641,
19,CB1,MRY,1995-12-31,1995-12-31,1995-12-31,2021-09-13,342461000.0,19636277000.0,,,,,,-140100000.0,11950000.0,11950000.0,2950100000.0,696600000.0,,2.731,1302432000.0,,,1302432000.0,2570682000.0,53500000.0,0.0,0.0,0.0,879200000.0,932700000.0,0.179,932700000.0,879200000.0,879200000.0,2.0,1.95,2.0,5262729000.0,,5262729000.0,,,,684700000.0,,1.0,2261400000.0,0.434,0.0,0.0,20926759000.0,,0.0,10920154000.0,,,14373548000.0,,,,6300000.0,0.0,0.0,-94500000.0,-167800000.0,-230600000.0,-587900000.0,-434200000.0,824800000.0,0.0,696600000.0,696600000.0,696600000.0,-42200000.0,0.0,0.134,1424400000.0,837000000.0,42741000.0,0.0,,,12.093,1742580000.0,0.0,24.186,,,1344748000.0,4206517000.0,5211500000.0,5211500000.0,0.0,,,,0.169,0.0,1412500000.0,1.0,,,,,19636277000.0,230146000.0,182600000.0,0.0,,
20,CB1,MRY,1994-12-31,1994-12-31,1994-12-31,2021-09-13,,,,,,,,-106046000.0,,,2730158000.0,528469000.0,,,,,,,,44157000.0,,0.0,0.0,631857000.0,676014000.0,0.145,676014000.0,631857000.0,631857000.0,1.49,,1.49,,,,,,,790629000.0,,1.0,1925035000.0,0.414,,0.0,,,,,,,,,,,1013000.0,0.0,-72052000.0,66256000.0,-158735000.0,64368000.0,-960030000.0,-703654000.0,896675000.0,0.0,528469000.0,528469000.0,528469000.0,-20551000.0,0.0,0.114,1313729000.0,611306000.0,,0.0,,,12.982,,0.0,19.343,,,,,4655193000.0,4655193000.0,0.0,,,,0.136,0.0,1302112000.0,1.0,,,,,,,103388000.0,,,
0,CB1,MRQ,2015-09-30,2015-09-30,2015-09-30,2021-09-13,661000000.0,51192000000.0,,,,,72.126,-17000000.0,53000000.0,53000000.0,1633000000.0,601000000.0,,2.127,3300000000.0,,,3300000000.0,6636000000.0,14000000.0,0.0,0.018,0.57,847000000.0,861000000.0,0.241,861000000.0,847000000.0,847000000.0,2.62,2.6,2.62,16371000000.0,,16371000000.0,31088769402.0,11.0,11.02,858000000.0,3.78,1.0,1945000000.0,0.544,467000000.0,0.0,53972000000.0,,0.0,43261000000.0,,,34821000000.0,,,27838769402.0,3000000.0,0.0,7000000.0,0.0,-131000000.0,-126000000.0,-746000000.0,-712000000.0,875000000.0,0.0,601000000.0,601000000.0,601000000.0,0.0,0.0,0.168,1098000000.0,847000000.0,130000000.0,0.218,1.7,13.727,14.065,0.0,0.0,122.65,1.988,1.988,2737000000.0,24596000000.0,3578000000.0,3578000000.0,0.0,,,,,0.0,1081000000.0,1.0,226977329.0,226977329.0,,15.764,50725000000.0,120000000.0,246000000.0,0.0,223.48,
1,CB1,MRQ,2015-06-30,2015-06-30,2015-06-30,2021-09-13,707000000.0,50726000000.0,,,,,69.283,-19000000.0,50000000.0,50000000.0,1707000000.0,494000000.0,,2.187,3300000000.0,,,3300000000.0,6633000000.0,13000000.0,0.0,0.022,0.57,678000000.0,691000000.0,0.198,691000000.0,678000000.0,678000000.0,2.14,2.14,2.14,15918000000.0,,15918000000.0,25106671117.0,9.0,8.992,533000000.0,2.32,1.0,1782000000.0,0.511,467000000.0,0.0,53509000000.0,,0.0,42677000000.0,,,34808000000.0,,,21858671117.0,-2000000.0,0.0,-285000000.0,0.0,-133000000.0,-418000000.0,-136000000.0,-143000000.0,552000000.0,0.0,494000000.0,494000000.0,494000000.0,0.0,0.0,0.142,1104000000.0,678000000.0,131000000.0,0.266,1.373,10.816,11.102,0.0,0.0,95.14,1.562,1.562,2843000000.0,24125000000.0,3489000000.0,3489000000.0,0.0,,,,,0.0,1091000000.0,1.0,229752692.0,229752692.0,,15.186,50259000000.0,130000000.0,184000000.0,0.0,218.753,
2,CB1,MRQ,2015-03-31,2015-03-31,2015-03-31,2021-09-13,1060000000.0,50852000000.0,,,,,70.009,-18000000.0,52000000.0,52000000.0,1920000000.0,375000000.0,,2.146,3300000000.0,,,3300000000.0,6463000000.0,12000000.0,0.0,0.02,0.57,482000000.0,494000000.0,0.143,494000000.0,482000000.0,482000000.0,1.61,1.6,1.61,16162000000.0,,16162000000.0,26592629759.0,10.0,9.525,512000000.0,2.218,1.0,1537000000.0,0.445,467000000.0,0.0,53633000000.0,,0.0,43049000000.0,,,34690000000.0,,,23339629759.0,5000000.0,0.0,-333000000.0,0.0,-117000000.0,-451000000.0,-74000000.0,-61000000.0,530000000.0,0.0,375000000.0,375000000.0,375000000.0,0.0,0.0,0.108,1055000000.0,482000000.0,133000000.0,0.354,1.444,11.52,11.95,0.0,0.0,101.1,1.661,1.661,2683000000.0,23762000000.0,3457000000.0,3457000000.0,0.0,,,,,0.0,1039000000.0,1.0,230856872.0,230856872.0,,14.975,50385000000.0,0.0,107000000.0,50000000.0,218.252,
3,CB1,MRQ,2014-12-31,2014-12-31,2014-12-31,2021-09-13,1110000000.0,51286000000.0,,,,,69.105,-5000000.0,47000000.0,47000000.0,1669000000.0,558000000.0,,2.147,3300000000.0,,,3300000000.0,6581000000.0,13000000.0,0.0,0.019,0.5,762000000.0,775000000.0,0.223,775000000.0,762000000.0,762000000.0,2.35,2.34,2.35,16296000000.0,,16296000000.0,27642646540.0,10.0,9.483,229000000.0,0.971,1.0,1807000000.0,0.52,467000000.0,0.0,54072000000.0,,0.0,43485000000.0,,,34990000000.0,,,24399646540.0,-10000000.0,0.0,-333000000.0,0.0,-119000000.0,-452000000.0,208000000.0,448000000.0,234000000.0,0.0,558000000.0,558000000.0,558000000.0,0.0,0.0,0.161,1045000000.0,762000000.0,117000000.0,0.213,1.497,11.619,11.962,0.0,0.0,103.47,1.731,1.731,2816000000.0,23520000000.0,3476000000.0,3476000000.0,0.0,,,,,0.0,1033000000.0,1.0,235813729.0,235813729.0,,14.74,50819000000.0,0.0,204000000.0,15000000.0,215.505,
4,CB1,MRQ,2014-09-30,2014-09-30,2014-09-30,2021-09-13,1438000000.0,52070000000.0,,,,,68.637,-18000000.0,57000000.0,57000000.0,1679000000.0,594000000.0,,2.155,3300000000.0,,,3300000000.0,6611000000.0,14000000.0,0.0,0.021,0.5,818000000.0,832000000.0,0.233,832000000.0,818000000.0,818000000.0,2.47,2.47,2.47,16506000000.0,,16506000000.0,25148259404.0,9.0,8.557,1123000000.0,4.67,1.0,1895000000.0,0.53,467000000.0,0.0,54846000000.0,,0.0,44082000000.0,,,35564000000.0,,,21903259404.0,2000000.0,0.0,-433000000.0,0.0,-122000000.0,-556000000.0,-583000000.0,-747000000.0,1141000000.0,0.0,594000000.0,594000000.0,594000000.0,0.0,0.0,0.166,1077000000.0,818000000.0,119000000.0,0.202,1.327,10.376,10.64,0.0,0.0,91.08,1.554,1.554,2685000000.0,23079000000.0,3574000000.0,3574000000.0,0.0,,,,,0.0,1061000000.0,1.0,240483744.0,240483744.0,,14.862,51603000000.0,0.0,224000000.0,240000000.0,214.58,
5,CB1,MRQ,2014-06-30,2014-06-30,2014-06-30,2021-09-13,1504000000.0,51440000000.0,,,,,67.48,-16000000.0,55000000.0,55000000.0,1792000000.0,499000000.0,,2.118,3300000000.0,,,3300000000.0,6588000000.0,13000000.0,0.0,0.02,0.5,678000000.0,691000000.0,0.195,691000000.0,678000000.0,678000000.0,2.03,2.03,2.03,16498000000.0,,16498000000.0,25777278307.0,9.0,9.013,390000000.0,1.595,1.0,1750000000.0,0.494,467000000.0,0.0,54218000000.0,,0.0,43471000000.0,,,34942000000.0,,,22534278307.0,-2000000.0,0.0,-358000000.0,0.0,-124000000.0,-482000000.0,74000000.0,-83000000.0,406000000.0,0.0,499000000.0,499000000.0,499000000.0,0.0,0.0,0.141,1072000000.0,678000000.0,122000000.0,0.246,1.366,10.95,11.24,0.0,0.0,92.17,1.618,1.618,2698000000.0,22604000000.0,3542000000.0,3542000000.0,0.0,,,,,0.0,1058000000.0,1.0,244486040.0,244486040.0,,14.488,50973000000.0,0.0,179000000.0,259000000.0,208.49,
6,CB1,MRQ,2014-03-31,2014-03-31,2014-03-31,2021-09-13,1257000000.0,50790000000.0,,,,,66.067,-10000000.0,57000000.0,57000000.0,1845000000.0,449000000.0,,2.13,3300000000.0,,,3300000000.0,6439000000.0,14000000.0,0.0,0.02,0.5,603000000.0,617000000.0,0.176,617000000.0,603000000.0,603000000.0,1.81,1.8,1.81,16226000000.0,,16226000000.0,25179870324.0,9.0,8.452,362000000.0,1.474,1.0,1661000000.0,0.474,467000000.0,0.0,53566000000.0,,0.0,42936000000.0,,,34564000000.0,,,21931870324.0,5000000.0,0.0,-401000000.0,0.0,-110000000.0,-512000000.0,145000000.0,53000000.0,372000000.0,0.0,449000000.0,449000000.0,449000000.0,0.0,0.0,0.128,1058000000.0,603000000.0,124000000.0,0.276,1.352,10.258,10.644,0.0,0.0,89.3,1.574,1.574,2482000000.0,22227000000.0,3506000000.0,3506000000.0,0.0,,,,,0.0,1042000000.0,1.0,245597652.0,245597652.0,,14.275,50323000000.0,0.0,154000000.0,131000000.0,204.9,
7,CB1,MRQ,2013-12-31,2013-12-31,2013-12-31,2021-09-13,1035000000.0,50433000000.0,,,,,63.938,-14000000.0,52000000.0,52000000.0,1658000000.0,569000000.0,,2.133,3300000000.0,,,3300000000.0,6423000000.0,13000000.0,0.0,0.018,0.44,786000000.0,799000000.0,0.23,799000000.0,786000000.0,786000000.0,2.25,2.24,2.25,16097000000.0,,16097000000.0,27581565998.0,9.0,8.378,396000000.0,1.573,1.0,1818000000.0,0.523,467000000.0,0.0,53214000000.0,,0.0,42613000000.0,,,34336000000.0,,,24327565998.0,6000000.0,0.0,-326000000.0,0.0,-113000000.0,-440000000.0,36000000.0,230000000.0,410000000.0,0.0,569000000.0,569000000.0,569000000.0,0.0,0.0,0.164,1032000000.0,786000000.0,110000000.0,0.196,1.511,10.374,10.642,0.0,0.0,96.63,1.744,1.744,2574000000.0,21902000000.0,3476000000.0,3476000000.0,0.0,,,,,0.0,1018000000.0,1.0,251759971.0,251759971.0,,13.807,49966000000.0,47000000.0,217000000.0,0.0,198.467,
8,CB1,MRQ,2013-09-30,2013-09-30,2013-09-30,2021-09-13,715000000.0,51067000000.0,,,,,61.135,-13000000.0,46000000.0,46000000.0,1600000000.0,541000000.0,,2.269,3300000000.0,,,3300000000.0,6450000000.0,14000000.0,0.0,0.019,0.44,739000000.0,753000000.0,0.221,753000000.0,739000000.0,739000000.0,2.11,2.1,2.11,15621000000.0,,15621000000.0,26040224806.0,10.0,10.128,744000000.0,2.912,1.0,1803000000.0,0.53,467000000.0,0.0,53854000000.0,,0.0,42977000000.0,,,35446000000.0,,,22807224806.0,-21000000.0,0.0,-326000000.0,0.0,-114000000.0,-441000000.0,-337000000.0,-247000000.0,757000000.0,0.0,541000000.0,541000000.0,541000000.0,0.0,0.0,0.159,1064000000.0,739000000.0,113000000.0,0.209,1.46,12.144,12.346,0.0,0.0,89.26,1.644,1.644,2451000000.0,21443000000.0,3403000000.0,3403000000.0,0.0,,,,,0.0,1050000000.0,1.0,255514506.0,255514506.0,,13.318,50600000000.0,202000000.0,198000000.0,0.0,198.032,
9,CB1,MRQ,2013-06-30,2013-06-30,2013-06-30,2021-09-13,744000000.0,51240000000.0,,,,,59.894,-10000000.0,67000000.0,67000000.0,1694000000.0,579000000.0,,2.301,3300000000.0,,,3300000000.0,6514000000.0,14000000.0,0.0,0.015,0.44,796000000.0,810000000.0,0.228,810000000.0,796000000.0,796000000.0,2.22,2.21,2.22,15523000000.0,,15523000000.0,25458974219.0,10.0,9.953,255000000.0,0.984,1.0,1857000000.0,0.523,467000000.0,0.0,54006000000.0,,0.0,42903000000.0,,,35717000000.0,,,21938974219.0,12000000.0,0.0,-323000000.0,-275000000.0,-115000000.0,-713000000.0,460000000.0,61000000.0,265000000.0,0.0,579000000.0,579000000.0,579000000.0,0.0,0.0,0.163,1061000000.0,796000000.0,114000000.0,0.198,1.413,11.732,11.906,0.0,0.0,84.65,1.586,1.586,2659000000.0,21015000000.0,3551000000.0,3551000000.0,0.0,,,,,0.0,1037000000.0,1.0,259172761.0,259172761.0,,13.701,50773000000.0,162000000.0,217000000.0,0.0,195.904,
10,CB1,MRQ,2013-03-31,2013-03-31,2013-03-31,2021-09-13,1402000000.0,52090000000.0,,,,,61.37,-15000000.0,55000000.0,55000000.0,1568000000.0,656000000.0,,2.252,3575000000.0,,,3575000000.0,6383000000.0,14000000.0,0.0,0.014,0.44,916000000.0,930000000.0,0.264,930000000.0,916000000.0,916000000.0,2.49,2.48,2.49,16016000000.0,,16016000000.0,26368168884.0,12.0,11.525,284000000.0,1.088,1.0,1949000000.0,0.554,467000000.0,0.0,55143000000.0,,0.0,43811000000.0,,,36074000000.0,,,22843168884.0,5000000.0,0.0,-275000000.0,0.0,-108000000.0,-387000000.0,93000000.0,352000000.0,299000000.0,0.0,656000000.0,656000000.0,656000000.0,0.0,0.0,0.187,1033000000.0,916000000.0,115000000.0,0.177,1.426,13.477,13.719,0.0,0.0,87.53,1.667,1.667,2517000000.0,20550000000.0,3517000000.0,3517000000.0,0.0,,,,,0.0,1014000000.0,1.0,260975310.0,260975310.0,,13.476,51623000000.0,0.0,260000000.0,214000000.0,197.808,
11,CB1,MRQ,2012-12-31,2012-12-31,2012-12-31,2021-09-13,1431000000.0,52184000000.0,,,,,60.421,-12000000.0,50000000.0,50000000.0,2343000000.0,102000000.0,,2.297,3575000000.0,,,3575000000.0,6361000000.0,15000000.0,0.0,0.016,0.41,63000000.0,78000000.0,0.023,78000000.0,63000000.0,63000000.0,0.41,0.4,0.41,15827000000.0,,15827000000.0,23251644977.0,12.0,11.342,447000000.0,1.706,1.0,1057000000.0,0.311,467000000.0,0.0,55242000000.0,,0.0,44221000000.0,,,36357000000.0,,,19729644977.0,-3000000.0,0.0,-50000000.0,0.0,-109000000.0,-163000000.0,-299000000.0,-196000000.0,459000000.0,0.0,102000000.0,102000000.0,102000000.0,0.0,0.0,0.03,994000000.0,63000000.0,108000000.0,1.0,1.247,12.77,13.145,0.0,0.0,75.32,1.451,1.451,2522000000.0,20009000000.0,3400000000.0,3400000000.0,0.0,,,,,0.0,984000000.0,1.0,261944304.0,261944304.0,,12.98,51717000000.0,0.0,-39000000.0,162000000.0,197.435,
12,CB1,MRQ,2012-09-30,2012-09-30,2012-09-30,2021-09-13,1570000000.0,51641000000.0,,,,,60.087,-10000000.0,53000000.0,53000000.0,1597000000.0,533000000.0,,2.233,3575000000.0,,,3575000000.0,6376000000.0,13000000.0,0.0,0.016,0.0,727000000.0,740000000.0,0.22,740000000.0,727000000.0,727000000.0,1.99,1.98,1.99,15974000000.0,,15974000000.0,23792956991.0,9.0,9.183,944000000.0,3.551,1.0,1765000000.0,0.525,467000000.0,0.0,54696000000.0,,0.0,44063000000.0,,,35667000000.0,,,20278956991.0,-8000000.0,0.0,-277000000.0,0.0,-110000000.0,-389000000.0,-573000000.0,-478000000.0,954000000.0,0.0,533000000.0,533000000.0,533000000.0,0.0,0.0,0.159,1038000000.0,727000000.0,109000000.0,0.0,1.269,10.701,10.991,0.0,0.0,76.28,1.498,1.498,2417000000.0,20015000000.0,3362000000.0,3362000000.0,0.0,,,,,0.0,1026000000.0,1.0,265848938.0,265848938.0,,12.646,51174000000.0,0.0,194000000.0,243000000.0,192.493,
13,CB1,MRQ,2012-06-30,2012-06-30,2012-06-30,2021-09-13,1309000000.0,51010000000.0,,,,,57.644,-11000000.0,61000000.0,61000000.0,1860000000.0,404000000.0,,2.278,3575000000.0,,,3575000000.0,6433000000.0,13000000.0,0.0,0.022,0.41,527000000.0,540000000.0,0.158,540000000.0,527000000.0,527000000.0,1.49,1.48,1.49,15561000000.0,,15561000000.0,23162882430.0,11.0,10.392,503000000.0,1.863,1.0,1563000000.0,0.457,467000000.0,0.0,54057000000.0,,0.0,43167000000.0,,,35449000000.0,,,19657882430.0,-9000000.0,0.0,-286000000.0,0.0,-112000000.0,-402000000.0,-121000000.0,-310000000.0,514000000.0,0.0,404000000.0,404000000.0,404000000.0,0.0,0.0,0.118,1036000000.0,527000000.0,110000000.0,0.275,1.263,11.842,12.157,0.0,0.0,72.82,1.446,1.446,2616000000.0,19591000000.0,3423000000.0,3423000000.0,0.0,,,,,0.0,1023000000.0,1.0,269951695.0,269951695.0,,12.68,50543000000.0,0.0,123000000.0,96000000.0,187.23,
14,CB1,MRQ,2012-03-31,2012-03-31,2012-03-31,2021-09-13,1255000000.0,50718000000.0,,,,,57.132,-10000000.0,70000000.0,70000000.0,1707000000.0,506000000.0,,2.274,3575000000.0,,,3575000000.0,6330000000.0,13000000.0,0.0,0.023,0.41,679000000.0,692000000.0,0.203,692000000.0,679000000.0,679000000.0,1.85,1.83,1.85,15490000000.0,,15490000000.0,22254557045.0,10.0,9.891,362000000.0,1.335,1.0,1703000000.0,0.499,467000000.0,0.0,53756000000.0,,0.0,42856000000.0,,,35228000000.0,,,18737557045.0,12000000.0,0.0,-272000000.0,0.0,-107000000.0,-381000000.0,21000000.0,10000000.0,372000000.0,0.0,506000000.0,506000000.0,506000000.0,0.0,0.0,0.148,1024000000.0,679000000.0,112000000.0,0.222,1.21,11.187,11.654,0.0,0.0,69.11,1.38,1.38,2455000000.0,19297000000.0,3410000000.0,3410000000.0,0.0,,,,,0.0,1010000000.0,1.0,271126567.0,271126567.0,,12.577,50251000000.0,0.0,173000000.0,90000000.0,185.341,
15,CB1,MRQ,2011-12-31,2011-12-31,2011-12-31,2021-09-13,1195000000.0,50445000000.0,,,,,55.025,-22000000.0,58000000.0,58000000.0,1741000000.0,452000000.0,,2.297,3575000000.0,,,3575000000.0,6322000000.0,17000000.0,0.0,0.023,0.39,602000000.0,619000000.0,0.185,619000000.0,602000000.0,602000000.0,1.61,1.6,1.61,15301000000.0,,15301000000.0,23168124804.0,11.0,10.265,166000000.0,0.597,1.0,1604000000.0,0.48,467000000.0,0.0,53495000000.0,,0.0,42769000000.0,,,35144000000.0,,,19248124804.0,3000000.0,0.0,-363000000.0,-400000000.0,-110000000.0,-874000000.0,689000000.0,794000000.0,188000000.0,0.0,452000000.0,452000000.0,452000000.0,0.0,0.0,0.135,1002000000.0,602000000.0,107000000.0,0.242,1.258,11.471,11.934,0.0,0.0,69.22,1.417,1.417,2481000000.0,18903000000.0,3345000000.0,3345000000.0,0.0,,,,,0.0,990000000.0,1.0,278071725.0,278071725.0,,12.029,49978000000.0,0.0,150000000.0,2000000.0,179.731,
16,CB1,MRQ,2011-09-30,2011-09-30,2011-09-30,2021-09-13,1245000000.0,51495000000.0,,,,,54.693,-11000000.0,55000000.0,55000000.0,2054000000.0,298000000.0,,2.293,3975000000.0,,,3975000000.0,6307000000.0,12000000.0,0.0,0.026,0.39,366000000.0,378000000.0,0.111,378000000.0,366000000.0,366000000.0,1.04,1.04,1.04,15638000000.0,,15638000000.0,21056623833.0,9.0,8.396,846000000.0,2.959,1.0,1366000000.0,0.399,467000000.0,0.0,54948000000.0,,0.0,43373000000.0,,,35857000000.0,,,17152623833.0,-16000000.0,0.0,-465000000.0,0.0,-113000000.0,-581000000.0,-292000000.0,-172000000.0,857000000.0,0.0,298000000.0,298000000.0,298000000.0,0.0,0.0,0.087,1000000000.0,366000000.0,110000000.0,0.375,1.097,9.292,9.691,0.0,0.0,59.99,1.257,1.257,2292000000.0,18831000000.0,3420000000.0,3420000000.0,0.0,,,,,0.0,990000000.0,1.0,285924718.0,285924718.0,,11.961,51028000000.0,0.0,68000000.0,191000000.0,178.467,
17,CB1,MRQ,2011-06-30,2011-06-30,2011-06-30,2021-09-13,1130000000.0,51442000000.0,,,,,53.978,-9000000.0,71000000.0,71000000.0,1847000000.0,419000000.0,,2.258,3975000000.0,,,3975000000.0,6399000000.0,15000000.0,0.0,0.024,0.39,546000000.0,561000000.0,0.165,561000000.0,546000000.0,546000000.0,1.43,1.42,1.43,15791000000.0,,15791000000.0,22248257915.0,8.0,7.593,340000000.0,1.162,1.0,1553000000.0,0.457,467000000.0,0.0,54879000000.0,,0.0,43057000000.0,,,35651000000.0,,,18316257915.0,28000000.0,0.0,-443000000.0,0.0,-115000000.0,-559000000.0,238000000.0,48000000.0,349000000.0,0.0,419000000.0,419000000.0,419000000.0,0.0,0.0,0.123,1007000000.0,546000000.0,113000000.0,0.273,1.16,8.64,8.983,0.0,0.0,62.61,1.357,1.357,2555000000.0,18643000000.0,3400000000.0,3400000000.0,0.0,,,,,0.0,992000000.0,1.0,292545247.0,292545247.0,,11.622,50975000000.0,0.0,127000000.0,106000000.0,174.247,
18,CB1,MRQ,2011-03-31,2011-03-31,2011-03-31,2021-09-13,806000000.0,50689000000.0,,,,,52.771,-10000000.0,43000000.0,43000000.0,1765000000.0,509000000.0,,2.254,3975000000.0,,,3975000000.0,6242000000.0,14000000.0,0.0,0.024,0.39,685000000.0,699000000.0,0.204,699000000.0,685000000.0,685000000.0,1.71,1.7,1.71,15579000000.0,,15579000000.0,22004731279.0,7.0,7.131,474000000.0,1.606,1.0,1655000000.0,0.484,467000000.0,0.0,54154000000.0,,0.0,42528000000.0,,,35110000000.0,,,18099731279.0,-27000000.0,0.0,-356000000.0,0.0,-112000000.0,-456000000.0,-55000000.0,-46000000.0,484000000.0,0.0,509000000.0,509000000.0,509000000.0,0.0,0.0,0.149,970000000.0,685000000.0,115000000.0,0.228,1.162,8.157,8.587,0.0,0.0,61.31,1.349,1.349,2400000000.0,18337000000.0,3420000000.0,3420000000.0,0.0,,,,,0.0,957000000.0,1.0,295216625.0,295216625.0,,11.585,50222000000.0,46000000.0,176000000.0,0.0,170.119,
19,CB1,MRQ,2010-12-31,2010-12-31,2010-12-31,2021-09-13,790000000.0,50249000000.0,,,,,50.929,-16000000.0,70000000.0,70000000.0,1587000000.0,620000000.0,,2.236,3975000000.0,,,3975000000.0,6189000000.0,16000000.0,0.0,0.025,0.37,854000000.0,870000000.0,0.255,870000000.0,854000000.0,854000000.0,2.01,2.0,2.01,15530000000.0,,15530000000.0,22084176507.0,7.0,7.238,437000000.0,1.433,1.0,1824000000.0,0.535,467000000.0,0.0,53687000000.0,,0.0,42213000000.0,,,34719000000.0,,,18186176507.0,-7000000.0,0.0,-474000000.0,0.0,-115000000.0,-590000000.0,130000000.0,287000000.0,453000000.0,0.0,620000000.0,620000000.0,620000000.0,0.0,0.0,0.182,970000000.0,854000000.0,112000000.0,0.184,1.171,8.365,8.758,0.0,0.0,59.64,1.365,1.365,2423000000.0,17943000000.0,3411000000.0,3411000000.0,0.0,,,,,0.0,958000000.0,1.0,304932537.0,304932537.0,,11.186,49782000000.0,98000000.0,234000000.0,0.0,163.256,
20,CB1,MRQ,2010-09-30,2010-09-30,2010-09-30,2021-09-13,1314000000.0,51082000000.0,,,,,50.8,-13000000.0,77000000.0,77000000.0,1522000000.0,572000000.0,,2.197,3975000000.0,,,3975000000.0,6133000000.0,16000000.0,0.0,0.026,0.37,784000000.0,800000000.0,0.245,800000000.0,784000000.0,784000000.0,1.82,1.8,1.82,15979000000.0,,15979000000.0,21851171788.0,7.0,6.884,866000000.0,2.753,1.0,1745000000.0,0.534,467000000.0,0.0,54513000000.0,,0.0,43052000000.0,,,35103000000.0,,,17926171788.0,27000000.0,0.0,-510000000.0,0.0,-118000000.0,-629000000.0,-223000000.0,-203000000.0,879000000.0,0.0,572000000.0,572000000.0,572000000.0,0.0,0.0,0.175,961000000.0,784000000.0,115000000.0,0.203,1.122,7.971,8.332,0.0,0.0,56.99,1.34,1.34,2293000000.0,17435000000.0,3267000000.0,3267000000.0,0.0,,,,,0.0,949000000.0,1.0,314549426.0,314549426.0,,10.386,50615000000.0,0.0,212000000.0,148000000.0,160.913,
21,CB1,MRQ,2010-06-30,2010-06-30,2010-06-30,2021-09-13,812000000.0,50448000000.0,,,,,47.535,-12000000.0,50000000.0,50000000.0,1660000000.0,518000000.0,,2.248,3975000000.0,,,3975000000.0,6197000000.0,15000000.0,0.0,0.029,0.37,702000000.0,717000000.0,0.216,717000000.0,702000000.0,702000000.0,1.6,1.59,1.6,15533000000.0,,15533000000.0,20265869620.0,6.0,6.335,366000000.0,1.12,1.0,1658000000.0,0.5,467000000.0,0.0,53906000000.0,,0.0,41995000000.0,,,34915000000.0,,,16341869620.0,-1000000.0,0.0,-618000000.0,0.0,-121000000.0,-740000000.0,361000000.0,235000000.0,378000000.0,0.0,518000000.0,518000000.0,518000000.0,0.0,0.0,0.156,956000000.0,702000000.0,118000000.0,0.231,1.052,7.19,7.442,0.0,0.0,50.01,1.217,1.217,2486000000.0,16978000000.0,3318000000.0,3318000000.0,0.0,,,,,0.0,944000000.0,1.0,326772038.0,326772038.0,,10.154,49981000000.0,141000000.0,184000000.0,0.0,152.954,
22,CB1,MRQ,2010-03-31,2010-03-31,2010-03-31,2021-09-13,812000000.0,50870000000.0,,,,,47.907,-13000000.0,51000000.0,51000000.0,1730000000.0,464000000.0,,2.232,3975000000.0,,,3975000000.0,6149000000.0,16000000.0,0.0,0.027,0.37,648000000.0,664000000.0,0.2,664000000.0,648000000.0,648000000.0,1.39,1.39,1.39,15741000000.0,,15741000000.0,20960585129.0,7.0,6.449,608000000.0,1.85,1.0,1593000000.0,0.479,467000000.0,0.0,54327000000.0,,0.0,42329000000.0,,,35129000000.0,,,17036585129.0,0.0,0.0,-327000000.0,0.0,-118000000.0,-420000000.0,-201000000.0,-168000000.0,621000000.0,0.0,464000000.0,464000000.0,464000000.0,0.0,0.0,0.14,945000000.0,648000000.0,121000000.0,0.266,1.082,7.388,7.774,0.0,0.0,51.85,1.274,1.274,2360000000.0,16578000000.0,3323000000.0,3323000000.0,0.0,,,,,0.0,931000000.0,1.0,328574448.0,328574448.0,,10.113,50403000000.0,149000000.0,184000000.0,0.0,153.399,
23,CB1,MRQ,2009-12-31,2009-12-31,2009-12-31,2021-09-13,720000000.0,50449000000.0,,,,,45.771,-14000000.0,51000000.0,51000000.0,1547000000.0,695000000.0,,2.227,3975000000.0,,,3975000000.0,6153000000.0,23000000.0,0.0,0.028,0.35,970000000.0,993000000.0,0.287,993000000.0,970000000.0,970000000.0,2.03,2.0,2.03,15634000000.0,,15634000000.0,20712514796.0,7.0,6.834,557000000.0,1.631,1.0,1918000000.0,0.554,467000000.0,0.0,53906000000.0,,0.0,42004000000.0,,,34815000000.0,,,16798514796.0,-10000000.0,0.0,-488000000.0,0.0,-121000000.0,-665000000.0,84000000.0,167000000.0,571000000.0,0.0,695000000.0,695000000.0,695000000.0,0.0,0.0,0.201,948000000.0,970000000.0,118000000.0,0.172,1.074,7.695,7.881,0.0,0.0,49.18,1.291,1.291,2409000000.0,16235000000.0,3465000000.0,3465000000.0,0.0,,,,,0.0,929000000.0,1.0,341572078.0,341572078.0,,10.144,49982000000.0,272000000.0,275000000.0,0.0,146.329,
24,CB1,MRQ,2009-09-30,2009-09-30,2009-09-30,2021-09-13,721000000.0,50778000000.0,,,,,44.35,-14000000.0,61000000.0,61000000.0,1534000000.0,596000000.0,,2.272,3975000000.0,,,3975000000.0,6198000000.0,16000000.0,0.0,0.027,0.35,809000000.0,825000000.0,0.248,825000000.0,809000000.0,809000000.0,1.7,1.69,1.7,15518000000.0,,15518000000.0,21548537640.0,9.0,8.339,721000000.0,2.061,1.0,1786000000.0,0.538,467000000.0,0.0,54225000000.0,,0.0,42046000000.0,,,35260000000.0,,,17638537640.0,-4000000.0,0.0,-393000000.0,0.0,-124000000.0,-512000000.0,-227000000.0,-160000000.0,735000000.0,0.0,596000000.0,596000000.0,596000000.0,0.0,0.0,0.18,977000000.0,809000000.0,121000000.0,0.206,1.137,9.308,9.387,0.0,0.0,50.41,1.397,1.397,2352000000.0,15658000000.0,3320000000.0,3320000000.0,0.0,,,,,0.0,964000000.0,1.0,349901560.0,349901560.0,,9.488,50311000000.0,340000000.0,213000000.0,0.0,143.786,
25,CB1,MRQ,2009-06-30,2009-06-30,2009-06-30,2021-09-13,-202000000.0,49703000000.0,,,,,41.191,-12000000.0,65000000.0,65000000.0,1572000000.0,551000000.0,,2.427,3975000000.0,,,3975000000.0,6306000000.0,15000000.0,0.0,0.034,0.35,753000000.0,768000000.0,0.235,768000000.0,753000000.0,753000000.0,1.55,1.54,1.55,14504000000.0,,14504000000.0,17961230787.0,9.0,8.582,549000000.0,1.559,1.0,1694000000.0,0.519,467000000.0,0.0,53146000000.0,,0.0,40297000000.0,,,35199000000.0,,,14042230787.0,9000000.0,0.0,-82000000.0,0.0,-124000000.0,-206000000.0,-346000000.0,-316000000.0,561000000.0,0.0,551000000.0,551000000.0,551000000.0,0.0,0.0,0.169,941000000.0,753000000.0,124000000.0,0.226,0.968,8.984,9.043,0.0,0.0,39.88,1.114,1.114,2562000000.0,15183000000.0,3266000000.0,3266000000.0,0.0,,,,,0.0,930000000.0,1.0,352112106.0,352112106.0,,9.275,49236000000.0,887000000.0,202000000.0,0.0,139.83,
26,CB1,MRQ,2009-03-31,2009-03-31,2009-03-31,2021-09-13,-512000000.0,48572000000.0,,,,,39.18,-12000000.0,56000000.0,56000000.0,1615000000.0,341000000.0,,2.519,3975000000.0,,,3975000000.0,6207000000.0,15000000.0,0.0,0.024,0.35,430000000.0,445000000.0,0.15,445000000.0,430000000.0,430000000.0,0.96,0.95,0.96,13804000000.0,,13804000000.0,18829352357.0,10.0,9.548,538000000.0,1.527,1.0,1350000000.0,0.455,467000000.0,0.0,52024000000.0,,0.0,39131000000.0,,,34768000000.0,,,14910352357.0,0.0,0.0,-63000000.0,0.0,-118000000.0,-183000000.0,-367000000.0,-573000000.0,550000000.0,0.0,341000000.0,341000000.0,341000000.0,0.0,0.0,0.115,920000000.0,430000000.0,124000000.0,0.365,1.08,10.068,10.198,0.0,0.0,42.32,1.174,1.174,2471000000.0,14726000000.0,2965000000.0,2965000000.0,0.0,,,,,0.0,908000000.0,1.0,352324016.0,352324016.0,,8.416,48105000000.0,1024000000.0,89000000.0,0.0,136.536,
27,CB1,MRQ,2008-12-31,2008-12-31,2008-12-31,2021-09-13,-735000000.0,48429000000.0,,,,,37.762,-11000000.0,56000000.0,56000000.0,1559000000.0,407000000.0,,2.605,3975000000.0,,,3975000000.0,6367000000.0,15000000.0,0.0,0.019,0.33,531000000.0,546000000.0,0.178,546000000.0,531000000.0,531000000.0,1.16,1.14,1.16,13432000000.0,,13432000000.0,22069777826.0,9.0,8.932,389000000.0,1.094,1.0,1516000000.0,0.493,467000000.0,0.0,51881000000.0,,0.0,38738000000.0,,,34997000000.0,,,18140777826.0,10000000.0,0.0,-160000000.0,0.0,-118000000.0,-277000000.0,-113000000.0,96000000.0,400000000.0,0.0,407000000.0,407000000.0,407000000.0,0.0,0.0,0.132,985000000.0,531000000.0,118000000.0,0.284,1.351,10.056,10.2,0.0,0.0,51.0,1.372,1.372,2574000000.0,14509000000.0,3075000000.0,3075000000.0,0.0,,,,,0.0,972000000.0,1.0,355701526.0,355701526.0,,8.645,47962000000.0,1144000000.0,124000000.0,0.0,134.838,
28,CB1,MRQ,2008-09-30,2008-09-30,2008-09-30,2021-09-13,-409000000.0,49555000000.0,,,,,37.73,-10000000.0,46000000.0,46000000.0,2006000000.0,264000000.0,,2.643,3975000000.0,,,3975000000.0,6525000000.0,16000000.0,0.0,0.017,0.33,318000000.0,334000000.0,0.101,334000000.0,318000000.0,318000000.0,0.74,0.73,0.74,13604000000.0,,13604000000.0,24180605323.0,9.0,8.502,889000000.0,2.466,1.0,1297000000.0,0.393,467000000.0,0.0,53017000000.0,,0.0,39648000000.0,,,35951000000.0,,,19794605323.0,-3000000.0,0.0,-315000000.0,-460000000.0,-121000000.0,-913000000.0,11000000.0,-21000000.0,899000000.0,0.0,264000000.0,264000000.0,264000000.0,0.0,0.0,0.08,979000000.0,318000000.0,268000000.0,0.446,1.455,9.67,9.91,0.0,0.0,54.9,1.449,1.449,2532000000.0,14220000000.0,3303000000.0,3303000000.0,0.0,,,,,0.0,958000000.0,1.0,360557474.0,360557474.0,,9.161,49088000000.0,828000000.0,54000000.0,0.0,136.145,
29,CB1,MRQ,2008-06-30,2008-06-30,2008-06-30,2021-09-13,46000000.0,51828000000.0,,,,,38.669,-14000000.0,49000000.0,49000000.0,1749000000.0,469000000.0,,2.667,4435000000.0,,,4435000000.0,6681000000.0,18000000.0,0.0,0.019,0.0,629000000.0,647000000.0,0.193,647000000.0,629000000.0,629000000.0,1.29,1.27,1.29,14133000000.0,,14133000000.0,21347573055.0,6.0,5.973,524000000.0,1.434,1.0,1605000000.0,0.479,467000000.0,0.0,55747000000.0,,0.0,40758000000.0,,,37695000000.0,,,17912573055.0,24000000.0,0.0,-199000000.0,975000000.0,-122000000.0,643000000.0,-1157000000.0,-1306000000.0,538000000.0,0.0,469000000.0,469000000.0,469000000.0,0.0,0.0,0.14,976000000.0,629000000.0,1511000000.0,0.0,1.267,7.105,7.315,0.0,0.0,49.01,1.288,1.288,2773000000.0,14074000000.0,3354000000.0,3354000000.0,0.0,,,,,0.0,963000000.0,1.0,365488126.0,365488126.0,,9.177,51361000000.0,606000000.0,160000000.0,0.0,140.527,
30,CB1,MRQ,2008-03-31,2008-03-31,2008-03-31,2021-09-13,362000000.0,51193000000.0,,,,,38.75,-11000000.0,25000000.0,25000000.0,1584000000.0,664000000.0,,2.568,3460000000.0,,,3460000000.0,6594000000.0,15000000.0,0.0,0.024,0.33,929000000.0,944000000.0,0.271,944000000.0,929000000.0,929000000.0,1.8,1.77,1.8,14347000000.0,,14347000000.0,21730952583.0,6.0,5.527,696000000.0,1.88,1.0,1905000000.0,0.546,467000000.0,0.0,54161000000.0,,0.0,40079000000.0,,,36846000000.0,,,18319952583.0,-24000000.0,0.0,-553000000.0,0.0,-110000000.0,-664000000.0,-67000000.0,-34000000.0,707000000.0,0.0,664000000.0,664000000.0,664000000.0,0.0,0.0,0.19,976000000.0,929000000.0,1981000000.0,0.183,1.277,6.635,6.882,0.0,0.0,49.48,1.301,1.301,2601000000.0,13726000000.0,3489000000.0,3489000000.0,0.0,,,,,0.0,955000000.0,1.0,370249648.0,370249648.0,,9.423,50726000000.0,424000000.0,265000000.0,0.0,137.005,
31,CB1,MRQ,2007-12-31,2007-12-31,2007-12-31,2021-09-13,444000000.0,50574000000.0,,,,,37.639,-23000000.0,49000000.0,49000000.0,1606000000.0,650000000.0,,2.501,3460000000.0,,,3460000000.0,6599000000.0,17000000.0,0.0,0.021,0.29,902000000.0,919000000.0,0.261,919000000.0,902000000.0,902000000.0,1.71,1.68,1.71,14445000000.0,,14445000000.0,25039808734.0,6.0,6.251,603000000.0,1.571,1.0,1912000000.0,0.543,467000000.0,0.0,53518000000.0,,0.0,40081000000.0,,,36129000000.0,,,20946808734.0,7000000.0,0.0,-482000000.0,-675000000.0,-112000000.0,-1262000000.0,643000000.0,827000000.0,626000000.0,0.0,650000000.0,650000000.0,650000000.0,0.0,0.0,0.185,1010000000.0,902000000.0,1357000000.0,0.17,1.45,7.462,7.655,0.0,0.0,54.58,1.485,1.485,2619000000.0,13280000000.0,3518000000.0,3518000000.0,0.0,,,,,0.0,998000000.0,1.0,383781765.0,383781765.0,,9.167,50107000000.0,442000000.0,252000000.0,0.0,130.561,
32,CB1,MRQ,2007-09-30,2007-09-30,2007-09-30,2021-09-13,302000000.0,52172000000.0,,,,,36.226,-10000000.0,42000000.0,42000000.0,1541000000.0,738000000.0,,2.662,4135000000.0,,,4135000000.0,6594000000.0,17000000.0,0.0,0.021,0.29,1047000000.0,1064000000.0,0.3,1064000000.0,1047000000.0,1047000000.0,1.9,1.87,1.9,14248000000.0,,14248000000.0,25189112998.0,6.0,6.278,1156000000.0,2.939,1.0,2008000000.0,0.566,467000000.0,0.0,55798000000.0,,0.0,40539000000.0,,,37924000000.0,,,21097112998.0,-1000000.0,0.0,-547000000.0,0.0,-116000000.0,-677000000.0,-490000000.0,-358000000.0,1166000000.0,0.0,738000000.0,738000000.0,738000000.0,0.0,0.0,0.208,961000000.0,1047000000.0,2281000000.0,0.153,1.481,7.505,7.652,0.0,0.0,53.64,1.487,1.487,2568000000.0,13521000000.0,3549000000.0,3549000000.0,0.0,,,,,0.0,946000000.0,1.0,393309340.0,393309340.0,,9.023,51705000000.0,474000000.0,309000000.0,0.0,131.461,
33,CB1,MRQ,2007-06-30,2007-06-30,2007-06-30,2021-09-13,22000000.0,51733000000.0,,,,,34.418,-13000000.0,43000000.0,43000000.0,1572000000.0,709000000.0,,2.744,4135000000.0,,,4135000000.0,6596000000.0,18000000.0,0.0,0.02,0.29,987000000.0,1005000000.0,0.285,1005000000.0,987000000.0,987000000.0,1.78,1.75,1.78,13818000000.0,,13818000000.0,25029145499.0,7.0,6.587,679000000.0,1.691,1.0,1949000000.0,0.554,467000000.0,0.0,55358000000.0,,0.0,39565000000.0,,,37915000000.0,,,21736145499.0,1000000.0,0.0,-460000000.0,800000000.0,-119000000.0,216000000.0,-907000000.0,-1000000000.0,692000000.0,0.0,709000000.0,709000000.0,709000000.0,0.0,0.0,0.201,962000000.0,987000000.0,2285000000.0,0.163,1.573,8.12,8.228,0.0,0.0,54.14,1.542,1.542,2738000000.0,12895000000.0,3521000000.0,3521000000.0,0.0,,,,,0.0,922000000.0,1.0,401480338.0,401480338.0,,8.77,51266000000.0,571000000.0,278000000.0,0.0,127.692,
34,CB1,MRQ,2007-03-31,2007-03-31,2007-03-31,2021-09-13,183000000.0,50922000000.0,,,,,33.953,-7000000.0,42000000.0,42000000.0,1580000000.0,710000000.0,,2.671,3335000000.0,,,3335000000.0,6452000000.0,17000000.0,0.0,0.02,0.29,1001000000.0,1018000000.0,0.289,1018000000.0,1001000000.0,1001000000.0,1.74,1.71,1.74,13873000000.0,,13873000000.0,23539808976.0,7.0,6.449,700000000.0,1.713,1.0,1939000000.0,0.551,467000000.0,0.0,53748000000.0,,0.0,38673000000.0,,,37049000000.0,,,21111808976.0,4000000.0,0.0,-566000000.0,875000000.0,-104000000.0,192000000.0,-895000000.0,-971000000.0,707000000.0,0.0,710000000.0,710000000.0,710000000.0,0.0,0.0,0.202,938000000.0,1001000000.0,2628000000.0,0.167,1.522,8.228,8.267,203000000.0,0.0,51.67,1.506,1.506,2566000000.0,12302000000.0,3519000000.0,3519000000.0,0.0,,,,,0.0,922000000.0,1.0,408589297.0,408589297.0,,8.613,50455000000.0,531000000.0,291000000.0,0.0,123.486,
35,CB1,MRQ,2006-12-31,2006-12-31,2006-12-31,2021-09-13,202000000.0,50277000000.0,,,,,33.677,-18000000.0,38000000.0,38000000.0,1590000000.0,654000000.0,,2.627,2466000000.0,,,2466000000.0,6546000000.0,17000000.0,0.0,0.019,0.25,908000000.0,925000000.0,0.257,925000000.0,908000000.0,908000000.0,1.59,1.55,1.59,13863000000.0,,13863000000.0,24215165416.0,7.0,6.715,964000000.0,2.342,1.0,2011000000.0,0.558,467000000.0,0.0,52238000000.0,,0.0,37693000000.0,,,36414000000.0,,,21780165416.0,10000000.0,0.0,4000000.0,0.0,-106000000.0,-113000000.0,-859000000.0,-844000000.0,982000000.0,0.0,654000000.0,654000000.0,654000000.0,0.0,0.0,0.182,1103000000.0,908000000.0,2724000000.0,0.157,1.571,8.616,8.631,0.0,0.0,52.91,1.555,1.555,2668000000.0,11711000000.0,3601000000.0,3601000000.0,0.0,,,,,0.0,961000000.0,1.0,411645538.0,411645538.0,,8.748,49810000000.0,591000000.0,254000000.0,0.0,121.002,
36,CB1,MRQ,2006-09-30,2006-09-30,2006-09-30,2021-09-13,441000000.0,49115000000.0,,,,,33.013,-2000000.0,28000000.0,28000000.0,1687000000.0,604000000.0,,2.622,2463000000.0,,,2463000000.0,6513000000.0,21000000.0,0.0,0.019,0.25,831000000.0,852000000.0,0.247,852000000.0,831000000.0,831000000.0,1.47,1.43,1.47,13562000000.0,,13562000000.0,23769654709.0,7.0,6.696,1016000000.0,2.473,1.0,1764000000.0,0.511,467000000.0,0.0,51083000000.0,,0.0,36750000000.0,,,35553000000.0,,,21345654709.0,-10000000.0,0.0,-147000000.0,0.0,-103000000.0,-253000000.0,-775000000.0,-609000000.0,1018000000.0,0.0,604000000.0,604000000.0,604000000.0,0.0,0.0,0.175,933000000.0,831000000.0,2184000000.0,0.17,1.574,8.576,8.574,313000000.0,0.0,51.96,1.513,1.513,2577000000.0,11164000000.0,3451000000.0,3451000000.0,0.0,,,,,0.0,898000000.0,1.0,410809367.0,410809367.0,,8.4,48648000000.0,427000000.0,227000000.0,0.0,118.42,
37,CB1,MRQ,2006-06-30,2006-06-30,2006-06-30,2021-09-13,-106000000.0,47774000000.0,,,,,30.462,-19000000.0,38000000.0,38000000.0,1679000000.0,598000000.0,,2.78,2462000000.0,,,2462000000.0,6452000000.0,21000000.0,0.0,0.019,0.25,834000000.0,855000000.0,0.248,855000000.0,834000000.0,834000000.0,1.45,1.41,1.45,12639000000.0,,12639000000.0,23124041535.0,8.0,7.649,609000000.0,1.468,1.0,1766000000.0,0.513,467000000.0,0.0,49731000000.0,,0.0,35369000000.0,,,35135000000.0,,,20704041535.0,-4000000.0,0.0,-233000000.0,0.0,-104000000.0,-350000000.0,-282000000.0,-359000000.0,628000000.0,0.0,598000000.0,598000000.0,598000000.0,0.0,0.0,0.174,932000000.0,834000000.0,1560000000.0,0.172,1.638,9.716,9.578,335000000.0,0.0,49.9,1.465,1.465,2730000000.0,10663000000.0,3445000000.0,3445000000.0,0.0,,,,,0.0,894000000.0,1.0,414910652.0,414910652.0,,8.303,47307000000.0,664000000.0,236000000.0,0.0,114.017,
38,CB1,MRQ,2006-03-31,2006-03-31,2006-03-31,2021-09-13,142000000.0,47701000000.0,,,,,30.375,-14000000.0,42000000.0,42000000.0,1618000000.0,672000000.0,,2.786,2462000000.0,,,2462000000.0,6301000000.0,22000000.0,0.0,0.019,0.25,952000000.0,974000000.0,0.278,974000000.0,952000000.0,952000000.0,1.62,1.58,1.62,12600000000.0,,12600000000.0,22226737463.0,8.0,7.726,700000000.0,1.687,1.0,1888000000.0,0.539,467000000.0,0.0,49654000000.0,,0.0,35162000000.0,,,35101000000.0,,,19795037463.0,6000000.0,0.0,-163000000.0,0.0,-90000000.0,-255000000.0,-453000000.0,-554000000.0,714000000.0,0.0,672000000.0,672000000.0,672000000.0,0.0,0.0,0.192,936000000.0,952000000.0,1851000000.0,0.154,1.571,9.761,9.506,353000000.0,0.0,47.72,1.4,1.4,2486000000.0,10168000000.0,3506000000.0,3506000000.0,0.0,,,,,0.0,910000000.0,1.0,414816376.0,414816376.0,,8.452,47234000000.0,641000000.0,280000000.0,0.0,113.867,
39,CB1,MRQ,2005-12-31,2005-12-31,2005-12-31,2021-09-13,368000000.0,48061000000.0,,,,,31.031,-10000000.0,36000000.0,36000000.0,1899000000.0,615000000.0,,2.874,2467000000.0,,,2467000000.0,6361000000.0,22000000.0,0.0,0.018,0.215,847000000.0,869000000.0,0.235,869000000.0,847000000.0,847000000.0,1.52,1.47,1.52,12407000000.0,,12407000000.0,21991588741.0,9.0,8.665,775000000.0,1.938,1.0,1804000000.0,0.487,467000000.0,0.0,50025000000.0,,0.0,34894000000.0,,,35654000000.0,,,19521288741.0,-2000000.0,0.0,582000000.0,0.0,-87000000.0,496000000.0,-1283000000.0,-1122000000.0,785000000.0,0.0,615000000.0,615000000.0,615000000.0,0.0,0.0,0.166,957000000.0,847000000.0,2167000000.0,0.141,1.573,10.691,10.591,367000000.0,0.0,48.825,1.386,1.386,2563000000.0,9600000000.0,3703000000.0,3703000000.0,0.0,,,,,0.0,896000000.0,1.0,399821582.0,399821582.0,,9.262,47594000000.0,623000000.0,232000000.0,0.0,119.038,
40,CB1,MRQ,2005-09-30,2005-09-30,2005-09-30,2021-09-13,459000000.0,46744300000.0,,,,,28.51,-11000000.0,37500000.0,37500000.0,2260000000.0,246000000.0,,3.133,2507800000.0,,,2507800000.0,6384400000.0,21000000.0,0.0,0.019,0.215,304000000.0,325000000.0,0.093,325000000.0,304000000.0,304000000.0,0.62,0.6,0.62,11309100000.0,,11309100000.0,20540153062.0,9.0,8.823,1068000000.0,2.692,1.0,1219000000.0,0.35,467400000.0,0.0,48747200000.0,,0.0,33738800000.0,,,35435200000.0,,,17761253062.0,3000000.0,0.0,96000000.0,-301000000.0,-84000000.0,-313000000.0,-763000000.0,-820000000.0,1079000000.0,0.0,246000000.0,246000000.0,246000000.0,0.0,0.0,0.071,915000000.0,304000000.0,1779700000.0,0.347,1.571,10.584,10.353,407400000.0,0.0,44.775,1.284,1.284,2599000000.0,9075500000.0,3479000000.0,3479000000.0,0.0,,,,,0.0,888000000.0,1.0,396677902.0,396677902.0,,8.77,46276900000.0,546300000.0,58000000.0,0.0,116.661,
41,CB1,MRQ,2005-06-30,2005-06-30,2005-06-30,2021-09-13,702600000.0,46604900000.0,,,,,28.816,-9000000.0,34500000.0,34500000.0,1819000000.0,495000000.0,,3.14,2813400000.0,,,2813400000.0,6407500000.0,25000000.0,0.0,0.019,0.215,684000000.0,709000000.0,0.205,709000000.0,684000000.0,684000000.0,1.26,1.23,1.26,11258000000.0,,11258000000.0,19495188726.0,8.0,7.771,873000000.0,2.235,1.0,1633000000.0,0.473,467400000.0,0.0,48916400000.0,,0.0,33226400000.0,,,35346900000.0,,,16723188726.0,-2000000.0,0.0,176000000.0,0.0,-84000000.0,-84000000.0,-800000000.0,-751000000.0,882000000.0,0.0,495000000.0,495000000.0,495000000.0,0.0,0.0,0.143,949000000.0,684000000.0,2705500000.0,0.171,1.485,9.31,9.186,413700000.0,0.0,42.805,1.221,1.221,2746900000.0,8915000000.0,3452000000.0,3452000000.0,0.0,,,,,0.0,916000000.0,1.0,390683068.0,390683068.0,,8.836,46137500000.0,449800000.0,189000000.0,0.0,118.094,
42,CB1,MRQ,2005-03-31,2005-03-31,2005-03-31,2021-09-13,440200000.0,45547800000.0,,,,,26.785,-10000000.0,36800000.0,36800000.0,1835000000.0,470000000.0,,3.379,2808800000.0,,,2808800000.0,6395900000.0,23000000.0,0.0,0.02,0.215,612000000.0,635000000.0,0.184,635000000.0,612000000.0,612000000.0,1.22,1.18,1.22,10401300000.0,,10401300000.0,18163553564.0,8.0,7.925,1000000000.0,2.575,1.0,1614000000.0,0.468,467400000.0,0.0,47852400000.0,,0.0,32289800000.0,,,35146500000.0,,,15391553564.0,-5000000.0,0.0,142000000.0,0.0,-75000000.0,-10000000.0,-1005000000.0,-1104000000.0,1010000000.0,0.0,470000000.0,470000000.0,470000000.0,0.0,0.0,0.136,1002000000.0,612000000.0,2521600000.0,0.176,1.48,9.287,9.132,424700000.0,0.0,39.635,1.145,1.145,2572200000.0,8504800000.0,3449000000.0,3449000000.0,0.0,,,,,0.0,933000000.0,1.0,388332372.0,388332372.0,,8.882,45080400000.0,613100000.0,142000000.0,0.0,116.087,
43,CB1,MRQ,2004-12-31,2004-12-31,2004-12-31,2021-09-13,703500000.0,44260300000.0,,,,,26.431,-65000000.0,41700000.0,41700000.0,1892700000.0,467200000.0,,3.371,2813700000.0,,,2813700000.0,6355900000.0,26400000.0,0.0,0.02,0.195,632600000.0,659000000.0,0.191,659000000.0,632600000.0,632600000.0,1.225,1.205,1.225,10126400000.0,,10126400000.0,17501019552.0,8.0,8.05,828700000.0,2.163,1.0,1554700000.0,0.451,467400000.0,0.0,46564900000.0,,0.0,31504300000.0,,,34133900000.0,,,14730919552.0,500000.0,0.0,63700000.0,300000.0,-74800000.0,5300000.0,-898500000.0,-792500000.0,893700000.0,0.0,467200000.0,467200000.0,467200000.0,0.0,0.0,0.136,922100000.0,632600000.0,1928900000.0,0.159,1.455,9.516,9.424,474200000.0,0.0,38.45,1.118,1.118,2664700000.0,8119100000.0,3447400000.0,3447400000.0,0.0,,,,,0.0,886500000.0,1.0,383118844.0,383118844.0,,8.998,43792900000.0,533500000.0,165400000.0,0.0,114.306,
44,CB1,MRQ,2004-09-30,2004-09-30,2004-09-30,2021-09-13,628400000.0,43127900000.0,,,,,25.082,0.0,41700000.0,41700000.0,1881800000.0,364000000.0,,3.501,2811800000.0,,,2811800000.0,6290100000.0,25500000.0,0.0,0.022,0.195,480100000.0,505600000.0,0.151,505600000.0,480100000.0,480100000.0,0.955,0.94,0.955,9581500000.0,,9581500000.0,16186960954.0,11.0,10.58,1401900000.0,3.67,1.0,1463600000.0,0.437,467400000.0,0.0,45430600000.0,,0.0,30387400000.0,,,33546400000.0,,,13423460954.0,-6400000.0,0.0,30300000.0,-300000.0,-74500000.0,-29600000.0,-1378700000.0,-1516600000.0,1401900000.0,0.0,364000000.0,364000000.0,364000000.0,0.0,0.0,0.109,983500000.0,480100000.0,1876000000.0,0.204,1.401,11.641,11.617,490400000.0,0.0,35.14,1.055,1.055,2629100000.0,7726500000.0,3345400000.0,3345400000.0,0.0,,,,,0.0,949500000.0,1.0,381999458.0,381999458.0,,8.758,42660500000.0,603600000.0,116100000.0,0.0,111.677,
45,CB1,MRQ,2004-06-30,2004-06-30,2004-06-30,2021-09-13,300900000.0,41678000000.0,,,,,23.464,17600000.0,48100000.0,48100000.0,1805900000.0,356100000.0,,3.681,2811600000.0,,,2811600000.0,6218500000.0,25900000.0,0.0,0.022,0.195,466300000.0,492200000.0,0.154,492200000.0,466300000.0,466300000.0,0.94,0.925,0.94,8902900000.0,,8902900000.0,15706192018.0,12.0,11.348,923100000.0,2.433,1.0,1400000000.0,0.437,467400000.0,0.0,43974100000.0,,0.0,28365200000.0,,,32775100000.0,,,12934792018.0,4600000.0,0.0,76500000.0,0.0,-74000000.0,-51700000.0,-849200000.0,-612400000.0,905500000.0,0.0,356100000.0,356100000.0,356100000.0,0.0,0.0,0.111,933700000.0,466300000.0,2055100000.0,0.207,1.453,12.332,12.329,500800000.0,0.0,34.09,1.05,1.05,2762700000.0,7437200000.0,3205900000.0,3205900000.0,0.0,,,,,0.0,901800000.0,1.0,379430684.0,379430684.0,,8.449,41210600000.0,789100000.0,110200000.0,0.0,108.612,
46,CB1,MRQ,2004-03-31,2004-03-31,2004-03-31,2021-09-13,819700000.0,40631500000.0,,,,,23.97,-17600000.0,43500000.0,43500000.0,1740600000.0,360700000.0,,3.491,2814900000.0,,,2814900000.0,6173900000.0,28200000.0,0.0,0.021,0.195,489000000.0,517200000.0,0.163,517200000.0,489000000.0,489000000.0,0.96,0.94,0.96,9046400000.0,,9046400000.0,15884020112.0,14.0,12.719,870300000.0,2.306,1.0,1437700000.0,0.452,467400000.0,0.0,42935500000.0,,0.0,28554500000.0,,,31585100000.0,,,13122320112.0,-8700000.0,0.0,87500000.0,0.0,-67700000.0,105000000.0,-1001600000.0,-1267500000.0,887900000.0,0.0,360700000.0,360700000.0,360700000.0,0.0,0.0,0.113,948700000.0,489000000.0,1512900000.0,0.203,1.451,13.888,13.609,511300000.0,0.0,34.77,1.098,1.098,2556200000.0,7155600000.0,3178300000.0,3178300000.0,0.0,,,,,0.0,914200000.0,1.0,377403512.0,377403512.0,,8.421,40164100000.0,498600000.0,128300000.0,0.0,106.422,
47,CB1,MRQ,2003-12-31,2003-12-31,2003-12-31,2021-09-13,685600000.0,38360600000.0,,,,,22.692,-18600000.0,52200000.0,52200000.0,2017200000.0,72300000.0,,3.501,2813900000.0,,,2813900000.0,5939400000.0,30200000.0,0.0,0.021,0.18,-15200000.0,15000000.0,0.005,15000000.0,-15200000.0,-15200000.0,0.17,0.165,0.17,8522000000.0,,8522000000.0,15556691266.0,17.0,14.935,855900000.0,2.279,1.0,975200000.0,0.326,467400000.0,0.0,40654900000.0,,0.0,26934300000.0,,,29838600000.0,,,12787691266.0,7100000.0,0.0,18600000.0,-100000.0,-67500000.0,44700000.0,-912100000.0,-783400000.0,874500000.0,0.0,72300000.0,72300000.0,72300000.0,0.0,0.0,0.024,990400000.0,-15200000.0,772500000.0,1.059,1.501,15.811,15.1,518800000.0,0.0,34.05,1.122,1.122,2579000000.0,6868900000.0,2992400000.0,2992400000.0,0.0,,,,,0.0,899700000.0,1.0,375556278.0,375556278.0,,7.968,37893200000.0,641400000.0,-87500000.0,0.0,100.899,
48,CB1,MRQ,2003-09-30,2003-09-30,2003-09-30,2021-09-13,657100000.0,38090900000.0,,,,,22.611,-14900000.0,45100000.0,45100000.0,1711300000.0,259800000.0,,3.493,2814100000.0,,,2814100000.0,5760700000.0,22000000.0,0.0,0.022,0.18,337700000.0,359700000.0,0.122,359700000.0,337700000.0,337700000.0,0.695,0.685,0.695,8477600000.0,,8477600000.0,14952446368.0,14.0,13.03,1202700000.0,3.208,1.0,1235900000.0,0.419,467400000.0,0.0,40392500000.0,,0.0,26005000000.0,,,29613300000.0,,,12162546368.0,13900000.0,0.0,10800000.0,-100000.0,-61900000.0,116800000.0,-1320500000.0,-733300000.0,1217600000.0,0.0,259800000.0,259800000.0,259800000.0,0.0,0.0,0.088,898200000.0,337700000.0,1381600000.0,0.259,1.435,15.335,14.386,586000000.0,0.0,32.44,1.121,1.121,2558800000.0,6897800000.0,2947200000.0,2947200000.0,0.0,,,,,0.0,862800000.0,1.0,374924364.0,374924364.0,,7.861,37623500000.0,476100000.0,77900000.0,0.0,100.35,
49,CB1,MRQ,2003-06-30,2003-06-30,2003-06-30,2021-09-13,816300000.0,38282700000.0,,,,,24.455,-20800000.0,31200000.0,31200000.0,1633200000.0,252100000.0,,3.561,2821100000.0,,,2821100000.0,5586000000.0,28000000.0,0.0,0.024,0.18,328900000.0,356900000.0,0.126,356900000.0,328900000.0,328900000.0,0.73,0.725,0.73,8393700000.0,,8393700000.0,12879416000.0,47.0,33.769,559700000.0,1.631,1.0,1205300000.0,0.425,467400000.0,0.0,40605200000.0,,0.0,25497600000.0,,,29889000000.0,,,10296816000.0,400000.0,0.0,898500000.0,202900000.0,-61800000.0,1125100000.0,-1705200000.0,-2350400000.0,580500000.0,0.0,252100000.0,252100000.0,252100000.0,0.0,0.0,0.089,876400000.0,328900000.0,1626200000.0,0.247,1.227,35.36,35.294,593100000.0,0.0,30.0,1.003,1.003,2653700000.0,6705500000.0,2838500000.0,2838500000.0,0.0,,,,,0.0,850300000.0,1.0,343227200.0,343227200.0,,8.27,37815300000.0,440500000.0,76800000.0,0.0,110.176,
50,CB1,MRQ,2003-03-31,2003-03-31,2003-03-31,2021-09-13,580800000.0,35465800000.0,,,,,20.789,-20000000.0,30800000.0,30800000.0,1505500000.0,224600000.0,,3.982,2613400000.0,,,2613400000.0,5516200000.0,27800000.0,0.0,0.032,0.18,282200000.0,310000000.0,0.119,310000000.0,282200000.0,282200000.0,0.66,0.655,0.66,7118900000.0,,7118900000.0,9505580608.0,46.0,30.545,671200000.0,1.96,1.0,1110400000.0,0.424,467400000.0,0.0,37581000000.0,,0.0,22655800000.0,,,28346900000.0,,,7588380608.0,-11100000.0,0.0,2700000.0,656900000.0,-59900000.0,593000000.0,-1295300000.0,-1263800000.0,691200000.0,0.0,224600000.0,224600000.0,224600000.0,0.0,0.0,0.086,828200000.0,282200000.0,1379700000.0,0.273,1.066,30.439,30.356,594200000.0,0.0,22.16,0.786,0.786,2682300000.0,6515300000.0,2615900000.0,2615900000.0,0.0,,,,,0.0,801000000.0,1.0,342435948.0,342435948.0,,7.639,34998400000.0,550100000.0,57600000.0,0.0,102.204,
51,CB1,MRQ,2002-12-31,2002-12-31,2002-12-31,2021-09-13,529000000.0,34080900000.0,,,,,19.951,-43900000.0,41900000.0,41900000.0,1551600000.0,56600000.0,,3.993,1959100000.0,,,1959100000.0,5049900000.0,26400000.0,0.0,0.027,0.175,94500000.0,120900000.0,0.049,120900000.0,94500000.0,94500000.0,0.17,0.165,0.17,6825700000.0,,6825700000.0,10250609450.0,61.0,37.755,584900000.0,1.71,1.0,895600000.0,0.366,467400000.0,0.0,35530700000.0,,0.0,21279100000.0,,,27255200000.0,,,8929309450.0,9400000.0,0.0,3700000.0,599900000.0,-59800000.0,583700000.0,-1203100000.0,-963700000.0,628800000.0,0.0,56600000.0,56600000.0,56600000.0,0.0,0.0,0.023,801100000.0,94500000.0,1414700000.0,1.029,1.308,40.06,39.847,551400000.0,0.0,26.1,0.977,0.977,2519900000.0,6319000000.0,2447200000.0,2447200000.0,0.0,,,,,0.0,760000000.0,1.0,342119136.0,342119136.0,,7.153,33613500000.0,630500000.0,37900000.0,0.0,98.251,
52,CB1,MRQ,2002-09-30,2002-09-30,2002-09-30,2021-09-13,517000000.0,32533500000.0,,,,,20.227,-33200000.0,32500000.0,32500000.0,2052000000.0,-242100000.0,,3.714,1353800000.0,,,1353800000.0,4850200000.0,26200000.0,0.0,0.025,0.175,-432600000.0,-406400000.0,-0.172,-406400000.0,-432600000.0,-432600000.0,-0.71,-0.71,-0.71,6901400000.0,,6901400000.0,10744710464.0,180.0,65.959,800700000.0,2.347,1.0,312400000.0,0.132,467400000.0,0.0,33387400000.0,,0.0,20311700000.0,,,25632100000.0,,,9419410464.0,9700000.0,0.0,-57700000.0,-100000.0,-60200000.0,-73900000.0,-750300000.0,-786100000.0,833900000.0,0.0,-242100000.0,-242100000.0,-242100000.0,0.0,0.0,-0.102,745000000.0,-432600000.0,650100000.0,-0.246,1.365,48.305,48.096,621600000.0,0.0,27.415,1.085,1.077,2467100000.0,6355800000.0,2364400000.0,2364400000.0,0.0,,,,,0.0,710700000.0,1.0,343586010.0,341200000.0,341200000.0,6.93,32066100000.0,598700000.0,-190500000.0,0.0,93.98,
53,CB1,MRQ,2002-06-30,2002-06-30,2002-06-30,2021-09-13,300600000.0,31340200000.0,,,,,20.523,-30900000.0,22800000.0,22800000.0,1270500000.0,210200000.0,,3.463,1348100000.0,,,1348100000.0,4566000000.0,25100000.0,0.0,0.019,0.175,261600000.0,286700000.0,0.129,286700000.0,261600000.0,261600000.0,0.61,0.6,0.61,7023000000.0,,7023000000.0,13557458038.0,209.0,82.316,307600000.0,0.899,1.0,953000000.0,0.429,467400000.0,0.0,32198100000.0,,0.0,19069800000.0,,,24317200000.0,,,12137658038.0,-500000.0,0.0,24300000.0,-103000000.0,-59800000.0,-59100000.0,-279900000.0,-365100000.0,338500000.0,0.0,210200000.0,210200000.0,210200000.0,0.0,0.0,0.095,691400000.0,261600000.0,914400000.0,0.287,1.728,61.27,61.034,628200000.0,0.0,35.4,1.466,1.464,2469000000.0,6657700000.0,2223500000.0,2223500000.0,0.0,,,,,0.0,664400000.0,1.0,342871696.0,342200000.0,349200000.0,6.498,30872800000.0,570500000.0,51400000.0,0.0,90.219,
54,CB1,MRQ,2002-03-31,2002-03-31,2002-03-31,2021-09-13,105300000.0,30372800000.0,,,,,19.557,-33900000.0,23300000.0,23300000.0,1190500000.0,198200000.0,,3.573,1443100000.0,,,1443100000.0,4417000000.0,25400000.0,0.0,0.019,0.175,244900000.0,270300000.0,0.128,270300000.0,244900000.0,244900000.0,0.585,0.575,0.585,6641400000.0,,6641400000.0,14022379078.0,-460.0,212.139,380600000.0,1.121,1.0,914700000.0,0.434,467400000.0,0.0,31325200000.0,,0.0,18370800000.0,,,23731400000.0,,,12498179078.0,-2500000.0,0.0,36300000.0,-103700000.0,-57800000.0,-123300000.0,-293700000.0,-324400000.0,414500000.0,0.0,198200000.0,198200000.0,198200000.0,0.0,0.0,0.094,669800000.0,244900000.0,795100000.0,0.299,1.882,92.785,93.718,640000000.0,0.0,36.55,1.569,1.558,2356000000.0,6507700000.0,2105200000.0,2105200000.0,0.0,,,,,0.0,646100000.0,1.0,341947444.0,339600000.0,345800000.0,6.199,29905400000.0,661600000.0,46700000.0,0.0,88.061,
55,CB1,MRQ,2001-12-31,2001-12-31,2001-12-31,2021-09-13,179600000.0,29449000000.0,,,,,19.216,-57700000.0,25800000.0,25800000.0,1360900000.0,28700000.0,,3.513,1550000000.0,,,1550000000.0,3916200000.0,26500000.0,0.0,0.02,0.17,-14200000.0,12300000.0,0.006,12300000.0,-14200000.0,-14200000.0,0.085,0.08,0.085,6525300000.0,,6525300000.0,12552477275.0,-190.0,431.357,49300000.0,0.145,1.0,630800000.0,0.317,467400000.0,0.0,30505800000.0,,0.0,18170100000.0,,,22923700000.0,,,11715577275.0,6300000.0,0.0,30100000.0,697200000.0,-57800000.0,671200000.0,-771900000.0,-720500000.0,107000000.0,0.0,28700000.0,28700000.0,28700000.0,0.0,0.0,0.014,645000000.0,-14200000.0,475300000.0,2.0,1.795,105.072,106.154,646600000.0,0.0,34.5,1.511,1.511,2033600000.0,6369300000.0,1991700000.0,1991700000.0,0.0,,,,,0.0,597700000.0,1.0,339581950.0,339581950.0,,5.865,28981600000.0,674800000.0,-42900000.0,0.0,85.345,
56,CB1,MRQ,2001-09-30,2001-09-30,2001-09-30,2021-09-13,303900000.0,28226700000.0,,,,,19.477,-50000000.0,19500000.0,19500000.0,1772400000.0,-239000000.0,,3.247,856400000.0,,,856400000.0,3786600000.0,22800000.0,0.0,0.019,0.17,-427400000.0,-404600000.0,-0.207,-404600000.0,-427400000.0,-427400000.0,-0.7,-0.7,-0.7,6645500000.0,,6645500000.0,12985067281.0,90.0,54.859,382800000.0,1.122,1.0,183900000.0,0.094,472400000.0,0.0,28591200000.0,,0.0,17559700000.0,,,21581200000.0,,,12260567281.0,-8400000.0,0.0,-265000000.0,100400000.0,-59300000.0,-246900000.0,-194300000.0,-107000000.0,432800000.0,0.0,-239000000.0,-239000000.0,-239000000.0,0.0,0.0,-0.122,611300000.0,-427400000.0,453500000.0,-0.243,1.845,48.808,50.645,668400000.0,0.0,35.705,1.61,1.6,1914100000.0,6398600000.0,1956300000.0,1956300000.0,0.0,,,,,0.0,582500000.0,1.0,343385164.0,341200000.0,341200000.0,5.734,27754300000.0,568800000.0,-188400000.0,0.0,81.343,
57,CB1,MRQ,2001-06-30,2001-06-30,2001-06-30,2021-09-13,151900000.0,25595300000.0,,,,,20.153,-38400000.0,27900000.0,27900000.0,1143100000.0,146800000.0,,2.643,752400000.0,,,752400000.0,3640700000.0,21900000.0,0.0,0.017,0.17,166200000.0,188100000.0,0.098,188100000.0,166200000.0,166200000.0,0.42,0.415,0.42,7025200000.0,,7025200000.0,14299104940.0,17.0,15.566,276800000.0,0.794,1.0,771400000.0,0.403,477400000.0,0.0,25842400000.0,,0.0,17221300000.0,,,18570100000.0,,,13569004940.0,4900000.0,0.0,-212700000.0,-700000.0,-59900000.0,-255500000.0,-54800000.0,-91800000.0,315200000.0,0.0,146800000.0,146800000.0,146800000.0,0.0,0.0,0.077,605200000.0,166200000.0,822400000.0,0.405,1.931,19.437,19.309,668700000.0,0.0,38.715,1.805,1.796,1789500000.0,6695200000.0,1914500000.0,1914500000.0,0.0,,,,,0.0,581000000.0,1.0,350484436.0,348600000.0,356400000.0,5.492,25117900000.0,512500000.0,19400000.0,0.0,72.054,
58,CB1,MRQ,2001-03-31,2001-03-31,2001-03-31,2021-09-13,242400000.0,25661900000.0,,,,,20.693,-39100000.0,23000000.0,23000000.0,1081000000.0,175000000.0,,2.547,753100000.0,,,753100000.0,3662300000.0,23900000.0,0.0,0.018,0.17,209400000.0,233300000.0,0.123,233300000.0,209400000.0,209400000.0,0.5,0.485,0.5,7234400000.0,,7234400000.0,13425182754.0,15.0,13.793,125100000.0,0.358,1.0,810500000.0,0.428,482300000.0,0.0,25909700000.0,,0.0,17260400000.0,,,18427500000.0,,,12693782754.0,600000.0,0.0,38800000.0,-700000.0,-57800000.0,-19700000.0,-143900000.0,-104400000.0,164200000.0,0.0,175000000.0,175000000.0,175000000.0,0.0,0.0,0.093,601100000.0,209400000.0,875300000.0,0.34,1.755,17.249,17.166,675900000.0,0.0,36.22,1.721,1.717,1735300000.0,6607700000.0,1891500000.0,1891500000.0,0.0,,,,,0.0,577200000.0,1.0,350463356.0,349600000.0,358000000.0,5.41,25179600000.0,445700000.0,34400000.0,0.0,72.024,
59,CB1,MRQ,2000-12-31,2000-12-31,2000-12-31,2021-09-13,151600000.0,25026700000.0,,,,,19.969,-42800000.0,22400000.0,22400000.0,1070900000.0,168400000.0,,2.585,753800000.0,,,753800000.0,3516300000.0,24300000.0,0.0,0.015,0.165,195600000.0,219900000.0,0.119,219900000.0,195600000.0,195600000.0,0.485,0.475,0.485,6981700000.0,,6981700000.0,15849203728.0,19.0,16.944,148900000.0,0.426,1.0,781100000.0,0.422,487300000.0,0.0,25270800000.0,,0.0,17123500000.0,,,18045000000.0,,,15121503728.0,-3800000.0,0.0,-2100000.0,-100000.0,-57500000.0,-43700000.0,-151800000.0,-90200000.0,191700000.0,0.0,168400000.0,168400000.0,168400000.0,0.0,0.0,0.091,585500000.0,195600000.0,508900000.0,0.34,2.166,21.161,21.098,677100000.0,0.0,43.25,2.085,2.085,1655800000.0,6492600000.0,1852000000.0,1852000000.0,0.0,,,,,0.0,562300000.0,1.0,349630144.0,349630144.0,,5.297,24539400000.0,501000000.0,27200000.0,0.0,70.187,
60,CB1,MRQ,2000-09-30,2000-09-30,2000-09-30,2021-09-13,-9800000.0,24859800000.0,,,,,19.312,-34600000.0,26200000.0,26200000.0,1032600000.0,207900000.0,,2.708,753900000.0,,,753900000.0,3490600000.0,20200000.0,0.0,0.017,0.165,257100000.0,277300000.0,0.149,277300000.0,257100000.0,257100000.0,0.6,0.585,0.6,6705200000.0,,6705200000.0,14562565056.0,17.0,15.703,295000000.0,0.85,1.0,825900000.0,0.444,492300000.0,0.0,25095200000.0,,0.0,16667600000.0,,,18154600000.0,,,13827265056.0,7500000.0,55000000.0,-28500000.0,-100000.0,-57600000.0,-86200000.0,-235900000.0,-290000000.0,329600000.0,0.0,207900000.0,207900000.0,207900000.0,0.0,0.0,0.112,568800000.0,257100000.0,786200000.0,0.275,2.062,19.481,19.489,693200000.0,0.0,39.562,1.947,1.934,1593800000.0,6382000000.0,1858500000.0,1858500000.0,0.0,,,,,0.0,546400000.0,1.0,349504330.0,347200000.0,355800000.0,5.353,24367500000.0,578800000.0,49200000.0,0.0,70.183,
61,CB1,MRQ,2000-06-30,2000-06-30,2000-06-30,2021-09-13,-93700000.0,24290200000.0,,,,,18.493,-27700000.0,18700000.0,18700000.0,996800000.0,184600000.0,,2.751,754000000.0,,,754000000.0,3415600000.0,18600000.0,0.0,0.021,0.165,224200000.0,242800000.0,0.137,242800000.0,224200000.0,224200000.0,0.525,0.51,0.525,6476100000.0,,6476100000.0,11497051564.0,18.0,15.902,249600000.0,0.713,1.0,777200000.0,0.438,497300000.0,0.0,24528200000.0,,0.0,16257300000.0,,,17814100000.0,,,10759851564.0,1800000.0,0.0,-35900000.0,-100000.0,-57700000.0,-85100000.0,-190400000.0,-167300000.0,277300000.0,0.0,184600000.0,184600000.0,184600000.0,0.0,0.0,0.104,553000000.0,224200000.0,736400000.0,0.314,1.661,18.577,18.58,679000000.0,0.0,30.75,1.547,1.548,1575100000.0,6231600000.0,1774000000.0,1774000000.0,0.0,,,,,0.0,534800000.0,1.0,349913872.0,350200000.0,360400000.0,5.066,23792900000.0,610900000.0,39600000.0,0.0,67.941,
62,CB1,MRQ,2000-03-31,2000-03-31,2000-03-31,2021-09-13,-84400000.0,24152400000.0,,,,,18.304,-33600000.0,16900000.0,16900000.0,1027400000.0,153700000.0,,2.777,754100000.0,,,754100000.0,3425500000.0,21300000.0,0.0,0.019,0.165,174100000.0,195400000.0,0.111,195400000.0,174100000.0,174100000.0,0.44,0.435,0.44,6395400000.0,,6395400000.0,12539071970.0,19.0,17.132,123800000.0,0.354,1.0,739600000.0,0.419,502200000.0,0.0,24387400000.0,,0.0,16091600000.0,,,17757000000.0,,,11802571970.0,-5800000.0,0.0,-56500000.0,-5100000.0,-56200000.0,-117800000.0,-45400000.0,6200000.0,157400000.0,0.0,153700000.0,153700000.0,153700000.0,0.0,0.0,0.087,565500000.0,174100000.0,723000000.0,0.375,1.845,20.076,19.583,680400000.0,0.0,33.781,1.719,1.719,1587100000.0,6104600000.0,1767000000.0,1767000000.0,0.0,,,,,0.0,527700000.0,1.0,349382334.0,349400000.0,352600000.0,5.057,23650200000.0,595600000.0,20400000.0,0.0,67.688,
63,CB1,MRQ,1999-12-31,1999-12-31,1999-12-31,2021-09-13,-157400000.0,23537000000.0,,,,,17.824,-32400000.0,22700000.0,22700000.0,984500000.0,163600000.0,,2.753,759200000.0,,,759200000.0,3323100000.0,20300000.0,0.0,0.023,0.16,191600000.0,211900000.0,0.124,211900000.0,191600000.0,191600000.0,0.465,0.465,0.465,6271800000.0,,6271800000.0,10680516047.0,15.0,13.719,199600000.0,0.567,1.0,719600000.0,0.422,507200000.0,0.0,23766300000.0,,0.0,16019400000.0,,,17265200000.0,,,9907416047.0,3200000.0,0.0,-28200000.0,-33400000.0,-56400000.0,-132400000.0,-96400000.0,-2400000.0,232000000.0,0.0,163600000.0,163600000.0,163600000.0,0.0,0.0,0.096,528000000.0,191600000.0,525700000.0,0.344,1.58,15.951,15.22,699400000.0,0.0,28.156,1.472,1.472,1474800000.0,6008600000.0,1704100000.0,1704100000.0,0.0,,,,,0.0,506300000.0,1.0,351872712.0,351872712.0,,4.843,23029800000.0,584200000.0,28000000.0,0.0,65.449,
64,CB1,MRQ,1999-09-30,1999-09-30,1999-09-30,2021-09-13,-31000000.0,23709800000.0,,,,,18.307,-23500000.0,19500000.0,19500000.0,1125200000.0,77300000.0,,2.745,792600000.0,,,792600000.0,3368600000.0,16900000.0,0.0,0.026,0.16,56000000.0,72900000.0,0.043,72900000.0,56000000.0,56000000.0,0.225,0.22,0.225,6330700000.0,,6330700000.0,8612330049.0,12.0,11.258,415600000.0,1.202,1.0,584100000.0,0.342,512100000.0,0.0,23970800000.0,,0.0,16152700000.0,,,17379100000.0,,,8035730049.0,-5900000.0,0.0,-18900000.0,-9400000.0,-51800000.0,-74800000.0,-370200000.0,-409600000.0,439100000.0,0.0,77300000.0,77300000.0,77300000.0,0.0,0.0,0.045,528100000.0,56000000.0,56400000.0,0.711,1.269,13.064,13.128,706100000.0,0.0,24.812,1.218,1.301,1489900000.0,5901200000.0,1709300000.0,1709300000.0,0.0,,,,,0.0,502400000.0,1.0,323858138.0,345800000.0,350200000.0,4.943,23197700000.0,601100000.0,-21300000.0,0.0,67.084,
65,CB1,MRQ,1999-06-30,1999-06-30,1999-06-30,2021-09-13,83700000.0,21065400000.0,,,,,17.337,-27200000.0,25400000.0,25400000.0,972400000.0,193300000.0,,2.766,602000000.0,,,602000000.0,2989800000.0,15800000.0,0.0,0.018,0.16,235900000.0,251700000.0,0.149,251700000.0,235900000.0,235900000.0,0.595,0.59,0.595,5593000000.0,,5593000000.0,11834057060.0,14.0,13.003,274600000.0,0.851,1.0,714200000.0,0.423,0.0,0.0,21642000000.0,,0.0,14686400000.0,,,15472400000.0,,,11236557060.0,15500000.0,0.0,0.0,-5100000.0,-52100000.0,-37500000.0,-248800000.0,-184500000.0,301800000.0,0.0,193300000.0,193300000.0,193300000.0,0.0,0.0,0.115,478300000.0,235900000.0,51800000.0,0.269,2.009,15.799,15.868,720100000.0,0.0,34.75,1.734,1.73,1379900000.0,5880300000.0,1686600000.0,1686600000.0,0.0,,,,,0.0,475300000.0,1.0,323354160.0,322600000.0,327800000.0,5.228,21065400000.0,476100000.0,42600000.0,0.0,65.299,
66,CB1,MRQ,1999-03-31,1999-03-31,1999-03-31,2021-09-13,303100000.0,20971500000.0,,,,,17.503,-15300000.0,9900000.0,9900000.0,918300000.0,186900000.0,,2.712,607400000.0,,,607400000.0,2933600000.0,15400000.0,0.0,0.021,0.16,226600000.0,242000000.0,0.149,242000000.0,226600000.0,226600000.0,0.58,0.57,0.58,5650000000.0,,5650000000.0,10048956444.0,12.0,11.233,350700000.0,1.086,1.0,711300000.0,0.436,0.0,0.0,21569000000.0,,0.0,14775600000.0,,,15321500000.0,,,9449756444.0,1600000.0,-145300000.0,-75200000.0,-400000.0,-50300000.0,-122300000.0,-242100000.0,-118900000.0,366000000.0,0.0,186900000.0,186900000.0,186900000.0,0.0,0.0,0.115,484700000.0,226600000.0,52100000.0,0.276,1.673,13.459,13.651,743300000.0,0.0,29.281,1.478,1.479,1337200000.0,5738800000.0,1629600000.0,1629600000.0,0.0,,,,,0.0,479500000.0,1.0,322723806.0,322800000.0,326400000.0,5.048,20971500000.0,339800000.0,39700000.0,0.0,64.967,
67,CB1,MRQ,1998-12-31,1998-12-31,1998-12-31,2021-09-13,378700000.0,20746000000.0,,,,,17.319,-78800000.0,8300000.0,8300000.0,830900000.0,157600000.0,,2.676,607500000.0,,,607500000.0,2915700000.0,17600000.0,0.0,0.019,0.155,180800000.0,198400000.0,0.126,198400000.0,180800000.0,180800000.0,0.49,0.475,0.49,5644100000.0,,5644100000.0,11170729793.0,13.0,12.304,107300000.0,0.329,1.0,740800000.0,0.471,0.0,0.0,21345200000.0,,0.0,14755300000.0,,,15101900000.0,,,10550129793.0,-8700000.0,0.0,-11000000.0,-30100000.0,-50300000.0,-128000000.0,-66800000.0,9600000.0,186100000.0,0.0,157600000.0,157600000.0,157600000.0,0.0,0.0,0.1,560000000.0,180800000.0,50300000.0,0.316,1.869,14.922,15.163,746000000.0,0.0,32.374,1.661,1.661,1333900000.0,5604000000.0,1571700000.0,1571700000.0,0.0,,,,,0.0,471300000.0,1.0,325886324.0,325886324.0,,4.823,20746000000.0,320800000.0,23200000.0,0.0,63.66,
68,CB1,MRQ,1998-09-30,1998-09-30,1998-09-30,2021-09-13,338300000.0,20629500000.0,,,,,16.878,0.0,17000000.0,17000000.0,913200000.0,173400000.0,,2.722,637600000.0,,,637600000.0,2884300000.0,10800000.0,0.0,0.019,0.155,207200000.0,218000000.0,0.137,218000000.0,207200000.0,207200000.0,0.525,0.52,0.525,5542800000.0,,5542800000.0,10674784995.0,12.0,11.073,499600000.0,1.521,1.0,680000000.0,0.427,0.0,0.0,21250100000.0,,0.0,14698100000.0,,,15086700000.0,,,10433184995.0,3000000.0,0.0,-286400000.0,382000000.0,-51900000.0,55700000.0,-552300000.0,-526400000.0,499600000.0,0.0,173400000.0,173400000.0,173400000.0,0.0,0.0,0.109,472800000.0,207200000.0,50300000.0,0.295,1.882,14.021,14.189,741600000.0,0.0,31.499,1.537,1.524,1299100000.0,5496700000.0,1593200000.0,1593200000.0,0.0,,,,,0.0,470500000.0,1.0,331226102.0,328400000.0,334000000.0,4.851,20629500000.0,346000000.0,33800000.0,0.0,62.818,
69,CB1,MRQ,1998-06-30,1998-06-30,1998-06-30,2021-09-13,382200000.0,20123000000.0,,,,,17.115,0.0,14000000.0,14000000.0,904700000.0,184200000.0,,2.51,255600000.0,,,255600000.0,2837900000.0,13800000.0,0.0,0.015,0.155,222400000.0,236200000.0,0.148,236200000.0,222400000.0,222400000.0,0.55,0.54,0.55,5733400000.0,,5733400000.0,13744389943.0,14.0,13.684,233000000.0,0.696,1.0,692900000.0,0.434,0.0,0.0,20364600000.0,,0.0,14196600000.0,,,14389600000.0,,,13508789943.0,1200000.0,0.0,-159200000.0,7200000.0,-52200000.0,-186500000.0,-45300000.0,90600000.0,233000000.0,0.0,184200000.0,184200000.0,184200000.0,0.0,0.0,0.115,470500000.0,222400000.0,51900000.0,0.282,2.356,17.665,17.821,768500000.0,0.0,40.186,1.998,1.991,1385400000.0,5373600000.0,1597600000.0,1597600000.0,0.0,,,,,0.0,467900000.0,1.0,336158126.0,335000000.0,341800000.0,4.769,20123000000.0,361700000.0,38200000.0,0.0,60.069,
70,CB1,MRQ,1998-03-31,1998-03-31,1998-03-31,2021-09-13,395700000.0,19998500000.0,,,,,17.091,0.0,12800000.0,12800000.0,844900000.0,191800000.0,,2.476,248400000.0,,,248400000.0,2720100000.0,16000000.0,0.0,0.011,0.155,239300000.0,255300000.0,0.161,255300000.0,239300000.0,239300000.0,0.57,0.56,0.57,5752900000.0,,5752900000.0,13594155386.0,14.0,13.282,295300000.0,0.877,1.0,742400000.0,0.468,0.0,0.0,20234100000.0,,0.0,14254600000.0,,,14245600000.0,,,13207055386.0,1300000.0,0.0,-89100000.0,-150200000.0,-49000000.0,-271000000.0,-23000000.0,-127300000.0,295300000.0,0.0,191800000.0,191800000.0,191800000.0,0.0,0.0,0.121,503100000.0,239300000.0,52200000.0,0.272,2.296,17.17,17.377,777600000.0,0.0,39.186,1.979,1.976,1247200000.0,5241300000.0,1587300000.0,1587300000.0,0.0,,,,,0.0,457800000.0,1.0,337036252.0,336600000.0,343800000.0,4.716,19998500000.0,337100000.0,47500000.0,0.0,59.413,
71,CB1,MRQ,1997-12-31,1997-12-31,1997-12-31,2021-09-13,374400000.0,19615600000.0,,,,,16.622,-111100000.0,11500000.0,11500000.0,1320100000.0,194700000.0,,2.467,398600000.0,,,398600000.0,2696600000.0,11800000.0,0.0,0.012,0.145,242700000.0,254500000.0,0.127,254500000.0,242700000.0,242700000.0,0.575,0.565,0.575,5657100000.0,,5657100000.0,13920293428.0,14.0,13.508,152800000.0,0.449,1.0,688600000.0,0.343,0.0,0.0,20002700000.0,,0.0,14049600000.0,,,13958500000.0,,,12868193428.0,-800000.0,0.0,-186800000.0,-557200000.0,-49600000.0,-780900000.0,516200000.0,-196500000.0,263900000.0,0.0,194700000.0,194700000.0,194700000.0,0.0,0.0,0.097,445900000.0,242700000.0,49000000.0,0.252,2.275,16.723,16.88,790000000.0,0.0,37.811,1.931,1.931,1259600000.0,5101700000.0,2008700000.0,2008700000.0,0.0,,,,,0.0,442500000.0,1.0,340330080.0,340330080.0,,5.902,19615600000.0,317000000.0,48000000.0,0.0,57.637,
72,CB1,MRQ,1997-09-30,1997-09-30,1997-09-30,2021-09-13,348500000.0,20238500000.0,,,,,16.481,0.0,12300000.0,12300000.0,885400000.0,194000000.0,,2.576,1064400000.0,,,1064400000.0,2675500000.0,11900000.0,0.0,0.012,0.145,246500000.0,258400000.0,0.165,258400000.0,246500000.0,246500000.0,0.56,0.55,0.56,5659500000.0,,5659500000.0,13308446254.0,19.0,17.356,474100000.0,1.381,1.0,683400000.0,0.436,0.0,0.0,21290600000.0,,0.0,13777200000.0,,,14579000000.0,,,12255446254.0,4500000.0,0.0,-161300000.0,3600000.0,-50300000.0,-194300000.0,-275300000.0,-253100000.0,474100000.0,0.0,194000000.0,194000000.0,194000000.0,0.0,0.0,0.124,436900000.0,246500000.0,49600000.0,0.259,2.165,20.542,20.245,1624100000.0,0.0,35.53,2.004,1.995,1238600000.0,4956000000.0,1568800000.0,1568800000.0,0.0,,,,,0.0,434200000.0,1.0,344934676.0,343400000.0,349600000.0,4.568,20238500000.0,358200000.0,52500000.0,0.0,58.936,
73,CB1,MRQ,1997-06-30,1997-06-30,1997-06-30,2021-09-13,259900000.0,19966300000.0,,,,,16.197,0.0,7800000.0,7800000.0,844000000.0,188700000.0,,2.583,1060800000.0,,,1060800000.0,2623600000.0,15900000.0,0.0,0.012,0.0,239400000.0,255300000.0,0.169,255300000.0,239400000.0,239400000.0,0.55,0.54,0.55,5571900000.0,,5571900000.0,12649055380.0,19.0,17.502,140900000.0,0.41,1.0,665600000.0,0.441,0.0,0.0,21019300000.0,,0.0,13357800000.0,,,14394400000.0,,,11400955380.0,-500000.0,861200000.0,-139100000.0,18900000.0,-49400000.0,-149500000.0,8100000.0,-778300000.0,140900000.0,0.0,188700000.0,188700000.0,188700000.0,0.0,0.0,0.125,426200000.0,239400000.0,50300000.0,0.0,2.046,20.079,20.142,1629400000.0,0.0,33.436,1.931,1.948,1275900000.0,4811600000.0,1509600000.0,1509600000.0,0.0,,,,,0.0,423600000.0,1.0,340977428.0,344000000.0,352800000.0,4.388,19966300000.0,377400000.0,50700000.0,0.0,58.042,
74,CB1,MRQ,1997-03-31,1997-03-31,1997-03-31,2021-09-13,156400000.0,19723300000.0,,,,,15.094,0.0,8300000.0,8300000.0,882200000.0,192100000.0,,2.772,1256400000.0,,,1256400000.0,2513700000.0,16800000.0,0.0,0.02,0.145,245500000.0,262300000.0,0.166,262300000.0,245500000.0,245500000.0,0.555,0.54,0.555,5228700000.0,,5228700000.0,10572957259.0,17.0,15.124,686200000.0,1.981,1.0,694700000.0,0.441,0.0,0.0,20971400000.0,,0.0,12390500000.0,,,14494600000.0,,,9317632259.0,3600000.0,0.0,-340700000.0,10500000.0,-47200000.0,-363500000.0,-319100000.0,-393000000.0,686200000.0,0.0,192100000.0,192100000.0,192100000.0,0.0,0.0,0.122,449200000.0,245500000.0,49400000.0,0.261,1.782,16.837,16.835,1616400000.0,0.0,26.936,1.613,1.615,1136800000.0,4673200000.0,1576900000.0,1576900000.0,0.0,,,,,0.0,445900000.0,1.0,345912692.0,346400000.0,361200000.0,4.552,19723300000.0,424500000.0,53400000.0,0.0,56.938,
75,CB1,MRQ,1996-12-31,1996-12-31,1996-12-31,2021-09-13,223100000.0,19938900000.0,,,,,15.793,-153000000.0,4700000.0,4700000.0,1080000000.0,21800000.0,,2.65,1260000000.0,,,1260000000.0,2617500000.0,15600000.0,0.0,0.02,0.135,-24800000.0,-9200000.0,-0.006,-9200000.0,-24800000.0,-24800000.0,0.09,0.06,0.09,5462900000.0,,5462900000.0,,,,158700000.0,0.459,1.0,380000000.0,0.26,0.0,0.0,21194200000.0,,0.0,12081100000.0,,,14476000000.0,,,9296012716.0,-5200000.0,0.0,-26100000.0,-7300000.0,-47000000.0,-48700000.0,-268200000.0,-99100000.0,311700000.0,0.0,21800000.0,21800000.0,21800000.0,5000000.0,0.0,0.015,399800000.0,-19800000.0,47200000.0,1.5,1.702,18.131,18.282,1604000000.0,0.0,26.874,1.636,1.636,1311600000.0,4530500000.0,1460000000.0,1460000000.0,0.0,,,,,0.0,397600000.0,1.0,345912692.0,345912692.0,,4.221,19938900000.0,365600000.0,-46600000.0,0.0,57.641,
76,CB1,MRQ,1996-09-30,1996-09-30,1996-09-30,2021-09-13,,,,,,,,0.0,,,780200000.0,165200000.0,,,,,,,,14700000.0,,0.018,0.135,199600000.0,214300000.0,0.158,214300000.0,199600000.0,199600000.0,0.465,0.465,0.465,,,,,,,533500000.0,1.482,1.0,576700000.0,0.425,,0.0,,,,,,,,,,,3500000.0,0.0,-22400000.0,5300000.0,-47300000.0,-57600000.0,-472400000.0,-522200000.0,533500000.0,0.0,165200000.0,165200000.0,165200000.0,-11000000.0,0.0,0.122,388100000.0,188600000.0,,0.29,,,,,0.0,22.999,,,,,1356900000.0,1356900000.0,0.0,,,,,0.0,385500000.0,1.0,,360002000.0,360002000.0,3.769,,,34400000.0,,,
77,CB1,MRQ,1996-06-30,1996-06-30,1996-06-30,2021-09-13,,,,,,,,0.0,,,778500000.0,174300000.0,,,,,,,,14500000.0,,0.011,0.135,217200000.0,231700000.0,0.168,231700000.0,217200000.0,217200000.0,0.49,0.49,0.49,,,,,,,222400000.0,0.616,1.0,603500000.0,0.437,,0.0,,,,,,,,,,,-3700000.0,0.0,-24100000.0,700000.0,-47200000.0,-115600000.0,-110500000.0,-98700000.0,222400000.0,0.0,174300000.0,174300000.0,174300000.0,-9500000.0,0.0,0.126,395800000.0,207700000.0,,0.276,,,,,0.0,24.936,,,,,1382000000.0,1382000000.0,0.0,,,,,0.0,392900000.0,1.0,,360832000.0,360832000.0,3.83,,,42900000.0,,,
78,CB1,MRQ,1996-03-31,1996-03-31,1996-03-31,2021-09-13,,,,,,,,0.0,,,927800000.0,151400000.0,,,,,,,,14200000.0,,0.006,0.135,181400000.0,195600000.0,0.132,195600000.0,181400000.0,181400000.0,0.425,0.425,0.425,,,,,,,531700000.0,1.473,1.0,553800000.0,0.374,,0.0,,,,,,,,,,,-1800000.0,0.0,-9900000.0,-20500000.0,-42700000.0,-9900000.0,-523600000.0,-465900000.0,531700000.0,0.0,151400000.0,151400000.0,151400000.0,-11000000.0,0.0,0.102,383400000.0,170400000.0,,0.318,,,,,0.0,23.468,,,,,1481600000.0,1481600000.0,0.0,,,,,0.0,378800000.0,1.0,,360912000.0,360912000.0,4.105,,,30000000.0,,,
79,CB1,MRQ,1995-12-31,1995-12-31,1995-12-31,2021-09-13,342461000.0,19636277000.0,,,,,,,11950000.0,11950000.0,,,,2.731,1302432000.0,,,1302432000.0,2570682000.0,,0.0,0.0,0.0,,,,,,,,,,5262729000.0,,5262729000.0,,,,,,1.0,,,0.0,,20926759000.0,,0.0,10920154000.0,,,14373548000.0,,,,,,,,,,,,,,,,,,,,,,42741000.0,,,,12.093,1742580000.0,,24.186,,,1344748000.0,4206517000.0,,,,,,,,,,1.0,,,,,19636277000.0,230146000.0,,0.0,,
0,CB1,MRT,2015-09-30,2015-09-30,2015-09-30,2021-09-13,661000000.0,51192000000.0,51014000000.0,,,0.274,72.126,-59000000.0,53000000.0,53000000.0,6929000000.0,2028000000.0,,2.127,3300000000.0,,,3300000000.0,6636000000.0,52000000.0,0.0,0.018,2.21,2769000000.0,2821000000.0,0.202,2821000000.0,2769000000.0,2769000000.0,8.72,8.68,8.72,16371000000.0,16186750000.0,16371000000.0,31088769402.0,11.0,11.02,2132000000.0,9.393,1.0,7071000000.0,0.505,467000000.0,0.0,53972000000.0,53796500000.0,0.0,43261000000.0,,,34821000000.0,,,27838769402.0,-4000000.0,0.0,-944000000.0,0.0,-500000000.0,-1447000000.0,-748000000.0,-468000000.0,2191000000.0,0.0,2028000000.0,2028000000.0,2028000000.0,0.0,0.0,0.145,4302000000.0,2769000000.0,130000000.0,0.253,1.7,13.727,14.065,0.0,0.0,122.65,1.988,1.988,2737000000.0,24596000000.0,14000000000.0,14000000000.0,0.0,0.04,0.125,0.051,0.198,0.0,4244000000.0,1.0,226977329.0,226977329.0,,61.68,50725000000.0,120000000.0,741000000.0,0.0,223.48,
1,CB1,MRT,2015-06-30,2015-06-30,2015-06-30,2021-09-13,707000000.0,50726000000.0,51233500000.0,,,0.273,69.283,-60000000.0,50000000.0,50000000.0,6975000000.0,2021000000.0,,2.187,3300000000.0,,,3300000000.0,6633000000.0,52000000.0,0.0,0.022,2.14,2740000000.0,2792000000.0,0.199,2792000000.0,2740000000.0,2740000000.0,8.57,8.55,8.57,15918000000.0,16220500000.0,15918000000.0,25106671117.0,9.0,8.992,2397000000.0,10.433,1.0,7021000000.0,0.502,467000000.0,0.0,53509000000.0,54015000000.0,0.0,42677000000.0,,,34808000000.0,,,21858671117.0,-5000000.0,0.0,-1384000000.0,0.0,-491000000.0,-1877000000.0,-585000000.0,-503000000.0,2457000000.0,0.0,2021000000.0,2021000000.0,2021000000.0,0.0,0.0,0.144,4281000000.0,2740000000.0,131000000.0,0.25,1.373,10.816,11.102,0.0,0.0,95.14,1.562,1.562,2843000000.0,24125000000.0,13996000000.0,13996000000.0,0.0,0.039,0.125,0.051,0.196,0.0,4224000000.0,1.0,229752692.0,229752692.0,,60.918,50259000000.0,130000000.0,719000000.0,0.0,218.753,
2,CB1,MRT,2015-03-31,2015-03-31,2015-03-31,2021-09-13,1060000000.0,50852000000.0,51412000000.0,,,0.273,70.009,-57000000.0,52000000.0,52000000.0,7060000000.0,2026000000.0,,2.146,3300000000.0,,,3300000000.0,6463000000.0,52000000.0,0.0,0.02,2.07,2740000000.0,2792000000.0,0.199,2792000000.0,2740000000.0,2740000000.0,8.46,8.44,8.46,16162000000.0,16365500000.0,16162000000.0,26592629759.0,10.0,9.525,2254000000.0,9.764,1.0,6989000000.0,0.497,467000000.0,0.0,53633000000.0,54192250000.0,0.0,43049000000.0,,,34690000000.0,,,23339629759.0,-5000000.0,0.0,-1457000000.0,0.0,-482000000.0,-1941000000.0,-375000000.0,-443000000.0,2311000000.0,0.0,2026000000.0,2026000000.0,2026000000.0,0.0,0.0,0.144,4249000000.0,2740000000.0,133000000.0,0.245,1.444,11.52,11.95,0.0,0.0,101.1,1.661,1.661,2683000000.0,23762000000.0,14049000000.0,14049000000.0,0.0,0.039,0.124,0.051,0.195,0.0,4191000000.0,1.0,230856872.0,230856872.0,,60.856,50385000000.0,0.0,714000000.0,50000000.0,218.252,
3,CB1,MRT,2014-12-31,2014-12-31,2014-12-31,2021-09-13,1110000000.0,51286000000.0,51396500000.0,,,0.274,69.105,-49000000.0,47000000.0,47000000.0,6985000000.0,2100000000.0,,2.147,3300000000.0,,,3300000000.0,6581000000.0,54000000.0,0.0,0.019,2.0,2861000000.0,2915000000.0,0.207,2915000000.0,2861000000.0,2861000000.0,8.65,8.62,8.65,16296000000.0,16381500000.0,16296000000.0,27642646540.0,10.0,9.483,2104000000.0,8.922,1.0,7113000000.0,0.505,467000000.0,0.0,54072000000.0,54175500000.0,0.0,43485000000.0,,,34990000000.0,,,24399646540.0,-5000000.0,0.0,-1525000000.0,0.0,-475000000.0,-2002000000.0,-156000000.0,-329000000.0,2153000000.0,0.0,2100000000.0,2100000000.0,2100000000.0,0.0,0.0,0.149,4252000000.0,2861000000.0,117000000.0,0.231,1.497,11.619,11.962,0.0,0.0,103.47,1.731,1.731,2816000000.0,23520000000.0,14098000000.0,14098000000.0,0.0,0.041,0.128,0.053,0.203,0.0,4194000000.0,1.0,235813729.0,235813729.0,,59.784,50819000000.0,0.0,761000000.0,15000000.0,215.505,
4,CB1,MRT,2014-09-30,2014-09-30,2014-09-30,2021-09-13,1438000000.0,52070000000.0,51183250000.0,,,0.275,68.637,-58000000.0,57000000.0,57000000.0,6974000000.0,2111000000.0,,2.155,3300000000.0,,,3300000000.0,6611000000.0,54000000.0,0.0,0.021,1.94,2885000000.0,2939000000.0,0.208,2939000000.0,2885000000.0,2885000000.0,8.56,8.54,8.56,16506000000.0,16331750000.0,16506000000.0,25148259404.0,9.0,8.557,2271000000.0,9.443,1.0,7124000000.0,0.505,467000000.0,0.0,54846000000.0,53961000000.0,0.0,44082000000.0,,,35564000000.0,,,21903259404.0,11000000.0,0.0,-1518000000.0,0.0,-469000000.0,-1990000000.0,-328000000.0,-547000000.0,2329000000.0,0.0,2111000000.0,2111000000.0,2111000000.0,0.0,0.0,0.15,4239000000.0,2885000000.0,119000000.0,0.227,1.327,10.376,10.64,0.0,0.0,91.08,1.554,1.554,2685000000.0,23079000000.0,14098000000.0,14098000000.0,0.0,0.041,0.129,0.053,0.205,0.0,4179000000.0,1.0,240483744.0,240483744.0,,58.624,51603000000.0,0.0,774000000.0,240000000.0,214.58,
5,CB1,MRT,2014-06-30,2014-06-30,2014-06-30,2021-09-13,1504000000.0,51440000000.0,50932500000.0,,,0.273,67.48,-53000000.0,55000000.0,55000000.0,6895000000.0,2058000000.0,,2.118,3300000000.0,,,3300000000.0,6588000000.0,54000000.0,0.0,0.02,1.88,2806000000.0,2860000000.0,0.205,2860000000.0,2806000000.0,2806000000.0,8.2,8.17,8.2,16498000000.0,16110500000.0,16498000000.0,25777278307.0,9.0,9.013,1892000000.0,7.739,1.0,7032000000.0,0.505,467000000.0,0.0,54218000000.0,53713000000.0,0.0,43471000000.0,,,34942000000.0,,,22534278307.0,-12000000.0,0.0,-1411000000.0,0.0,-461000000.0,-1875000000.0,-82000000.0,-47000000.0,1945000000.0,0.0,2058000000.0,2058000000.0,2058000000.0,0.0,0.0,0.148,4226000000.0,2806000000.0,122000000.0,0.229,1.366,10.95,11.24,0.0,0.0,92.17,1.618,1.618,2698000000.0,22604000000.0,13927000000.0,13927000000.0,0.0,0.04,0.128,0.052,0.201,0.0,4168000000.0,1.0,244486040.0,244486040.0,,56.964,50973000000.0,0.0,748000000.0,259000000.0,208.49,
6,CB1,MRT,2014-03-31,2014-03-31,2014-03-31,2021-09-13,1257000000.0,50790000000.0,50882500000.0,,,0.274,66.067,-47000000.0,57000000.0,57000000.0,6797000000.0,2138000000.0,,2.13,3300000000.0,,,3300000000.0,6439000000.0,55000000.0,0.0,0.02,1.82,2924000000.0,2979000000.0,0.214,2979000000.0,2924000000.0,2924000000.0,8.39,8.35,8.39,16226000000.0,15866750000.0,16226000000.0,25179870324.0,9.0,8.452,1757000000.0,7.154,1.0,7139000000.0,0.512,467000000.0,0.0,53566000000.0,53660000000.0,0.0,42936000000.0,,,34564000000.0,,,21931870324.0,2000000.0,0.0,-1376000000.0,-275000000.0,-452000000.0,-2106000000.0,304000000.0,97000000.0,1804000000.0,0.0,2138000000.0,2138000000.0,2138000000.0,0.0,0.0,0.153,4215000000.0,2924000000.0,124000000.0,0.217,1.352,10.258,10.644,0.0,0.0,89.3,1.574,1.574,2482000000.0,22227000000.0,13936000000.0,13936000000.0,0.0,0.042,0.135,0.054,0.21,0.0,4147000000.0,1.0,245597652.0,245597652.0,,56.743,50323000000.0,0.0,786000000.0,131000000.0,204.9,
7,CB1,MRT,2013-12-31,2013-12-31,2013-12-31,2021-09-13,1035000000.0,50433000000.0,51207500000.0,,,0.272,63.938,-52000000.0,52000000.0,52000000.0,6520000000.0,2345000000.0,,2.133,3300000000.0,,,3300000000.0,6423000000.0,55000000.0,0.0,0.018,1.76,3237000000.0,3292000000.0,0.236,3292000000.0,3237000000.0,3237000000.0,9.08,9.04,9.08,16097000000.0,15814250000.0,16097000000.0,27581565998.0,9.0,8.378,1679000000.0,6.669,1.0,7427000000.0,0.533,467000000.0,0.0,53214000000.0,54054250000.0,0.0,42613000000.0,,,34336000000.0,,,24327565998.0,2000000.0,0.0,-1250000000.0,-275000000.0,-450000000.0,-1981000000.0,252000000.0,396000000.0,1731000000.0,0.0,2345000000.0,2345000000.0,2345000000.0,0.0,0.0,0.168,4190000000.0,3237000000.0,110000000.0,0.194,1.511,10.374,10.642,0.0,0.0,96.63,1.744,1.744,2574000000.0,21902000000.0,13947000000.0,13947000000.0,0.0,0.046,0.148,0.06,0.232,0.0,4119000000.0,1.0,251759971.0,251759971.0,,55.398,49966000000.0,47000000.0,892000000.0,0.0,198.467,
8,CB1,MRT,2013-09-30,2013-09-30,2013-09-30,2021-09-13,715000000.0,51067000000.0,51645250000.0,,,0.269,61.135,-50000000.0,46000000.0,46000000.0,7205000000.0,1878000000.0,,2.269,3300000000.0,,,3300000000.0,6450000000.0,57000000.0,0.0,0.019,1.73,2514000000.0,2571000000.0,0.185,2571000000.0,2514000000.0,2514000000.0,7.23,7.19,7.23,15621000000.0,15746750000.0,15621000000.0,26040224806.0,10.0,10.128,1730000000.0,6.771,1.0,6666000000.0,0.481,467000000.0,0.0,53854000000.0,54561250000.0,0.0,42977000000.0,,,35446000000.0,,,22807224806.0,-7000000.0,0.0,-974000000.0,-275000000.0,-446000000.0,-1704000000.0,-83000000.0,-30000000.0,1780000000.0,0.0,1878000000.0,1878000000.0,1878000000.0,0.0,0.0,0.135,4152000000.0,2514000000.0,113000000.0,0.239,1.46,12.144,12.346,0.0,0.0,89.26,1.644,1.644,2451000000.0,21443000000.0,13871000000.0,13871000000.0,0.0,0.036,0.119,0.046,0.181,0.0,4085000000.0,1.0,255514506.0,255514506.0,,54.287,50600000000.0,202000000.0,636000000.0,0.0,198.032,
9,CB1,MRT,2013-06-30,2013-06-30,2013-06-30,2021-09-13,744000000.0,51240000000.0,51788750000.0,,,0.267,59.894,-47000000.0,67000000.0,67000000.0,7202000000.0,1870000000.0,,2.301,3300000000.0,,,3300000000.0,6514000000.0,56000000.0,0.0,0.015,1.29,2502000000.0,2558000000.0,0.185,2558000000.0,2502000000.0,2502000000.0,7.11,7.07,7.11,15523000000.0,15835000000.0,15523000000.0,25458974219.0,10.0,9.953,1930000000.0,7.447,1.0,6628000000.0,0.479,467000000.0,0.0,54006000000.0,54771750000.0,0.0,42903000000.0,,,35717000000.0,,,21938974219.0,6000000.0,0.0,-925000000.0,-275000000.0,-442000000.0,-1652000000.0,-319000000.0,-261000000.0,1977000000.0,0.0,1870000000.0,1870000000.0,1870000000.0,0.0,0.0,0.135,4126000000.0,2502000000.0,114000000.0,0.181,1.413,11.732,11.906,0.0,0.0,84.65,1.586,1.586,2659000000.0,21015000000.0,13830000000.0,13830000000.0,0.0,0.036,0.118,0.046,0.181,0.0,4061000000.0,1.0,259172761.0,259172761.0,,53.362,50773000000.0,162000000.0,632000000.0,0.0,195.904,
10,CB1,MRT,2013-03-31,2013-03-31,2013-03-31,2021-09-13,1402000000.0,52090000000.0,51731250000.0,,,0.265,61.37,-48000000.0,55000000.0,55000000.0,7368000000.0,1695000000.0,,2.252,3575000000.0,,,3575000000.0,6383000000.0,55000000.0,0.0,0.014,1.26,2233000000.0,2288000000.0,0.167,2288000000.0,2233000000.0,2233000000.0,6.38,6.34,6.38,16016000000.0,15844500000.0,16016000000.0,26368168884.0,12.0,11.525,2178000000.0,8.346,1.0,6334000000.0,0.462,467000000.0,0.0,55143000000.0,54784500000.0,0.0,43811000000.0,,,36074000000.0,,,22843168884.0,-15000000.0,0.0,-888000000.0,0.0,-439000000.0,-1341000000.0,-900000000.0,-632000000.0,2226000000.0,0.0,1695000000.0,1695000000.0,1695000000.0,0.0,0.0,0.124,4101000000.0,2233000000.0,115000000.0,0.197,1.426,13.477,13.719,0.0,0.0,87.53,1.667,1.667,2517000000.0,20550000000.0,13702000000.0,13702000000.0,0.0,0.033,0.107,0.041,0.163,0.0,4047000000.0,1.0,260975310.0,260975310.0,,52.503,51623000000.0,0.0,538000000.0,214000000.0,197.808,
11,CB1,MRT,2012-12-31,2012-12-31,2012-12-31,2021-09-13,1431000000.0,52184000000.0,51388250000.0,,,0.265,60.421,-43000000.0,50000000.0,50000000.0,7507000000.0,1545000000.0,,2.297,3575000000.0,,,3575000000.0,6361000000.0,54000000.0,0.0,0.016,1.23,1996000000.0,2050000000.0,0.151,2050000000.0,1996000000.0,1996000000.0,5.73,5.69,5.73,15827000000.0,15713000000.0,15827000000.0,23251644977.0,12.0,11.342,2256000000.0,8.613,1.0,6088000000.0,0.448,467000000.0,0.0,55242000000.0,54437750000.0,0.0,44221000000.0,,,36357000000.0,,,19729644977.0,-8000000.0,0.0,-885000000.0,0.0,-438000000.0,-1335000000.0,-972000000.0,-974000000.0,2299000000.0,0.0,1545000000.0,1545000000.0,1545000000.0,0.0,0.0,0.114,4092000000.0,1996000000.0,108000000.0,0.215,1.247,12.77,13.145,0.0,0.0,75.32,1.451,1.451,2522000000.0,20009000000.0,13595000000.0,13595000000.0,0.0,0.03,0.098,0.037,0.147,0.0,4043000000.0,1.0,261944304.0,261944304.0,,51.9,51717000000.0,0.0,451000000.0,162000000.0,197.435,
12,CB1,MRT,2012-09-30,2012-09-30,2012-09-30,2021-09-13,1570000000.0,51641000000.0,50953500000.0,,,0.266,60.087,-53000000.0,53000000.0,53000000.0,6905000000.0,1895000000.0,,2.233,3575000000.0,,,3575000000.0,6376000000.0,56000000.0,0.0,0.016,1.21,2535000000.0,2591000000.0,0.191,2591000000.0,2535000000.0,2535000000.0,6.94,6.89,6.94,15974000000.0,15581500000.0,15974000000.0,23792956991.0,9.0,9.183,1975000000.0,7.429,1.0,6635000000.0,0.49,467000000.0,0.0,54696000000.0,54001000000.0,0.0,44063000000.0,,,35667000000.0,,,20278956991.0,-2000000.0,0.0,-1198000000.0,-400000000.0,-439000000.0,-2046000000.0,16000000.0,16000000.0,2028000000.0,0.0,1895000000.0,1895000000.0,1895000000.0,0.0,0.0,0.14,4100000000.0,2535000000.0,109000000.0,0.174,1.269,10.701,10.991,0.0,0.0,76.28,1.498,1.498,2417000000.0,20015000000.0,13540000000.0,13540000000.0,0.0,0.037,0.122,0.047,0.187,0.0,4049000000.0,1.0,265848938.0,265848938.0,,50.931,51174000000.0,0.0,640000000.0,243000000.0,192.493,
13,CB1,MRT,2012-06-30,2012-06-30,2012-06-30,2021-09-13,1309000000.0,51010000000.0,50917000000.0,,,0.267,57.644,-54000000.0,61000000.0,61000000.0,7362000000.0,1660000000.0,,2.278,3575000000.0,,,3575000000.0,6433000000.0,55000000.0,0.0,0.022,1.6,2174000000.0,2229000000.0,0.164,2229000000.0,2174000000.0,2174000000.0,5.99,5.95,5.99,15561000000.0,15497500000.0,15561000000.0,23162882430.0,11.0,10.392,1877000000.0,6.953,1.0,6236000000.0,0.459,467000000.0,0.0,54057000000.0,54064000000.0,0.0,43167000000.0,,,35449000000.0,,,19657882430.0,-10000000.0,0.0,-1386000000.0,-400000000.0,-442000000.0,-2238000000.0,297000000.0,322000000.0,1931000000.0,0.0,1660000000.0,1660000000.0,1660000000.0,0.0,0.0,0.122,4062000000.0,2174000000.0,110000000.0,0.267,1.263,11.842,12.157,0.0,0.0,72.82,1.446,1.446,2616000000.0,19591000000.0,13598000000.0,13598000000.0,0.0,0.033,0.107,0.04,0.16,0.0,4013000000.0,1.0,269951695.0,269951695.0,,50.372,50543000000.0,0.0,514000000.0,96000000.0,187.23,
14,CB1,MRT,2012-03-31,2012-03-31,2012-03-31,2021-09-13,1255000000.0,50718000000.0,51025000000.0,,,0.266,57.132,-52000000.0,70000000.0,70000000.0,7349000000.0,1675000000.0,,2.274,3575000000.0,,,3575000000.0,6330000000.0,57000000.0,0.0,0.023,1.58,2193000000.0,2250000000.0,0.166,2250000000.0,2193000000.0,2193000000.0,5.93,5.89,5.93,15490000000.0,15555000000.0,15490000000.0,22254557045.0,10.0,9.891,1714000000.0,6.322,1.0,6226000000.0,0.459,467000000.0,0.0,53756000000.0,54269500000.0,0.0,42856000000.0,,,35228000000.0,,,18737557045.0,27000000.0,0.0,-1543000000.0,-400000000.0,-445000000.0,-2395000000.0,656000000.0,680000000.0,1766000000.0,0.0,1675000000.0,1675000000.0,1675000000.0,0.0,0.0,0.123,4033000000.0,2193000000.0,112000000.0,0.266,1.21,11.187,11.654,0.0,0.0,69.11,1.38,1.38,2455000000.0,19297000000.0,13575000000.0,13575000000.0,0.0,0.033,0.108,0.04,0.162,0.0,3982000000.0,1.0,271126567.0,271126567.0,,50.069,50251000000.0,0.0,518000000.0,90000000.0,185.341,
15,CB1,MRT,2011-12-31,2011-12-31,2011-12-31,2021-09-13,1195000000.0,50445000000.0,51017750000.0,,,0.266,55.025,-52000000.0,58000000.0,58000000.0,7407000000.0,1678000000.0,,2.297,3575000000.0,,,3575000000.0,6322000000.0,58000000.0,0.0,0.023,1.56,2199000000.0,2257000000.0,0.166,2257000000.0,2199000000.0,2199000000.0,5.8,5.76,5.8,15301000000.0,15577250000.0,15301000000.0,23168124804.0,11.0,10.265,1826000000.0,6.567,1.0,6178000000.0,0.455,467000000.0,0.0,53495000000.0,54369000000.0,0.0,42769000000.0,,,35144000000.0,,,19248124804.0,-12000000.0,0.0,-1627000000.0,-400000000.0,-450000000.0,-2470000000.0,580000000.0,624000000.0,1878000000.0,0.0,1678000000.0,1678000000.0,1678000000.0,0.0,0.0,0.124,3979000000.0,2199000000.0,107000000.0,0.269,1.258,11.471,11.934,0.0,0.0,69.22,1.417,1.417,2481000000.0,18903000000.0,13585000000.0,13585000000.0,0.0,0.033,0.108,0.04,0.162,0.0,3929000000.0,1.0,278071725.0,278071725.0,,48.854,49978000000.0,0.0,521000000.0,2000000.0,179.731,
16,CB1,MRT,2011-09-30,2011-09-30,2011-09-30,2021-09-13,1245000000.0,51495000000.0,50968750000.0,,,0.268,54.693,-46000000.0,55000000.0,55000000.0,7253000000.0,1846000000.0,,2.293,3975000000.0,,,3975000000.0,6307000000.0,57000000.0,0.0,0.026,1.54,2451000000.0,2508000000.0,0.184,2508000000.0,2451000000.0,2451000000.0,6.19,6.16,6.19,15638000000.0,15634500000.0,15638000000.0,21056623833.0,9.0,8.396,2097000000.0,7.334,1.0,6398000000.0,0.469,467000000.0,0.0,54948000000.0,54417000000.0,0.0,43373000000.0,,,35857000000.0,,,17152623833.0,-22000000.0,0.0,-1738000000.0,0.0,-455000000.0,-2186000000.0,21000000.0,117000000.0,2143000000.0,0.0,1846000000.0,1846000000.0,1846000000.0,0.0,0.0,0.135,3947000000.0,2451000000.0,110000000.0,0.249,1.097,9.292,9.691,0.0,0.0,59.99,1.257,1.257,2292000000.0,18831000000.0,13651000000.0,13651000000.0,0.0,0.036,0.118,0.045,0.18,0.0,3897000000.0,1.0,285924718.0,285924718.0,,47.743,51028000000.0,0.0,605000000.0,191000000.0,178.467,
17,CB1,MRT,2011-06-30,2011-06-30,2011-06-30,2021-09-13,1130000000.0,51442000000.0,50865500000.0,,,0.265,53.978,-48000000.0,71000000.0,71000000.0,6721000000.0,2120000000.0,,2.258,3975000000.0,,,3975000000.0,6399000000.0,61000000.0,0.0,0.024,1.52,2869000000.0,2930000000.0,0.217,2930000000.0,2869000000.0,2869000000.0,6.97,6.92,6.97,15791000000.0,15719750000.0,15791000000.0,22248257915.0,8.0,7.593,2117000000.0,7.236,1.0,6777000000.0,0.502,467000000.0,0.0,54879000000.0,54308250000.0,0.0,43057000000.0,,,35651000000.0,,,18316257915.0,21000000.0,0.0,-1783000000.0,0.0,-460000000.0,-2234000000.0,90000000.0,86000000.0,2165000000.0,0.0,2120000000.0,2120000000.0,2120000000.0,0.0,0.0,0.157,3908000000.0,2869000000.0,113000000.0,0.218,1.16,8.64,8.983,0.0,0.0,62.61,1.357,1.357,2555000000.0,18643000000.0,13498000000.0,13498000000.0,0.0,0.042,0.135,0.053,0.213,0.0,3856000000.0,1.0,292545247.0,292545247.0,,46.14,50975000000.0,0.0,749000000.0,106000000.0,174.247,
18,CB1,MRT,2011-03-31,2011-03-31,2011-03-31,2021-09-13,806000000.0,50689000000.0,50617000000.0,,,0.265,52.771,-51000000.0,43000000.0,43000000.0,6534000000.0,2219000000.0,,2.254,3975000000.0,,,3975000000.0,6242000000.0,61000000.0,0.0,0.024,1.5,3025000000.0,3086000000.0,0.23,3086000000.0,3025000000.0,3025000000.0,7.14,7.09,7.14,15579000000.0,15655250000.0,15579000000.0,22004731279.0,7.0,7.131,2143000000.0,7.259,1.0,6882000000.0,0.513,467000000.0,0.0,54154000000.0,54065000000.0,0.0,42528000000.0,,,35110000000.0,,,18099731279.0,-8000000.0,0.0,-1958000000.0,0.0,-466000000.0,-2415000000.0,213000000.0,273000000.0,2194000000.0,0.0,2219000000.0,2219000000.0,2219000000.0,0.0,0.0,0.165,3857000000.0,3025000000.0,115000000.0,0.21,1.162,8.157,8.587,0.0,0.0,61.31,1.349,1.349,2400000000.0,18337000000.0,13416000000.0,13416000000.0,0.0,0.044,0.142,0.056,0.225,0.0,3808000000.0,1.0,295216625.0,295216625.0,,45.445,50222000000.0,46000000.0,806000000.0,0.0,170.119,
19,CB1,MRT,2010-12-31,2010-12-31,2010-12-31,2021-09-13,790000000.0,50249000000.0,50662250000.0,,,0.263,50.929,-54000000.0,70000000.0,70000000.0,6499000000.0,2174000000.0,,2.236,3975000000.0,,,3975000000.0,6189000000.0,63000000.0,0.0,0.025,1.48,2988000000.0,3051000000.0,0.229,3051000000.0,2988000000.0,2988000000.0,6.81,6.76,6.81,15530000000.0,15695750000.0,15530000000.0,22084176507.0,7.0,7.238,2277000000.0,7.467,1.0,6820000000.0,0.512,467000000.0,0.0,53687000000.0,54108250000.0,0.0,42213000000.0,,,34719000000.0,,,18186176507.0,19000000.0,0.0,-1929000000.0,0.0,-472000000.0,-2379000000.0,67000000.0,151000000.0,2331000000.0,0.0,2174000000.0,2174000000.0,2174000000.0,0.0,0.0,0.163,3832000000.0,2988000000.0,112000000.0,0.217,1.171,8.365,8.758,0.0,0.0,59.64,1.365,1.365,2423000000.0,17943000000.0,13319000000.0,13319000000.0,0.0,0.043,0.139,0.055,0.224,0.0,3782000000.0,1.0,304932537.0,304932537.0,,43.679,49782000000.0,98000000.0,814000000.0,0.0,163.256,
20,CB1,MRT,2010-09-30,2010-09-30,2010-09-30,2021-09-13,1314000000.0,51082000000.0,50712250000.0,,,0.264,50.8,-52000000.0,77000000.0,77000000.0,6459000000.0,2249000000.0,,2.197,3975000000.0,,,3975000000.0,6133000000.0,70000000.0,0.0,0.026,1.46,3104000000.0,3174000000.0,0.237,3174000000.0,3104000000.0,3104000000.0,6.84,6.78,6.84,15979000000.0,15721750000.0,15979000000.0,21851171788.0,7.0,6.884,2397000000.0,7.62,1.0,6914000000.0,0.517,467000000.0,0.0,54513000000.0,54163000000.0,0.0,43052000000.0,,,35103000000.0,,,17926171788.0,16000000.0,0.0,-1943000000.0,0.0,-478000000.0,-2454000000.0,21000000.0,31000000.0,2449000000.0,0.0,2249000000.0,2249000000.0,2249000000.0,0.0,0.0,0.168,3810000000.0,3104000000.0,115000000.0,0.213,1.122,7.971,8.332,0.0,0.0,56.99,1.34,1.34,2293000000.0,17435000000.0,13373000000.0,13373000000.0,0.0,0.044,0.143,0.057,0.232,0.0,3753000000.0,1.0,314549426.0,314549426.0,,42.515,50615000000.0,0.0,855000000.0,148000000.0,160.913,
21,CB1,MRT,2010-06-30,2010-06-30,2010-06-30,2021-09-13,812000000.0,50448000000.0,50636250000.0,,,0.265,47.535,-53000000.0,50000000.0,50000000.0,6471000000.0,2273000000.0,,2.248,3975000000.0,,,3975000000.0,6197000000.0,70000000.0,0.0,0.029,1.44,3129000000.0,3199000000.0,0.238,3199000000.0,3129000000.0,3129000000.0,6.72,6.67,6.72,15533000000.0,15606500000.0,15533000000.0,20265869620.0,6.0,6.335,2252000000.0,6.892,1.0,6955000000.0,0.518,467000000.0,0.0,53906000000.0,54091000000.0,0.0,41995000000.0,,,34915000000.0,,,16341869620.0,-15000000.0,0.0,-1826000000.0,0.0,-484000000.0,-2337000000.0,17000000.0,74000000.0,2305000000.0,0.0,2273000000.0,2273000000.0,2273000000.0,0.0,0.0,0.169,3826000000.0,3129000000.0,118000000.0,0.214,1.052,7.19,7.442,0.0,0.0,50.01,1.217,1.217,2486000000.0,16978000000.0,13426000000.0,13426000000.0,0.0,0.045,0.146,0.058,0.233,0.0,3768000000.0,1.0,326772038.0,326772038.0,,41.087,49981000000.0,141000000.0,856000000.0,0.0,152.954,
22,CB1,MRT,2010-03-31,2010-03-31,2010-03-31,2021-09-13,812000000.0,50870000000.0,50450000000.0,,,0.265,47.907,-53000000.0,51000000.0,51000000.0,6383000000.0,2306000000.0,,2.232,3975000000.0,,,3975000000.0,6149000000.0,70000000.0,0.0,0.027,1.42,3180000000.0,3250000000.0,0.243,3250000000.0,3180000000.0,3180000000.0,6.67,6.62,6.67,15741000000.0,15349250000.0,15741000000.0,20960585129.0,7.0,6.449,2435000000.0,7.411,1.0,6991000000.0,0.523,467000000.0,0.0,54327000000.0,53901000000.0,0.0,42329000000.0,,,35129000000.0,,,17036585129.0,-5000000.0,0.0,-1290000000.0,0.0,-487000000.0,-1803000000.0,-690000000.0,-477000000.0,2488000000.0,0.0,2306000000.0,2306000000.0,2306000000.0,0.0,0.0,0.172,3811000000.0,3180000000.0,121000000.0,0.213,1.082,7.388,7.774,0.0,0.0,51.85,1.274,1.274,2360000000.0,16578000000.0,13374000000.0,13374000000.0,0.0,0.046,0.15,0.059,0.238,0.0,3754000000.0,1.0,328574448.0,328574448.0,,40.703,50403000000.0,149000000.0,874000000.0,0.0,153.399,
23,CB1,MRT,2009-12-31,2009-12-31,2009-12-31,2021-09-13,720000000.0,50449000000.0,49875500000.0,,,0.261,45.771,-52000000.0,51000000.0,51000000.0,6268000000.0,2183000000.0,,2.227,3975000000.0,,,3975000000.0,6153000000.0,69000000.0,0.0,0.028,1.4,2962000000.0,3031000000.0,0.233,3031000000.0,2962000000.0,2962000000.0,6.24,6.18,6.24,15634000000.0,14865000000.0,15634000000.0,20712514796.0,7.0,6.834,2365000000.0,6.924,1.0,6748000000.0,0.518,467000000.0,0.0,53906000000.0,53325250000.0,0.0,42004000000.0,,,34815000000.0,,,16798514796.0,-5000000.0,0.0,-1026000000.0,0.0,-487000000.0,-1566000000.0,-856000000.0,-882000000.0,2417000000.0,0.0,2183000000.0,2183000000.0,2183000000.0,0.0,0.0,0.168,3786000000.0,2962000000.0,118000000.0,0.224,1.074,7.695,7.881,0.0,0.0,49.18,1.291,1.291,2409000000.0,16235000000.0,13016000000.0,13016000000.0,0.0,0.044,0.147,0.056,0.228,0.0,3731000000.0,1.0,341572078.0,341572078.0,,38.106,49982000000.0,272000000.0,779000000.0,0.0,146.329,
24,CB1,MRT,2009-09-30,2009-09-30,2009-09-30,2021-09-13,721000000.0,50778000000.0,49370500000.0,,,0.256,44.35,-49000000.0,61000000.0,61000000.0,6280000000.0,1895000000.0,,2.272,3975000000.0,,,3975000000.0,6198000000.0,61000000.0,0.0,0.027,1.38,2523000000.0,2584000000.0,0.205,2584000000.0,2523000000.0,2523000000.0,5.37,5.32,5.37,15518000000.0,14314500000.0,15518000000.0,21548537640.0,9.0,8.339,2197000000.0,6.279,1.0,6346000000.0,0.503,467000000.0,0.0,54225000000.0,52819000000.0,0.0,42046000000.0,,,35260000000.0,,,17638537640.0,15000000.0,0.0,-698000000.0,0.0,-484000000.0,-1178000000.0,-1053000000.0,-953000000.0,2246000000.0,0.0,1895000000.0,1895000000.0,1895000000.0,0.0,0.0,0.15,3823000000.0,2523000000.0,121000000.0,0.257,1.137,9.308,9.387,0.0,0.0,50.41,1.397,1.397,2352000000.0,15658000000.0,12626000000.0,12626000000.0,0.0,0.038,0.132,0.048,0.2,0.0,3774000000.0,1.0,349901560.0,349901560.0,,36.084,50311000000.0,340000000.0,628000000.0,0.0,143.786,
25,CB1,MRT,2009-06-30,2009-06-30,2009-06-30,2021-09-13,-202000000.0,49703000000.0,49064750000.0,,,0.257,41.191,-45000000.0,65000000.0,65000000.0,6752000000.0,1563000000.0,,2.427,3975000000.0,,,3975000000.0,6306000000.0,61000000.0,0.0,0.034,1.36,2032000000.0,2093000000.0,0.166,2093000000.0,2032000000.0,2032000000.0,4.41,4.36,4.41,14504000000.0,13836000000.0,14504000000.0,17961230787.0,9.0,8.582,2365000000.0,6.717,1.0,5857000000.0,0.465,467000000.0,0.0,53146000000.0,52517000000.0,0.0,40297000000.0,,,35199000000.0,,,14042230787.0,16000000.0,0.0,-620000000.0,-460000000.0,-481000000.0,-1579000000.0,-815000000.0,-814000000.0,2410000000.0,0.0,1563000000.0,1563000000.0,1563000000.0,0.0,0.0,0.124,3825000000.0,2032000000.0,124000000.0,0.308,0.968,8.984,9.043,0.0,0.0,39.88,1.114,1.114,2562000000.0,15183000000.0,12609000000.0,12609000000.0,0.0,0.032,0.113,0.039,0.161,0.0,3768000000.0,1.0,352112106.0,352112106.0,,35.81,49236000000.0,887000000.0,469000000.0,0.0,139.83,
26,CB1,MRT,2009-03-31,2009-03-31,2009-03-31,2021-09-13,-512000000.0,48572000000.0,49596000000.0,,,0.256,39.18,-47000000.0,56000000.0,56000000.0,6929000000.0,1481000000.0,,2.519,3975000000.0,,,3975000000.0,6207000000.0,64000000.0,0.0,0.024,1.01,1908000000.0,1972000000.0,0.155,1972000000.0,1908000000.0,1908000000.0,4.15,4.09,4.15,13804000000.0,13743250000.0,13804000000.0,18829352357.0,10.0,9.548,2340000000.0,6.642,1.0,5768000000.0,0.454,467000000.0,0.0,52024000000.0,53167250000.0,0.0,39131000000.0,,,34768000000.0,,,14910352357.0,31000000.0,0.0,-737000000.0,515000000.0,-479000000.0,-730000000.0,-1626000000.0,-1804000000.0,2387000000.0,0.0,1481000000.0,1481000000.0,1481000000.0,0.0,0.0,0.117,3860000000.0,1908000000.0,124000000.0,0.243,1.08,10.068,10.198,0.0,0.0,42.32,1.174,1.174,2471000000.0,14726000000.0,12697000000.0,12697000000.0,0.0,0.03,0.108,0.036,0.15,0.0,3801000000.0,1.0,352324016.0,352324016.0,,36.038,48105000000.0,1024000000.0,427000000.0,0.0,136.536,
27,CB1,MRT,2008-12-31,2008-12-31,2008-12-31,2021-09-13,-735000000.0,48429000000.0,50251250000.0,,,0.263,37.762,-46000000.0,56000000.0,56000000.0,6898000000.0,1804000000.0,,2.605,3975000000.0,,,3975000000.0,6367000000.0,64000000.0,0.0,0.019,0.99,2407000000.0,2471000000.0,0.187,2471000000.0,2407000000.0,2407000000.0,5.0,4.92,5.0,13432000000.0,13879000000.0,13432000000.0,22069777826.0,9.0,8.932,2498000000.0,7.023,1.0,6323000000.0,0.478,467000000.0,0.0,51881000000.0,53701500000.0,0.0,38738000000.0,,,34997000000.0,,,18140777826.0,7000000.0,0.0,-1227000000.0,515000000.0,-471000000.0,-1211000000.0,-1326000000.0,-1265000000.0,2544000000.0,0.0,1804000000.0,1804000000.0,1804000000.0,0.0,0.0,0.136,3916000000.0,2407000000.0,118000000.0,0.198,1.351,10.056,10.2,0.0,0.0,51.0,1.372,1.372,2574000000.0,14509000000.0,13221000000.0,13221000000.0,0.0,0.036,0.13,0.045,0.182,0.0,3848000000.0,1.0,355701526.0,355701526.0,,37.169,47962000000.0,1144000000.0,603000000.0,0.0,134.838,
28,CB1,MRT,2008-09-30,2008-09-30,2008-09-30,2021-09-13,-409000000.0,49555000000.0,50787500000.0,,,0.269,37.73,-58000000.0,46000000.0,46000000.0,6945000000.0,2047000000.0,,2.643,3975000000.0,,,3975000000.0,6525000000.0,66000000.0,0.0,0.017,0.95,2778000000.0,2844000000.0,0.208,2844000000.0,2778000000.0,2778000000.0,5.54,5.45,5.54,13604000000.0,14132250000.0,13604000000.0,24180605323.0,9.0,8.502,2712000000.0,7.522,1.0,6719000000.0,0.492,467000000.0,0.0,53017000000.0,54110750000.0,0.0,39648000000.0,,,35951000000.0,,,19794605323.0,4000000.0,0.0,-1549000000.0,-160000000.0,-465000000.0,-2196000000.0,-570000000.0,-534000000.0,2770000000.0,0.0,2047000000.0,2047000000.0,2047000000.0,0.0,0.0,0.15,3941000000.0,2778000000.0,268000000.0,0.171,1.455,9.67,9.91,0.0,0.0,54.9,1.449,1.449,2532000000.0,14220000000.0,13664000000.0,13664000000.0,0.0,0.04,0.145,0.051,0.203,0.0,3874000000.0,1.0,360557474.0,360557474.0,,37.897,49088000000.0,828000000.0,731000000.0,0.0,136.145,
29,CB1,MRT,2008-06-30,2008-06-30,2008-06-30,2021-09-13,46000000.0,51828000000.0,51441750000.0,,,0.27,38.669,-58000000.0,49000000.0,49000000.0,6480000000.0,2521000000.0,,2.667,4435000000.0,,,4435000000.0,6681000000.0,67000000.0,0.0,0.019,0.91,3507000000.0,3574000000.0,0.257,3574000000.0,3507000000.0,3507000000.0,6.7,6.59,6.7,14133000000.0,14293250000.0,14133000000.0,21347573055.0,6.0,5.973,2979000000.0,8.151,1.0,7430000000.0,0.534,467000000.0,0.0,55747000000.0,54806000000.0,0.0,40758000000.0,,,37695000000.0,,,17912573055.0,6000000.0,0.0,-1781000000.0,300000000.0,-460000000.0,-1960000000.0,-1071000000.0,-871000000.0,3037000000.0,0.0,2521000000.0,2521000000.0,2521000000.0,0.0,0.0,0.181,3923000000.0,3507000000.0,1511000000.0,0.136,1.267,7.105,7.315,0.0,0.0,49.01,1.288,1.288,2773000000.0,14074000000.0,13910000000.0,13910000000.0,0.0,0.049,0.176,0.064,0.252,0.0,3862000000.0,1.0,365488126.0,365488126.0,,38.059,51361000000.0,606000000.0,986000000.0,0.0,140.527,
30,CB1,MRT,2008-03-31,2008-03-31,2008-03-31,2021-09-13,362000000.0,51193000000.0,51418000000.0,,,0.274,38.75,-57000000.0,25000000.0,25000000.0,6303000000.0,2761000000.0,,2.568,3460000000.0,,,3460000000.0,6594000000.0,67000000.0,0.0,0.024,1.2,3865000000.0,3932000000.0,0.279,3932000000.0,3865000000.0,3865000000.0,7.19,7.07,7.19,14347000000.0,14214500000.0,14347000000.0,21730952583.0,6.0,5.527,3134000000.0,8.465,1.0,7774000000.0,0.552,467000000.0,0.0,54161000000.0,54708750000.0,0.0,40079000000.0,,,36846000000.0,,,18319952583.0,-17000000.0,0.0,-2042000000.0,125000000.0,-457000000.0,-2387000000.0,-821000000.0,-565000000.0,3191000000.0,0.0,2761000000.0,2761000000.0,2761000000.0,0.0,0.0,0.196,3909000000.0,3865000000.0,1981000000.0,0.167,1.277,6.635,6.882,0.0,0.0,49.48,1.301,1.301,2601000000.0,13726000000.0,14077000000.0,14077000000.0,0.0,0.054,0.194,0.071,0.275,0.0,3821000000.0,1.0,370249648.0,370249648.0,,38.02,50726000000.0,424000000.0,1104000000.0,0.0,137.005,
31,CB1,MRT,2007-12-31,2007-12-31,2007-12-31,2021-09-13,444000000.0,50574000000.0,51350250000.0,,,0.275,37.639,-53000000.0,49000000.0,49000000.0,6299000000.0,2807000000.0,,2.501,3460000000.0,,,3460000000.0,6599000000.0,69000000.0,0.0,0.021,1.16,3937000000.0,4006000000.0,0.284,4006000000.0,3937000000.0,3937000000.0,7.13,7.01,7.13,14445000000.0,14096000000.0,14445000000.0,25039808734.0,6.0,6.251,3138000000.0,8.177,1.0,7808000000.0,0.553,467000000.0,0.0,53518000000.0,54605500000.0,0.0,40081000000.0,,,36129000000.0,,,20946808734.0,11000000.0,0.0,-2055000000.0,1000000000.0,-451000000.0,-1531000000.0,-1649000000.0,-1502000000.0,3191000000.0,0.0,2807000000.0,2807000000.0,2807000000.0,0.0,0.0,0.199,3871000000.0,3937000000.0,1357000000.0,0.163,1.45,7.462,7.655,0.0,0.0,54.58,1.485,1.485,2619000000.0,13280000000.0,14107000000.0,14107000000.0,0.0,0.055,0.199,0.072,0.279,0.0,3788000000.0,1.0,383781765.0,383781765.0,,36.758,50107000000.0,442000000.0,1130000000.0,0.0,130.561,
32,CB1,MRT,2007-09-30,2007-09-30,2007-09-30,2021-09-13,302000000.0,52172000000.0,51276000000.0,,,0.277,36.226,-48000000.0,42000000.0,42000000.0,6283000000.0,2811000000.0,,2.662,4135000000.0,,,4135000000.0,6594000000.0,69000000.0,0.0,0.021,1.12,3943000000.0,4012000000.0,0.283,4012000000.0,3943000000.0,3943000000.0,7.01,6.88,7.01,14248000000.0,13950500000.0,14248000000.0,25189112998.0,6.0,6.278,3499000000.0,8.896,1.0,7907000000.0,0.557,467000000.0,0.0,55798000000.0,54285500000.0,0.0,40539000000.0,,,37924000000.0,,,21097112998.0,14000000.0,0.0,-1569000000.0,1675000000.0,-445000000.0,-382000000.0,-3151000000.0,-3173000000.0,3547000000.0,0.0,2811000000.0,2811000000.0,2811000000.0,0.0,0.0,0.198,3964000000.0,3943000000.0,2281000000.0,0.16,1.481,7.505,7.652,0.0,0.0,53.64,1.487,1.487,2568000000.0,13521000000.0,14190000000.0,14190000000.0,0.0,0.055,0.201,0.073,0.278,0.0,3751000000.0,1.0,393309340.0,393309340.0,,36.078,51705000000.0,474000000.0,1132000000.0,0.0,131.461,
33,CB1,MRT,2007-06-30,2007-06-30,2007-06-30,2021-09-13,22000000.0,51733000000.0,50511750000.0,,,0.279,34.418,-40000000.0,43000000.0,43000000.0,6429000000.0,2677000000.0,,2.744,4135000000.0,,,4135000000.0,6596000000.0,73000000.0,0.0,0.02,1.08,3727000000.0,3800000000.0,0.27,3800000000.0,3727000000.0,3727000000.0,6.58,6.44,6.58,13818000000.0,13779000000.0,13818000000.0,25029145499.0,7.0,6.587,3359000000.0,8.367,1.0,7663000000.0,0.544,467000000.0,0.0,55358000000.0,53106750000.0,0.0,39565000000.0,,,37915000000.0,,,21736145499.0,5000000.0,0.0,-1169000000.0,1675000000.0,-432000000.0,42000000.0,-3436000000.0,-3424000000.0,3399000000.0,0.0,2677000000.0,2677000000.0,2677000000.0,0.0,0.0,0.19,3936000000.0,3727000000.0,2285000000.0,0.164,1.573,8.12,8.228,0.0,0.0,54.14,1.542,1.542,2738000000.0,12895000000.0,14092000000.0,14092000000.0,0.0,0.053,0.194,0.07,0.264,0.0,3703000000.0,1.0,401480338.0,401480338.0,,35.1,51266000000.0,571000000.0,1050000000.0,0.0,127.692,
34,CB1,MRT,2007-03-31,2007-03-31,2007-03-31,2021-09-13,183000000.0,50922000000.0,49522000000.0,,,0.283,33.953,-46000000.0,42000000.0,42000000.0,6536000000.0,2566000000.0,,2.671,3335000000.0,,,3335000000.0,6452000000.0,76000000.0,0.0,0.02,1.04,3574000000.0,3650000000.0,0.26,3650000000.0,3574000000.0,3574000000.0,6.25,6.1,6.25,13873000000.0,13484250000.0,13873000000.0,23539808976.0,7.0,6.449,3289000000.0,8.05,1.0,7480000000.0,0.534,467000000.0,0.0,53748000000.0,51700000000.0,0.0,38673000000.0,,,37049000000.0,,,21111808976.0,0.0,0.0,-942000000.0,875000000.0,-417000000.0,-524000000.0,-2811000000.0,-2783000000.0,3335000000.0,0.0,2566000000.0,2566000000.0,2566000000.0,0.0,0.0,0.183,3906000000.0,3574000000.0,2628000000.0,0.166,1.522,8.228,8.267,203000000.0,0.0,51.67,1.506,1.506,2566000000.0,12302000000.0,14016000000.0,14016000000.0,0.0,0.052,0.19,0.069,0.255,0.0,3675000000.0,1.0,408589297.0,408589297.0,,34.303,50455000000.0,531000000.0,1008000000.0,0.0,123.486,
35,CB1,MRT,2006-12-31,2006-12-31,2006-12-31,2021-09-13,202000000.0,50277000000.0,48716750000.0,,,0.287,33.677,-53000000.0,38000000.0,38000000.0,6574000000.0,2528000000.0,,2.627,2466000000.0,,,2466000000.0,6546000000.0,81000000.0,0.0,0.019,1.0,3525000000.0,3606000000.0,0.258,3606000000.0,3525000000.0,3525000000.0,6.13,5.98,6.13,13863000000.0,13166000000.0,13863000000.0,24215165416.0,7.0,6.715,3289000000.0,7.99,1.0,7429000000.0,0.531,467000000.0,0.0,52238000000.0,50676500000.0,0.0,37693000000.0,,,36414000000.0,,,21780165416.0,2000000.0,0.0,-539000000.0,0.0,-403000000.0,-971000000.0,-2369000000.0,-2366000000.0,3342000000.0,0.0,2528000000.0,2528000000.0,2528000000.0,0.0,0.0,0.181,3904000000.0,3525000000.0,2724000000.0,0.163,1.571,8.616,8.631,0.0,0.0,52.91,1.555,1.555,2668000000.0,11711000000.0,14003000000.0,14003000000.0,0.0,0.052,0.192,0.07,0.252,0.0,3663000000.0,1.0,411645538.0,411645538.0,,34.017,49810000000.0,591000000.0,997000000.0,0.0,121.002,
36,CB1,MRT,2006-09-30,2006-09-30,2006-09-30,2021-09-13,441000000.0,49115000000.0,48162750000.0,,,0.293,33.013,-45000000.0,28000000.0,28000000.0,6883000000.0,2489000000.0,,2.622,2463000000.0,,,2463000000.0,6513000000.0,86000000.0,0.0,0.019,0.965,3464000000.0,3550000000.0,0.252,3550000000.0,3464000000.0,3464000000.0,6.06,5.89,6.06,13562000000.0,12802000000.0,13562000000.0,23769654709.0,7.0,6.696,3100000000.0,7.546,1.0,7222000000.0,0.512,467000000.0,0.0,51083000000.0,50123250000.0,0.0,36750000000.0,,,35553000000.0,,,21345654709.0,-10000000.0,0.0,39000000.0,0.0,-384000000.0,-362000000.0,-2793000000.0,-2644000000.0,3145000000.0,0.0,2489000000.0,2489000000.0,2489000000.0,0.0,0.0,0.176,3758000000.0,3464000000.0,2184000000.0,0.159,1.574,8.576,8.574,313000000.0,0.0,51.96,1.513,1.513,2577000000.0,11164000000.0,14105000000.0,14105000000.0,0.0,0.052,0.194,0.069,0.246,0.0,3598000000.0,1.0,410809367.0,410809367.0,,34.335,48648000000.0,427000000.0,975000000.0,0.0,118.42,
37,CB1,MRT,2006-06-30,2006-06-30,2006-06-30,2021-09-13,-106000000.0,47774000000.0,47570075000.0,,,0.297,30.462,-54000000.0,38000000.0,38000000.0,7456000000.0,2131000000.0,,2.78,2462000000.0,,,2462000000.0,6452000000.0,86000000.0,0.0,0.019,0.93,2937000000.0,3023000000.0,0.214,3023000000.0,2937000000.0,2937000000.0,5.21,5.06,5.21,12639000000.0,12238775000.0,12639000000.0,23124041535.0,8.0,7.649,3152000000.0,7.597,1.0,6677000000.0,0.472,467000000.0,0.0,49731000000.0,49539300000.0,0.0,35369000000.0,,,35135000000.0,,,20704041535.0,3000000.0,0.0,282000000.0,-301000000.0,-365000000.0,-422000000.0,-2781000000.0,-2855000000.0,3206000000.0,0.0,2131000000.0,2131000000.0,2131000000.0,0.0,0.0,0.151,3740000000.0,2937000000.0,1560000000.0,0.179,1.638,9.716,9.578,335000000.0,0.0,49.9,1.465,1.465,2730000000.0,10663000000.0,14133000000.0,14133000000.0,0.0,0.045,0.174,0.059,0.208,0.0,3588000000.0,1.0,414910652.0,414910652.0,,34.063,47307000000.0,664000000.0,806000000.0,0.0,114.017,
38,CB1,MRT,2006-03-31,2006-03-31,2006-03-31,2021-09-13,142000000.0,47701000000.0,47277800000.0,,,0.299,30.375,-44000000.0,42000000.0,42000000.0,7596000000.0,2028000000.0,,2.786,2462000000.0,,,2462000000.0,6301000000.0,90000000.0,0.0,0.019,0.895,2787000000.0,2877000000.0,0.203,2877000000.0,2787000000.0,2787000000.0,5.02,4.88,5.02,12600000000.0,11893525000.0,12600000000.0,22226737463.0,8.0,7.726,3416000000.0,8.235,1.0,6544000000.0,0.463,467000000.0,0.0,49654000000.0,49335650000.0,0.0,35162000000.0,,,35101000000.0,,,19795037463.0,5000000.0,0.0,691000000.0,-301000000.0,-345000000.0,-156000000.0,-3299000000.0,-3247000000.0,3460000000.0,0.0,2028000000.0,2028000000.0,2028000000.0,0.0,0.0,0.143,3757000000.0,2787000000.0,1851000000.0,0.178,1.571,9.761,9.506,353000000.0,0.0,47.72,1.4,1.4,2486000000.0,10168000000.0,14140000000.0,14140000000.0,0.0,0.043,0.171,0.056,0.197,0.0,3610000000.0,1.0,414816376.0,414816376.0,,34.087,47234000000.0,641000000.0,759000000.0,0.0,113.867,
39,CB1,MRT,2005-12-31,2005-12-31,2005-12-31,2021-09-13,368000000.0,48061000000.0,46739500000.0,,,0.301,31.031,-40000000.0,36000000.0,36000000.0,7813000000.0,1826000000.0,,2.874,2467000000.0,,,2467000000.0,6361000000.0,91000000.0,0.0,0.018,0.86,2447000000.0,2538000000.0,0.18,2538000000.0,2447000000.0,2447000000.0,4.61,4.47,4.61,12407000000.0,11343850000.0,12407000000.0,21991588741.0,9.0,8.665,3716000000.0,9.294,1.0,6270000000.0,0.445,467000000.0,0.0,50025000000.0,48885250000.0,0.0,34894000000.0,,,35654000000.0,,,19521288741.0,-6000000.0,0.0,996000000.0,-301000000.0,-330000000.0,89000000.0,-3851000000.0,-3797000000.0,3756000000.0,0.0,1826000000.0,1826000000.0,1826000000.0,0.0,0.0,0.13,3823000000.0,2447000000.0,2167000000.0,0.187,1.573,10.691,10.591,367000000.0,0.0,48.825,1.386,1.386,2563000000.0,9600000000.0,14083000000.0,14083000000.0,0.0,0.039,0.161,0.05,0.174,0.0,3633000000.0,1.0,399821582.0,399821582.0,,35.223,47594000000.0,623000000.0,621000000.0,0.0,119.038,
40,CB1,MRT,2005-09-30,2005-09-30,2005-09-30,2021-09-13,459000000.0,46744300000.0,45789325000.0,,,0.302,28.51,-95000000.0,37500000.0,37500000.0,7806700000.0,1678200000.0,,3.133,2507800000.0,,,2507800000.0,6384400000.0,95400000.0,0.0,0.019,0.84,2232600000.0,2328000000.0,0.168,2328000000.0,2232600000.0,2232600000.0,4.325,4.215,4.325,11309100000.0,10773700000.0,11309100000.0,20540153062.0,9.0,8.823,3769700000.0,9.503,1.0,6020700000.0,0.435,467400000.0,0.0,48747200000.0,48020225000.0,0.0,33738800000.0,,,35435200000.0,,,17761253062.0,-3500000.0,0.0,477700000.0,-300700000.0,-317800000.0,-401700000.0,-3466500000.0,-3467500000.0,3864700000.0,0.0,1678200000.0,1678200000.0,1678200000.0,0.0,0.0,0.121,3788100000.0,2232600000.0,1779700000.0,0.194,1.571,10.584,10.353,407400000.0,0.0,44.775,1.284,1.284,2599000000.0,9075500000.0,13827400000.0,13827400000.0,0.0,0.037,0.156,0.046,0.161,0.0,3623500000.0,1.0,396677902.0,396677902.0,,34.858,46276900000.0,546300000.0,554400000.0,0.0,116.661,
41,CB1,MRT,2005-06-30,2005-06-30,2005-06-30,2021-09-13,702600000.0,46604900000.0,44885225000.0,,,0.305,28.816,-84000000.0,34500000.0,34500000.0,7428500000.0,1796200000.0,,3.14,2813400000.0,,,2813400000.0,6407500000.0,99900000.0,0.0,0.019,0.82,2408700000.0,2508600000.0,0.183,2508600000.0,2408700000.0,2408700000.0,4.66,4.555,4.66,11258000000.0,10341800000.0,11258000000.0,19495188726.0,8.0,7.771,4103600000.0,10.504,1.0,6265300000.0,0.458,467400000.0,0.0,48916400000.0,47191075000.0,0.0,33226400000.0,,,35346900000.0,,,16723188726.0,-12900000.0,0.0,412000000.0,0.0,-308300000.0,-118300000.0,-4082200000.0,-4164100000.0,4187600000.0,0.0,1796200000.0,1796200000.0,1796200000.0,0.0,0.0,0.131,3856600000.0,2408700000.0,2705500000.0,0.176,1.485,9.31,9.186,413700000.0,0.0,42.805,1.221,1.221,2746900000.0,8915000000.0,13693800000.0,13693800000.0,0.0,0.04,0.174,0.051,0.176,0.0,3685000000.0,1.0,390683068.0,390683068.0,,35.051,46137500000.0,449800000.0,612500000.0,0.0,118.094,
42,CB1,MRT,2005-03-31,2005-03-31,2005-03-31,2021-09-13,440200000.0,45547800000.0,43653500000.0,,,0.308,26.785,-57400000.0,36800000.0,36800000.0,7415400000.0,1657300000.0,,3.379,2808800000.0,,,2808800000.0,6395900000.0,100800000.0,0.0,0.02,0.8,2191000000.0,2291800000.0,0.17,2291800000.0,2191000000.0,2191000000.0,4.34,4.25,4.34,10401300000.0,9753025000.0,10401300000.0,18163553564.0,8.0,7.925,4153700000.0,10.696,1.0,6032300000.0,0.449,467400000.0,0.0,47852400000.0,45955500000.0,0.0,32289800000.0,,,35146500000.0,,,15391553564.0,-6300000.0,0.0,312500000.0,0.0,-298300000.0,-86000000.0,-4131400000.0,-4025500000.0,4211100000.0,0.0,1657300000.0,1657300000.0,1657300000.0,0.0,0.0,0.123,3841300000.0,2191000000.0,2521600000.0,0.184,1.48,9.287,9.132,424700000.0,0.0,39.635,1.145,1.145,2572200000.0,8504800000.0,13447700000.0,13447700000.0,0.0,0.038,0.17,0.048,0.163,0.0,3670800000.0,1.0,388332372.0,388332372.0,,34.629,45080400000.0,613100000.0,533700000.0,0.0,116.087,
43,CB1,MRT,2004-12-31,2004-12-31,2004-12-31,2021-09-13,703500000.0,44260300000.0,42424425000.0,,,0.311,26.431,-65000000.0,41700000.0,41700000.0,7321000000.0,1548000000.0,,3.371,2813700000.0,,,2813700000.0,6355900000.0,106000000.0,0.0,0.02,0.78,2068000000.0,2174000000.0,0.165,2174000000.0,2068000000.0,2068000000.0,4.08,4.01,4.08,10126400000.0,9414300000.0,10126400000.0,17501019552.0,8.0,8.05,4024000000.0,10.503,1.0,5856000000.0,0.444,467400000.0,0.0,46564900000.0,44726275000.0,0.0,31504300000.0,,,34133900000.0,,,14730919552.0,-10000000.0,0.0,258000000.0,0.0,-291000000.0,29000000.0,-4128000000.0,-4189000000.0,4089000000.0,0.0,1548000000.0,1548000000.0,1548000000.0,0.0,0.0,0.117,3788000000.0,2068000000.0,1928900000.0,0.191,1.455,9.516,9.424,474200000.0,0.0,38.45,1.118,1.118,2664700000.0,8119100000.0,13177000000.0,13177000000.0,0.0,0.036,0.164,0.046,0.157,0.0,3652000000.0,1.0,383118844.0,383118844.0,,34.394,43792900000.0,533500000.0,520000000.0,0.0,114.306,
44,CB1,MRT,2004-09-30,2004-09-30,2004-09-30,2021-09-13,628400000.0,43127900000.0,40949500000.0,,,0.311,25.082,-18600000.0,41700000.0,41700000.0,7445500000.0,1153100000.0,,3.501,2811800000.0,,,2811800000.0,6290100000.0,109800000.0,0.0,0.022,0.765,1420200000.0,1530000000.0,0.12,1530000000.0,1420200000.0,1420200000.0,3.025,2.97,3.025,9581500000.0,9013200000.0,9581500000.0,16186960954.0,11.0,10.58,4051200000.0,10.605,1.0,5276500000.0,0.415,467400000.0,0.0,45430600000.0,43248775000.0,0.0,30387400000.0,,,33546400000.0,,,13423460954.0,-3400000.0,0.0,212900000.0,-400000.0,-283700000.0,68400000.0,-4141600000.0,-4179900000.0,4069800000.0,0.0,1153100000.0,1153100000.0,1153100000.0,0.0,0.0,0.091,3856300000.0,1420200000.0,1876000000.0,0.253,1.401,11.641,11.617,490400000.0,0.0,35.14,1.055,1.055,2629100000.0,7726500000.0,12722000000.0,12722000000.0,0.0,0.028,0.128,0.033,0.112,0.0,3665200000.0,1.0,381999458.0,381999458.0,,33.304,42660500000.0,603600000.0,267100000.0,0.0,111.677,
45,CB1,MRT,2004-06-30,2004-06-30,2004-06-30,2021-09-13,300900000.0,41678000000.0,39690250000.0,,,0.31,23.464,-33500000.0,48100000.0,48100000.0,7275000000.0,1048900000.0,,3.681,2811600000.0,,,2811600000.0,6218500000.0,106300000.0,0.0,0.022,0.75,1277800000.0,1384100000.0,0.112,1384100000.0,1277800000.0,1277800000.0,2.765,2.715,2.765,8902900000.0,8737225000.0,8902900000.0,15706192018.0,12.0,11.348,3852000000.0,10.152,1.0,5048800000.0,0.41,467400000.0,0.0,43974100000.0,41989250000.0,0.0,28365200000.0,,,32775100000.0,,,12934792018.0,16900000.0,0.0,193400000.0,-200000.0,-271100000.0,214800000.0,-4083400000.0,-3396600000.0,3885500000.0,0.0,1048900000.0,1048900000.0,1048900000.0,0.0,0.0,0.085,3771000000.0,1277800000.0,2055100000.0,0.271,1.453,12.332,12.329,500800000.0,0.0,34.09,1.05,1.05,2762700000.0,7437200000.0,12323800000.0,12323800000.0,0.0,0.026,0.12,0.03,0.104,0.0,3578500000.0,1.0,379430684.0,379430684.0,,32.48,41210600000.0,789100000.0,228900000.0,0.0,108.612,
46,CB1,MRT,2004-03-31,2004-03-31,2004-03-31,2021-09-13,819700000.0,40631500000.0,38841425000.0,,,0.308,23.97,-71900000.0,43500000.0,43500000.0,7102300000.0,944900000.0,,3.491,2814900000.0,,,2814900000.0,6173900000.0,108400000.0,0.0,0.021,0.735,1140400000.0,1248800000.0,0.104,1248800000.0,1140400000.0,1140400000.0,2.555,2.515,2.555,9046400000.0,8609925000.0,9046400000.0,15884020112.0,14.0,12.719,3488600000.0,9.244,1.0,4854100000.0,0.406,467400000.0,0.0,42935500000.0,41147025000.0,0.0,28554500000.0,,,31585100000.0,,,13122320112.0,12700000.0,0.0,1015400000.0,202700000.0,-258900000.0,1391600000.0,-4939400000.0,-5134600000.0,3560500000.0,0.0,944900000.0,944900000.0,944900000.0,0.0,0.0,0.079,3713700000.0,1140400000.0,1512900000.0,0.288,1.451,13.888,13.609,511300000.0,0.0,34.77,1.098,1.098,2556200000.0,7155600000.0,11956400000.0,11956400000.0,0.0,0.024,0.11,0.028,0.095,0.0,3527000000.0,1.0,377403512.0,377403512.0,,31.681,40164100000.0,498600000.0,195500000.0,0.0,106.422,
47,CB1,MRT,2003-12-31,2003-12-31,2003-12-31,2021-09-13,685600000.0,38360600000.0,37550000000.0,,,0.303,22.692,-74300000.0,52200000.0,52200000.0,6867200000.0,808800000.0,,3.501,2813900000.0,,,2813900000.0,5939400000.0,108000000.0,0.0,0.021,0.72,933600000.0,1041600000.0,0.091,1041600000.0,933600000.0,933600000.0,2.255,2.23,2.255,8522000000.0,8128050000.0,8522000000.0,15556691266.0,17.0,14.935,3289500000.0,8.759,1.0,4526800000.0,0.397,467400000.0,0.0,40654900000.0,39808400000.0,0.0,26934300000.0,,,29838600000.0,,,12787691266.0,10300000.0,0.0,930600000.0,859600000.0,-251100000.0,1879600000.0,-5233100000.0,-5130900000.0,3363800000.0,0.0,808800000.0,808800000.0,808800000.0,0.0,0.0,0.071,3593200000.0,933600000.0,772500000.0,0.319,1.501,15.811,15.1,518800000.0,0.0,34.05,1.122,1.122,2579000000.0,6868900000.0,11394000000.0,11394000000.0,0.0,0.022,0.1,0.023,0.082,0.0,3413800000.0,1.0,375556278.0,375556278.0,,30.339,37893200000.0,641400000.0,124800000.0,0.0,100.899,
48,CB1,MRT,2003-09-30,2003-09-30,2003-09-30,2021-09-13,657100000.0,38090900000.0,36480075000.0,,,0.297,22.611,-99600000.0,45100000.0,45100000.0,6401600000.0,793100000.0,,3.493,2814100000.0,,,2814100000.0,5760700000.0,104200000.0,0.0,0.022,0.715,1043300000.0,1147500000.0,0.106,1147500000.0,1043300000.0,1043300000.0,2.255,2.23,2.255,8477600000.0,7703975000.0,8477600000.0,14952446368.0,14.0,13.03,3018500000.0,8.051,1.0,4447200000.0,0.41,467400000.0,0.0,40392500000.0,38527350000.0,0.0,26005000000.0,,,29613300000.0,,,12162546368.0,12600000.0,0.0,915700000.0,1459600000.0,-243400000.0,2418600000.0,-5524100000.0,-5311200000.0,3118100000.0,0.0,793100000.0,793100000.0,793100000.0,0.0,0.0,0.073,3403900000.0,1043300000.0,1381600000.0,0.317,1.435,15.335,14.386,586000000.0,0.0,32.44,1.121,1.121,2558800000.0,6897800000.0,10848800000.0,10848800000.0,0.0,0.022,0.103,0.027,0.096,0.0,3274100000.0,1.0,374924364.0,374924364.0,,28.936,37623500000.0,476100000.0,250200000.0,0.0,100.35,
49,CB1,MRT,2003-06-30,2003-06-30,2003-06-30,2021-09-13,816300000.0,38282700000.0,35090725000.0,,,0.293,24.455,-117900000.0,31200000.0,31200000.0,6742300000.0,291200000.0,,3.561,2821100000.0,,,2821100000.0,5586000000.0,108400000.0,0.0,0.024,0.71,273000000.0,381400000.0,0.037,381400000.0,273000000.0,273000000.0,0.85,0.835,0.85,8393700000.0,7309925000.0,8393700000.0,12879416000.0,47.0,33.769,2616500000.0,7.623,1.0,3523700000.0,0.343,467400000.0,0.0,40605200000.0,36776075000.0,0.0,25497600000.0,,,29889000000.0,,,10296816000.0,8400000.0,0.0,847200000.0,1459600000.0,-241700000.0,2227900000.0,-4953900000.0,-5364000000.0,2734400000.0,0.0,291200000.0,291200000.0,291200000.0,0.0,0.0,0.028,3250700000.0,273000000.0,1626200000.0,0.835,1.227,35.36,35.294,593100000.0,0.0,30.0,1.003,1.003,2653700000.0,6705500000.0,10266000000.0,10266000000.0,0.0,0.008,0.04,0.007,0.027,0.0,3122000000.0,1.0,343227200.0,343227200.0,,29.91,37815300000.0,440500000.0,-18200000.0,0.0,110.176,
50,CB1,MRT,2003-03-31,2003-03-31,2003-03-31,2021-09-13,580800000.0,35465800000.0,33355100000.0,,,0.289,20.789,-128000000.0,30800000.0,30800000.0,6379600000.0,249300000.0,,3.982,2613400000.0,,,2613400000.0,5516200000.0,105500000.0,0.0,0.032,0.705,205700000.0,311200000.0,0.032,311200000.0,205700000.0,205700000.0,0.73,0.71,0.73,7118900000.0,6967250000.0,7118900000.0,9505580608.0,46.0,30.545,2364400000.0,6.905,1.0,3271400000.0,0.339,467400000.0,0.0,37581000000.0,34674300000.0,0.0,22655800000.0,,,28346900000.0,,,7588380608.0,7500000.0,0.0,-27000000.0,1153700000.0,-239700000.0,1043700000.0,-3528600000.0,-3378700000.0,2492400000.0,0.0,249300000.0,249300000.0,249300000.0,0.0,0.0,0.026,3065700000.0,205700000.0,1379700000.0,0.966,1.066,30.439,30.356,594200000.0,0.0,22.16,0.786,0.786,2682300000.0,6515300000.0,9651000000.0,9651000000.0,0.0,0.007,0.036,0.006,0.021,0.0,2936100000.0,1.0,342435948.0,342435948.0,,28.183,34998400000.0,550100000.0,-43600000.0,0.0,102.204,
51,CB1,MRT,2002-12-31,2002-12-31,2002-12-31,2021-09-13,529000000.0,34080900000.0,32081850000.0,,,0.285,19.951,-141900000.0,41900000.0,41900000.0,6064600000.0,222900000.0,,3.993,1959100000.0,,,1959100000.0,5049900000.0,103100000.0,0.0,0.027,0.7,168400000.0,271500000.0,0.03,271500000.0,168400000.0,168400000.0,0.655,0.645,0.655,6825700000.0,6847875000.0,6825700000.0,10250609450.0,61.0,37.755,2073800000.0,6.062,1.0,3075700000.0,0.336,467400000.0,0.0,35530700000.0,33110350000.0,0.0,21279100000.0,,,27255200000.0,,,8929309450.0,16100000.0,0.0,6600000.0,393100000.0,-237600000.0,327400000.0,-2527000000.0,-2439300000.0,2215700000.0,0.0,222900000.0,222900000.0,222900000.0,0.0,0.0,0.024,2907300000.0,168400000.0,1414700000.0,1.069,1.308,40.06,39.847,551400000.0,0.0,26.1,0.977,0.977,2519900000.0,6319000000.0,9140300000.0,9140300000.0,0.0,0.007,0.033,0.005,0.018,0.0,2781200000.0,1.0,342119136.0,342119136.0,,26.717,33613500000.0,630500000.0,-54500000.0,0.0,98.251,
52,CB1,MRT,2002-09-30,2002-09-30,2002-09-30,2021-09-13,517000000.0,32533500000.0,30923875000.0,,,0.281,20.227,-155700000.0,32500000.0,32500000.0,5873900000.0,195000000.0,,3.714,1353800000.0,,,1353800000.0,4850200000.0,103200000.0,0.0,0.025,0.695,59700000.0,162900000.0,0.019,162900000.0,59700000.0,59700000.0,0.57,0.545,0.57,6901400000.0,6772775000.0,6901400000.0,10744710464.0,180.0,65.959,1538200000.0,4.508,1.0,2810900000.0,0.324,467400000.0,0.0,33387400000.0,31854125000.0,0.0,20311700000.0,,,25632100000.0,,,9419410464.0,13000000.0,0.0,33000000.0,490400000.0,-235600000.0,414900000.0,-2095800000.0,-2196100000.0,1693900000.0,0.0,195000000.0,195000000.0,195000000.0,0.0,0.0,0.022,2751200000.0,59700000.0,650100000.0,1.219,1.365,48.305,48.096,621600000.0,0.0,27.415,1.085,1.077,2467100000.0,6355800000.0,8684800000.0,8684800000.0,0.0,0.006,0.029,0.002,0.007,0.0,2618900000.0,1.0,343586010.0,341200000.0,,25.454,32066100000.0,598700000.0,-135300000.0,0.0,93.98,
53,CB1,MRT,2002-06-30,2002-06-30,2002-06-30,2021-09-13,300600000.0,31340200000.0,29847175000.0,,,0.277,20.523,-172500000.0,22800000.0,22800000.0,5594300000.0,198100000.0,,3.463,1348100000.0,,,1348100000.0,4566000000.0,99800000.0,0.0,0.019,0.69,64900000.0,164700000.0,0.02,164700000.0,64900000.0,64900000.0,0.58,0.555,0.58,7023000000.0,6708800000.0,7023000000.0,13557458038.0,209.0,82.316,1120300000.0,3.274,1.0,2682400000.0,0.324,467400000.0,0.0,32198100000.0,30655075000.0,0.0,19069800000.0,,,24317200000.0,,,12137658038.0,-5100000.0,0.0,-174300000.0,590900000.0,-234700000.0,241900000.0,-1539800000.0,-1517000000.0,1292800000.0,0.0,198100000.0,198100000.0,198100000.0,0.0,0.0,0.024,2617500000.0,64900000.0,914400000.0,1.19,1.728,61.27,61.034,628200000.0,0.0,35.4,1.466,1.464,2469000000.0,6657700000.0,8276700000.0,8276700000.0,0.0,0.007,0.03,0.002,0.008,0.0,2490700000.0,1.0,342871696.0,342200000.0,,24.187,30872800000.0,570500000.0,-133200000.0,0.0,90.219,
54,CB1,MRT,2002-03-31,2002-03-31,2002-03-31,2021-09-13,105300000.0,30372800000.0,28410950000.0,,,0.28,19.557,-180000000.0,23300000.0,23300000.0,5466900000.0,134700000.0,,3.573,1443100000.0,,,1443100000.0,4417000000.0,96600000.0,0.0,0.019,0.685,-30500000.0,66100000.0,0.008,66100000.0,-30500000.0,-30500000.0,0.39,0.37,0.39,6641400000.0,6709350000.0,6641400000.0,14022379078.0,-460.0,212.139,1089500000.0,3.208,1.0,2500800000.0,0.314,467400000.0,0.0,31325200000.0,29066150000.0,0.0,18370800000.0,,,23731400000.0,,,12498179078.0,300000.0,0.0,-411300000.0,693200000.0,-234800000.0,45500000.0,-1314700000.0,-1243700000.0,1269500000.0,0.0,134700000.0,134700000.0,134700000.0,0.0,0.0,0.017,2531300000.0,-30500000.0,795100000.0,1.756,1.882,92.785,93.718,640000000.0,0.0,36.55,1.569,1.558,2356000000.0,6507700000.0,7967700000.0,7967700000.0,0.0,0.005,0.02,-0.001,-0.004,0.0,2407300000.0,1.0,341947444.0,339600000.0,,23.462,29905400000.0,661600000.0,-165200000.0,0.0,88.061,
55,CB1,MRT,2001-12-31,2001-12-31,2001-12-31,2021-09-13,179600000.0,29449000000.0,27233225000.0,,,0.285,19.216,-185200000.0,25800000.0,25800000.0,5357400000.0,111500000.0,,3.513,1550000000.0,,,1550000000.0,3916200000.0,95100000.0,0.0,0.02,0.68,-66000000.0,29100000.0,0.004,29100000.0,-66000000.0,-66000000.0,0.325,0.315,0.325,6525300000.0,6857600000.0,6525300000.0,12552477275.0,-190.0,431.357,834000000.0,2.456,1.0,2396600000.0,0.309,467400000.0,0.0,30505800000.0,27712275000.0,0.0,18170100000.0,,,22923700000.0,,,11715577275.0,3400000.0,0.0,-408800000.0,796200000.0,-234800000.0,149100000.0,-1164900000.0,-1023700000.0,1019200000.0,0.0,111500000.0,111500000.0,111500000.0,0.0,0.0,0.014,2462600000.0,-66000000.0,475300000.0,2.092,1.795,105.072,106.154,646600000.0,0.0,34.5,1.511,1.511,2033600000.0,6369300000.0,7754000000.0,7754000000.0,0.0,0.004,0.016,-0.002,-0.009,0.0,2338400000.0,1.0,339581950.0,339581950.0,,22.834,28981600000.0,674800000.0,-177500000.0,0.0,85.345,
56,CB1,MRT,2001-09-30,2001-09-30,2001-09-30,2021-09-13,303900000.0,28226700000.0,26127650000.0,,,0.291,19.477,-170300000.0,19500000.0,19500000.0,5067400000.0,251200000.0,,3.247,856400000.0,,,856400000.0,3786600000.0,92900000.0,0.0,0.019,0.675,143800000.0,236700000.0,0.031,236700000.0,143800000.0,143800000.0,0.705,0.675,0.705,6645500000.0,6971700000.0,6645500000.0,12985067281.0,90.0,54.859,933600000.0,2.736,1.0,2546900000.0,0.334,472400000.0,0.0,28591200000.0,26403525000.0,0.0,17559700000.0,,,21581200000.0,,,12260567281.0,-6700000.0,0.0,-441000000.0,98900000.0,-234500000.0,-565800000.0,-544800000.0,-393400000.0,1103900000.0,0.0,251200000.0,251200000.0,251200000.0,0.0,0.0,0.033,2403100000.0,143800000.0,453500000.0,0.957,1.845,48.808,50.645,668400000.0,0.0,35.705,1.61,1.6,1914100000.0,6398600000.0,7614300000.0,7614300000.0,0.0,0.01,0.036,0.005,0.019,0.0,2303000000.0,1.0,343385164.0,341200000.0,,22.316,27754300000.0,568800000.0,-107400000.0,0.0,81.343,
57,CB1,MRT,2001-06-30,2001-06-30,2001-06-30,2021-09-13,151900000.0,25595300000.0,25285925000.0,,,0.297,20.153,-154900000.0,27900000.0,27900000.0,4327600000.0,698100000.0,,2.643,752400000.0,,,752400000.0,3640700000.0,90300000.0,0.0,0.017,0.67,828300000.0,918600000.0,0.122,918600000.0,828300000.0,828300000.0,2.005,1.96,2.005,7025200000.0,6986625000.0,7025200000.0,14299104940.0,17.0,15.566,845800000.0,2.426,1.0,3188900000.0,0.424,477400000.0,0.0,25842400000.0,25529525000.0,0.0,17221300000.0,,,18570100000.0,,,13569004940.0,9200000.0,55000000.0,-204500000.0,-1600000.0,-232800000.0,-405100000.0,-586400000.0,-576400000.0,1000700000.0,0.0,698100000.0,698100000.0,698100000.0,0.0,0.0,0.093,2360600000.0,828300000.0,822400000.0,0.334,1.931,19.437,19.309,668700000.0,0.0,38.715,1.805,1.796,1789500000.0,6695200000.0,7516500000.0,7516500000.0,0.0,0.028,0.1,0.032,0.11,0.0,2266900000.0,1.0,350484436.0,348600000.0,,21.562,25117900000.0,512500000.0,130200000.0,0.0,72.054,
58,CB1,MRT,2001-03-31,2001-03-31,2001-03-31,2021-09-13,242400000.0,25661900000.0,24959650000.0,,,0.296,20.693,-144200000.0,23000000.0,23000000.0,4181300000.0,735900000.0,,2.547,753100000.0,,,753100000.0,3662300000.0,87000000.0,0.0,0.018,0.665,886300000.0,973300000.0,0.132,973300000.0,886300000.0,886300000.0,2.11,2.055,2.11,7234400000.0,6849350000.0,7234400000.0,13425182754.0,15.0,13.793,818600000.0,2.342,1.0,3194700000.0,0.433,482300000.0,0.0,25909700000.0,25200975000.0,0.0,17260400000.0,,,18427500000.0,,,12693782754.0,6100000.0,55000000.0,-27700000.0,-1000000.0,-230600000.0,-234700000.0,-722000000.0,-651900000.0,962800000.0,0.0,735900000.0,735900000.0,735900000.0,0.0,0.0,0.1,2308400000.0,886300000.0,875300000.0,0.315,1.755,17.249,17.166,675900000.0,0.0,36.22,1.721,1.717,1735300000.0,6607700000.0,7376000000.0,7376000000.0,0.0,0.029,0.107,0.035,0.12,0.0,2220700000.0,1.0,350463356.0,349600000.0,,21.098,25179600000.0,445700000.0,150400000.0,0.0,72.024,
59,CB1,MRT,2000-12-31,2000-12-31,2000-12-31,2021-09-13,151600000.0,25026700000.0,24582275000.0,,,0.295,19.969,-138700000.0,22400000.0,22400000.0,4127700000.0,714600000.0,,2.585,753800000.0,,,753800000.0,3516300000.0,84400000.0,0.0,0.015,0.66,851000000.0,935400000.0,0.129,935400000.0,851000000.0,851000000.0,2.05,2.005,2.05,6981700000.0,6639600000.0,6981700000.0,15849203728.0,19.0,16.944,817300000.0,2.338,1.0,3123800000.0,0.431,487300000.0,0.0,25270800000.0,24820400000.0,0.0,17123500000.0,,,18045000000.0,,,15121503728.0,-300000.0,55000000.0,-123000000.0,-5400000.0,-229000000.0,-332800000.0,-623500000.0,-541300000.0,956000000.0,0.0,714600000.0,714600000.0,714600000.0,0.0,0.0,0.099,2272800000.0,851000000.0,508900000.0,0.322,2.166,21.161,21.098,677100000.0,0.0,43.25,2.085,2.085,1655800000.0,6492600000.0,7251500000.0,7251500000.0,0.0,0.029,0.108,0.034,0.117,0.0,2171200000.0,1.0,349630144.0,349630144.0,,20.74,24539400000.0,501000000.0,136400000.0,0.0,70.187,
60,CB1,MRT,2000-09-30,2000-09-30,2000-09-30,2021-09-13,-9800000.0,24859800000.0,24209850000.0,,,0.293,19.312,-128300000.0,26200000.0,26200000.0,4041300000.0,709800000.0,,2.708,753900000.0,,,753900000.0,3490600000.0,80400000.0,0.0,0.017,0.655,847000000.0,927400000.0,0.131,927400000.0,847000000.0,847000000.0,2.03,1.995,2.03,6705200000.0,6462125000.0,6705200000.0,14562565056.0,17.0,15.703,868000000.0,2.5,1.0,3062300000.0,0.431,492300000.0,0.0,25095200000.0,24444275000.0,0.0,16667600000.0,,,18154600000.0,,,13827265056.0,6700000.0,55000000.0,-149100000.0,-38700000.0,-227900000.0,-421500000.0,-568100000.0,-453500000.0,996300000.0,0.0,709800000.0,709800000.0,709800000.0,0.0,0.0,0.1,2215300000.0,847000000.0,786200000.0,0.323,2.062,19.481,19.489,693200000.0,0.0,39.562,1.947,1.934,1593800000.0,6382000000.0,7103600000.0,7103600000.0,0.0,0.029,0.11,0.035,0.119,0.0,2115200000.0,1.0,349504330.0,347200000.0,,20.46,24367500000.0,578800000.0,137200000.0,0.0,70.183,
61,CB1,MRT,2000-06-30,2000-06-30,2000-06-30,2021-09-13,-93700000.0,24290200000.0,23922350000.0,,,0.291,18.493,-117200000.0,18700000.0,18700000.0,4133900000.0,579200000.0,,2.751,754000000.0,,,754000000.0,3415600000.0,77100000.0,0.0,0.021,0.65,645900000.0,723000000.0,0.104,723000000.0,645900000.0,645900000.0,1.655,1.63,1.655,6476100000.0,6368500000.0,6476100000.0,11497051564.0,18.0,15.902,988600000.0,2.823,1.0,2820500000.0,0.406,497300000.0,0.0,24528200000.0,24163175000.0,0.0,16257300000.0,,,17814100000.0,,,10759851564.0,-6700000.0,0.0,-139500000.0,-48000000.0,-222100000.0,-410100000.0,-702400000.0,-573100000.0,1105800000.0,0.0,579200000.0,579200000.0,579200000.0,0.0,0.0,0.083,2174600000.0,645900000.0,736400000.0,0.393,1.661,18.577,18.58,679000000.0,0.0,30.75,1.547,1.548,1575100000.0,6231600000.0,6954400000.0,6954400000.0,0.0,0.024,0.091,0.027,0.093,0.0,2071200000.0,1.0,349913872.0,350200000.0,,19.858,23792900000.0,610900000.0,66700000.0,0.0,67.941,
62,CB1,MRT,2000-03-31,2000-03-31,2000-03-31,2021-09-13,-84400000.0,24152400000.0,23116150000.0,,,0.297,18.304,-116700000.0,16900000.0,16900000.0,4109500000.0,587900000.0,,2.777,754100000.0,,,754100000.0,3425500000.0,74300000.0,0.0,0.019,0.645,657600000.0,731900000.0,0.107,731900000.0,657600000.0,657600000.0,1.725,1.71,1.725,6395400000.0,6147725000.0,6395400000.0,12539071970.0,19.0,17.132,1013600000.0,2.901,1.0,2757500000.0,0.402,502200000.0,0.0,24387400000.0,23441625000.0,0.0,16091600000.0,,,17757000000.0,,,11802571970.0,7000000.0,0.0,-103600000.0,-53000000.0,-216500000.0,-362500000.0,-760800000.0,-590300000.0,1130300000.0,0.0,587900000.0,587900000.0,587900000.0,0.0,0.0,0.086,2099900000.0,657600000.0,723000000.0,0.374,1.845,20.076,19.583,680400000.0,0.0,33.781,1.719,1.719,1587100000.0,6104600000.0,6867000000.0,6867000000.0,0.0,0.025,0.096,0.028,0.096,0.0,2011700000.0,1.0,349382334.0,349400000.0,,19.654,23650200000.0,595600000.0,69700000.0,0.0,67.688,
63,CB1,MRT,1999-12-31,1999-12-31,1999-12-31,2021-09-13,-157400000.0,23537000000.0,22320925000.0,,,0.301,17.824,-98400000.0,22700000.0,22700000.0,3942000000.0,621100000.0,,2.753,759200000.0,,,759200000.0,3323100000.0,68400000.0,0.0,0.023,0.64,710100000.0,778500000.0,0.116,778500000.0,710100000.0,710100000.0,1.85,1.83,1.85,6271800000.0,5961375000.0,6271800000.0,10680516047.0,15.0,13.719,1240500000.0,3.525,1.0,2787600000.0,0.414,507200000.0,0.0,23766300000.0,22737025000.0,0.0,16019400000.0,,,17265200000.0,,,9907416047.0,14400000.0,-145300000.0,-122300000.0,-48300000.0,-210600000.0,-367000000.0,-957500000.0,-715400000.0,1338900000.0,0.0,621100000.0,621100000.0,621100000.0,0.0,0.0,0.092,2077500000.0,710100000.0,525700000.0,0.346,1.58,15.951,15.22,699400000.0,0.0,28.156,1.472,1.472,1474800000.0,6008600000.0,6729600000.0,6729600000.0,0.0,0.028,0.104,0.031,0.106,0.0,1963500000.0,1.0,351872712.0,351872712.0,,19.125,23029800000.0,584200000.0,89000000.0,0.0,65.449,
64,CB1,MRT,1999-09-30,1999-09-30,1999-09-30,2021-09-13,-31000000.0,23709800000.0,21623175000.0,,,0.305,18.307,-144800000.0,19500000.0,19500000.0,3846800000.0,615100000.0,,2.745,792600000.0,,,792600000.0,3368600000.0,65700000.0,0.0,0.026,0.635,699300000.0,765000000.0,0.116,765000000.0,699300000.0,699300000.0,1.89,1.855,1.89,6330700000.0,5804450000.0,6330700000.0,8612330049.0,12.0,11.258,1148200000.0,3.32,1.0,2750400000.0,0.417,512100000.0,0.0,23970800000.0,22131750000.0,0.0,16152700000.0,,,17379100000.0,,,8035730049.0,2500000.0,-145300000.0,-105100000.0,-45000000.0,-204500000.0,-362600000.0,-927900000.0,-703400000.0,1293000000.0,0.0,615100000.0,615100000.0,615100000.0,0.0,0.0,0.093,2051100000.0,699300000.0,56400000.0,0.336,1.269,13.064,13.128,706100000.0,0.0,24.812,1.218,1.301,1489900000.0,5901200000.0,6597200000.0,6597200000.0,0.0,0.028,0.106,0.032,0.106,0.0,1928500000.0,1.0,323858138.0,345800000.0,,19.078,23197700000.0,601100000.0,84200000.0,0.0,67.084,
65,CB1,MRT,1999-06-30,1999-06-30,1999-06-30,2021-09-13,83700000.0,21065400000.0,20853100000.0,,,0.311,17.337,-121300000.0,25400000.0,25400000.0,3634800000.0,711200000.0,,2.766,602000000.0,,,602000000.0,2989800000.0,59600000.0,0.0,0.018,0.63,850500000.0,910100000.0,0.14,910100000.0,850500000.0,850500000.0,2.19,2.155,2.19,5593000000.0,5607475000.0,5593000000.0,11834057060.0,14.0,13.003,1232200000.0,3.82,1.0,2846300000.0,0.439,0.0,0.0,21642000000.0,21451575000.0,0.0,14686400000.0,,,15472400000.0,,,11236557060.0,11400000.0,-145300000.0,-372600000.0,346400000.0,-204600000.0,-232100000.0,-1110000000.0,-820200000.0,1353500000.0,0.0,711200000.0,711200000.0,711200000.0,0.0,0.0,0.11,1995800000.0,850500000.0,51800000.0,0.288,2.009,15.799,15.868,720100000.0,0.0,34.75,1.734,1.73,1379900000.0,5880300000.0,6481100000.0,6481100000.0,0.0,0.034,0.127,0.04,0.131,0.0,1896600000.0,1.0,323354160.0,322600000.0,,20.09,21065400000.0,476100000.0,139300000.0,0.0,65.299,
66,CB1,MRT,1999-03-31,1999-03-31,1999-03-31,2021-09-13,303100000.0,20971500000.0,20617500000.0,,,0.31,17.503,-94100000.0,9900000.0,9900000.0,3567100000.0,702100000.0,,2.712,607400000.0,,,607400000.0,2933600000.0,57600000.0,0.0,0.021,0.625,837000000.0,894600000.0,0.14,894600000.0,837000000.0,837000000.0,2.145,2.105,2.145,5650000000.0,5642575000.0,5650000000.0,10048956444.0,12.0,11.233,1190600000.0,3.688,1.0,2825000000.0,0.442,0.0,0.0,21569000000.0,21132225000.0,0.0,14775600000.0,,,15321500000.0,,,9449756444.0,-2900000.0,-145300000.0,-531800000.0,358700000.0,-204700000.0,-381100000.0,-906500000.0,-545100000.0,1284700000.0,0.0,702100000.0,702100000.0,702100000.0,0.0,0.0,0.11,1988000000.0,837000000.0,52100000.0,0.291,1.673,13.459,13.651,743300000.0,0.0,29.281,1.478,1.479,1337200000.0,5738800000.0,6392100000.0,6392100000.0,0.0,0.034,0.124,0.04,0.131,0.0,1889200000.0,1.0,322723806.0,322800000.0,,19.802,20971500000.0,339800000.0,134900000.0,0.0,64.967,
67,CB1,MRT,1998-12-31,1998-12-31,1998-12-31,2021-09-13,378700000.0,20746000000.0,20374250000.0,,,0.312,17.319,-78800000.0,8300000.0,8300000.0,3493700000.0,707000000.0,,2.676,607500000.0,,,607500000.0,2915700000.0,58200000.0,0.0,0.019,0.62,849700000.0,907900000.0,0.143,907900000.0,849700000.0,849700000.0,2.135,2.095,2.135,5644100000.0,5668300000.0,5644100000.0,11170729793.0,13.0,12.304,1135200000.0,3.483,1.0,2856100000.0,0.45,0.0,0.0,21345200000.0,20798500000.0,0.0,14755300000.0,,,15101900000.0,,,10550129793.0,-3200000.0,0.0,-545700000.0,208900000.0,-203400000.0,-529800000.0,-687400000.0,-553500000.0,1214000000.0,0.0,707000000.0,707000000.0,707000000.0,0.0,0.0,0.111,2006400000.0,849700000.0,50300000.0,0.29,1.869,14.922,15.163,746000000.0,0.0,32.374,1.661,1.661,1333900000.0,5604000000.0,6349800000.0,6349800000.0,0.0,0.035,0.125,0.041,0.134,0.0,1867500000.0,1.0,325886324.0,325886324.0,,19.485,20746000000.0,320800000.0,142700000.0,0.0,63.66,
68,CB1,MRT,1998-09-30,1998-09-30,1998-09-30,2021-09-13,338300000.0,20629500000.0,20091650000.0,,,0.338,16.878,-111100000.0,17000000.0,17000000.0,3982900000.0,744100000.0,,2.722,637600000.0,,,637600000.0,2884300000.0,52400000.0,0.0,0.019,0.61,911600000.0,964000000.0,0.142,964000000.0,911600000.0,911600000.0,2.22,2.185,2.22,5542800000.0,5671550000.0,5542800000.0,10674784995.0,12.0,11.073,1180700000.0,3.595,1.0,2803900000.0,0.413,0.0,0.0,21250100000.0,20462875000.0,0.0,14698100000.0,,,15086700000.0,,,10433184995.0,4700000.0,0.0,-721500000.0,-318200000.0,-202700000.0,-1182700000.0,-104400000.0,-759600000.0,1291800000.0,0.0,744100000.0,744100000.0,744100000.0,0.0,0.0,0.11,1892300000.0,911600000.0,50300000.0,0.275,1.882,14.021,14.189,741600000.0,0.0,31.499,1.537,1.524,1299100000.0,5496700000.0,6786800000.0,6786800000.0,0.0,0.037,0.131,0.045,0.134,0.0,1838700000.0,1.0,331226102.0,328400000.0,,20.666,20629500000.0,346000000.0,167500000.0,0.0,62.818,
69,CB1,MRT,1998-06-30,1998-06-30,1998-06-30,2021-09-13,382200000.0,20123000000.0,19993900000.0,,,0.338,17.115,-111100000.0,14000000.0,14000000.0,3955100000.0,764700000.0,,2.51,255600000.0,,,255600000.0,2837900000.0,53500000.0,0.0,0.015,0.6,950900000.0,1004400000.0,0.149,1004400000.0,950900000.0,950900000.0,2.255,2.215,2.255,5733400000.0,5700725000.0,5733400000.0,13744389943.0,14.0,13.684,1155200000.0,3.448,1.0,2807300000.0,0.415,0.0,0.0,20364600000.0,20473000000.0,0.0,14196600000.0,,,14389600000.0,,,13508789943.0,6200000.0,0.0,-596400000.0,-696600000.0,-201100000.0,-1432700000.0,172600000.0,-486300000.0,1266300000.0,0.0,764700000.0,764700000.0,764700000.0,0.0,0.0,0.113,1856400000.0,950900000.0,51900000.0,0.266,2.356,17.665,17.821,768500000.0,0.0,40.186,1.998,1.991,1385400000.0,5373600000.0,6762400000.0,6762400000.0,0.0,0.038,0.134,0.046,0.141,0.0,1802400000.0,1.0,336158126.0,335000000.0,,20.186,20123000000.0,361700000.0,186200000.0,0.0,60.069,
70,CB1,MRT,1998-03-31,1998-03-31,1998-03-31,2021-09-13,395700000.0,19998500000.0,19954725000.0,,,0.334,17.091,-111100000.0,12800000.0,12800000.0,3894400000.0,769200000.0,,2.476,248400000.0,,,248400000.0,2720100000.0,55600000.0,0.0,0.011,0.445,967900000.0,1023500000.0,0.153,1023500000.0,967900000.0,967900000.0,2.255,2.215,2.255,5752900000.0,5660350000.0,5752900000.0,13594155386.0,14.0,13.282,1063100000.0,3.158,1.0,2780000000.0,0.417,0.0,0.0,20234100000.0,20636675000.0,0.0,14254600000.0,,,14245600000.0,,,13207055386.0,4500000.0,861200000.0,-576300000.0,-684900000.0,-198300000.0,-1395700000.0,226000000.0,-1355200000.0,1174200000.0,0.0,769200000.0,769200000.0,769200000.0,0.0,0.0,0.115,1812100000.0,967900000.0,52200000.0,0.197,2.296,17.17,17.377,777600000.0,0.0,39.186,1.979,1.976,1247200000.0,5241300000.0,6674400000.0,6674400000.0,0.0,0.039,0.136,0.047,0.145,0.0,1758100000.0,1.0,337036252.0,336600000.0,,19.829,19998500000.0,337100000.0,198700000.0,0.0,59.413,
71,CB1,MRT,1997-12-31,1997-12-31,1997-12-31,2021-09-13,374400000.0,19615600000.0,19885925000.0,,,0.335,16.622,-111100000.0,11500000.0,11500000.0,3931700000.0,769500000.0,,2.467,398600000.0,,,398600000.0,2696600000.0,56400000.0,0.0,0.012,0.435,974100000.0,1030500000.0,0.155,1030500000.0,974100000.0,974100000.0,2.24,2.195,2.24,5657100000.0,5529300000.0,5657100000.0,13920293428.0,14.0,13.508,1454000000.0,4.272,1.0,2732300000.0,0.41,0.0,0.0,20002700000.0,20821000000.0,0.0,14049600000.0,,,13958500000.0,,,12868193428.0,6800000.0,861200000.0,-827900000.0,-524200000.0,-196500000.0,-1488200000.0,-70100000.0,-1620900000.0,1565100000.0,0.0,769500000.0,769500000.0,769500000.0,0.0,0.0,0.115,1758200000.0,974100000.0,49000000.0,0.194,2.275,16.723,16.88,790000000.0,0.0,37.811,1.931,1.931,1259600000.0,5101700000.0,6664000000.0,6664000000.0,0.0,0.039,0.139,0.047,0.146,0.0,1746200000.0,1.0,340330080.0,340330080.0,,19.581,19615600000.0,317000000.0,204600000.0,0.0,57.637,
72,CB1,MRT,1997-09-30,1997-09-30,1997-09-30,2021-09-13,348500000.0,20238500000.0,19966750000.0,,,0.306,16.481,-153000000.0,12300000.0,12300000.0,3691600000.0,596600000.0,,2.576,1064400000.0,,,1064400000.0,2675500000.0,60200000.0,0.0,0.012,0.425,706600000.0,766800000.0,0.125,766800000.0,706600000.0,706600000.0,1.755,1.69,1.755,5659500000.0,5480750000.0,5659500000.0,13308446254.0,19.0,17.356,1459900000.0,4.251,1.0,2423700000.0,0.396,0.0,0.0,21290600000.0,21118875000.0,0.0,13777200000.0,,,14579000000.0,,,12255446254.0,2400000.0,861200000.0,-667200000.0,25700000.0,-193900000.0,-756000000.0,-854500000.0,-1523500000.0,1612900000.0,0.0,596600000.0,596600000.0,596600000.0,5000000.0,0.0,0.098,1712100000.0,711600000.0,49600000.0,0.242,2.165,20.542,20.245,1624100000.0,0.0,35.53,2.004,1.995,1238600000.0,4956000000.0,6115300000.0,6115300000.0,0.0,0.03,0.109,0.033,0.116,0.0,1701300000.0,1.0,344934676.0,343400000.0,,17.808,20238500000.0,358200000.0,110000000.0,0.0,58.936,
73,CB1,MRT,1997-06-30,1997-06-30,1997-06-30,2021-09-13,259900000.0,19966300000.0,,,,,16.197,-153000000.0,7800000.0,7800000.0,3586400000.0,567800000.0,,2.583,1060800000.0,,,1060800000.0,2623600000.0,63000000.0,0.0,0.012,0.415,659700000.0,722700000.0,0.122,722700000.0,659700000.0,659700000.0,1.66,1.605,1.66,5571900000.0,,5571900000.0,12649055380.0,19.0,17.502,1519300000.0,4.417,1.0,2317000000.0,0.392,0.0,0.0,21019300000.0,,0.0,13357800000.0,,,14394400000.0,,,11400955380.0,1400000.0,861200000.0,-528300000.0,27400000.0,-190900000.0,-619300000.0,-1051600000.0,-1792600000.0,1672300000.0,0.0,567800000.0,567800000.0,567800000.0,-6000000.0,0.0,0.096,1663300000.0,653700000.0,50300000.0,0.25,2.046,20.079,20.142,1629400000.0,0.0,33.436,1.931,1.948,1275900000.0,4811600000.0,5903400000.0,5903400000.0,0.0,,,,0.112,0.0,1652600000.0,1.0,340977428.0,344000000.0,,17.161,19966300000.0,377400000.0,91900000.0,0.0,58.042,
74,CB1,MRT,1997-03-31,1997-03-31,1997-03-31,2021-09-13,156400000.0,19723300000.0,,,,,15.094,-153000000.0,8300000.0,8300000.0,3520900000.0,553400000.0,,2.772,1256400000.0,,,1256400000.0,2513700000.0,61600000.0,0.0,0.02,0.55,637500000.0,699100000.0,0.121,699100000.0,637500000.0,637500000.0,1.6,1.555,1.6,5228700000.0,,5228700000.0,10572957259.0,17.0,15.124,1600800000.0,4.621,1.0,2254900000.0,0.39,0.0,0.0,20971400000.0,,0.0,12390500000.0,,,14494600000.0,,,9317632259.0,-1800000.0,0.0,-413300000.0,9200000.0,-188700000.0,-585400000.0,-1170200000.0,-1113000000.0,1753800000.0,0.0,553400000.0,553400000.0,553400000.0,-15500000.0,0.0,0.096,1632900000.0,622000000.0,49400000.0,0.344,1.782,16.837,16.835,1616400000.0,0.0,26.936,1.613,1.615,1136800000.0,4673200000.0,5775800000.0,5775800000.0,0.0,,,,0.11,0.0,1621900000.0,1.0,345912692.0,346400000.0,,16.674,19723300000.0,424500000.0,84100000.0,0.0,56.938,
75,CB1,MRT,1996-12-31,1996-12-31,1996-12-31,2021-09-13,223100000.0,19938900000.0,19787588500.0,,,0.287,15.793,-153000000.0,4700000.0,4700000.0,3566500000.0,512700000.0,,2.65,1260000000.0,,,1260000000.0,2617500000.0,59000000.0,0.0,0.02,0.54,573400000.0,632400000.0,0.111,632400000.0,573400000.0,573400000.0,1.47,1.44,1.47,5462900000.0,5362814500.0,5462900000.0,,,,1446300000.0,4.181,1.0,2114000000.0,0.372,0.0,0.0,21194200000.0,21060479500.0,0.0,12081100000.0,,,14476000000.0,,,9296012716.0,-7200000.0,0.0,-82500000.0,-21800000.0,-184200000.0,-231800000.0,-1374700000.0,-1185900000.0,1599300000.0,0.0,512700000.0,512700000.0,512700000.0,-26500000.0,0.0,0.09,1567100000.0,546900000.0,47200000.0,0.367,1.702,18.131,18.282,1604000000.0,0.0,26.874,1.636,1.636,1311600000.0,4530500000.0,5680500000.0,5680500000.0,0.0,0.026,0.096,0.027,0.101,0.0,1554800000.0,1.0,345912692.0,345912692.0,,16.422,19938900000.0,365600000.0,60700000.0,0.0,57.641,
76,CB1,MRT,1996-09-30,1996-09-30,1996-09-30,2021-09-13,,,,,,,,,,,,,,,,,,,,,,0.018,0.405,,,,,,,,,,,,,,,,,,1.0,,,,,,,,,,,,,,,,,,,,,,,,,,,,,,,,,,,,,,,,22.999,,,,,,,,,,,,,,1.0,,360002000.0,,,,,,,,
77,CB1,MRT,1996-06-30,1996-06-30,1996-06-30,2021-09-13,,,,,,,,,,,,,,,,,,,,,,0.011,0.27,,,,,,,,,,,,,,,,,,1.0,,,,,,,,,,,,,,,,,,,,,,,,,,,,,,,,,,,,,,,,24.936,,,,,,,,,,,,,,1.0,,360832000.0,,,,,,,,
78,CB1,MRT,1996-03-31,1996-03-31,1996-03-31,2021-09-13,,,,,,,,,,,,,,,,,,,,,,0.006,0.135,,,,,,,,,,,,,,,,,,1.0,,,,,,,,,,,,,,,,,,,,,,,,,,,,,,,,,,,,,,,,23.468,,,,,,,,,,,,,,1.0,,360912000.0,,,,,,,,
79,CB1,MRT,1995-12-31,1995-12-31,1995-12-31,2021-09-13,342461000.0,19636277000.0,,,,,,-140100000.0,11950000.0,11950000.0,2950100000.0,696600000.0,,2.731,1302432000.0,,,1302432000.0,2570682000.0,53500000.0,0.0,0.0,0.0,879200000.0,932700000.0,0.179,932700000.0,879200000.0,879200000.0,2.0,1.95,2.0,5262729000.0,,5262729000.0,,,,684700000.0,,1.0,2261400000.0,0.434,0.0,0.0,20926759000.0,,0.0,10920154000.0,,,14373548000.0,,,,6300000.0,0.0,0.0,-94500000.0,-167800000.0,-230600000.0,-587900000.0,-434200000.0,824800000.0,0.0,696600000.0,696600000.0,696600000.0,-42200000.0,0.0,0.134,1424400000.0,837000000.0,42741000.0,0.0,,,12.093,1742580000.0,0.0,24.186,,,1344748000.0,4206517000.0,5211500000.0,5211500000.0,0.0,,,,0.169,0.0,1412500000.0,1.0,,,,,19636277000.0,230146000.0,182600000.0,0.0,,
80,CB1,MRT,1994-12-31,1994-12-31,1994-12-31,2021-09-13,,,,,,,,-106046000.0,,,2730158000.0,528469000.0,,,,,,,,44157000.0,,0.0,0.0,631857000.0,676014000.0,0.145,676014000.0,631857000.0,631857000.0,1.49,,1.49,,,,,,,790629000.0,,1.0,1925035000.0,0.414,,0.0,,,,,,,,,,,1013000.0,0.0,-72052000.0,66256000.0,-158735000.0,64368000.0,-960030000.0,-703654000.0,896675000.0,0.0,528469000.0,528469000.0,528469000.0,-20551000.0,0.0,0.114,1313729000.0,611306000.0,,0.0,,,12.982,,0.0,19.343,,,,,4655193000.0,4655193000.0,0.0,,,,0.136,0.0,1302112000.0,1.0,,,,,,,103388000.0,,,
