None,ticker,dimension,calendardate,datekey,reportperiod,lastupdated,accoci,assets,assetsavg,assetsc,assetsnc,assetturnover,bvps,capex,cashneq,cashnequsd,cor,consolinc,currentratio,de,debt,debtc,debtnc,debtusd,deferredrev,depamor,deposits,divyield,dps,ebit,ebitda,ebitdamargin,ebitdausd,ebitusd,ebt,eps,epsdil,epsusd,equity,equityavg,equityusd,ev,evebit,evebitda,fcf,fcfps,fxusd,gp,grossmargin,intangibles,intexp,invcap,invcapavg,inventory,investments,investmentsc,investmentsnc,liabilities,liabilitiesc,liabilitiesnc,marketcap,ncf,ncfbus,ncfcommon,ncfdebt,ncfdiv,ncff,ncfi,ncfinv,ncfo,ncfx,netinc,netinccmn,netinccmnusd,netincdis,netincnci,netmargin,opex,opinc,payables,payoutratio,pb,pe,pe1,ppnenet,prefdivis,price,ps,ps1,receivables,retearn,revenue,revenueusd,rnd,roa,roe,roic,ros,sbcomp,sgna,sharefactor,sharesbas,shareswa,shareswadil,sps,tangibles,taxassets,taxexp,taxliabilities,tbvps,workingcapital
0,HON,MRY,2020-12-31,2020-12-31,2020-12-31,2021-10-22,-3377000000.0,64586000000.0,62267750000.0,28175000000.0,36411000000.0,0.524,25.01,-849000000.0,14275000000.0,14275000000.0,22169000000.0,4865000000.0,1.468,2.667,22384000000.0,6042000000.0,16342000000.0,22384000000.0,0.0,1002000000.0,0.0,0.017,3.63,6285000000.0,7287000000.0,0.223,7287000000.0,6285000000.0,5926000000.0,6.79,6.72,6.79,17549000000.0,17853500000.0,17549000000.0,157434562854.0,25.0,21.605,5359000000.0,7.637,1.0,10468000000.0,0.321,19618000000.0,359000000.0,33880000000.0,33565000000.0,4489000000.0,1630000000.0,945000000.0,685000000.0,46796000000.0,19197000000.0,27599000000.0,149248562854.0,5208000000.0,-261000000.0,-3321000000.0,5891000000.0,-2592000000.0,-81000000.0,-987000000.0,123000000.0,6208000000.0,68000000.0,4779000000.0,4779000000.0,4779000000.0,0.0,86000000.0,0.146,4772000000.0,5696000000.0,5750000000.0,0.535,8.505,31.23,31.325,5570000000.0,0.0,212.7,4.573,4.573,6827000000.0,39905000000.0,32637000000.0,32637000000.0,0.0,0.077,0.268,0.187,0.193,168000000.0,4772000000.0,1.0,701685768.0,701685768.0,,46.512,44968000000.0,760000000.0,1147000000.0,2113000000.0,64.086,8978000000.0
1,HON,MRY,2019-12-31,2019-12-31,2019-12-31,2021-10-22,-3197000000.0,58679000000.0,58773250000.0,24303000000.0,34376000000.0,0.625,25.883,-796000000.0,9067000000.0,9067000000.0,24339000000.0,6230000000.0,1.343,2.161,16002000000.0,4892000000.0,11110000000.0,16002000000.0,0.0,1088000000.0,0.0,0.019,3.36,7829000000.0,8917000000.0,0.243,8917000000.0,7829000000.0,7472000000.0,8.52,8.41,8.52,18494000000.0,18310000000.0,18494000000.0,134175429323.0,17.0,15.047,6101000000.0,8.538,1.0,12370000000.0,0.337,19297000000.0,357000000.0,28219000000.0,27516500000.0,4421000000.0,1937000000.0,1349000000.0,588000000.0,39973000000.0,18098000000.0,21875000000.0,126472429323.0,-220000000.0,-50000000.0,-3902000000.0,-177000000.0,-2442000000.0,-6600000000.0,-533000000.0,313000000.0,6897000000.0,16000000.0,6143000000.0,6143000000.0,6143000000.0,0.0,87000000.0,0.167,5519000000.0,6851000000.0,5730000000.0,0.394,6.839,20.588,20.775,5325000000.0,0.0,177.0,3.445,3.445,7493000000.0,37693000000.0,36709000000.0,36709000000.0,0.0,0.105,0.335,0.285,0.213,153000000.0,5519000000.0,1.0,714533499.0,714533499.0,,51.375,39382000000.0,86000000.0,1329000000.0,1670000000.0,55.116,6205000000.0
2,HON,MRY,2018-12-31,2018-12-31,2018-12-31,2021-10-22,-3437000000.0,57773000000.0,60127000000.0,24362000000.0,33411000000.0,0.695,24.558,-813000000.0,9287000000.0,9287000000.0,29046000000.0,6828000000.0,1.287,2.168,16214000000.0,6458000000.0,9756000000.0,16214000000.0,0.0,1116000000.0,0.0,0.023,3.055,7791000000.0,8907000000.0,0.213,8907000000.0,7791000000.0,7424000000.0,9.1,8.98,9.1,18180000000.0,17903500000.0,18180000000.0,106254890592.0,14.0,11.929,5621000000.0,7.593,1.0,12756000000.0,0.305,19685000000.0,367000000.0,26091000000.0,28556250000.0,4326000000.0,2365000000.0,1623000000.0,742000000.0,39415000000.0,18924000000.0,20491000000.0,97806890592.0,2228000000.0,-535000000.0,-3733000000.0,-1507000000.0,-2272000000.0,-5032000000.0,1027000000.0,2375000000.0,6434000000.0,-201000000.0,6765000000.0,6765000000.0,6765000000.0,0.0,63000000.0,0.162,6051000000.0,6705000000.0,5607000000.0,0.336,5.38,14.458,14.519,5296000000.0,0.0,132.12,2.34,2.34,7508000000.0,33978000000.0,41802000000.0,41802000000.0,0.0,0.113,0.378,0.273,0.186,175000000.0,6051000000.0,1.0,740288303.0,740288303.0,,56.467,38088000000.0,382000000.0,659000000.0,1713000000.0,51.45,5438000000.0
3,HON,MRY,2017-12-31,2017-12-31,2017-12-31,2021-10-22,-2235000000.0,59470000000.0,56671250000.0,26002000000.0,33468000000.0,0.715,21.661,-945000000.0,7059000000.0,7059000000.0,28144000000.0,1588000000.0,1.379,2.594,17882000000.0,5309000000.0,12573000000.0,17882000000.0,0.0,1115000000.0,0.0,0.018,2.74,7223000000.0,8338000000.0,0.206,8338000000.0,7223000000.0,6907000000.0,2.03,2.0,2.03,16502000000.0,19581000000.0,16502000000.0,126227140467.0,17.0,15.139,5021000000.0,6.591,1.0,12390000000.0,0.306,22773000000.0,316000000.0,28659000000.0,25173250000.0,4613000000.0,4425000000.0,3758000000.0,667000000.0,42805000000.0,18861000000.0,23944000000.0,116833140467.0,-784000000.0,-82000000.0,-2369000000.0,1115000000.0,-2119000000.0,-3516000000.0,-3574000000.0,-2329000000.0,5966000000.0,340000000.0,1545000000.0,1545000000.0,1545000000.0,0.0,43000000.0,0.038,6087000000.0,6303000000.0,6584000000.0,1.35,7.08,75.62,75.547,5926000000.0,0.0,153.36,2.882,2.882,8866000000.0,27481000000.0,40534000000.0,40534000000.0,0.0,0.027,0.079,0.287,0.178,176000000.0,6087000000.0,1.0,761822773.0,761822773.0,,53.207,36697000000.0,251000000.0,5362000000.0,2664000000.0,48.17,7141000000.0
4,HON,MRY,2016-12-31,2016-12-31,2016-12-31,2021-10-22,-2714000000.0,54146000000.0,52312000000.0,23058000000.0,31088000000.0,0.751,25.414,-1074000000.0,7843000000.0,7843000000.0,27677000000.0,4849000000.0,1.412,1.786,15775000000.0,3593000000.0,12182000000.0,15775000000.0,0.0,1030000000.0,0.0,0.021,2.45,6753000000.0,7783000000.0,0.198,7783000000.0,6753000000.0,6415000000.0,6.3,6.21,6.3,19369000000.0,18882000000.0,19369000000.0,97719147538.0,14.0,12.555,4424000000.0,5.805,1.0,11625000000.0,0.296,22341000000.0,338000000.0,23406000000.0,22813000000.0,4366000000.0,2107000000.0,1520000000.0,587000000.0,34599000000.0,16331000000.0,18268000000.0,88292147538.0,2388000000.0,-2277000000.0,-1670000000.0,3980000000.0,-1915000000.0,346000000.0,-3342000000.0,-273000000.0,5498000000.0,-114000000.0,4812000000.0,4812000000.0,4812000000.0,0.0,37000000.0,0.122,5574000000.0,6051000000.0,5690000000.0,0.389,4.558,18.348,18.389,5793000000.0,0.0,115.85,2.247,2.247,8177000000.0,28710000000.0,39302000000.0,39302000000.0,0.0,0.092,0.255,0.296,0.172,184000000.0,5574000000.0,1.0,762124709.0,762124709.0,,51.569,31805000000.0,347000000.0,1603000000.0,486000000.0,41.732,6727000000.0
5,HON,MRY,2015-12-31,2015-12-31,2015-12-31,2021-10-22,-2535000000.0,49316000000.0,46927500000.0,20053000000.0,29263000000.0,0.822,23.723,-1058000000.0,5455000000.0,5455000000.0,26747000000.0,4847000000.0,1.092,1.69,12068000000.0,6514000000.0,5554000000.0,12068000000.0,0.0,883000000.0,0.0,0.021,2.147,6817000000.0,7700000000.0,0.2,7700000000.0,6817000000.0,6507000000.0,6.11,6.04,6.11,18283000000.0,18010500000.0,18283000000.0,83824510266.0,12.0,10.886,4461000000.0,5.788,1.0,11834000000.0,0.307,20472000000.0,310000000.0,17086000000.0,18618500000.0,4420000000.0,2620000000.0,2103000000.0,517000000.0,30898000000.0,18371000000.0,12527000000.0,79820510266.0,-1504000000.0,-5227000000.0,-1698000000.0,3445000000.0,-1726000000.0,37000000.0,-6514000000.0,-127000000.0,5519000000.0,-546000000.0,4768000000.0,4768000000.0,4768000000.0,0.0,79000000.0,0.124,5006000000.0,6828000000.0,5580000000.0,0.351,4.366,16.741,16.951,5789000000.0,0.0,103.57,2.069,2.069,8075000000.0,26147000000.0,38581000000.0,38581000000.0,0.0,0.102,0.265,0.366,0.177,94000000.0,5006000000.0,1.0,770691419.0,770691419.0,,50.06,28844000000.0,283000000.0,1739000000.0,558000000.0,37.426,1682000000.0
6,HON,MRY,2014-12-31,2014-12-31,2014-12-31,2021-10-22,-1459000000.0,45451000000.0,46001250000.0,22191000000.0,23260000000.0,0.876,22.556,-1076000000.0,6959000000.0,6959000000.0,28957000000.0,4329000000.0,1.502,1.567,8683000000.0,2637000000.0,6046000000.0,8683000000.0,0.0,924000000.0,0.0,0.019,1.867,6046000000.0,6970000000.0,0.173,6970000000.0,6046000000.0,5728000000.0,5.4,5.33,5.4,17657000000.0,18304250000.0,17657000000.0,80679407674.0,13.0,11.575,4004000000.0,5.115,1.0,11349000000.0,0.282,14996000000.0,318000000.0,17406000000.0,18758000000.0,4405000000.0,2610000000.0,2145000000.0,465000000.0,27667000000.0,14773000000.0,12894000000.0,78218407674.0,537000000.0,156000000.0,-659000000.0,-203000000.0,-1510000000.0,-2328000000.0,-1876000000.0,-786000000.0,5080000000.0,-339000000.0,4239000000.0,4239000000.0,4239000000.0,0.0,90000000.0,0.105,5518000000.0,5831000000.0,5365000000.0,0.346,4.43,18.452,18.504,5383000000.0,0.0,99.92,1.941,1.941,7960000000.0,23115000000.0,40306000000.0,40306000000.0,0.0,0.092,0.232,0.322,0.15,85000000.0,5518000000.0,1.0,782810325.0,782810325.0,,51.489,30455000000.0,1126000000.0,1489000000.0,236000000.0,38.905,7418000000.0
7,HON,MRY,2013-12-31,2013-12-31,2013-12-31,2021-10-22,818000000.0,45435000000.0,43451750000.0,21164000000.0,24271000000.0,0.899,22.26,-932000000.0,6422000000.0,6422000000.0,28364000000.0,3962000000.0,1.492,1.595,8829000000.0,2028000000.0,6801000000.0,8829000000.0,0.0,989000000.0,0.0,0.018,1.68,5701000000.0,6690000000.0,0.171,6690000000.0,5701000000.0,5374000000.0,4.99,4.92,4.99,17467000000.0,14911250000.0,17467000000.0,74804547706.0,13.0,11.182,3403000000.0,4.337,1.0,10691000000.0,0.274,15560000000.0,327000000.0,18101000000.0,17254500000.0,4293000000.0,2064000000.0,1671000000.0,393000000.0,27856000000.0,14181000000.0,13675000000.0,71695547706.0,1788000000.0,-1130000000.0,-626000000.0,1386000000.0,-1353000000.0,-433000000.0,-1959000000.0,-98000000.0,4335000000.0,-155000000.0,3924000000.0,3924000000.0,3924000000.0,0.0,38000000.0,0.1,5190000000.0,5501000000.0,5174000000.0,0.337,4.105,18.271,18.311,5278000000.0,0.0,91.37,1.836,1.836,7929000000.0,20383000000.0,39055000000.0,39055000000.0,0.0,0.09,0.263,0.33,0.146,38000000.0,5190000000.0,1.0,784672734.0,784672734.0,,49.772,29875000000.0,1217000000.0,1450000000.0,804000000.0,38.073,6983000000.0
8,HON,MRY,2012-12-31,2012-12-31,2012-12-31,2021-10-22,-1339000000.0,41853000000.0,40867750000.0,17598000000.0,24255000000.0,0.922,16.563,-879000000.0,4634000000.0,4634000000.0,28291000000.0,2931000000.0,1.349,2.219,7496000000.0,1101000000.0,6395000000.0,7496000000.0,0.0,926000000.0,0.0,0.03,1.9,4221000000.0,5147000000.0,0.137,5147000000.0,4221000000.0,3870000000.0,3.74,3.69,3.74,12975000000.0,12460750000.0,12975000000.0,52949631376.0,13.0,10.287,2638000000.0,3.367,1.0,9374000000.0,0.249,14874000000.0,351000000.0,16796000000.0,17107500000.0,4235000000.0,1254000000.0,631000000.0,623000000.0,28788000000.0,13045000000.0,15743000000.0,49720631376.0,936000000.0,-417000000.0,25000000.0,-76000000.0,-1211000000.0,-1206000000.0,-1428000000.0,-143000000.0,3517000000.0,53000000.0,2926000000.0,2926000000.0,2926000000.0,0.0,5000000.0,0.078,5218000000.0,4156000000.0,4736000000.0,0.508,3.832,16.993,16.971,5001000000.0,0.0,63.47,1.32,1.32,7429000000.0,17799000000.0,37665000000.0,37665000000.0,0.0,0.072,0.235,0.247,0.112,114000000.0,5218000000.0,1.0,783372166.0,783372166.0,,48.081,26979000000.0,2558000000.0,944000000.0,628000000.0,34.44,4553000000.0
9,HON,MRY,2011-12-31,2011-12-31,2011-12-31,2021-10-22,-1444000000.0,39808000000.0,39451250000.0,16134000000.0,23674000000.0,0.926,13.97,-792000000.0,3698000000.0,3698000000.0,28556000000.0,2074000000.0,1.314,2.675,7555000000.0,674000000.0,6881000000.0,7555000000.0,0.0,957000000.0,0.0,0.025,1.37,2860000000.0,3817000000.0,0.104,3817000000.0,2860000000.0,2484000000.0,2.65,2.61,2.65,10806000000.0,11557500000.0,10806000000.0,46309581788.0,16.0,12.132,2041000000.0,2.639,1.0,7973000000.0,0.218,14335000000.0,376000000.0,17055000000.0,17299250000.0,4264000000.0,978000000.0,484000000.0,494000000.0,28906000000.0,12275000000.0,16631000000.0,42039581788.0,1048000000.0,183000000.0,-781000000.0,716000000.0,-1091000000.0,-1114000000.0,-611000000.0,-26000000.0,2833000000.0,-60000000.0,2067000000.0,2067000000.0,2067000000.0,-209000000.0,7000000.0,0.057,5399000000.0,2574000000.0,4738000000.0,0.517,3.89,20.338,20.509,4804000000.0,0.0,54.35,1.151,1.151,7228000000.0,16083000000.0,36529000000.0,36529000000.0,0.0,0.052,0.179,0.165,0.078,126000000.0,5399000000.0,1.0,773497365.0,773497365.0,,47.226,25473000000.0,2592000000.0,417000000.0,676000000.0,32.932,3859000000.0
10,HON,MRY,2010-12-31,2010-12-31,2010-12-31,2021-10-22,-1067000000.0,37834000000.0,37017500000.0,15486000000.0,22348000000.0,0.874,13.671,-637000000.0,2650000000.0,2650000000.0,24721000000.0,2035000000.0,1.321,2.536,6644000000.0,889000000.0,5755000000.0,6644000000.0,0.0,987000000.0,0.0,0.023,1.21,3173000000.0,4160000000.0,0.129,4160000000.0,3173000000.0,2787000000.0,2.61,2.59,2.61,10666000000.0,9747750000.0,10666000000.0,46083977330.0,15.0,11.078,3566000000.0,4.571,1.0,7629000000.0,0.236,13812000000.0,386000000.0,16292000000.0,17114250000.0,3822000000.0,1071000000.0,455000000.0,616000000.0,27047000000.0,11724000000.0,15323000000.0,41473977330.0,-151000000.0,-1296000000.0,195000000.0,-1311000000.0,-944000000.0,-2047000000.0,-2269000000.0,-341000000.0,4203000000.0,-38000000.0,2022000000.0,2022000000.0,2022000000.0,0.0,13000000.0,0.063,4618000000.0,3011000000.0,4199000000.0,0.464,3.888,20.511,20.368,4724000000.0,0.0,53.16,1.282,1.282,6841000000.0,15097000000.0,32350000000.0,32350000000.0,0.0,0.055,0.207,0.185,0.098,151000000.0,4618000000.0,1.0,780172636.0,780172636.0,,41.465,24022000000.0,2098000000.0,765000000.0,636000000.0,30.791,3762000000.0
11,HON,MRY,2009-12-31,2009-12-31,2009-12-31,2021-10-22,-948000000.0,35993000000.0,35315000000.0,13936000000.0,22057000000.0,0.848,11.613,-578000000.0,2801000000.0,2801000000.0,23260000000.0,1584000000.0,1.25,3.05,7607000000.0,1361000000.0,6246000000.0,7607000000.0,0.0,957000000.0,0.0,0.031,1.21,2442000000.0,3399000000.0,0.113,3399000000.0,2442000000.0,1984000000.0,2.06,2.05,2.06,8861000000.0,8558750000.0,8861000000.0,35531337971.0,15.0,10.453,3368000000.0,4.414,1.0,6691000000.0,0.223,12668000000.0,458000000.0,16984000000.0,17466000000.0,3446000000.0,960000000.0,381000000.0,579000000.0,27022000000.0,11147000000.0,15875000000.0,29911337971.0,736000000.0,-467000000.0,37000000.0,-1272000000.0,-918000000.0,-2152000000.0,-1133000000.0,-23000000.0,3946000000.0,75000000.0,1548000000.0,1548000000.0,1548000000.0,0.0,36000000.0,0.052,4323000000.0,2368000000.0,3633000000.0,0.587,3.376,19.323,19.029,4847000000.0,0.0,39.2,0.999,0.999,6274000000.0,14023000000.0,29951000000.0,29951000000.0,0.0,0.044,0.181,0.14,0.082,117000000.0,4323000000.0,1.0,763044336.0,763044336.0,,39.252,23325000000.0,3040000000.0,436000000.0,542000000.0,30.568,2789000000.0
12,HON,MRY,2008-12-31,2008-12-31,2008-12-31,2021-10-22,-3809000000.0,35490000000.0,36073750000.0,13263000000.0,22227000000.0,1.013,9.896,-831000000.0,2065000000.0,2065000000.0,31118000000.0,826000000.0,1.079,3.927,8375000000.0,2510000000.0,5865000000.0,8375000000.0,0.0,903000000.0,0.0,0.034,1.1,1036000000.0,1939000000.0,0.053,1939000000.0,1036000000.0,580000000.0,1.09,1.08,1.09,7187000000.0,9155500000.0,7187000000.0,30745011173.0,30.0,15.856,2960000000.0,4.076,1.0,5438000000.0,0.149,12452000000.0,456000000.0,17059000000.0,18167000000.0,3848000000.0,670000000.0,0.0,670000000.0,28221000000.0,12289000000.0,15932000000.0,23844011173.0,236000000.0,-1272000000.0,-1313000000.0,733000000.0,-811000000.0,-1370000000.0,-2023000000.0,12000000.0,3791000000.0,-162000000.0,806000000.0,806000000.0,806000000.0,0.0,20000000.0,0.022,5130000000.0,308000000.0,3773000000.0,1.009,3.318,29.583,30.119,4934000000.0,0.0,32.83,0.652,0.652,6129000000.0,16250000000.0,36556000000.0,36556000000.0,0.0,0.022,0.088,0.057,0.028,107000000.0,5130000000.0,1.0,726287273.0,726287273.0,,50.333,23038000000.0,3057000000.0,-226000000.0,698000000.0,31.72,974000000.0
13,HON,MRY,2007-12-31,2007-12-31,2007-12-31,2021-10-22,-544000000.0,33805000000.0,32422750000.0,13685000000.0,20120000000.0,1.067,12.349,-669000000.0,1829000000.0,1829000000.0,26300000000.0,2460000000.0,1.146,2.666,7657000000.0,2238000000.0,5419000000.0,7657000000.0,0.0,837000000.0,0.0,0.016,1.0,3777000000.0,4614000000.0,0.133,4614000000.0,3777000000.0,3321000000.0,3.2,3.16,3.2,9222000000.0,8610000000.0,9222000000.0,52044605072.0,14.0,11.28,3242000000.0,4.341,1.0,8289000000.0,0.24,10673000000.0,456000000.0,17019000000.0,16314000000.0,3861000000.0,500000000.0,0.0,500000000.0,24583000000.0,11941000000.0,12642000000.0,45978605072.0,605000000.0,-1099000000.0,-3383000000.0,2490000000.0,-767000000.0,-1574000000.0,-1782000000.0,-14000000.0,3911000000.0,50000000.0,2444000000.0,2444000000.0,2444000000.0,0.0,-16000000.0,0.071,4565000000.0,3724000000.0,3962000000.0,0.312,4.986,18.813,19.241,4985000000.0,0.0,61.57,1.329,1.329,6387000000.0,14273000000.0,34589000000.0,34589000000.0,0.0,0.075,0.284,0.232,0.109,26000000.0,4565000000.0,1.0,746769613.0,746769613.0,,46.318,23132000000.0,1878000000.0,877000000.0,734000000.0,30.976,1744000000.0
14,HON,MRY,2006-12-31,2006-12-31,2006-12-31,2021-10-22,-1307000000.0,30941000000.0,32088750000.0,12304000000.0,18637000000.0,0.978,11.904,-646000000.0,1224000000.0,1224000000.0,24096000000.0,2083000000.0,1.214,2.183,5063000000.0,1154000000.0,3909000000.0,5063000000.0,0.0,794000000.0,0.0,0.02,0.907,3177000000.0,3971000000.0,0.127,3971000000.0,3177000000.0,2803000000.0,2.54,2.52,2.54,9720000000.0,10733000000.0,9720000000.0,40933903262.0,13.0,10.308,2565000000.0,3.141,1.0,7271000000.0,0.232,9650000000.0,374000000.0,14995000000.0,16420750000.0,3588000000.0,382000000.0,0.0,382000000.0,21221000000.0,10135000000.0,11086000000.0,36938903262.0,-10000000.0,32000000.0,-1500000000.0,-436000000.0,-744000000.0,-2649000000.0,-614000000.0,0.0,3211000000.0,42000000.0,2083000000.0,2083000000.0,2083000000.0,-5000000.0,0.0,0.066,4210000000.0,3061000000.0,3518000000.0,0.357,3.8,17.734,17.811,4797000000.0,0.0,45.24,1.178,1.178,5740000000.0,12563000000.0,31367000000.0,31367000000.0,0.0,0.065,0.194,0.193,0.101,46000000.0,4210000000.0,1.0,816509798.0,816509798.0,,38.416,21291000000.0,2290000000.0,720000000.0,352000000.0,26.076,2169000000.0
15,HON,MRY,2005-12-31,2005-12-31,2005-12-31,2021-10-22,-25000000.0,31633000000.0,32766750000.0,11962000000.0,19671000000.0,0.844,12.77,-613000000.0,1234000000.0,1234000000.0,21524000000.0,1638000000.0,1.147,1.939,5106000000.0,2024000000.0,3082000000.0,5106000000.0,0.0,653000000.0,0.0,0.022,0.825,2726000000.0,3379000000.0,0.122,3379000000.0,2726000000.0,2370000000.0,1.93,1.92,1.93,10762000000.0,11271500000.0,10762000000.0,35350774464.0,13.0,10.462,1829000000.0,2.17,1.0,6128000000.0,0.222,8833000000.0,356000000.0,16242000000.0,16931500000.0,3401000000.0,370000000.0,0.0,370000000.0,20871000000.0,10430000000.0,10441000000.0,31392774464.0,-2352000000.0,-1682000000.0,-966000000.0,-1050000000.0,-700000000.0,-2716000000.0,-2010000000.0,285000000.0,2442000000.0,-68000000.0,1638000000.0,1638000000.0,1638000000.0,-95000000.0,0.0,0.059,3707000000.0,2421000000.0,2886000000.0,0.427,2.917,19.165,19.301,4658000000.0,0.0,37.25,1.135,1.135,5017000000.0,11230000000.0,27652000000.0,27652000000.0,0.0,0.05,0.145,0.161,0.099,0.0,3707000000.0,1.0,842759046.0,842759046.0,,32.811,22800000000.0,1973000000.0,732000000.0,334000000.0,27.054,1532000000.0
16,HON,MRY,2004-12-31,2004-12-31,2004-12-31,2021-10-22,138000000.0,31062000000.0,30066750000.0,12820000000.0,18242000000.0,0.851,13.081,-591000000.0,3586000000.0,3586000000.0,20752000000.0,1246000000.0,1.467,1.761,5273000000.0,1204000000.0,4069000000.0,5273000000.0,0.0,614000000.0,0.0,0.021,0.75,1954000000.0,2568000000.0,0.1,2568000000.0,1954000000.0,1623000000.0,1.45,1.45,1.45,11252000000.0,11025000000.0,11252000000.0,32062542542.0,16.0,12.485,1662000000.0,1.932,1.0,4841000000.0,0.189,7254000000.0,331000000.0,16756000000.0,17318000000.0,3160000000.0,542000000.0,0.0,542000000.0,19810000000.0,8739000000.0,11071000000.0,30458542542.0,636000000.0,42000000.0,-650000000.0,70000000.0,-643000000.0,-1223000000.0,-584000000.0,-35000000.0,2253000000.0,190000000.0,1246000000.0,1246000000.0,1246000000.0,0.0,0.0,0.049,3316000000.0,1525000000.0,2564000000.0,0.517,2.707,24.445,24.421,4331000000.0,0.0,35.41,1.19,1.19,4243000000.0,10767000000.0,25593000000.0,25593000000.0,0.0,0.041,0.113,0.113,0.076,0.0,3316000000.0,1.0,860167821.0,860167821.0,,29.753,23808000000.0,1902000000.0,377000000.0,397000000.0,27.678,4081000000.0
17,HON,MRY,2003-12-31,2003-12-31,2003-12-31,2021-10-22,-189000000.0,29314000000.0,28548250000.0,11624000000.0,17690000000.0,0.809,12.446,-618000000.0,2950000000.0,2950000000.0,18235000000.0,1324000000.0,1.721,1.732,5160000000.0,199000000.0,4961000000.0,5160000000.0,0.0,661000000.0,0.0,0.022,0.75,1955000000.0,2616000000.0,0.113,2616000000.0,1955000000.0,1620000000.0,1.54,1.54,1.54,10729000000.0,9894000000.0,10729000000.0,31155358211.0,16.0,11.91,1581000000.0,1.834,1.0,4868000000.0,0.211,6887000000.0,335000000.0,17884000000.0,17559250000.0,3040000000.0,569000000.0,0.0,569000000.0,18585000000.0,6753000000.0,11832000000.0,28818358211.0,929000000.0,-62000000.0,17000000.0,-267000000.0,-645000000.0,-895000000.0,-680000000.0,0.0,2199000000.0,305000000.0,1324000000.0,1324000000.0,1324000000.0,0.0,0.0,0.057,2931000000.0,1937000000.0,2240000000.0,0.487,2.686,21.766,21.708,4295000000.0,0.0,33.43,1.247,1.247,3643000000.0,10129000000.0,23103000000.0,23103000000.0,0.0,0.046,0.134,0.111,0.085,0.0,2950000000.0,1.0,862050799.0,862050799.0,,26.8,22427000000.0,1868000000.0,296000000.0,316000000.0,26.016,4871000000.0
18,HON,MRY,2002-12-31,2002-12-31,2002-12-31,2021-10-22,-1109000000.0,27565000000.0,25272500000.0,10200000000.0,17365000000.0,0.881,10.87,-630000000.0,2021000000.0,2021000000.0,17615000000.0,-220000000.0,1.526,2.089,5089000000.0,370000000.0,4719000000.0,5089000000.0,0.0,730000000.0,0.0,0.031,0.75,-601000000.0,129000000.0,0.006,129000000.0,-601000000.0,-945000000.0,-0.27,-0.27,-0.27,8925000000.0,9712750000.0,8925000000.0,22591219152.0,-38.0,175.126,1750000000.0,2.131,1.0,4659000000.0,0.209,6772000000.0,344000000.0,17176000000.0,15965250000.0,2953000000.0,624000000.0,0.0,624000000.0,18640000000.0,6685000000.0,11955000000.0,19705219152.0,628000000.0,-337000000.0,41000000.0,-320000000.0,-614000000.0,-932000000.0,-870000000.0,97000000.0,2380000000.0,50000000.0,-220000000.0,-220000000.0,-220000000.0,0.0,0.0,-0.01,5302000000.0,-643000000.0,1912000000.0,-2.778,2.208,-89.569,-88.889,4055000000.0,0.0,24.0,0.885,0.885,3264000000.0,9450000000.0,22274000000.0,22274000000.0,0.0,-0.009,-0.023,-0.038,-0.027,0.0,2757000000.0,1.0,821050798.0,821050798.0,,27.129,20793000000.0,2268000000.0,-725000000.0,186000000.0,25.325,3515000000.0
19,HON,MRY,2001-12-31,2001-12-31,2001-12-31,2021-10-22,-835000000.0,24226000000.0,24820250000.0,9894000000.0,14332000000.0,0.953,11.277,-830000000.0,1393000000.0,1393000000.0,20125000000.0,-99000000.0,1.591,1.642,5270000000.0,539000000.0,4731000000.0,5270000000.0,0.0,724000000.0,0.0,0.022,0.75,-17000000.0,707000000.0,0.03,707000000.0,-17000000.0,-422000000.0,-0.12,-0.12,-0.12,9170000000.0,9383500000.0,9170000000.0,31661044844.0,-1862.0,44.782,1166000000.0,1.434,1.0,3527000000.0,0.149,6356000000.0,405000000.0,15527000000.0,15732500000.0,3355000000.0,466000000.0,0.0,466000000.0,15056000000.0,6220000000.0,8836000000.0,27502044844.0,197000000.0,-78000000.0,49000000.0,-324000000.0,-609000000.0,-884000000.0,-906000000.0,2000000.0,1996000000.0,-9000000.0,-99000000.0,-99000000.0,-99000000.0,0.0,0.0,-0.004,3351000000.0,176000000.0,1862000000.0,-6.25,2.999,-277.798,-281.833,4933000000.0,0.0,33.82,1.163,1.163,3440000000.0,10284000000.0,23652000000.0,23652000000.0,0.0,-0.004,-0.011,-0.001,-0.001,0.0,3064000000.0,1.0,813188789.0,813188789.0,,29.085,17870000000.0,1117000000.0,-323000000.0,875000000.0,21.975,3674000000.0
20,HON,MRY,2000-12-31,2000-12-31,2000-12-31,2021-10-22,-729000000.0,25175000000.0,25216250000.0,10661000000.0,14514000000.0,0.992,12.172,-726000000.0,1196000000.0,1196000000.0,18673000000.0,1659000000.0,1.478,1.593,5623000000.0,1682000000.0,3941000000.0,5623000000.0,0.0,791000000.0,0.0,0.016,0.75,2879000000.0,3670000000.0,0.147,3670000000.0,2879000000.0,2398000000.0,2.07,2.05,2.07,9707000000.0,9360000000.0,9707000000.0,42658062376.0,15.0,11.623,1263000000.0,1.584,1.0,6350000000.0,0.254,6444000000.0,481000000.0,15944000000.0,15959750000.0,3734000000.0,748000000.0,0.0,748000000.0,15468000000.0,7214000000.0,8254000000.0,37729062376.0,-795000000.0,-2056000000.0,130000000.0,399000000.0,-599000000.0,-70000000.0,-2714000000.0,68000000.0,1989000000.0,0.0,1659000000.0,1659000000.0,1659000000.0,0.0,0.0,0.066,3382000000.0,2968000000.0,2364000000.0,0.362,3.887,22.742,22.855,5230000000.0,0.0,47.31,1.508,1.508,4623000000.0,10992000000.0,25023000000.0,25023000000.0,0.0,0.066,0.177,0.18,0.115,0.0,3134000000.0,1.0,797485994.0,797485994.0,,31.377,18731000000.0,0.0,739000000.0,1173000000.0,23.488,3447000000.0
21,HON,MRY,1999-12-31,1999-12-31,1999-12-31,2021-10-22,-355000000.0,23527000000.0,16987250000.0,10422000000.0,13105000000.0,1.397,15.561,-919000000.0,1991000000.0,1991000000.0,18495000000.0,1541000000.0,1.26,1.736,5066000000.0,2609000000.0,2457000000.0,5066000000.0,0.0,881000000.0,0.0,0.012,0.68,2513000000.0,3394000000.0,0.143,3394000000.0,2513000000.0,2248000000.0,1.95,1.9,1.95,8599000000.0,6086250000.0,8599000000.0,33951573958.0,14.0,10.003,1455000000.0,2.633,1.0,5240000000.0,0.221,4660000000.0,265000000.0,13670000000.0,10477750000.0,3436000000.0,782000000.0,0.0,782000000.0,14928000000.0,8272000000.0,6656000000.0,31879573958.0,973000000.0,637000000.0,-639000000.0,56000000.0,-527000000.0,-1110000000.0,-291000000.0,-9000000.0,2374000000.0,0.0,1541000000.0,1541000000.0,1541000000.0,0.0,0.0,0.065,2909000000.0,2331000000.0,2129000000.0,0.349,3.707,20.688,29.585,5630000000.0,0.0,57.69,1.343,1.343,3896000000.0,9932000000.0,23735000000.0,23735000000.0,0.0,0.091,0.253,0.24,0.106,0.0,3216000000.0,1.0,552601386.0,552601386.0,,42.951,18867000000.0,0.0,707000000.0,864000000.0,34.142,2150000000.0
22,HON,MRY,1998-12-31,1998-12-31,1998-12-31,2021-10-22,-94000000.0,22738000000.0,16066750000.0,9354000000.0,13384000000.0,1.466,14.433,-887000000.0,1018000000.0,1018000000.0,17689000000.0,1903000000.0,1.224,1.813,4966000000.0,2190000000.0,2776000000.0,4966000000.0,0.0,897000000.0,0.0,0.014,0.6,3047000000.0,3944000000.0,0.167,3944000000.0,3047000000.0,2772000000.0,2.38,2.34,2.38,8083000000.0,5677250000.0,8083000000.0,26708819045.0,9.0,6.772,1087000000.0,1.941,1.0,5866000000.0,0.249,4365000000.0,275000000.0,14676000000.0,10388250000.0,3456000000.0,1792000000.0,0.0,1792000000.0,14655000000.0,7645000000.0,7010000000.0,24815819045.0,273000000.0,-1136000000.0,-873000000.0,1246000000.0,-481000000.0,-108000000.0,-1593000000.0,430000000.0,1974000000.0,0.0,1903000000.0,1903000000.0,1903000000.0,0.0,0.0,0.081,2981000000.0,2885000000.0,2018000000.0,0.252,3.07,13.04,18.618,5600000000.0,0.0,44.31,1.054,1.054,3899000000.0,8918000000.0,23555000000.0,23555000000.0,0.0,0.118,0.335,0.293,0.129,0.0,3008000000.0,1.0,560050080.0,560050080.0,,42.059,18373000000.0,0.0,869000000.0,861000000.0,32.806,1709000000.0
23,HON,MRY,1997-12-31,1997-12-31,1997-12-31,2021-10-22,-179000000.0,13707000000.0,13102750000.0,5573000000.0,8134000000.0,1.717,7.775,-866000000.0,611000000.0,611000000.0,17444000000.0,1641000000.0,1.256,2.125,2307000000.0,1092000000.0,1215000000.0,2307000000.0,0.0,888000000.0,0.0,0.013,0.52,2696000000.0,3584000000.0,0.159,3584000000.0,2696000000.0,2419000000.0,2.04,2.0,2.04,4386000000.0,4336750000.0,4386000000.0,23774107431.0,9.0,6.633,1068000000.0,1.893,1.0,5055000000.0,0.225,2426000000.0,277000000.0,8541000000.0,8681500000.0,2093000000.0,910000000.0,430000000.0,480000000.0,9321000000.0,4436000000.0,4885000000.0,21893107431.0,-847000000.0,-1020000000.0,-745000000.0,437000000.0,-434000000.0,-785000000.0,-1996000000.0,-135000000.0,1934000000.0,0.0,1641000000.0,1641000000.0,1641000000.0,0.0,0.0,0.073,2853000000.0,2202000000.0,1345000000.0,0.255,4.992,13.341,19.025,4251000000.0,0.0,38.81,0.973,0.973,1886000000.0,4089000000.0,22499000000.0,22499000000.0,0.0,0.125,0.378,0.311,0.12,0.0,2940000000.0,1.0,564109957.0,564109957.0,,39.884,11281000000.0,0.0,778000000.0,694000000.0,19.998,1137000000.0
24,HON,MRY,1996-12-31,1996-12-31,1996-12-31,2021-10-22,14000000.0,12829000000.0,12647000000.0,5839000000.0,6990000000.0,1.105,7.39,-678000000.0,1465000000.0,1465000000.0,11606000000.0,1020000000.0,1.58,2.069,1931000000.0,614000000.0,1317000000.0,1931000000.0,0.0,602000000.0,0.0,0.013,0.45,1739000000.0,2341000000.0,0.168,2341000000.0,1739000000.0,1553000000.0,1.8,1.76,1.8,4180000000.0,3886000000.0,4180000000.0,,,,518000000.0,0.916,1.0,2365000000.0,0.169,1418000000.0,186000000.0,8181000000.0,8370000000.0,1946000000.0,774000000.0,301000000.0,473000000.0,8649000000.0,3696000000.0,4953000000.0,18948579875.0,925000000.0,1244000000.0,-262000000.0,-20000000.0,-262000000.0,-544000000.0,273000000.0,-293000000.0,1196000000.0,0.0,1020000000.0,1020000000.0,1020000000.0,0.0,0.0,0.073,856000000.0,1509000000.0,1187000000.0,0.25,4.533,18.577,18.611,4219000000.0,0.0,33.5,1.356,1.356,1661000000.0,3214000000.0,13971000000.0,13971000000.0,0.0,0.081,0.262,0.208,0.124,0.0,1511000000.0,1.0,565629250.0,565629250.0,,24.7,11411000000.0,0.0,533000000.0,610000000.0,20.174,2143000000.0
25,HON,MRY,1995-12-31,1995-12-31,1995-12-31,2021-10-22,88000000.0,12465000000.0,,4890000000.0,7575000000.0,,,-700000000.0,540000000.0,540000000.0,11654000000.0,875000000.0,1.285,2.47,2010000000.0,644000000.0,1366000000.0,2010000000.0,0.0,612000000.0,0.0,0.016,0.39,1429000000.0,2041000000.0,0.142,2041000000.0,1429000000.0,1261000000.0,1.54,1.52,1.54,3592000000.0,,3592000000.0,,,,516000000.0,,1.0,2692000000.0,0.188,1572000000.0,168000000.0,8559000000.0,,1991000000.0,479000000.0,0.0,479000000.0,8873000000.0,3804000000.0,5069000000.0,,32000000.0,-427000000.0,-135000000.0,272000000.0,-217000000.0,-80000000.0,-1104000000.0,-4000000.0,1216000000.0,0.0,875000000.0,875000000.0,875000000.0,0.0,0.0,0.061,1503000000.0,1189000000.0,1385000000.0,0.253,,,15.422,4742000000.0,0.0,23.75,,,1751000000.0,2315000000.0,14346000000.0,14346000000.0,0.0,,,,0.1,0.0,1503000000.0,1.0,,,,,10893000000.0,0.0,386000000.0,551000000.0,,1086000000.0
26,HON,MRY,1994-12-31,1994-12-31,1994-12-31,2021-10-22,,,,,,,,-585000000.0,,,,,,,,,,,,560000000.0,,0.019,0.325,,,,,,,,,,,,,,,,458000000.0,,1.0,,,,,,,,,,,,,,,-384000000.0,-401000000.0,-67000000.0,-308000000.0,-180000000.0,-555000000.0,-872000000.0,82000000.0,1043000000.0,0.0,,,,,,,,,,,,,,,,17.0,,,,,,,,,,,,0.0,,1.0,,,,,,,,,,
0,HON,MRQ,2021-09-30,2021-09-30,2021-09-30,2021-10-22,-3193000000.0,64191000000.0,,26033000000.0,38158000000.0,,25.843,-204000000.0,11087000000.0,11087000000.0,5746000000.0,1273000000.0,1.288,2.583,21249000000.0,6903000000.0,14346000000.0,21249000000.0,0.0,308000000.0,0.0,0.018,0.93,1774000000.0,2082000000.0,0.246,2082000000.0,1774000000.0,1684000000.0,1.82,1.8,1.82,17842000000.0,,17842000000.0,156486955974.0,21.0,18.148,915000000.0,1.325,1.0,2727000000.0,0.322,20600000000.0,90000000.0,33546000000.0,,4967000000.0,2292000000.0,1049000000.0,1243000000.0,46077000000.0,20207000000.0,25870000000.0,146557955974.0,-340000000.0,6000000.0,-593000000.0,-38000000.0,-646000000.0,-1318000000.0,-104000000.0,94000000.0,1119000000.0,-37000000.0,1257000000.0,1257000000.0,1257000000.0,0.0,16000000.0,0.148,1152000000.0,1575000000.0,6116000000.0,0.511,8.214,26.778,26.973,5514000000.0,0.0,212.28,4.231,4.231,7239000000.0,42079000000.0,8473000000.0,8473000000.0,0.0,,,,,56000000.0,1152000000.0,1.0,690399265.0,690399265.0,,12.273,43591000000.0,760000000.0,427000000.0,2372000000.0,63.139,5826000000.0
1,HON,MRQ,2021-06-30,2021-06-30,2021-06-30,2021-10-22,-3075000000.0,63945000000.0,,25652000000.0,38293000000.0,,25.827,-185000000.0,11427000000.0,11427000000.0,6003000000.0,1447000000.0,1.414,2.55,21356000000.0,5218000000.0,16138000000.0,21356000000.0,0.0,284000000.0,0.0,0.017,0.93,1947000000.0,2231000000.0,0.253,2231000000.0,1947000000.0,1864000000.0,2.06,2.04,2.06,17938000000.0,,17938000000.0,161959771518.0,24.0,20.189,1093000000.0,1.574,1.0,2805000000.0,0.318,20883000000.0,83000000.0,34848000000.0,,4723000000.0,2249000000.0,891000000.0,1358000000.0,45743000000.0,18143000000.0,27600000000.0,152350771518.0,-291000000.0,351000000.0,-980000000.0,-13000000.0,-664000000.0,-1660000000.0,61000000.0,-105000000.0,1278000000.0,30000000.0,1430000000.0,1430000000.0,1430000000.0,0.0,17000000.0,0.162,1207000000.0,1598000000.0,6139000000.0,0.451,8.493,30.629,30.764,5520000000.0,0.0,219.35,4.486,4.486,6947000000.0,41467000000.0,8808000000.0,8808000000.0,0.0,,,,,39000000.0,1207000000.0,1.0,694555603.0,694555603.0,,12.681,43062000000.0,762000000.0,434000000.0,2302000000.0,61.999,7509000000.0
2,HON,MRQ,2021-03-31,2021-03-31,2021-03-31,2021-10-22,-3184000000.0,63561000000.0,,25587000000.0,37974000000.0,,25.86,-207000000.0,11718000000.0,11718000000.0,5709000000.0,1448000000.0,1.425,2.519,21327000000.0,5203000000.0,16124000000.0,21327000000.0,0.0,341000000.0,0.0,0.017,0.93,1930000000.0,2271000000.0,0.269,2271000000.0,1930000000.0,1840000000.0,2.05,2.03,2.05,17986000000.0,,17986000000.0,159081436584.0,26.0,21.697,771000000.0,1.109,1.0,2745000000.0,0.325,20780000000.0,90000000.0,34440000000.0,,4607000000.0,1688000000.0,942000000.0,746000000.0,45309000000.0,17950000000.0,27359000000.0,150972436584.0,-2557000000.0,-1113000000.0,-755000000.0,-792000000.0,-640000000.0,-2217000000.0,-1304000000.0,16000000.0,978000000.0,-14000000.0,1427000000.0,1427000000.0,1427000000.0,0.0,21000000.0,0.169,1236000000.0,1509000000.0,5792000000.0,0.454,8.394,32.643,32.84,5547000000.0,0.0,217.07,4.627,4.627,6675000000.0,40682000000.0,8454000000.0,8454000000.0,0.0,,,,,77000000.0,1236000000.0,1.0,695501159.0,695501159.0,,12.155,42781000000.0,762000000.0,413000000.0,2309000000.0,61.511,7637000000.0
3,HON,MRQ,2020-12-31,2020-12-31,2020-12-31,2021-10-22,-3377000000.0,64586000000.0,,28175000000.0,36411000000.0,,25.01,-251000000.0,14275000000.0,14275000000.0,5976000000.0,1379000000.0,1.468,2.667,22384000000.0,6042000000.0,16342000000.0,22384000000.0,0.0,254000000.0,0.0,0.017,0.93,1785000000.0,2039000000.0,0.229,2039000000.0,1785000000.0,1690000000.0,1.94,1.91,1.94,17549000000.0,,17549000000.0,157434562854.0,25.0,21.605,2531000000.0,3.607,1.0,2924000000.0,0.329,19618000000.0,95000000.0,33880000000.0,,4489000000.0,1630000000.0,945000000.0,685000000.0,46796000000.0,19197000000.0,27599000000.0,149248562854.0,239000000.0,-261000000.0,-1335000000.0,-42000000.0,-671000000.0,-2053000000.0,-577000000.0,-65000000.0,2782000000.0,87000000.0,1359000000.0,1359000000.0,1359000000.0,0.0,20000000.0,0.153,1248000000.0,1676000000.0,5750000000.0,0.479,8.505,31.23,31.325,5570000000.0,0.0,212.7,4.573,4.573,6827000000.0,39905000000.0,8900000000.0,8900000000.0,0.0,,,,,50000000.0,1248000000.0,1.0,701685768.0,701685768.0,,12.684,44968000000.0,760000000.0,331000000.0,2113000000.0,64.086,8978000000.0
4,HON,MRQ,2020-09-30,2020-09-30,2020-09-30,2021-10-22,-3436000000.0,63459000000.0,,28200000000.0,35259000000.0,,25.754,-239000000.0,14036000000.0,14036000000.0,5383000000.0,781000000.0,1.641,2.498,22222000000.0,4535000000.0,17687000000.0,22222000000.0,0.0,255000000.0,0.0,0.022,0.9,1226000000.0,1481000000.0,0.19,1481000000.0,1226000000.0,1125000000.0,1.08,1.07,1.08,18074000000.0,,18074000000.0,123831526791.0,20.0,16.852,768000000.0,1.094,1.0,2414000000.0,0.31,19160000000.0,101000000.0,35301000000.0,,4705000000.0,1645000000.0,972000000.0,673000000.0,45146000000.0,17184000000.0,27962000000.0,115520526791.0,258000000.0,0.0,-98000000.0,-21000000.0,-636000000.0,-769000000.0,-52000000.0,187000000.0,1007000000.0,72000000.0,758000000.0,758000000.0,758000000.0,0.0,23000000.0,0.097,1103000000.0,1311000000.0,5270000000.0,0.833,6.392,23.188,23.382,5419000000.0,0.0,164.61,3.476,3.476,6878000000.0,39203000000.0,7797000000.0,7797000000.0,0.0,,,,,40000000.0,1103000000.0,1.0,701783165.0,701783165.0,,11.11,44299000000.0,154000000.0,367000000.0,1474000000.0,63.123,11016000000.0
5,HON,MRQ,2020-06-30,2020-06-30,2020-06-30,2021-10-22,-3310000000.0,63604000000.0,,28321000000.0,35283000000.0,,25.856,-227000000.0,13778000000.0,13778000000.0,5276000000.0,1099000000.0,1.633,2.493,22089000000.0,4498000000.0,17591000000.0,22089000000.0,0.0,250000000.0,0.0,0.024,0.9,1291000000.0,1541000000.0,0.206,1541000000.0,1291000000.0,1201000000.0,1.54,1.53,1.54,18147000000.0,,18147000000.0,109871171378.0,15.0,13.45,1253000000.0,1.785,1.0,2201000000.0,0.294,19069000000.0,90000000.0,35505000000.0,,4753000000.0,1975000000.0,1349000000.0,626000000.0,45238000000.0,17341000000.0,27897000000.0,101480171378.0,6057000000.0,0.0,-31000000.0,5870000000.0,-650000000.0,5187000000.0,-708000000.0,-481000000.0,1480000000.0,98000000.0,1081000000.0,1081000000.0,1081000000.0,0.0,18000000.0,0.145,1183000000.0,1018000000.0,5366000000.0,0.584,5.592,17.353,17.59,5327000000.0,0.0,144.59,2.94,2.94,6717000000.0,39080000000.0,7477000000.0,7477000000.0,0.0,,,,,34000000.0,1183000000.0,1.0,701847786.0,701847786.0,,10.653,44535000000.0,106000000.0,120000000.0,1461000000.0,63.454,10980000000.0
6,HON,MRQ,2020-03-31,2020-03-31,2020-03-31,2021-10-22,-3353000000.0,57422000000.0,,22613000000.0,34809000000.0,,24.76,-132000000.0,7721000000.0,7721000000.0,5534000000.0,1606000000.0,1.301,2.242,16112000000.0,4570000000.0,11542000000.0,16112000000.0,0.0,243000000.0,0.0,0.026,0.9,1983000000.0,2226000000.0,0.263,2226000000.0,1983000000.0,1910000000.0,2.23,2.21,2.23,17644000000.0,,17644000000.0,102273727643.0,13.0,11.395,807000000.0,1.132,1.0,2929000000.0,0.346,18862000000.0,73000000.0,29574000000.0,,4584000000.0,1683000000.0,1070000000.0,613000000.0,39557000000.0,17377000000.0,22180000000.0,95338727643.0,-1346000000.0,0.0,-1857000000.0,84000000.0,-635000000.0,-2446000000.0,350000000.0,482000000.0,939000000.0,-189000000.0,1581000000.0,1581000000.0,1581000000.0,0.0,25000000.0,0.187,1238000000.0,1691000000.0,5676000000.0,0.404,5.403,15.114,15.186,5214000000.0,0.0,133.79,2.627,2.627,7452000000.0,38635000000.0,8463000000.0,8463000000.0,0.0,,,,,44000000.0,1238000000.0,1.0,712599803.0,712599803.0,,11.876,38560000000.0,71000000.0,329000000.0,1670000000.0,54.112,5236000000.0
7,HON,MRQ,2019-12-31,2019-12-31,2019-12-31,2021-10-22,-3197000000.0,58679000000.0,,24303000000.0,34376000000.0,,25.883,-333000000.0,9067000000.0,9067000000.0,6328000000.0,1590000000.0,1.343,2.161,16002000000.0,4892000000.0,11110000000.0,16002000000.0,0.0,269000000.0,0.0,0.019,0.9,1831000000.0,2100000000.0,0.221,2100000000.0,1831000000.0,1740000000.0,2.19,2.16,2.19,18494000000.0,,18494000000.0,134175429323.0,17.0,15.047,2281000000.0,3.192,1.0,3168000000.0,0.334,19297000000.0,91000000.0,28219000000.0,,4421000000.0,1937000000.0,1349000000.0,588000000.0,39973000000.0,18098000000.0,21875000000.0,126472429323.0,-1841000000.0,-50000000.0,-677000000.0,-2781000000.0,-644000000.0,-4109000000.0,-411000000.0,-32000000.0,2614000000.0,65000000.0,1562000000.0,1562000000.0,1562000000.0,0.0,28000000.0,0.164,1473000000.0,1695000000.0,5730000000.0,0.411,6.839,20.588,20.775,5325000000.0,0.0,177.0,3.445,3.445,7493000000.0,37693000000.0,9496000000.0,9496000000.0,0.0,,,,,41000000.0,1473000000.0,1.0,714533499.0,714533499.0,,13.29,39382000000.0,86000000.0,178000000.0,1670000000.0,55.116,6205000000.0
8,HON,MRQ,2019-09-30,2019-09-30,2019-09-30,2021-10-22,-3295000000.0,60104000000.0,,26188000000.0,33916000000.0,,25.169,-161000000.0,10908000000.0,10908000000.0,6038000000.0,1648000000.0,1.315,2.308,18611000000.0,7510000000.0,11101000000.0,18611000000.0,0.0,263000000.0,0.0,0.019,0.82,2039000000.0,2302000000.0,0.253,2302000000.0,2039000000.0,1943000000.0,2.26,2.23,2.26,18109000000.0,,18109000000.0,129698760876.0,17.0,14.635,1310000000.0,1.821,1.0,3048000000.0,0.335,19213000000.0,96000000.0,28679000000.0,,4601000000.0,2087000000.0,1456000000.0,631000000.0,41798000000.0,19915000000.0,21883000000.0,121740760876.0,2683000000.0,0.0,-953000000.0,2660000000.0,-595000000.0,1072000000.0,221000000.0,386000000.0,1471000000.0,-81000000.0,1624000000.0,1624000000.0,1624000000.0,0.0,24000000.0,0.179,1296000000.0,1752000000.0,5522000000.0,0.363,6.723,19.318,19.516,5240000000.0,0.0,169.2,3.295,3.295,7583000000.0,36775000000.0,9086000000.0,9086000000.0,0.0,,,,,37000000.0,1296000000.0,1.0,719508043.0,719508043.0,,12.628,40891000000.0,241000000.0,319000000.0,1366000000.0,56.832,6273000000.0
9,HON,MRQ,2019-06-30,2019-06-30,2019-06-30,2021-10-22,-3453000000.0,57750000000.0,,23768000000.0,33982000000.0,,24.555,-163000000.0,8225000000.0,8225000000.0,6094000000.0,1556000000.0,1.195,2.221,16183000000.0,7575000000.0,8608000000.0,16183000000.0,0.0,295000000.0,0.0,0.018,0.82,2052000000.0,2347000000.0,0.254,2347000000.0,2052000000.0,1967000000.0,2.13,2.1,2.13,17870000000.0,,17870000000.0,134543481891.0,17.0,15.315,1515000000.0,2.082,1.0,3149000000.0,0.341,19506000000.0,85000000.0,26308000000.0,,4600000000.0,2465000000.0,1718000000.0,747000000.0,39690000000.0,19894000000.0,19796000000.0,127056481891.0,-400000000.0,0.0,-1667000000.0,-62000000.0,-597000000.0,-2328000000.0,266000000.0,429000000.0,1678000000.0,-16000000.0,1541000000.0,1541000000.0,1541000000.0,0.0,15000000.0,0.167,1387000000.0,1762000000.0,5602000000.0,0.385,7.11,18.11,18.263,5260000000.0,0.0,174.59,3.29,3.29,7407000000.0,35741000000.0,9243000000.0,9243000000.0,0.0,,,,,34000000.0,1387000000.0,1.0,727742035.0,727742035.0,,12.701,38244000000.0,259000000.0,426000000.0,1722000000.0,52.552,3874000000.0
10,HON,MRQ,2019-03-31,2019-03-31,2019-03-31,2021-10-22,-3245000000.0,58560000000.0,,24334000000.0,34226000000.0,,25.74,-139000000.0,8625000000.0,8625000000.0,5879000000.0,1436000000.0,1.242,2.11,16112000000.0,7514000000.0,8598000000.0,16112000000.0,0.0,261000000.0,0.0,0.02,0.82,1907000000.0,2168000000.0,0.244,2168000000.0,1907000000.0,1822000000.0,1.94,1.92,1.94,18767000000.0,,18767000000.0,122793329639.0,16.0,13.944,995000000.0,1.365,1.0,3005000000.0,0.338,19594000000.0,85000000.0,26860000000.0,,4548000000.0,2806000000.0,2059000000.0,747000000.0,39604000000.0,19593000000.0,20011000000.0,115866329639.0,-662000000.0,0.0,-605000000.0,6000000.0,-606000000.0,-1235000000.0,-609000000.0,-470000000.0,1134000000.0,48000000.0,1416000000.0,1416000000.0,1416000000.0,0.0,20000000.0,0.159,1363000000.0,1642000000.0,5582000000.0,0.423,6.174,17.186,17.406,5276000000.0,0.0,158.92,2.876,2.876,7307000000.0,34794000000.0,8884000000.0,8884000000.0,0.0,,,,,41000000.0,1363000000.0,1.0,729085890.0,729085890.0,,12.185,38966000000.0,362000000.0,406000000.0,1850000000.0,53.445,4741000000.0
11,HON,MRQ,2018-12-31,2018-12-31,2018-12-31,2021-10-22,-3437000000.0,57773000000.0,,24362000000.0,33411000000.0,,24.558,-295000000.0,9287000000.0,9287000000.0,6685000000.0,1740000000.0,1.287,2.168,16214000000.0,6458000000.0,9756000000.0,16214000000.0,0.0,254000000.0,0.0,0.023,0.82,1791000000.0,2045000000.0,0.21,2045000000.0,1791000000.0,1701000000.0,2.34,2.31,2.34,18180000000.0,,18180000000.0,106254890592.0,14.0,11.929,1264000000.0,1.707,1.0,3044000000.0,0.313,19685000000.0,90000000.0,26091000000.0,,4326000000.0,2365000000.0,1623000000.0,742000000.0,39415000000.0,18924000000.0,20491000000.0,97806890592.0,-516000000.0,-484000000.0,-1667000000.0,-377000000.0,-603000000.0,-1630000000.0,-406000000.0,623000000.0,1559000000.0,-39000000.0,1721000000.0,1721000000.0,1721000000.0,0.0,19000000.0,0.177,1524000000.0,1520000000.0,5607000000.0,0.35,5.38,14.458,14.519,5296000000.0,0.0,132.12,2.34,2.34,7508000000.0,33978000000.0,9729000000.0,9729000000.0,0.0,,,,,44000000.0,1524000000.0,1.0,740288303.0,740288303.0,,13.142,38088000000.0,382000000.0,-20000000.0,1713000000.0,51.45,5438000000.0
12,HON,MRQ,2018-09-30,2018-09-30,2018-09-30,2021-10-22,-2125000000.0,61927000000.0,,26628000000.0,35299000000.0,,24.561,-182000000.0,9803000000.0,9803000000.0,7556000000.0,2356000000.0,1.488,2.386,18251000000.0,4192000000.0,14059000000.0,18251000000.0,0.0,286000000.0,0.0,0.018,0.745,1939000000.0,2225000000.0,0.207,2225000000.0,1939000000.0,1840000000.0,3.15,3.11,3.15,18239000000.0,,18239000000.0,132572391693.0,17.0,14.928,1696000000.0,2.284,1.0,3206000000.0,0.298,22388000000.0,99000000.0,30087000000.0,,5061000000.0,2604000000.0,1850000000.0,754000000.0,43511000000.0,17900000000.0,25611000000.0,123570391693.0,1721000000.0,-51000000.0,-489000000.0,-455000000.0,-553000000.0,84000000.0,-172000000.0,31000000.0,1878000000.0,-69000000.0,2338000000.0,2338000000.0,2338000000.0,0.0,18000000.0,0.217,1524000000.0,1682000000.0,7050000000.0,0.237,6.775,48.939,47.954,5966000000.0,0.0,166.4,2.879,2.879,8568000000.0,31110000000.0,10762000000.0,10762000000.0,0.0,,,,,41000000.0,1524000000.0,1.0,742610527.0,742610527.0,,14.492,39539000000.0,376000000.0,-498000000.0,1905000000.0,53.243,8728000000.0
13,HON,MRQ,2018-06-30,2018-06-30,2018-06-30,2021-10-22,-2222000000.0,59860000000.0,,24779000000.0,35081000000.0,,23.563,-198000000.0,8082000000.0,8082000000.0,7614000000.0,1280000000.0,1.375,2.391,17084000000.0,4580000000.0,12504000000.0,17084000000.0,0.0,288000000.0,0.0,0.02,0.745,2080000000.0,2368000000.0,0.217,2368000000.0,2080000000.0,1985000000.0,1.7,1.68,1.7,17600000000.0,,17600000000.0,117985242300.0,15.0,13.433,1663000000.0,2.226,1.0,3305000000.0,0.303,22398000000.0,95000000.0,28446000000.0,,4792000000.0,2665000000.0,1768000000.0,897000000.0,42087000000.0,18018000000.0,24069000000.0,107595242300.0,185000000.0,0.0,-697000000.0,-779000000.0,-560000000.0,-2038000000.0,611000000.0,466000000.0,1861000000.0,-249000000.0,1267000000.0,1267000000.0,1267000000.0,0.0,13000000.0,0.116,1528000000.0,1777000000.0,6808000000.0,0.438,6.113,70.232,69.255,5968000000.0,0.0,144.05,2.545,2.545,8600000000.0,30104000000.0,10919000000.0,10919000000.0,0.0,,,,,38000000.0,1528000000.0,1.0,746929832.0,746929832.0,,14.619,37462000000.0,355000000.0,718000000.0,2751000000.0,50.155,6761000000.0
14,HON,MRQ,2018-03-31,2018-03-31,2018-03-31,2021-10-22,-2174000000.0,60948000000.0,,25587000000.0,35361000000.0,,23.398,-138000000.0,7897000000.0,7897000000.0,7191000000.0,1452000000.0,1.364,2.454,18287000000.0,5549000000.0,12738000000.0,18287000000.0,0.0,288000000.0,0.0,0.02,0.745,1981000000.0,2269000000.0,0.218,2269000000.0,1981000000.0,1898000000.0,1.92,1.89,1.92,17595000000.0,,17595000000.0,119494813789.0,16.0,13.992,998000000.0,1.327,1.0,3201000000.0,0.308,22982000000.0,83000000.0,29601000000.0,,4766000000.0,3120000000.0,2383000000.0,737000000.0,43174000000.0,18755000000.0,24419000000.0,108671813789.0,838000000.0,0.0,-880000000.0,104000000.0,-556000000.0,-1448000000.0,994000000.0,1255000000.0,1136000000.0,156000000.0,1439000000.0,1439000000.0,1439000000.0,0.0,13000000.0,0.138,1475000000.0,1726000000.0,6641000000.0,0.388,6.176,65.583,65.686,6083000000.0,0.0,144.51,2.623,2.623,8778000000.0,29395000000.0,10392000000.0,10392000000.0,0.0,,,,,52000000.0,1475000000.0,1.0,752002033.0,752002033.0,,13.819,37966000000.0,402000000.0,459000000.0,2782000000.0,50.487,6832000000.0
15,HON,MRQ,2017-12-31,2017-12-31,2017-12-31,2021-10-22,-2235000000.0,59470000000.0,,26002000000.0,33468000000.0,,21.661,-378000000.0,7059000000.0,7059000000.0,7540000000.0,-2507000000.0,1.379,2.594,17882000000.0,5309000000.0,12573000000.0,17882000000.0,0.0,283000000.0,0.0,0.018,0.745,1736000000.0,2019000000.0,0.186,2019000000.0,1736000000.0,1655000000.0,-3.3,-3.26,-3.3,16502000000.0,,16502000000.0,126227140467.0,17.0,15.139,1794000000.0,2.355,1.0,3303000000.0,0.305,22773000000.0,81000000.0,28659000000.0,,4613000000.0,4425000000.0,3758000000.0,667000000.0,42805000000.0,18861000000.0,23944000000.0,116833140467.0,-330000000.0,-10000000.0,-1497000000.0,945000000.0,-565000000.0,-1129000000.0,-1383000000.0,-973000000.0,2172000000.0,10000000.0,-2519000000.0,-2519000000.0,-2519000000.0,0.0,12000000.0,-0.232,1684000000.0,1619000000.0,6584000000.0,-0.226,7.08,75.62,75.547,5926000000.0,0.0,153.36,2.882,2.882,8866000000.0,27481000000.0,10843000000.0,10843000000.0,0.0,,,,,43000000.0,1684000000.0,1.0,761822773.0,761822773.0,,14.233,36697000000.0,251000000.0,4174000000.0,2664000000.0,48.17,7141000000.0
16,HON,MRQ,2017-09-30,2017-09-30,2017-09-30,2021-10-22,-2840000000.0,56768000000.0,,24644000000.0,32124000000.0,,27.708,-191000000.0,7389000000.0,7389000000.0,7054000000.0,1362000000.0,1.352,1.686,16783000000.0,5330000000.0,11453000000.0,16783000000.0,0.0,285000000.0,0.0,0.019,0.665,1842000000.0,2127000000.0,0.21,2127000000.0,1842000000.0,1761000000.0,1.76,1.74,1.76,21074000000.0,,21074000000.0,116436074014.0,17.0,14.401,1216000000.0,1.599,1.0,3067000000.0,0.303,22855000000.0,81000000.0,25082000000.0,,4751000000.0,3424000000.0,2781000000.0,643000000.0,35540000000.0,18225000000.0,17315000000.0,107803074014.0,-488000000.0,-57000000.0,-256000000.0,-17000000.0,-505000000.0,-804000000.0,-1199000000.0,-868000000.0,1407000000.0,108000000.0,1345000000.0,1345000000.0,1345000000.0,0.0,17000000.0,0.133,1524000000.0,1543000000.0,6061000000.0,0.378,5.115,21.138,21.187,5757000000.0,0.0,141.74,2.717,2.717,8587000000.0,31247000000.0,10121000000.0,10121000000.0,0.0,,,,,39000000.0,1524000000.0,1.0,760569169.0,760569169.0,,13.307,33913000000.0,264000000.0,416000000.0,300000000.0,44.589,6419000000.0
17,HON,MRQ,2017-06-30,2017-06-30,2017-06-30,2021-10-22,-2837000000.0,55668000000.0,,24064000000.0,31604000000.0,,26.793,-232000000.0,7877000000.0,7877000000.0,7024000000.0,1400000000.0,1.338,1.719,16510000000.0,5181000000.0,11329000000.0,16510000000.0,0.0,276000000.0,0.0,0.019,0.665,1849000000.0,2125000000.0,0.211,2125000000.0,1849000000.0,1770000000.0,1.82,1.8,1.82,20425000000.0,,20425000000.0,109769052813.0,16.0,13.853,1215000000.0,1.594,1.0,3054000000.0,0.303,22604000000.0,79000000.0,23716000000.0,,4651000000.0,2514000000.0,1944000000.0,570000000.0,35118000000.0,17981000000.0,17137000000.0,101612052813.0,167000000.0,-15000000.0,-527000000.0,180000000.0,-546000000.0,-965000000.0,-388000000.0,-57000000.0,1447000000.0,73000000.0,1392000000.0,1392000000.0,1392000000.0,0.0,8000000.0,0.138,1456000000.0,1598000000.0,5971000000.0,0.365,4.975,20.343,20.35,5718000000.0,0.0,133.29,2.582,2.582,8442000000.0,30406000000.0,10078000000.0,10078000000.0,0.0,,,,,44000000.0,1456000000.0,1.0,762338156.0,762338156.0,,13.22,33064000000.0,357000000.0,378000000.0,329000000.0,43.372,6083000000.0
18,HON,MRQ,2017-03-31,2017-03-31,2017-03-31,2021-10-22,-2562000000.0,54779000000.0,,23580000000.0,31199000000.0,,26.699,-144000000.0,7710000000.0,7710000000.0,6529000000.0,1332000000.0,1.365,1.688,15867000000.0,4686000000.0,11181000000.0,15867000000.0,0.0,271000000.0,0.0,0.02,0.665,1793000000.0,2064000000.0,0.217,2064000000.0,1793000000.0,1718000000.0,1.74,1.71,1.74,20323000000.0,,20323000000.0,102982324874.0,15.0,13.051,796000000.0,1.046,1.0,2963000000.0,0.312,22419000000.0,75000000.0,23236000000.0,,4652000000.0,2418000000.0,1885000000.0,533000000.0,34304000000.0,17281000000.0,17023000000.0,95050324874.0,-133000000.0,0.0,-89000000.0,7000000.0,-503000000.0,-618000000.0,-604000000.0,-431000000.0,940000000.0,149000000.0,1326000000.0,1326000000.0,1326000000.0,0.0,6000000.0,0.14,1422000000.0,1541000000.0,5805000000.0,0.382,4.677,19.311,19.33,5816000000.0,0.0,124.87,2.42,2.42,8155000000.0,29526000000.0,9492000000.0,9492000000.0,0.0,,,,,50000000.0,1422000000.0,1.0,761194241.0,761194241.0,,12.47,32360000000.0,337000000.0,392000000.0,414000000.0,42.512,6299000000.0
19,HON,MRQ,2016-12-31,2016-12-31,2016-12-31,2021-10-22,-2714000000.0,54146000000.0,,23058000000.0,31088000000.0,,25.414,-329000000.0,7843000000.0,7843000000.0,7406000000.0,1048000000.0,1.412,1.786,15775000000.0,3593000000.0,12182000000.0,15775000000.0,0.0,257000000.0,0.0,0.021,0.665,1512000000.0,1769000000.0,0.177,1769000000.0,1512000000.0,1426000000.0,1.37,1.35,1.37,19369000000.0,,19369000000.0,97719147538.0,14.0,12.555,1713000000.0,2.248,1.0,2579000000.0,0.258,22341000000.0,86000000.0,23406000000.0,,4366000000.0,2107000000.0,1520000000.0,587000000.0,34599000000.0,16331000000.0,18268000000.0,88292147538.0,1412000000.0,-13000000.0,-190000000.0,373000000.0,-505000000.0,-362000000.0,-66000000.0,152000000.0,2042000000.0,-202000000.0,1037000000.0,1037000000.0,1037000000.0,0.0,11000000.0,0.104,1598000000.0,981000000.0,5690000000.0,0.485,4.558,18.348,18.389,5793000000.0,0.0,115.85,2.247,2.247,8177000000.0,28710000000.0,9985000000.0,9985000000.0,0.0,,,,,39000000.0,1598000000.0,1.0,762124709.0,762124709.0,,13.102,31805000000.0,347000000.0,389000000.0,486000000.0,41.732,6727000000.0
20,HON,MRQ,2016-09-30,2016-09-30,2016-09-30,2021-10-22,-2482000000.0,53556000000.0,,21834000000.0,31722000000.0,,25.222,-271000000.0,6431000000.0,6431000000.0,6903000000.0,1248000000.0,1.199,1.781,15858000000.0,6250000000.0,9608000000.0,15858000000.0,0.0,260000000.0,0.0,0.02,0.595,1706000000.0,1966000000.0,0.201,1966000000.0,1706000000.0,1624000000.0,1.62,1.6,1.62,19191000000.0,,19191000000.0,97678378125.0,14.0,12.265,1283000000.0,1.686,1.0,2901000000.0,0.296,22693000000.0,82000000.0,22077000000.0,,4587000000.0,2828000000.0,2189000000.0,639000000.0,34185000000.0,18213000000.0,15972000000.0,88710378125.0,1386000000.0,-1180000000.0,-90000000.0,1828000000.0,-453000000.0,1529000000.0,-1734000000.0,-389000000.0,1554000000.0,37000000.0,1240000000.0,1240000000.0,1240000000.0,0.0,8000000.0,0.126,1367000000.0,1534000000.0,5418000000.0,0.367,4.622,17.853,18.02,5725000000.0,0.0,116.59,2.257,2.257,8627000000.0,28190000000.0,9804000000.0,9804000000.0,0.0,,,,,49000000.0,1367000000.0,1.0,760874673.0,760874673.0,,12.885,30863000000.0,335000000.0,384000000.0,701000000.0,40.563,3621000000.0
21,HON,MRQ,2016-06-30,2016-06-30,2016-06-30,2021-10-22,-2499000000.0,51181000000.0,,20380000000.0,30801000000.0,,24.63,-281000000.0,5045000000.0,5045000000.0,6821000000.0,1327000000.0,1.281,1.717,14013000000.0,4406000000.0,9607000000.0,14013000000.0,0.0,260000000.0,0.0,0.02,0.595,1832000000.0,2092000000.0,0.209,2092000000.0,1832000000.0,1747000000.0,1.73,1.7,1.73,18771000000.0,,18771000000.0,98133270656.0,14.0,12.291,1302000000.0,1.708,1.0,3170000000.0,0.317,21245000000.0,85000000.0,22993000000.0,,4678000000.0,2488000000.0,1927000000.0,561000000.0,32239000000.0,15911000000.0,16328000000.0,88649270656.0,572000000.0,-28000000.0,-339000000.0,200000000.0,-458000000.0,-598000000.0,-346000000.0,-80000000.0,1583000000.0,-67000000.0,1319000000.0,1319000000.0,1319000000.0,0.0,8000000.0,0.132,1329000000.0,1841000000.0,5598000000.0,0.344,4.723,17.755,17.978,6086000000.0,0.0,116.32,2.267,2.267,8730000000.0,27702000000.0,9991000000.0,9991000000.0,0.0,,,,,43000000.0,1329000000.0,1.0,762115463.0,762115463.0,,13.11,29936000000.0,328000000.0,428000000.0,767000000.0,39.28,4469000000.0
22,HON,MRQ,2016-03-31,2016-03-31,2016-03-31,2021-10-22,-2455000000.0,50365000000.0,,19532000000.0,30833000000.0,,23.653,-193000000.0,4473000000.0,4473000000.0,6547000000.0,1226000000.0,1.247,1.758,13957000000.0,4257000000.0,9700000000.0,13957000000.0,0.0,253000000.0,0.0,0.02,0.595,1703000000.0,1956000000.0,0.205,1956000000.0,1703000000.0,1618000000.0,1.58,1.56,1.58,18197000000.0,,18197000000.0,92815632066.0,13.0,11.855,126000000.0,0.164,1.0,2975000000.0,0.312,21414000000.0,85000000.0,22776000000.0,,4743000000.0,2511000000.0,1919000000.0,592000000.0,31993000000.0,15659000000.0,16334000000.0,86202632066.0,-982000000.0,-1056000000.0,-1051000000.0,1579000000.0,-499000000.0,-223000000.0,-1196000000.0,44000000.0,319000000.0,118000000.0,1216000000.0,1216000000.0,1216000000.0,0.0,10000000.0,0.128,1280000000.0,1695000000.0,5511000000.0,0.377,4.737,17.708,17.899,6027000000.0,0.0,112.05,2.217,2.217,8397000000.0,26874000000.0,9522000000.0,9522000000.0,0.0,,,,,53000000.0,1280000000.0,1.0,769322910.0,769322910.0,,12.377,28951000000.0,318000000.0,402000000.0,626000000.0,37.632,3873000000.0
23,HON,MRQ,2015-12-31,2015-12-31,2015-12-31,2021-10-22,-2535000000.0,49316000000.0,,20053000000.0,29263000000.0,,23.723,-376000000.0,5455000000.0,5455000000.0,6917000000.0,1203000000.0,1.092,1.69,12068000000.0,6514000000.0,5554000000.0,12068000000.0,0.0,222000000.0,0.0,0.021,0.595,1728000000.0,1950000000.0,0.195,1950000000.0,1728000000.0,1644000000.0,1.54,1.53,1.54,18283000000.0,,18283000000.0,83824510266.0,12.0,10.886,1587000000.0,2.059,1.0,3065000000.0,0.307,20472000000.0,84000000.0,17086000000.0,,4420000000.0,2620000000.0,2103000000.0,517000000.0,30898000000.0,18371000000.0,12527000000.0,79820510266.0,-1108000000.0,-5045000000.0,-127000000.0,1534000000.0,-465000000.0,950000000.0,-3930000000.0,1524000000.0,1963000000.0,-91000000.0,1194000000.0,1194000000.0,1194000000.0,0.0,9000000.0,0.12,1332000000.0,1733000000.0,5580000000.0,0.386,4.366,16.741,16.951,5789000000.0,0.0,103.57,2.069,2.069,8075000000.0,26147000000.0,9982000000.0,9982000000.0,0.0,,,,,31000000.0,1332000000.0,1.0,770691419.0,770691419.0,,12.952,28844000000.0,283000000.0,450000000.0,558000000.0,37.426,1682000000.0
24,HON,MRQ,2015-09-30,2015-09-30,2015-09-30,2021-10-22,-2373000000.0,46625000000.0,,23479000000.0,23146000000.0,,22.718,-277000000.0,6563000000.0,6563000000.0,6654000000.0,1276000000.0,1.435,1.618,10567000000.0,4968000000.0,5599000000.0,10567000000.0,0.0,219000000.0,0.0,0.022,0.517,1767000000.0,1986000000.0,0.207,1986000000.0,1767000000.0,1695000000.0,1.62,1.6,1.62,17760000000.0,,17760000000.0,77790082319.0,12.0,10.594,1450000000.0,1.855,1.0,2957000000.0,0.308,14755000000.0,72000000.0,19507000000.0,,4441000000.0,4271000000.0,3800000000.0,471000000.0,28729000000.0,16367000000.0,12362000000.0,74025082319.0,609000000.0,1000000.0,-1210000000.0,825000000.0,-410000000.0,-843000000.0,-39000000.0,156000000.0,1727000000.0,-236000000.0,1264000000.0,1264000000.0,1264000000.0,0.0,12000000.0,0.132,1202000000.0,1755000000.0,5363000000.0,0.319,4.168,16.341,16.382,5451000000.0,0.0,94.69,1.905,1.905,7936000000.0,25433000000.0,9611000000.0,9611000000.0,0.0,,,,,28000000.0,1202000000.0,1.0,781762407.0,781762407.0,,12.294,31870000000.0,1068000000.0,431000000.0,499000000.0,40.767,7112000000.0
25,HON,MRQ,2015-06-30,2015-06-30,2015-06-30,2021-10-22,-1969000000.0,46412000000.0,,23180000000.0,23232000000.0,,23.611,-241000000.0,5954000000.0,5954000000.0,6814000000.0,1222000000.0,1.488,1.507,9719000000.0,4157000000.0,5562000000.0,9719000000.0,0.0,226000000.0,0.0,0.02,0.517,1711000000.0,1937000000.0,0.198,1937000000.0,1711000000.0,1634000000.0,1.52,1.51,1.52,18457000000.0,,18457000000.0,82842712653.0,13.0,11.48,1167000000.0,1.493,1.0,2961000000.0,0.303,14904000000.0,77000000.0,19699000000.0,,4447000000.0,4374000000.0,3883000000.0,491000000.0,27815000000.0,15574000000.0,12241000000.0,79710712653.0,-621000000.0,0.0,-76000000.0,66000000.0,-436000000.0,-437000000.0,-1625000000.0,-1412000000.0,1408000000.0,33000000.0,1194000000.0,1194000000.0,1194000000.0,0.0,28000000.0,0.122,1242000000.0,1719000000.0,5352000000.0,0.34,4.319,17.981,18.048,5381000000.0,0.0,101.97,2.025,2.025,8237000000.0,24585000000.0,9775000000.0,9775000000.0,0.0,,,,,30000000.0,1242000000.0,1.0,781707489.0,781707489.0,,12.505,31508000000.0,1024000000.0,440000000.0,300000000.0,40.307,7606000000.0
26,HON,MRQ,2015-03-31,2015-03-31,2015-03-31,2021-10-22,-2099000000.0,45357000000.0,,22272000000.0,23085000000.0,,22.413,-164000000.0,6575000000.0,6575000000.0,6362000000.0,1146000000.0,1.443,1.578,9707000000.0,4046000000.0,5661000000.0,9707000000.0,0.0,216000000.0,0.0,0.019,0.517,1611000000.0,1827000000.0,0.198,1827000000.0,1611000000.0,1534000000.0,1.42,1.41,1.42,17542000000.0,,17542000000.0,83363582433.0,13.0,11.761,257000000.0,0.328,1.0,2851000000.0,0.309,14875000000.0,77000000.0,18182000000.0,,4507000000.0,2840000000.0,2376000000.0,464000000.0,27680000000.0,15432000000.0,12248000000.0,81639582433.0,-384000000.0,-183000000.0,-285000000.0,1020000000.0,-415000000.0,367000000.0,-920000000.0,-395000000.0,421000000.0,-252000000.0,1116000000.0,1116000000.0,1116000000.0,0.0,30000000.0,0.121,1230000000.0,1621000000.0,5263000000.0,0.364,4.654,18.82,18.863,5300000000.0,0.0,104.31,2.049,2.049,8158000000.0,23811000000.0,9213000000.0,9213000000.0,0.0,,,,,5000000.0,1230000000.0,1.0,782663047.0,782663047.0,,11.771,30482000000.0,985000000.0,418000000.0,210000000.0,38.947,6840000000.0
27,HON,MRQ,2014-12-31,2014-12-31,2014-12-31,2021-10-22,-1459000000.0,45451000000.0,,22191000000.0,23260000000.0,,22.556,-408000000.0,6959000000.0,6959000000.0,7566000000.0,975000000.0,1.502,1.567,8683000000.0,2637000000.0,6046000000.0,8683000000.0,0.0,226000000.0,0.0,0.019,0.517,1367000000.0,1593000000.0,0.155,1593000000.0,1367000000.0,1285000000.0,1.22,1.2,1.22,17657000000.0,,17657000000.0,80679407674.0,13.0,11.575,1410000000.0,1.801,1.0,2700000000.0,0.263,14996000000.0,82000000.0,17406000000.0,,4405000000.0,2610000000.0,2145000000.0,465000000.0,27667000000.0,14773000000.0,12894000000.0,78218407674.0,531000000.0,3000000.0,-176000000.0,-220000000.0,-409000000.0,-825000000.0,-237000000.0,229000000.0,1818000000.0,-225000000.0,956000000.0,956000000.0,956000000.0,0.0,19000000.0,0.093,1460000000.0,1240000000.0,5365000000.0,0.424,4.43,18.452,18.504,5383000000.0,0.0,99.92,1.941,1.941,7960000000.0,23115000000.0,10266000000.0,10266000000.0,0.0,,,,,13000000.0,1460000000.0,1.0,782810325.0,782810325.0,,13.114,30455000000.0,1126000000.0,329000000.0,236000000.0,38.905,7418000000.0
28,HON,MRQ,2014-09-30,2014-09-30,2014-09-30,2021-10-22,281000000.0,46181000000.0,,22358000000.0,23823000000.0,,24.199,-258000000.0,6428000000.0,6428000000.0,7128000000.0,1192000000.0,1.603,1.432,8889000000.0,2129000000.0,6760000000.0,8889000000.0,0.0,227000000.0,0.0,0.019,0.45,1632000000.0,1859000000.0,0.184,1859000000.0,1632000000.0,1555000000.0,1.49,1.47,1.49,18937000000.0,,18937000000.0,75532467202.0,12.0,10.592,975000000.0,1.246,1.0,2980000000.0,0.295,15211000000.0,77000000.0,19484000000.0,,4485000000.0,2783000000.0,2336000000.0,447000000.0,27118000000.0,13947000000.0,13171000000.0,72870467202.0,-154000000.0,154000000.0,-93000000.0,-366000000.0,-365000000.0,-809000000.0,-434000000.0,-234000000.0,1233000000.0,-144000000.0,1167000000.0,1167000000.0,1167000000.0,0.0,25000000.0,0.115,1344000000.0,1636000000.0,5212000000.0,0.302,3.848,17.227,17.244,5189000000.0,0.0,93.12,1.803,1.803,8315000000.0,22576000000.0,10108000000.0,10108000000.0,0.0,,,,,19000000.0,1344000000.0,1.0,782543677.0,782543677.0,,12.917,30970000000.0,989000000.0,388000000.0,891000000.0,39.576,8411000000.0
29,HON,MRQ,2014-06-30,2014-06-30,2014-06-30,2021-10-22,837000000.0,46596000000.0,,22453000000.0,24143000000.0,,23.874,-225000000.0,6582000000.0,6582000000.0,7296000000.0,1126000000.0,1.568,1.486,9244000000.0,2405000000.0,6839000000.0,9244000000.0,0.0,233000000.0,0.0,0.019,0.45,1576000000.0,1809000000.0,0.176,1809000000.0,1576000000.0,1496000000.0,1.4,1.38,1.4,18696000000.0,,18696000000.0,75475024542.0,13.0,10.838,1116000000.0,1.425,1.0,2957000000.0,0.288,15427000000.0,80000000.0,19507000000.0,,4511000000.0,2695000000.0,2207000000.0,488000000.0,27779000000.0,14324000000.0,13455000000.0,72791024542.0,-90000000.0,-1000000.0,-162000000.0,-130000000.0,-373000000.0,-646000000.0,-860000000.0,-560000000.0,1341000000.0,75000000.0,1099000000.0,1099000000.0,1099000000.0,0.0,27000000.0,0.107,1375000000.0,1582000000.0,5276000000.0,0.321,3.893,17.96,17.979,5316000000.0,0.0,92.95,1.821,1.821,8350000000.0,21773000000.0,10253000000.0,10253000000.0,0.0,,,,,31000000.0,1375000000.0,1.0,783120221.0,783120221.0,,13.092,31169000000.0,979000000.0,397000000.0,795000000.0,39.801,8129000000.0
30,HON,MRQ,2014-03-31,2014-03-31,2014-03-31,2021-10-22,748000000.0,45777000000.0,,21531000000.0,24246000000.0,,22.862,-185000000.0,6672000000.0,6672000000.0,6967000000.0,1036000000.0,1.5,1.547,9356000000.0,2552000000.0,6804000000.0,9356000000.0,0.0,238000000.0,0.0,0.019,0.45,1471000000.0,1709000000.0,0.177,1709000000.0,1471000000.0,1392000000.0,1.3,1.28,1.3,17927000000.0,,17927000000.0,75143049071.0,13.0,11.034,503000000.0,0.641,1.0,2712000000.0,0.28,15473000000.0,79000000.0,18635000000.0,,4407000000.0,1996000000.0,1531000000.0,465000000.0,27734000000.0,14353000000.0,13381000000.0,72736049071.0,250000000.0,0.0,-228000000.0,513000000.0,-363000000.0,-48000000.0,-345000000.0,-221000000.0,688000000.0,-45000000.0,1017000000.0,1017000000.0,1017000000.0,0.0,19000000.0,0.105,1339000000.0,1373000000.0,5133000000.0,0.346,4.057,18.298,18.296,5284000000.0,0.0,92.76,1.846,1.846,8081000000.0,21039000000.0,9679000000.0,9679000000.0,0.0,,,,,22000000.0,1339000000.0,1.0,784131620.0,784131620.0,,12.344,30304000000.0,1057000000.0,375000000.0,757000000.0,38.647,7178000000.0
31,HON,MRQ,2013-12-31,2013-12-31,2013-12-31,2021-10-22,818000000.0,45435000000.0,,21164000000.0,24271000000.0,,22.26,-392000000.0,6422000000.0,6422000000.0,7612000000.0,964000000.0,1.492,1.595,8829000000.0,2028000000.0,6801000000.0,8829000000.0,0.0,249000000.0,0.0,0.018,0.45,1505000000.0,1754000000.0,0.169,1754000000.0,1505000000.0,1422000000.0,1.21,1.19,1.21,17467000000.0,,17467000000.0,74804547706.0,13.0,11.182,1276000000.0,1.626,1.0,2775000000.0,0.267,15560000000.0,83000000.0,18101000000.0,,4293000000.0,2064000000.0,1671000000.0,393000000.0,27856000000.0,14181000000.0,13675000000.0,71695547706.0,923000000.0,-67000000.0,-219000000.0,246000000.0,-358000000.0,-300000000.0,-405000000.0,-43000000.0,1668000000.0,-40000000.0,947000000.0,947000000.0,947000000.0,0.0,17000000.0,0.091,1438000000.0,1337000000.0,5174000000.0,0.372,4.105,18.271,18.311,5278000000.0,0.0,91.37,1.836,1.836,7929000000.0,20383000000.0,10387000000.0,10387000000.0,0.0,,,,,10000000.0,1438000000.0,1.0,784672734.0,784672734.0,,13.237,29875000000.0,1217000000.0,475000000.0,804000000.0,38.073,6983000000.0
32,HON,MRQ,2013-09-30,2013-09-30,2013-09-30,2021-10-22,-1211000000.0,44406000000.0,,19304000000.0,25102000000.0,,19.06,-202000000.0,5499000000.0,5499000000.0,6942000000.0,1007000000.0,1.317,1.961,8608000000.0,2819000000.0,5789000000.0,8608000000.0,0.0,245000000.0,0.0,0.02,0.41,1447000000.0,1692000000.0,0.175,1692000000.0,1447000000.0,1367000000.0,1.26,1.24,1.26,14959000000.0,,14959000000.0,68326374595.0,15.0,12.267,868000000.0,1.106,1.0,2705000000.0,0.28,15820000000.0,80000000.0,17032000000.0,,4455000000.0,1523000000.0,693000000.0,830000000.0,29333000000.0,14663000000.0,14670000000.0,65173374595.0,950000000.0,-603000000.0,-108000000.0,907000000.0,-330000000.0,517000000.0,-691000000.0,29000000.0,1070000000.0,54000000.0,990000000.0,990000000.0,990000000.0,0.0,17000000.0,0.103,1242000000.0,1463000000.0,4791000000.0,0.325,4.357,20.19,20.254,5107000000.0,0.0,83.04,1.704,1.704,7950000000.0,19796000000.0,9647000000.0,9647000000.0,0.0,,,,,18000000.0,1242000000.0,1.0,784843143.0,784843143.0,,12.292,28586000000.0,2164000000.0,377000000.0,719000000.0,36.423,4641000000.0
33,HON,MRQ,2013-06-30,2013-06-30,2013-06-30,2021-10-22,-1767000000.0,42166000000.0,,17849000000.0,24317000000.0,,17.511,-190000000.0,4549000000.0,4549000000.0,7027000000.0,1022000000.0,1.324,2.055,7702000000.0,1923000000.0,5779000000.0,7702000000.0,0.0,247000000.0,0.0,0.02,0.41,1408000000.0,1655000000.0,0.171,1655000000.0,1408000000.0,1328000000.0,1.3,1.28,1.3,13777000000.0,,13777000000.0,65583438038.0,15.0,12.1,1066000000.0,1.355,1.0,2666000000.0,0.275,15033000000.0,80000000.0,16806000000.0,,4295000000.0,1436000000.0,680000000.0,756000000.0,28308000000.0,13480000000.0,14828000000.0,62423438038.0,10000000.0,-338000000.0,-324000000.0,18000000.0,-343000000.0,-592000000.0,-552000000.0,-76000000.0,1256000000.0,-102000000.0,1021000000.0,1021000000.0,1021000000.0,0.0,1000000.0,0.105,1281000000.0,1385000000.0,4718000000.0,0.315,4.531,19.581,19.59,4997000000.0,0.0,79.34,1.645,1.645,7655000000.0,19135000000.0,9693000000.0,9693000000.0,0.0,,,,,-20000000.0,1281000000.0,1.0,786783943.0,786783943.0,,12.32,27133000000.0,2371000000.0,307000000.0,643000000.0,34.486,4369000000.0
34,HON,MRQ,2013-03-31,2013-03-31,2013-03-31,2021-10-22,-1656000000.0,41800000000.0,,17681000000.0,24119000000.0,,17.15,-148000000.0,4539000000.0,4539000000.0,6783000000.0,969000000.0,1.349,2.103,7699000000.0,1912000000.0,5787000000.0,7699000000.0,0.0,248000000.0,0.0,0.021,0.41,1341000000.0,1589000000.0,0.17,1589000000.0,1341000000.0,1257000000.0,1.23,1.21,1.23,13442000000.0,,13442000000.0,61920417738.0,14.0,11.69,193000000.0,0.246,1.0,2545000000.0,0.273,14770000000.0,84000000.0,17079000000.0,,4297000000.0,1326000000.0,588000000.0,738000000.0,28267000000.0,13111000000.0,15156000000.0,59058417738.0,-95000000.0,-122000000.0,25000000.0,215000000.0,-322000000.0,-58000000.0,-311000000.0,-8000000.0,341000000.0,-67000000.0,966000000.0,966000000.0,966000000.0,0.0,3000000.0,0.104,1229000000.0,1316000000.0,4444000000.0,0.333,4.394,19.244,19.321,4948000000.0,0.0,75.35,1.567,1.567,7585000000.0,18442000000.0,9328000000.0,9328000000.0,0.0,,,,,30000000.0,1229000000.0,1.0,783787893.0,783787893.0,,11.901,27030000000.0,2514000000.0,291000000.0,683000000.0,34.486,4570000000.0
35,HON,MRQ,2012-12-31,2012-12-31,2012-12-31,2021-10-22,-1339000000.0,41853000000.0,,17598000000.0,24255000000.0,,16.563,-295000000.0,4634000000.0,4634000000.0,7681000000.0,255000000.0,1.349,2.219,7496000000.0,1101000000.0,6395000000.0,7496000000.0,0.0,245000000.0,0.0,0.03,0.41,389000000.0,634000000.0,0.066,634000000.0,389000000.0,302000000.0,0.31,0.31,0.31,12975000000.0,,12975000000.0,52949631376.0,13.0,10.287,1054000000.0,1.345,1.0,1900000000.0,0.198,14874000000.0,87000000.0,16796000000.0,,4235000000.0,1254000000.0,631000000.0,623000000.0,28788000000.0,13045000000.0,15743000000.0,49720631376.0,-126000000.0,-373000000.0,-154000000.0,-481000000.0,-331000000.0,-938000000.0,-563000000.0,52000000.0,1349000000.0,26000000.0,251000000.0,251000000.0,251000000.0,0.0,4000000.0,0.026,1523000000.0,377000000.0,4736000000.0,1.323,3.832,16.993,16.971,5001000000.0,0.0,63.47,1.32,1.32,7429000000.0,17799000000.0,9581000000.0,9581000000.0,0.0,,,,,11000000.0,1523000000.0,1.0,783372166.0,783372166.0,,12.23,26979000000.0,2558000000.0,51000000.0,628000000.0,34.44,4553000000.0
36,HON,MRQ,2012-09-30,2012-09-30,2012-09-30,2021-10-22,-1294000000.0,41074000000.0,,17746000000.0,23328000000.0,,16.824,-233000000.0,4760000000.0,4760000000.0,6808000000.0,946000000.0,1.396,2.121,7989000000.0,1598000000.0,6391000000.0,7989000000.0,0.0,226000000.0,0.0,0.031,0.372,1316000000.0,1542000000.0,0.165,1542000000.0,1316000000.0,1228000000.0,1.21,1.2,1.21,13132000000.0,,13132000000.0,50392971938.0,15.0,12.007,766000000.0,0.981,1.0,2534000000.0,0.271,14197000000.0,88000000.0,17393000000.0,,4314000000.0,1311000000.0,711000000.0,600000000.0,27855000000.0,12713000000.0,15142000000.0,46638971938.0,539000000.0,2000000.0,63000000.0,3000000.0,-298000000.0,-220000000.0,-322000000.0,-108000000.0,999000000.0,82000000.0,950000000.0,950000000.0,950000000.0,0.0,-4000000.0,0.102,1238000000.0,1296000000.0,4518000000.0,0.307,3.552,19.72,19.719,4830000000.0,0.0,59.75,1.242,1.242,7388000000.0,17877000000.0,9342000000.0,9342000000.0,0.0,,,,,28000000.0,1238000000.0,1.0,780568568.0,780568568.0,,11.968,26877000000.0,2339000000.0,278000000.0,679000000.0,34.433,5033000000.0
37,HON,MRQ,2012-06-30,2012-06-30,2012-06-30,2021-10-22,-1637000000.0,40174000000.0,,16644000000.0,23530000000.0,,15.392,-200000000.0,4221000000.0,4221000000.0,6922000000.0,905000000.0,1.299,2.342,7975000000.0,1633000000.0,6342000000.0,7975000000.0,0.0,225000000.0,0.0,0.033,0.372,1307000000.0,1532000000.0,0.162,1532000000.0,1307000000.0,1220000000.0,1.15,1.14,1.15,11993000000.0,,11993000000.0,47422443085.0,15.0,11.738,773000000.0,0.992,1.0,2513000000.0,0.266,14162000000.0,87000000.0,16954000000.0,,4342000000.0,1128000000.0,562000000.0,566000000.0,28091000000.0,12812000000.0,15279000000.0,43509443085.0,233000000.0,-45000000.0,26000000.0,44000000.0,-291000000.0,-217000000.0,-421000000.0,-95000000.0,973000000.0,-102000000.0,902000000.0,902000000.0,902000000.0,0.0,3000000.0,0.096,1226000000.0,1287000000.0,4547000000.0,0.323,3.628,19.108,19.058,4735000000.0,0.0,55.84,1.16,1.16,7250000000.0,17222000000.0,9435000000.0,9435000000.0,0.0,,,,,36000000.0,1226000000.0,1.0,779180571.0,779180571.0,,12.109,26012000000.0,2433000000.0,318000000.0,681000000.0,33.384,3832000000.0
38,HON,MRQ,2012-03-31,2012-03-31,2012-03-31,2021-10-22,-1182000000.0,40370000000.0,,16553000000.0,23817000000.0,,15.145,-151000000.0,3988000000.0,3988000000.0,6880000000.0,825000000.0,1.307,2.429,7901000000.0,1632000000.0,6269000000.0,7901000000.0,0.0,230000000.0,0.0,0.029,0.745,1209000000.0,1439000000.0,0.155,1439000000.0,1209000000.0,1120000000.0,1.06,1.04,1.06,11743000000.0,,11743000000.0,51192955778.0,17.0,12.947,45000000.0,0.058,1.0,2427000000.0,0.261,14330000000.0,89000000.0,17287000000.0,,4368000000.0,1034000000.0,501000000.0,533000000.0,28528000000.0,12666000000.0,15862000000.0,47335955778.0,290000000.0,-1000000.0,90000000.0,358000000.0,-291000000.0,169000000.0,-122000000.0,8000000.0,196000000.0,47000000.0,823000000.0,823000000.0,823000000.0,0.0,2000000.0,0.088,1231000000.0,1196000000.0,4535000000.0,0.703,4.031,21.664,21.726,4814000000.0,0.0,61.05,1.274,1.274,7268000000.0,16613000000.0,9307000000.0,9307000000.0,0.0,,,,,39000000.0,1231000000.0,1.0,775363731.0,775363731.0,,12.003,26040000000.0,2489000000.0,297000000.0,707000000.0,33.584,3887000000.0
39,HON,MRQ,2011-12-31,2011-12-31,2011-12-31,2021-10-22,-1444000000.0,39808000000.0,,16134000000.0,23674000000.0,,13.97,-329000000.0,3698000000.0,3698000000.0,8435000000.0,-307000000.0,1.314,2.675,7555000000.0,674000000.0,6881000000.0,7555000000.0,0.0,253000000.0,0.0,0.025,0.372,-569000000.0,-316000000.0,-0.033,-316000000.0,-569000000.0,-660000000.0,-0.39,-0.38,-0.39,10806000000.0,,10806000000.0,46309581788.0,16.0,12.132,1148000000.0,1.484,1.0,1038000000.0,0.11,14335000000.0,91000000.0,17055000000.0,,4264000000.0,978000000.0,484000000.0,494000000.0,28906000000.0,12275000000.0,16631000000.0,42039581788.0,-187000000.0,-360000000.0,-4000000.0,-631000000.0,-295000000.0,-919000000.0,-724000000.0,8000000.0,1477000000.0,-21000000.0,-310000000.0,-310000000.0,-310000000.0,0.0,3000000.0,-0.033,1616000000.0,-578000000.0,4738000000.0,-0.954,3.89,20.338,20.509,4804000000.0,0.0,54.35,1.151,1.151,7228000000.0,16083000000.0,9473000000.0,9473000000.0,0.0,,,,,28000000.0,1616000000.0,1.0,773497365.0,773497365.0,,12.247,25473000000.0,2592000000.0,-350000000.0,676000000.0,32.932,3859000000.0
40,HON,MRQ,2011-09-30,2011-09-30,2011-09-30,2021-10-22,-1122000000.0,39445000000.0,,17044000000.0,22401000000.0,,14.905,-177000000.0,3885000000.0,3885000000.0,7033000000.0,863000000.0,1.325,2.373,8155000000.0,1275000000.0,6880000000.0,8155000000.0,0.0,226000000.0,0.0,0.03,0.333,1159000000.0,1385000000.0,0.149,1385000000.0,1159000000.0,1069000000.0,1.11,1.1,1.11,11662000000.0,,11662000000.0,38530292815.0,10.0,7.737,484000000.0,0.619,1.0,2265000000.0,0.244,14021000000.0,90000000.0,16835000000.0,,4369000000.0,1072000000.0,607000000.0,465000000.0,27678000000.0,12859000000.0,14819000000.0,34356292815.0,337000000.0,336000000.0,-473000000.0,353000000.0,-266000000.0,-385000000.0,187000000.0,19000000.0,661000000.0,-126000000.0,862000000.0,862000000.0,862000000.0,-177000000.0,1000000.0,0.093,1303000000.0,962000000.0,4570000000.0,0.3,2.946,12.511,12.546,4725000000.0,0.0,43.91,0.96,0.96,7316000000.0,16686000000.0,9298000000.0,9298000000.0,0.0,,,,,37000000.0,1303000000.0,1.0,782425252.0,782425252.0,,11.884,25424000000.0,1923000000.0,207000000.0,505000000.0,32.494,4185000000.0
41,HON,MRQ,2011-06-30,2011-06-30,2011-06-30,2021-10-22,-536000000.0,39650000000.0,,17386000000.0,22264000000.0,,15.339,-163000000.0,3548000000.0,3548000000.0,6664000000.0,810000000.0,1.436,2.275,7722000000.0,932000000.0,6790000000.0,7722000000.0,0.0,236000000.0,0.0,0.021,0.333,1210000000.0,1446000000.0,0.159,1446000000.0,1210000000.0,1114000000.0,1.03,1.02,1.03,12072000000.0,,12072000000.0,51459833833.0,14.0,10.775,975000000.0,1.239,1.0,2422000000.0,0.267,13839000000.0,96000000.0,17874000000.0,,4197000000.0,1061000000.0,545000000.0,516000000.0,27466000000.0,12111000000.0,15355000000.0,46897833833.0,472000000.0,-3000000.0,-405000000.0,58000000.0,-266000000.0,-596000000.0,-90000000.0,49000000.0,1138000000.0,20000000.0,810000000.0,810000000.0,810000000.0,-14000000.0,0.0,0.089,1248000000.0,1174000000.0,4442000000.0,0.323,3.885,18.895,18.858,4718000000.0,0.0,59.59,1.354,1.354,7344000000.0,16085000000.0,9086000000.0,9086000000.0,0.0,,,,,25000000.0,1248000000.0,1.0,787008455.0,787008455.0,,11.545,25811000000.0,2041000000.0,304000000.0,661000000.0,32.796,5275000000.0
42,HON,MRQ,2011-03-31,2011-03-31,2011-03-31,2021-10-22,-687000000.0,38902000000.0,,16031000000.0,22871000000.0,,14.908,-123000000.0,3076000000.0,3076000000.0,6424000000.0,708000000.0,1.362,2.318,7638000000.0,875000000.0,6763000000.0,7638000000.0,0.0,242000000.0,0.0,0.021,0.333,1060000000.0,1302000000.0,0.15,1302000000.0,1060000000.0,961000000.0,0.9,0.88,0.9,11690000000.0,,11690000000.0,50813941816.0,15.0,11.452,-566000000.0,-0.722,1.0,2248000000.0,0.259,14261000000.0,99000000.0,17433000000.0,,4290000000.0,1058000000.0,582000000.0,476000000.0,27092000000.0,11770000000.0,15322000000.0,46819941816.0,426000000.0,210000000.0,101000000.0,936000000.0,-264000000.0,786000000.0,16000000.0,-102000000.0,-443000000.0,67000000.0,705000000.0,705000000.0,705000000.0,0.0,3000000.0,0.081,1232000000.0,1016000000.0,4308000000.0,0.37,4.005,20.92,20.805,4832000000.0,0.0,59.71,1.398,1.398,7201000000.0,15538000000.0,8672000000.0,8672000000.0,0.0,,,,,36000000.0,1232000000.0,1.0,784122288.0,784122288.0,,11.059,24641000000.0,2114000000.0,256000000.0,671000000.0,31.425,4261000000.0
43,HON,MRQ,2010-12-31,2010-12-31,2010-12-31,2021-10-22,-1067000000.0,37834000000.0,,15486000000.0,22348000000.0,,13.671,-294000000.0,2650000000.0,2650000000.0,6917000000.0,369000000.0,1.321,2.536,6644000000.0,889000000.0,5755000000.0,6644000000.0,0.0,271000000.0,0.0,0.023,0.302,576000000.0,847000000.0,0.097,847000000.0,576000000.0,484000000.0,0.46,0.46,0.46,10666000000.0,,10666000000.0,46083977330.0,15.0,11.078,751000000.0,0.963,1.0,1832000000.0,0.209,13812000000.0,92000000.0,16292000000.0,,3822000000.0,1071000000.0,455000000.0,616000000.0,27047000000.0,11724000000.0,15323000000.0,41473977330.0,10000000.0,22000000.0,84000000.0,-598000000.0,-240000000.0,-746000000.0,-289000000.0,0.0,1045000000.0,0.0,369000000.0,369000000.0,369000000.0,0.0,0.0,0.042,1289000000.0,543000000.0,4199000000.0,0.657,3.888,20.511,20.368,4724000000.0,0.0,53.16,1.282,1.282,6841000000.0,15097000000.0,8749000000.0,8749000000.0,0.0,,,,,33000000.0,1289000000.0,1.0,780172636.0,780172636.0,,11.214,24022000000.0,2098000000.0,115000000.0,636000000.0,30.791,3762000000.0
44,HON,MRQ,2010-09-30,2010-09-30,2010-09-30,2021-10-22,-4282000000.0,38119000000.0,,15163000000.0,22956000000.0,,13.377,-160000000.0,2640000000.0,2640000000.0,6170000000.0,596000000.0,1.313,2.677,7250000000.0,985000000.0,6265000000.0,7250000000.0,0.0,242000000.0,0.0,0.028,0.302,939000000.0,1181000000.0,0.145,1181000000.0,939000000.0,843000000.0,0.77,0.76,0.77,10330000000.0,,10330000000.0,38961889956.0,14.0,10.482,1165000000.0,1.509,1.0,1969000000.0,0.242,14240000000.0,96000000.0,16943000000.0,,4027000000.0,1194000000.0,593000000.0,601000000.0,27653000000.0,11546000000.0,16107000000.0,33930889956.0,189000000.0,-322000000.0,56000000.0,-574000000.0,-240000000.0,-757000000.0,-488000000.0,-40000000.0,1325000000.0,109000000.0,598000000.0,598000000.0,598000000.0,0.0,-2000000.0,0.073,1129000000.0,840000000.0,4059000000.0,0.392,3.285,19.433,19.442,4738000000.0,0.0,43.94,1.096,1.096,6916000000.0,18130000000.0,8139000000.0,8139000000.0,0.0,,,,,36000000.0,1129000000.0,1.0,772209603.0,772209603.0,,10.54,23879000000.0,2398000000.0,245000000.0,745000000.0,30.923,3617000000.0
45,HON,MRQ,2010-06-30,2010-06-30,2010-06-30,2021-10-22,-5031000000.0,36091000000.0,,14924000000.0,21167000000.0,,11.757,-114000000.0,2451000000.0,2451000000.0,5967000000.0,574000000.0,1.396,2.993,7482000000.0,1228000000.0,6254000000.0,7482000000.0,0.0,241000000.0,0.0,0.031,0.302,866000000.0,1107000000.0,0.14,1107000000.0,866000000.0,775000000.0,0.74,0.73,0.74,9008000000.0,,9008000000.0,34614087012.0,13.0,9.419,976000000.0,1.274,1.0,1959000000.0,0.247,12372000000.0,91000000.0,18063000000.0,,3596000000.0,2004000000.0,1460000000.0,544000000.0,26963000000.0,10687000000.0,16276000000.0,29904087012.0,-400000000.0,-996000000.0,23000000.0,-87000000.0,-233000000.0,-295000000.0,-1111000000.0,-5000000.0,1090000000.0,-84000000.0,566000000.0,566000000.0,566000000.0,0.0,8000000.0,0.071,1110000000.0,849000000.0,3751000000.0,0.408,3.32,17.03,17.044,4535000000.0,0.0,39.03,0.98,0.98,6495000000.0,17867000000.0,7926000000.0,7926000000.0,0.0,,,,,34000000.0,1110000000.0,1.0,766182091.0,766182091.0,,10.345,23719000000.0,2698000000.0,209000000.0,576000000.0,30.957,4237000000.0
46,HON,MRQ,2010-03-31,2010-03-31,2010-03-31,2021-10-22,-4543000000.0,36026000000.0,,14333000000.0,21693000000.0,,11.755,-69000000.0,2851000000.0,2851000000.0,5858000000.0,496000000.0,1.291,2.996,7561000000.0,1315000000.0,6246000000.0,7561000000.0,0.0,233000000.0,0.0,0.027,0.302,802000000.0,1035000000.0,0.133,1035000000.0,802000000.0,695000000.0,0.63,0.63,0.63,8987000000.0,,8987000000.0,39417278637.0,15.0,11.129,674000000.0,0.882,1.0,1918000000.0,0.247,12476000000.0,107000000.0,17159000000.0,,3568000000.0,1292000000.0,706000000.0,586000000.0,26922000000.0,11101000000.0,15821000000.0,34611278637.0,50000000.0,0.0,32000000.0,-52000000.0,-231000000.0,-249000000.0,-381000000.0,-296000000.0,743000000.0,-63000000.0,489000000.0,489000000.0,489000000.0,0.0,7000000.0,0.063,1111000000.0,807000000.0,3553000000.0,0.479,3.851,21.104,21.056,4697000000.0,0.0,45.27,1.148,1.148,6184000000.0,17635000000.0,7776000000.0,7776000000.0,0.0,,,,,48000000.0,1111000000.0,1.0,764552212.0,764552212.0,,10.171,23550000000.0,2997000000.0,206000000.0,570000000.0,30.802,3232000000.0
47,HON,MRQ,2009-12-31,2009-12-31,2009-12-31,2021-10-22,-948000000.0,35993000000.0,,13936000000.0,22057000000.0,,11.613,-247000000.0,2801000000.0,2801000000.0,6025000000.0,106000000.0,1.25,3.05,7607000000.0,1361000000.0,6246000000.0,7607000000.0,0.0,246000000.0,0.0,0.031,0.302,148000000.0,394000000.0,0.055,394000000.0,148000000.0,40000000.0,0.12,0.11,0.12,8861000000.0,,8861000000.0,35531337971.0,15.0,10.453,1084000000.0,1.421,1.0,1090000000.0,0.153,12668000000.0,108000000.0,16984000000.0,,3446000000.0,960000000.0,381000000.0,579000000.0,27022000000.0,11147000000.0,15875000000.0,29911337971.0,197000000.0,0.0,17000000.0,-608000000.0,-234000000.0,-824000000.0,-283000000.0,-24000000.0,1331000000.0,-27000000.0,93000000.0,93000000.0,93000000.0,0.0,13000000.0,0.013,1053000000.0,37000000.0,3633000000.0,2.517,3.376,19.323,19.029,4847000000.0,0.0,39.2,0.999,0.999,6274000000.0,14023000000.0,7115000000.0,7115000000.0,0.0,,,,,22000000.0,1053000000.0,1.0,763044336.0,763044336.0,,9.324,23325000000.0,3040000000.0,-53000000.0,542000000.0,30.568,2789000000.0
48,HON,MRQ,2009-09-30,2009-09-30,2009-09-30,2021-10-22,-3251000000.0,35773000000.0,,13886000000.0,21887000000.0,,12.621,-122000000.0,2604000000.0,2604000000.0,5797000000.0,619000000.0,1.258,2.758,8224000000.0,1968000000.0,6256000000.0,8224000000.0,0.0,242000000.0,0.0,0.032,0.302,897000000.0,1139000000.0,0.148,1139000000.0,897000000.0,787000000.0,0.8,0.8,0.8,9492000000.0,,9492000000.0,33978810595.0,358.0,33.444,1026000000.0,1.364,1.0,1903000000.0,0.247,12785000000.0,110000000.0,17574000000.0,,3576000000.0,471000000.0,0.0,471000000.0,26178000000.0,11034000000.0,15144000000.0,27938810595.0,-2000000.0,-439000000.0,11000000.0,-433000000.0,-232000000.0,-654000000.0,-566000000.0,0.0,1148000000.0,70000000.0,608000000.0,608000000.0,608000000.0,0.0,11000000.0,0.079,1034000000.0,869000000.0,3201000000.0,0.378,2.943,158.743,176.905,4828000000.0,0.0,37.15,0.886,0.886,6464000000.0,17021000000.0,7700000000.0,7700000000.0,0.0,,,,,18000000.0,1034000000.0,1.0,752054121.0,752054121.0,,10.239,22988000000.0,2598000000.0,179000000.0,730000000.0,30.567,2852000000.0
49,HON,MRQ,2009-06-30,2009-06-30,2009-06-30,2021-10-22,-3512000000.0,35137000000.0,,13718000000.0,21419000000.0,,11.383,-108000000.0,2606000000.0,2606000000.0,5682000000.0,460000000.0,1.248,3.139,8646000000.0,2395000000.0,6251000000.0,8646000000.0,0.0,235000000.0,0.0,0.037,0.302,739000000.0,974000000.0,0.129,974000000.0,739000000.0,616000000.0,0.6,0.6,0.6,8467000000.0,,8467000000.0,29762866419.0,87.0,23.435,1018000000.0,1.369,1.0,1884000000.0,0.249,12377000000.0,123000000.0,17805000000.0,,3593000000.0,463000000.0,0.0,463000000.0,26576000000.0,10995000000.0,15581000000.0,23356866419.0,554000000.0,-8000000.0,5000000.0,-301000000.0,-228000000.0,-524000000.0,-158000000.0,0.0,1126000000.0,110000000.0,450000000.0,450000000.0,450000000.0,0.0,10000000.0,0.059,1084000000.0,800000000.0,3132000000.0,0.503,2.759,81.383,80.513,4795000000.0,0.0,31.4,0.705,0.705,6285000000.0,16646000000.0,7566000000.0,7566000000.0,0.0,,,,,35000000.0,1084000000.0,1.0,743849249.0,743849249.0,,10.171,22760000000.0,2660000000.0,166000000.0,691000000.0,30.598,2723000000.0
50,HON,MRQ,2009-03-31,2009-03-31,2009-03-31,2021-10-22,-4049000000.0,34357000000.0,,12781000000.0,21576000000.0,,10.086,-101000000.0,2052000000.0,2052000000.0,5756000000.0,399000000.0,1.168,3.622,8458000000.0,2192000000.0,6266000000.0,8458000000.0,0.0,234000000.0,0.0,0.04,0.302,658000000.0,892000000.0,0.118,892000000.0,658000000.0,541000000.0,0.54,0.54,0.54,7415000000.0,,7415000000.0,26792143635.0,38.0,16.498,240000000.0,0.326,1.0,1814000000.0,0.24,12324000000.0,117000000.0,17501000000.0,,3797000000.0,622000000.0,0.0,622000000.0,26856000000.0,10938000000.0,15918000000.0,20482143635.0,-13000000.0,-20000000.0,4000000.0,70000000.0,-224000000.0,-150000000.0,-126000000.0,1000000.0,341000000.0,-78000000.0,397000000.0,397000000.0,397000000.0,0.0,2000000.0,0.052,1152000000.0,662000000.0,3144000000.0,0.559,2.762,36.575,36.658,4777000000.0,0.0,27.86,0.581,0.581,5667000000.0,16424000000.0,7570000000.0,7570000000.0,0.0,,,,,42000000.0,1152000000.0,1.0,735181035.0,735181035.0,,10.297,22033000000.0,2776000000.0,144000000.0,715000000.0,29.969,1843000000.0
51,HON,MRQ,2008-12-31,2008-12-31,2008-12-31,2021-10-22,-3809000000.0,35490000000.0,,13263000000.0,22227000000.0,,9.896,-331000000.0,2065000000.0,2065000000.0,9647000000.0,-1273000000.0,1.079,3.927,8375000000.0,2510000000.0,5865000000.0,8375000000.0,0.0,210000000.0,0.0,0.034,0.275,-2199000000.0,-1989000000.0,-0.228,-1989000000.0,-2199000000.0,-2313000000.0,-1.73,-1.71,-1.73,7187000000.0,,7187000000.0,30745011173.0,30.0,15.856,1375000000.0,1.893,1.0,-935000000.0,-0.107,12452000000.0,114000000.0,17059000000.0,,3848000000.0,670000000.0,0.0,670000000.0,28221000000.0,12289000000.0,15932000000.0,23844011173.0,-227000000.0,-85000000.0,4000000.0,-810000000.0,-201000000.0,-1007000000.0,-353000000.0,2000000.0,1706000000.0,-126000000.0,-1279000000.0,-1279000000.0,-1279000000.0,0.0,6000000.0,-0.147,1276000000.0,-2211000000.0,3773000000.0,-0.159,3.318,29.583,30.119,4934000000.0,0.0,32.83,0.652,0.652,6129000000.0,16250000000.0,8712000000.0,8712000000.0,0.0,,,,,21000000.0,1276000000.0,1.0,726287273.0,726287273.0,,11.995,23038000000.0,3057000000.0,-1034000000.0,698000000.0,31.72,974000000.0
52,HON,MRQ,2008-09-30,2008-09-30,2008-09-30,2021-10-22,-664000000.0,37082000000.0,,14996000000.0,22086000000.0,,12.812,-211000000.0,2292000000.0,2292000000.0,7476000000.0,723000000.0,1.102,2.888,9193000000.0,3230000000.0,5963000000.0,9193000000.0,0.0,247000000.0,0.0,0.026,0.275,1146000000.0,1393000000.0,0.15,1393000000.0,1146000000.0,1034000000.0,0.98,0.97,0.98,9538000000.0,,9538000000.0,37236334788.0,9.0,7.15,111000000.0,0.149,1.0,1799000000.0,0.194,12512000000.0,112000000.0,17861000000.0,,4082000000.0,703000000.0,0.0,703000000.0,27544000000.0,13610000000.0,13934000000.0,30931334788.0,88000000.0,121000000.0,-1002000000.0,690000000.0,-201000000.0,-511000000.0,-94000000.0,-4000000.0,322000000.0,-76000000.0,719000000.0,719000000.0,719000000.0,0.0,4000000.0,0.078,1309000000.0,490000000.0,4149000000.0,0.281,3.243,11.15,11.11,4986000000.0,0.0,41.55,0.833,0.833,6950000000.0,15745000000.0,9275000000.0,9275000000.0,0.0,,,,,29000000.0,1309000000.0,1.0,744436457.0,744436457.0,,12.459,24570000000.0,1911000000.0,315000000.0,1253000000.0,33.005,1386000000.0
53,HON,MRQ,2008-06-30,2008-06-30,2008-06-30,2021-10-22,-344000000.0,36779000000.0,,15459000000.0,21320000000.0,,13.838,-151000000.0,2204000000.0,2204000000.0,7323000000.0,728000000.0,1.264,2.584,8509000000.0,1934000000.0,6575000000.0,8509000000.0,0.0,229000000.0,0.0,0.021,0.275,1099000000.0,1328000000.0,0.137,1328000000.0,1099000000.0,984000000.0,0.97,0.96,0.97,10261000000.0,,10261000000.0,43101848843.0,10.0,8.65,891000000.0,1.202,1.0,2351000000.0,0.243,11796000000.0,115000000.0,19061000000.0,,3995000000.0,546000000.0,0.0,546000000.0,26518000000.0,12227000000.0,14291000000.0,37283848843.0,-30000000.0,-1253000000.0,75000000.0,454000000.0,-205000000.0,336000000.0,-1387000000.0,8000000.0,1042000000.0,-21000000.0,723000000.0,723000000.0,723000000.0,0.0,5000000.0,0.075,1290000000.0,1061000000.0,4211000000.0,0.284,3.634,13.948,14.006,5051000000.0,0.0,50.28,1.019,1.019,7047000000.0,15227000000.0,9674000000.0,9674000000.0,0.0,,,,,23000000.0,1290000000.0,1.0,741524440.0,741524440.0,,13.046,24983000000.0,1974000000.0,261000000.0,1230000000.0,33.691,3232000000.0
54,HON,MRQ,2008-03-31,2008-03-31,2008-03-31,2021-10-22,-285000000.0,34944000000.0,,14743000000.0,20201000000.0,,12.945,-138000000.0,2234000000.0,2234000000.0,6672000000.0,647000000.0,1.301,2.626,8052000000.0,1476000000.0,6576000000.0,8052000000.0,0.0,217000000.0,0.0,0.018,0.275,990000000.0,1207000000.0,0.136,1207000000.0,990000000.0,875000000.0,0.87,0.85,0.87,9636000000.0,,9636000000.0,47826085080.0,12.0,9.947,583000000.0,0.783,1.0,2223000000.0,0.25,10743000000.0,115000000.0,18687000000.0,,4149000000.0,522000000.0,0.0,522000000.0,25308000000.0,11332000000.0,13976000000.0,41998085080.0,405000000.0,-55000000.0,-390000000.0,399000000.0,-204000000.0,-188000000.0,-189000000.0,6000000.0,721000000.0,61000000.0,643000000.0,643000000.0,643000000.0,0.0,4000000.0,0.072,1255000000.0,968000000.0,4097000000.0,0.316,4.358,16.399,16.545,5012000000.0,0.0,56.42,1.185,1.185,6604000000.0,14711000000.0,8895000000.0,8895000000.0,0.0,,,,,34000000.0,1255000000.0,1.0,744382933.0,744382933.0,,11.949,24201000000.0,2014000000.0,232000000.0,952000000.0,32.511,3411000000.0
55,HON,MRQ,2007-12-31,2007-12-31,2007-12-31,2021-10-22,-544000000.0,33805000000.0,,13685000000.0,20120000000.0,,12.349,-299000000.0,1829000000.0,1829000000.0,7013000000.0,705000000.0,1.146,2.666,7657000000.0,2238000000.0,5419000000.0,7657000000.0,0.0,217000000.0,0.0,0.016,0.25,1063000000.0,1280000000.0,0.138,1280000000.0,1063000000.0,938000000.0,0.92,0.91,0.92,9222000000.0,,9222000000.0,52044605072.0,14.0,11.28,1141000000.0,1.528,1.0,2262000000.0,0.244,10673000000.0,125000000.0,17019000000.0,,3861000000.0,500000000.0,0.0,500000000.0,24583000000.0,11941000000.0,12642000000.0,45978605072.0,42000000.0,-584000000.0,-117000000.0,-243000000.0,-187000000.0,-529000000.0,-877000000.0,6000000.0,1440000000.0,8000000.0,689000000.0,689000000.0,689000000.0,0.0,-16000000.0,0.074,1205000000.0,1057000000.0,3962000000.0,0.272,4.986,18.813,19.241,4985000000.0,0.0,61.57,1.329,1.329,6387000000.0,14273000000.0,9275000000.0,9275000000.0,0.0,,,,,40000000.0,1205000000.0,1.0,746769613.0,746769613.0,,12.42,23132000000.0,1878000000.0,249000000.0,734000000.0,30.976,1744000000.0
56,HON,MRQ,2007-09-30,2007-09-30,2007-09-30,2021-10-22,-1034000000.0,32902000000.0,,13656000000.0,19246000000.0,,11.03,-169000000.0,1787000000.0,1787000000.0,6646000000.0,618000000.0,1.129,2.986,7853000000.0,2462000000.0,5391000000.0,7853000000.0,0.0,207000000.0,0.0,0.016,0.25,961000000.0,1168000000.0,0.134,1168000000.0,961000000.0,837000000.0,0.83,0.81,0.83,8255000000.0,,8255000000.0,50425102329.0,14.0,11.442,741000000.0,0.99,1.0,2089000000.0,0.239,10120000000.0,124000000.0,16756000000.0,,3919000000.0,526000000.0,0.0,526000000.0,24647000000.0,12092000000.0,12555000000.0,44507102329.0,154000000.0,-459000000.0,-203000000.0,239000000.0,-188000000.0,-135000000.0,-648000000.0,-20000000.0,910000000.0,27000000.0,618000000.0,618000000.0,618000000.0,0.0,0.0,0.071,1144000000.0,945000000.0,3812000000.0,0.301,5.392,19.02,19.823,4770000000.0,0.0,59.47,1.325,1.325,6461000000.0,13771000000.0,8735000000.0,8735000000.0,0.0,,,,,-4000000.0,1144000000.0,1.0,748395869.0,748395869.0,,11.672,22782000000.0,2124000000.0,219000000.0,484000000.0,30.441,1564000000.0
57,HON,MRQ,2007-06-30,2007-06-30,2007-06-30,2021-10-22,-1167000000.0,31771000000.0,,13109000000.0,18662000000.0,,10.004,-114000000.0,1633000000.0,1633000000.0,6491000000.0,611000000.0,1.06,3.073,7551000000.0,3066000000.0,4485000000.0,7551000000.0,0.0,213000000.0,0.0,0.017,0.25,940000000.0,1153000000.0,0.135,1153000000.0,940000000.0,830000000.0,0.79,0.78,0.79,7800000000.0,,7800000000.0,48497509961.0,14.0,11.384,869000000.0,1.115,1.0,2047000000.0,0.24,9670000000.0,110000000.0,15650000000.0,,3807000000.0,505000000.0,0.0,505000000.0,23971000000.0,12369000000.0,11602000000.0,43882509961.0,255000000.0,-52000000.0,-1996000000.0,1573000000.0,-193000000.0,-573000000.0,-166000000.0,0.0,983000000.0,11000000.0,611000000.0,611000000.0,611000000.0,0.0,0.0,0.072,1127000000.0,920000000.0,3661000000.0,0.316,5.626,19.391,19.887,4692000000.0,0.0,56.28,1.338,1.338,6118000000.0,13341000000.0,8538000000.0,8538000000.0,0.0,,,,,-26000000.0,1127000000.0,1.0,779717661.0,779717661.0,,10.95,22101000000.0,2122000000.0,219000000.0,455000000.0,28.345,740000000.0
58,HON,MRQ,2007-03-31,2007-03-31,2007-03-31,2021-10-22,-1249000000.0,31213000000.0,,12696000000.0,18517000000.0,,11.455,-87000000.0,1378000000.0,1378000000.0,6150000000.0,526000000.0,1.224,2.406,5993000000.0,1289000000.0,4704000000.0,5993000000.0,0.0,200000000.0,0.0,0.02,0.25,813000000.0,1013000000.0,0.126,1013000000.0,813000000.0,716000000.0,0.66,0.66,0.66,9163000000.0,,9163000000.0,40683666868.0,12.0,9.858,491000000.0,0.614,1.0,1891000000.0,0.235,9623000000.0,97000000.0,15831000000.0,,3749000000.0,405000000.0,0.0,405000000.0,22050000000.0,10374000000.0,11676000000.0,36844666868.0,154000000.0,-4000000.0,-1067000000.0,921000000.0,-199000000.0,-337000000.0,-91000000.0,0.0,578000000.0,4000000.0,526000000.0,526000000.0,526000000.0,0.0,0.0,0.065,1089000000.0,802000000.0,3582000000.0,0.379,4.021,16.956,17.251,4710000000.0,0.0,46.06,1.145,1.145,5873000000.0,12924000000.0,8041000000.0,8041000000.0,0.0,,,,,16000000.0,1089000000.0,1.0,799927635.0,799927635.0,,10.052,21590000000.0,2199000000.0,190000000.0,367000000.0,26.99,2322000000.0
59,HON,MRQ,2006-12-31,2006-12-31,2006-12-31,2021-10-22,-1307000000.0,30941000000.0,,12304000000.0,18637000000.0,,11.904,-258000000.0,1224000000.0,1224000000.0,6358000000.0,585000000.0,1.214,2.183,5063000000.0,1154000000.0,3909000000.0,5063000000.0,0.0,198000000.0,0.0,0.02,0.227,875000000.0,1073000000.0,0.13,1073000000.0,875000000.0,781000000.0,0.72,0.71,0.72,9720000000.0,,9720000000.0,40933903262.0,13.0,10.308,983000000.0,1.204,1.0,1918000000.0,0.232,9650000000.0,94000000.0,14995000000.0,,3588000000.0,382000000.0,0.0,382000000.0,21221000000.0,10135000000.0,11086000000.0,36938903262.0,-191000000.0,76000000.0,-758000000.0,-358000000.0,-184000000.0,-1269000000.0,-182000000.0,0.0,1241000000.0,19000000.0,585000000.0,585000000.0,585000000.0,0.0,0.0,0.071,1085000000.0,833000000.0,3518000000.0,0.315,3.8,17.734,17.811,4797000000.0,0.0,45.24,1.178,1.178,5740000000.0,12563000000.0,8276000000.0,8276000000.0,0.0,,,,,-15000000.0,1085000000.0,1.0,816509798.0,816509798.0,,10.136,21291000000.0,2290000000.0,196000000.0,352000000.0,26.076,2169000000.0
60,HON,MRQ,2006-09-30,2006-09-30,2006-09-30,2021-10-22,105000000.0,32704000000.0,,12535000000.0,20169000000.0,,13.824,-161000000.0,1415000000.0,1415000000.0,6111000000.0,541000000.0,1.243,1.889,5410000000.0,1501000000.0,3909000000.0,5410000000.0,0.0,190000000.0,0.0,0.022,0.227,831000000.0,1021000000.0,0.128,1021000000.0,831000000.0,734000000.0,0.66,0.66,0.66,11321000000.0,,11321000000.0,37791675857.0,12.0,9.733,635000000.0,0.775,1.0,1841000000.0,0.232,9648000000.0,97000000.0,16965000000.0,,3734000000.0,351000000.0,0.0,351000000.0,21383000000.0,10086000000.0,11297000000.0,33494675857.0,-9000000.0,-12000000.0,-153000000.0,-302000000.0,-184000000.0,-639000000.0,-173000000.0,0.0,796000000.0,7000000.0,541000000.0,541000000.0,541000000.0,0.0,0.0,0.068,1037000000.0,804000000.0,3222000000.0,0.344,2.959,16.647,16.901,4713000000.0,0.0,40.9,1.103,1.103,5723000000.0,12168000000.0,7952000000.0,7952000000.0,0.0,,,,,20000000.0,1037000000.0,1.0,818940730.0,818940730.0,,9.71,23056000000.0,1723000000.0,193000000.0,551000000.0,28.153,2449000000.0
61,HON,MRQ,2006-06-30,2006-06-30,2006-06-30,2021-10-22,41000000.0,32504000000.0,,12213000000.0,20291000000.0,,13.259,-142000000.0,1424000000.0,1424000000.0,6027000000.0,521000000.0,1.196,1.961,5721000000.0,1810000000.0,3911000000.0,5721000000.0,0.0,218000000.0,0.0,0.021,0.227,802000000.0,1020000000.0,0.129,1020000000.0,802000000.0,708000000.0,0.63,0.63,0.63,10978000000.0,,10978000000.0,37227900030.0,12.0,10.002,793000000.0,0.958,1.0,1871000000.0,0.237,9608000000.0,94000000.0,16984000000.0,,3680000000.0,311000000.0,0.0,311000000.0,21526000000.0,10209000000.0,11317000000.0,33365900030.0,-18000000.0,-451000000.0,-438000000.0,248000000.0,-187000000.0,-377000000.0,-593000000.0,0.0,935000000.0,17000000.0,521000000.0,521000000.0,521000000.0,0.0,0.0,0.066,1086000000.0,785000000.0,3086000000.0,0.36,3.039,17.243,17.522,4679000000.0,0.0,40.3,1.138,1.138,5426000000.0,11811000000.0,7898000000.0,7898000000.0,0.0,,,,,16000000.0,1086000000.0,1.0,827937966.0,827937966.0,,9.539,22896000000.0,1970000000.0,187000000.0,455000000.0,27.654,2004000000.0
62,HON,MRQ,2006-03-31,2006-03-31,2006-03-31,2021-10-22,-59000000.0,32206000000.0,,12178000000.0,20028000000.0,,13.139,-85000000.0,1442000000.0,1442000000.0,5600000000.0,436000000.0,1.229,1.951,5304000000.0,1340000000.0,3964000000.0,5304000000.0,0.0,188000000.0,0.0,0.02,0.227,669000000.0,857000000.0,0.118,857000000.0,669000000.0,580000000.0,0.52,0.52,0.52,10913000000.0,,10913000000.0,39397253769.0,14.0,11.25,154000000.0,0.185,1.0,1641000000.0,0.227,9424000000.0,89000000.0,16739000000.0,,3630000000.0,348000000.0,0.0,348000000.0,21293000000.0,9905000000.0,11388000000.0,35525253769.0,208000000.0,419000000.0,-151000000.0,-24000000.0,-189000000.0,-364000000.0,334000000.0,0.0,239000000.0,-1000000.0,436000000.0,436000000.0,436000000.0,-5000000.0,0.0,0.06,1002000000.0,639000000.0,3510000000.0,0.437,3.255,20.702,21.069,4633000000.0,0.0,42.77,1.249,1.249,5175000000.0,11477000000.0,7241000000.0,7241000000.0,0.0,,,,,25000000.0,1002000000.0,1.0,830611498.0,830611498.0,,8.718,22782000000.0,1946000000.0,144000000.0,376000000.0,27.428,2273000000.0
63,HON,MRQ,2005-12-31,2005-12-31,2005-12-31,2021-10-22,-25000000.0,31633000000.0,,11962000000.0,19671000000.0,,12.77,-196000000.0,1234000000.0,1234000000.0,5637000000.0,514000000.0,1.147,1.939,5106000000.0,2024000000.0,3082000000.0,5106000000.0,0.0,163000000.0,0.0,0.022,0.206,822000000.0,985000000.0,0.135,985000000.0,822000000.0,726000000.0,0.61,0.6,0.61,10762000000.0,,10762000000.0,35350774464.0,13.0,10.462,643000000.0,0.763,1.0,1638000000.0,0.225,8833000000.0,96000000.0,16242000000.0,,3401000000.0,370000000.0,0.0,370000000.0,20871000000.0,10430000000.0,10441000000.0,31392774464.0,-218000000.0,244000000.0,-521000000.0,-414000000.0,-172000000.0,-1107000000.0,48000000.0,0.0,839000000.0,2000000.0,514000000.0,514000000.0,514000000.0,-30000000.0,0.0,0.071,947000000.0,691000000.0,2886000000.0,0.338,2.917,19.165,19.301,4658000000.0,0.0,37.25,1.135,1.135,5017000000.0,11230000000.0,7275000000.0,7275000000.0,0.0,,,,,0.0,936000000.0,1.0,842759046.0,842759046.0,,8.632,22800000000.0,1973000000.0,212000000.0,334000000.0,27.054,1532000000.0
64,HON,MRQ,2005-09-30,2005-09-30,2005-09-30,2021-10-22,-33000000.0,32206000000.0,,12569000000.0,19637000000.0,,13.302,-148000000.0,1452000000.0,1452000000.0,5302000000.0,464000000.0,1.295,1.831,5410000000.0,1438000000.0,3972000000.0,5410000000.0,0.0,164000000.0,0.0,0.021,0.206,696000000.0,860000000.0,0.125,860000000.0,696000000.0,613000000.0,0.54,0.54,0.54,11375000000.0,,11375000000.0,35853999262.0,16.0,12.773,557000000.0,0.651,1.0,1598000000.0,0.232,9008000000.0,83000000.0,17450000000.0,,3398000000.0,406000000.0,0.0,406000000.0,20831000000.0,9706000000.0,11125000000.0,32067999262.0,-477000000.0,-20000000.0,-534000000.0,-304000000.0,-176000000.0,-1014000000.0,-168000000.0,0.0,705000000.0,0.0,464000000.0,464000000.0,464000000.0,-37000000.0,0.0,0.067,961000000.0,637000000.0,2627000000.0,0.381,2.819,23.896,23.734,4335000000.0,0.0,37.5,1.187,1.187,4772000000.0,11374000000.0,6900000000.0,6900000000.0,0.0,,,,,0.0,982000000.0,1.0,855146647.0,855146647.0,,8.069,23198000000.0,1899000000.0,149000000.0,530000000.0,27.128,2863000000.0
65,HON,MRQ,2005-06-30,2005-06-30,2005-06-30,2021-10-22,-80000000.0,32568000000.0,,12870000000.0,19698000000.0,,13.502,-135000000.0,1929000000.0,1929000000.0,5503000000.0,302000000.0,1.331,1.828,5715000000.0,1624000000.0,4091000000.0,5715000000.0,0.0,168000000.0,0.0,0.021,0.206,632000000.0,800000000.0,0.114,800000000.0,632000000.0,546000000.0,0.36,0.36,0.36,11518000000.0,,11518000000.0,33219475127.0,16.0,12.395,434000000.0,0.509,1.0,1525000000.0,0.217,8913000000.0,86000000.0,17769000000.0,,3376000000.0,468000000.0,0.0,468000000.0,21050000000.0,9672000000.0,11378000000.0,31246475127.0,-2167000000.0,-1984000000.0,22000000.0,-440000000.0,-176000000.0,-594000000.0,-2119000000.0,0.0,569000000.0,-23000000.0,302000000.0,302000000.0,302000000.0,-28000000.0,0.0,0.043,953000000.0,572000000.0,2657000000.0,0.572,2.713,24.997,24.918,4353000000.0,0.0,36.63,1.179,1.179,4559000000.0,11080000000.0,7028000000.0,7028000000.0,0.0,,,,,0.0,935000000.0,1.0,853029624.0,853029624.0,,8.239,23655000000.0,1954000000.0,244000000.0,513000000.0,27.731,3198000000.0
66,HON,MRQ,2005-03-31,2005-03-31,2005-03-31,2021-10-22,36000000.0,34660000000.0,,14913000000.0,19747000000.0,,13.436,-134000000.0,4096000000.0,4096000000.0,5082000000.0,358000000.0,1.291,2.032,6069000000.0,2027000000.0,4042000000.0,6069000000.0,0.0,158000000.0,0.0,0.021,0.206,576000000.0,734000000.0,0.114,734000000.0,576000000.0,485000000.0,0.42,0.42,0.42,11431000000.0,,11431000000.0,33344238288.0,16.0,12.602,195000000.0,0.229,1.0,1367000000.0,0.212,8817000000.0,91000000.0,16265000000.0,,3391000000.0,482000000.0,0.0,482000000.0,23229000000.0,11551000000.0,11678000000.0,31657238288.0,510000000.0,78000000.0,67000000.0,108000000.0,-176000000.0,-1000000.0,229000000.0,285000000.0,329000000.0,-47000000.0,358000000.0,358000000.0,358000000.0,0.0,0.0,0.056,822000000.0,545000000.0,4444000000.0,0.49,2.769,24.184,24.32,4386000000.0,0.0,37.21,1.224,1.224,4424000000.0,10950000000.0,6449000000.0,6449000000.0,0.0,,,,,0.0,854000000.0,1.0,850772327.0,850772327.0,,7.58,25843000000.0,1880000000.0,127000000.0,447000000.0,30.376,3362000000.0
67,HON,MRQ,2004-12-31,2004-12-31,2004-12-31,2021-10-22,138000000.0,31062000000.0,,12820000000.0,18242000000.0,,13.081,-200000000.0,3586000000.0,3586000000.0,5507000000.0,218000000.0,1.467,1.761,5273000000.0,1204000000.0,4069000000.0,5273000000.0,0.0,120000000.0,0.0,0.021,0.188,293000000.0,413000000.0,0.062,413000000.0,293000000.0,209000000.0,0.26,0.26,0.26,11252000000.0,,11252000000.0,32062542542.0,16.0,12.485,566000000.0,0.658,1.0,1125000000.0,0.17,7254000000.0,84000000.0,16756000000.0,,3160000000.0,542000000.0,0.0,542000000.0,19810000000.0,8739000000.0,11071000000.0,30458542542.0,153000000.0,-129000000.0,-370000000.0,199000000.0,-160000000.0,-331000000.0,-444000000.0,-115000000.0,766000000.0,162000000.0,218000000.0,218000000.0,218000000.0,0.0,0.0,0.033,1213000000.0,-88000000.0,2564000000.0,0.723,2.707,24.445,24.421,4331000000.0,0.0,35.41,1.19,1.19,4243000000.0,10767000000.0,6632000000.0,6632000000.0,0.0,,,,,0.0,865000000.0,1.0,860167821.0,860167821.0,,7.71,23808000000.0,1902000000.0,-9000000.0,397000000.0,27.678,4081000000.0
68,HON,MRQ,2004-09-30,2004-09-30,2004-09-30,2021-10-22,-167000000.0,29988000000.0,,12355000000.0,17633000000.0,,13.036,-110000000.0,3433000000.0,3433000000.0,5087000000.0,372000000.0,1.709,1.676,5037000000.0,198000000.0,4839000000.0,5037000000.0,0.0,166000000.0,0.0,0.021,0.188,567000000.0,733000000.0,0.115,733000000.0,567000000.0,486000000.0,0.43,0.43,0.43,11205000000.0,,11205000000.0,32702249948.0,15.0,11.564,535000000.0,0.622,1.0,1308000000.0,0.205,7039000000.0,81000000.0,17323000000.0,,3074000000.0,414000000.0,0.0,414000000.0,18783000000.0,7230000000.0,11553000000.0,30824249948.0,201000000.0,-114000000.0,-33000000.0,-77000000.0,-161000000.0,-271000000.0,-224000000.0,0.0,645000000.0,51000000.0,372000000.0,372000000.0,372000000.0,0.0,0.0,0.058,765000000.0,543000000.0,2346000000.0,0.437,2.751,21.48,21.602,4186000000.0,0.0,35.86,1.226,1.226,4074000000.0,10674000000.0,6395000000.0,6395000000.0,0.0,,,,,0.0,820000000.0,1.0,859571945.0,859571945.0,,7.44,22949000000.0,1707000000.0,114000000.0,358000000.0,26.698,5125000000.0
69,HON,MRQ,2004-06-30,2004-06-30,2004-06-30,2021-10-22,-255000000.0,29551000000.0,,12017000000.0,17534000000.0,,12.67,-146000000.0,3232000000.0,3232000000.0,5228000000.0,361000000.0,1.704,1.715,5110000000.0,285000000.0,4825000000.0,5110000000.0,0.0,161000000.0,0.0,0.02,0.188,605000000.0,766000000.0,0.12,766000000.0,605000000.0,523000000.0,0.42,0.42,0.42,10886000000.0,,10886000000.0,33789362850.0,16.0,12.168,359000000.0,0.418,1.0,1160000000.0,0.182,6947000000.0,82000000.0,17429000000.0,,3003000000.0,414000000.0,0.0,414000000.0,18665000000.0,7053000000.0,11612000000.0,31472362850.0,32000000.0,310000000.0,-44000000.0,-400000000.0,-161000000.0,-605000000.0,164000000.0,0.0,505000000.0,-32000000.0,361000000.0,361000000.0,361000000.0,0.0,0.0,0.057,572000000.0,588000000.0,2273000000.0,0.448,2.891,22.368,22.472,4185000000.0,0.0,36.63,1.283,1.283,3905000000.0,10463000000.0,6388000000.0,6388000000.0,0.0,,,,,0.0,823000000.0,1.0,859196365.0,859196365.0,,7.435,22604000000.0,1758000000.0,162000000.0,313000000.0,26.308,4964000000.0
70,HON,MRQ,2004-03-31,2004-03-31,2004-03-31,2021-10-22,-175000000.0,29666000000.0,,12043000000.0,17623000000.0,,12.526,-135000000.0,3200000000.0,3200000000.0,4930000000.0,295000000.0,1.668,1.758,5517000000.0,563000000.0,4954000000.0,5517000000.0,0.0,167000000.0,0.0,0.022,0.188,489000000.0,656000000.0,0.106,656000000.0,489000000.0,405000000.0,0.34,0.34,0.34,10757000000.0,,10757000000.0,31280198936.0,16.0,11.615,202000000.0,0.235,1.0,1248000000.0,0.202,6998000000.0,84000000.0,17764000000.0,,3090000000.0,412000000.0,0.0,412000000.0,18909000000.0,7221000000.0,11688000000.0,29070198936.0,250000000.0,-25000000.0,-203000000.0,348000000.0,-161000000.0,-16000000.0,-80000000.0,80000000.0,337000000.0,9000000.0,295000000.0,295000000.0,295000000.0,0.0,0.0,0.048,766000000.0,482000000.0,2314000000.0,0.553,2.702,21.297,21.424,4248000000.0,0.0,33.85,1.217,1.217,3888000000.0,10263000000.0,6178000000.0,6178000000.0,0.0,,,,,0.0,808000000.0,1.0,858794651.0,858794651.0,,7.194,22668000000.0,1781000000.0,110000000.0,294000000.0,26.395,4822000000.0
71,HON,MRQ,2003-12-31,2003-12-31,2003-12-31,2021-10-22,-189000000.0,29314000000.0,,11624000000.0,17690000000.0,,12.446,-224000000.0,2950000000.0,2950000000.0,4972000000.0,407000000.0,1.721,1.732,5160000000.0,199000000.0,4961000000.0,5160000000.0,0.0,224000000.0,0.0,0.022,0.188,449000000.0,673000000.0,0.109,673000000.0,449000000.0,367000000.0,0.47,0.47,0.47,10729000000.0,,10729000000.0,31155358211.0,16.0,11.91,279000000.0,0.324,1.0,1215000000.0,0.196,6887000000.0,82000000.0,17884000000.0,,3040000000.0,569000000.0,0.0,569000000.0,18585000000.0,6753000000.0,11832000000.0,28818358211.0,80000000.0,-75000000.0,-22000000.0,-66000000.0,-162000000.0,-250000000.0,-299000000.0,0.0,503000000.0,126000000.0,407000000.0,407000000.0,407000000.0,0.0,0.0,0.066,793000000.0,422000000.0,2240000000.0,0.4,2.686,21.766,21.708,4295000000.0,0.0,33.43,1.247,1.247,3643000000.0,10129000000.0,6187000000.0,6187000000.0,0.0,,,,,0.0,756000000.0,1.0,862050799.0,862050799.0,,7.177,22427000000.0,1868000000.0,-40000000.0,316000000.0,26.016,4871000000.0
72,HON,MRQ,2003-09-30,2003-09-30,2003-09-30,2021-10-22,-781000000.0,28385000000.0,,11223000000.0,17162000000.0,,11.492,-118000000.0,2870000000.0,2870000000.0,4509000000.0,344000000.0,1.702,1.872,5207000000.0,201000000.0,5006000000.0,5207000000.0,0.0,147000000.0,0.0,0.028,0.188,535000000.0,682000000.0,0.118,682000000.0,535000000.0,453000000.0,0.4,0.4,0.4,9884000000.0,,9884000000.0,25466436418.0,-34.0,-252.143,552000000.0,0.642,1.0,1259000000.0,0.218,6813000000.0,82000000.0,17315000000.0,,2930000000.0,643000000.0,0.0,643000000.0,18501000000.0,6594000000.0,11907000000.0,22662436418.0,244000000.0,45000000.0,8000000.0,-196000000.0,-161000000.0,-349000000.0,-73000000.0,0.0,670000000.0,-4000000.0,344000000.0,344000000.0,344000000.0,0.0,0.0,0.06,731000000.0,528000000.0,2032000000.0,0.47,2.293,-41.204,-36.597,4168000000.0,0.0,26.35,0.995,0.995,3354000000.0,9884000000.0,5768000000.0,5768000000.0,0.0,,,,,0.0,729000000.0,1.0,860054513.0,860054513.0,,6.707,21572000000.0,1745000000.0,109000000.0,510000000.0,25.082,4629000000.0
73,HON,MRQ,2003-06-30,2003-06-30,2003-06-30,2021-10-22,-689000000.0,28533000000.0,,11116000000.0,17417000000.0,,11.352,-171000000.0,2626000000.0,2626000000.0,4514000000.0,319000000.0,1.672,1.93,5430000000.0,388000000.0,5042000000.0,5430000000.0,0.0,148000000.0,0.0,0.028,0.188,534000000.0,682000000.0,0.119,682000000.0,534000000.0,447000000.0,0.37,0.37,0.37,9739000000.0,,9739000000.0,25948677802.0,-40.0,786.324,382000000.0,0.445,1.0,1235000000.0,0.215,6804000000.0,87000000.0,17884000000.0,,3055000000.0,649000000.0,0.0,649000000.0,18794000000.0,6649000000.0,12145000000.0,23034677802.0,336000000.0,58000000.0,7000000.0,-108000000.0,-161000000.0,-262000000.0,-113000000.0,0.0,553000000.0,158000000.0,319000000.0,319000000.0,319000000.0,0.0,0.0,0.055,707000000.0,528000000.0,2093000000.0,0.508,2.365,-47.79,-43.306,4222000000.0,0.0,26.85,1.02,1.02,3353000000.0,9701000000.0,5749000000.0,5749000000.0,0.0,,,,,0.0,762000000.0,1.0,857902339.0,857902339.0,,6.701,21729000000.0,1895000000.0,128000000.0,512000000.0,25.328,4467000000.0
74,HON,MRQ,2003-03-31,2003-03-31,2003-03-31,2021-10-22,-988000000.0,27961000000.0,,10820000000.0,17141000000.0,,10.781,-105000000.0,2290000000.0,2290000000.0,4240000000.0,254000000.0,1.571,2.031,5204000000.0,483000000.0,4721000000.0,5204000000.0,0.0,142000000.0,0.0,0.035,0.188,437000000.0,579000000.0,0.107,579000000.0,437000000.0,353000000.0,0.3,0.3,0.3,9224000000.0,,9224000000.0,21343303439.0,-27.0,-260.284,368000000.0,0.43,1.0,1159000000.0,0.215,6832000000.0,84000000.0,17154000000.0,,3049000000.0,626000000.0,0.0,626000000.0,18737000000.0,6889000000.0,11848000000.0,18275303439.0,269000000.0,-90000000.0,24000000.0,103000000.0,-161000000.0,-34000000.0,-195000000.0,0.0,473000000.0,25000000.0,254000000.0,254000000.0,254000000.0,0.0,0.0,0.047,700000000.0,459000000.0,2023000000.0,0.627,1.981,-53.437,-49.674,4080000000.0,0.0,21.36,0.813,0.813,3297000000.0,9543000000.0,5399000000.0,5399000000.0,0.0,,,,,0.0,703000000.0,1.0,855585367.0,855585367.0,,6.31,21129000000.0,1808000000.0,99000000.0,416000000.0,24.695,3931000000.0
75,HON,MRQ,2002-12-31,2002-12-31,2002-12-31,2021-10-22,-1109000000.0,27565000000.0,,10200000000.0,17365000000.0,,10.87,-208000000.0,2021000000.0,2021000000.0,4875000000.0,-1467000000.0,1.526,2.089,5089000000.0,370000000.0,4719000000.0,5089000000.0,0.0,220000000.0,0.0,0.031,0.188,-2264000000.0,-2044000000.0,-0.349,-2044000000.0,-2264000000.0,-2347000000.0,-1.79,-1.79,-1.79,8925000000.0,,8925000000.0,22591219152.0,-38.0,175.126,546000000.0,0.665,1.0,980000000.0,0.167,6772000000.0,83000000.0,17176000000.0,,2953000000.0,624000000.0,0.0,624000000.0,18640000000.0,6685000000.0,11955000000.0,19705219152.0,19000000.0,-488000000.0,4000000.0,136000000.0,-154000000.0,-53000000.0,-697000000.0,-1000000.0,754000000.0,15000000.0,-1467000000.0,-1467000000.0,-1467000000.0,0.0,0.0,-0.251,3269000000.0,-2289000000.0,1912000000.0,-0.105,2.208,-89.569,-88.889,4055000000.0,0.0,24.0,0.885,0.885,3264000000.0,9450000000.0,5855000000.0,5855000000.0,0.0,,,,,0.0,782000000.0,1.0,821050798.0,821050798.0,,7.131,20793000000.0,2268000000.0,-880000000.0,186000000.0,25.325,3515000000.0
76,HON,MRQ,2002-09-30,2002-09-30,2002-09-30,2021-10-22,-615000000.0,24547000000.0,,9976000000.0,14571000000.0,,12.66,-144000000.0,2002000000.0,2002000000.0,4236000000.0,412000000.0,1.859,1.367,4888000000.0,180000000.0,4708000000.0,4888000000.0,0.0,170000000.0,0.0,0.035,0.188,646000000.0,816000000.0,0.147,816000000.0,646000000.0,560000000.0,0.5,0.5,0.5,10372000000.0,,10372000000.0,20873816938.0,11.0,8.752,355000000.0,0.433,1.0,1333000000.0,0.239,6400000000.0,86000000.0,15667000000.0,,3132000000.0,610000000.0,0.0,610000000.0,14175000000.0,5366000000.0,8809000000.0,17745816938.0,26000000.0,-16000000.0,3000000.0,-249000000.0,-154000000.0,-400000000.0,-69000000.0,91000000.0,499000000.0,-4000000.0,412000000.0,412000000.0,412000000.0,0.0,0.0,0.074,694000000.0,639000000.0,1786000000.0,0.376,1.711,13.001,12.97,4689000000.0,0.0,21.66,0.797,0.797,3476000000.0,11071000000.0,5569000000.0,5569000000.0,0.0,,,,,0.0,698000000.0,1.0,819289794.0,819289794.0,,6.797,18147000000.0,0.0,148000000.0,914000000.0,22.15,4610000000.0
77,HON,MRQ,2002-06-30,2002-06-30,2002-06-30,2021-10-22,-608000000.0,24785000000.0,,10247000000.0,14538000000.0,,12.318,-139000000.0,1976000000.0,1976000000.0,4431000000.0,459000000.0,1.713,1.461,5104000000.0,397000000.0,4707000000.0,5104000000.0,0.0,164000000.0,0.0,0.027,0.188,403000000.0,567000000.0,0.1,567000000.0,403000000.0,315000000.0,0.56,0.56,0.56,10071000000.0,,10071000000.0,32458413546.0,40.0,23.318,583000000.0,0.713,1.0,1220000000.0,0.216,6394000000.0,88000000.0,15536000000.0,,3215000000.0,698000000.0,0.0,698000000.0,14714000000.0,5983000000.0,8731000000.0,28804413546.0,384000000.0,87000000.0,12000000.0,-184000000.0,-153000000.0,-325000000.0,-52000000.0,0.0,722000000.0,39000000.0,459000000.0,459000000.0,459000000.0,0.0,0.0,0.081,820000000.0,400000000.0,1818000000.0,0.336,2.86,44.658,44.595,4769000000.0,0.0,35.23,1.281,1.281,3594000000.0,10813000000.0,5651000000.0,5651000000.0,0.0,,,,,0.0,660000000.0,1.0,817610376.0,817610376.0,,6.912,18391000000.0,0.0,-144000000.0,879000000.0,22.494,4264000000.0
78,HON,MRQ,2002-03-31,2002-03-31,2002-03-31,2021-10-22,-827000000.0,24193000000.0,,9737000000.0,14456000000.0,,11.636,-139000000.0,1592000000.0,1592000000.0,4073000000.0,376000000.0,1.622,1.551,5246000000.0,593000000.0,4653000000.0,5246000000.0,0.0,176000000.0,0.0,0.02,0.188,614000000.0,790000000.0,0.152,790000000.0,614000000.0,527000000.0,0.46,0.46,0.46,9483000000.0,,9483000000.0,35065767228.0,71.0,30.386,266000000.0,0.326,1.0,1126000000.0,0.217,6362000000.0,87000000.0,15482000000.0,,3351000000.0,680000000.0,0.0,680000000.0,14710000000.0,6003000000.0,8707000000.0,31188767228.0,199000000.0,80000000.0,22000000.0,-23000000.0,-153000000.0,-154000000.0,-52000000.0,7000000.0,405000000.0,0.0,376000000.0,376000000.0,376000000.0,0.0,0.0,0.072,644000000.0,482000000.0,1801000000.0,0.409,3.289,132.156,131.966,4812000000.0,0.0,38.27,1.362,1.362,3430000000.0,10507000000.0,5199000000.0,5199000000.0,0.0,,,,,0.0,617000000.0,1.0,814966481.0,814966481.0,,6.379,17831000000.0,0.0,151000000.0,947000000.0,21.879,3734000000.0
79,HON,MRQ,2001-12-31,2001-12-31,2001-12-31,2021-10-22,-835000000.0,24226000000.0,,9894000000.0,14332000000.0,,11.277,-263000000.0,1393000000.0,1393000000.0,4717000000.0,118000000.0,1.591,1.642,5270000000.0,539000000.0,4731000000.0,5270000000.0,0.0,25000000.0,0.0,0.022,0.188,187000000.0,212000000.0,0.036,212000000.0,187000000.0,95000000.0,0.15,0.15,0.15,9170000000.0,,9170000000.0,31661044844.0,-1862.0,44.782,376000000.0,0.462,1.0,1136000000.0,0.194,6356000000.0,92000000.0,15527000000.0,,3355000000.0,466000000.0,0.0,466000000.0,15056000000.0,6220000000.0,8836000000.0,27502044844.0,69000000.0,35000000.0,8000000.0,-191000000.0,-152000000.0,-335000000.0,-226000000.0,2000000.0,639000000.0,-9000000.0,118000000.0,118000000.0,118000000.0,0.0,0.0,0.02,961000000.0,175000000.0,1862000000.0,1.253,2.999,-277.798,-281.833,4933000000.0,0.0,33.82,1.163,1.163,3440000000.0,10284000000.0,5853000000.0,5853000000.0,0.0,,,,,0.0,656000000.0,1.0,813188789.0,813188789.0,,7.198,17870000000.0,1117000000.0,-23000000.0,875000000.0,21.975,3674000000.0
80,HON,MRQ,2001-09-30,2001-09-30,2001-09-30,2021-10-22,-726000000.0,25332000000.0,,10469000000.0,14863000000.0,,11.399,-227000000.0,1324000000.0,1324000000.0,5368000000.0,-308000000.0,1.27,1.738,5483000000.0,1964000000.0,3519000000.0,5483000000.0,0.0,222000000.0,0.0,0.028,0.375,-399000000.0,-177000000.0,-0.031,-177000000.0,-399000000.0,-498000000.0,-0.38,-0.38,-0.38,9252000000.0,,9252000000.0,25636661001.0,94.0,25.714,353000000.0,0.435,1.0,421000000.0,0.073,5831000000.0,99000000.0,15416000000.0,,3812000000.0,617000000.0,0.0,617000000.0,16080000000.0,8244000000.0,7836000000.0,21426661001.0,94000000.0,-3000000.0,9000000.0,39000000.0,-304000000.0,-256000000.0,-230000000.0,0.0,580000000.0,0.0,-308000000.0,-308000000.0,-308000000.0,0.0,0.0,-0.053,803000000.0,-382000000.0,2106000000.0,-0.987,2.316,579.099,660.0,5157000000.0,0.0,26.4,0.883,0.883,3981000000.0,10318000000.0,5789000000.0,5789000000.0,0.0,,,,,0.0,803000000.0,1.0,811615947.0,811615947.0,,7.133,19501000000.0,0.0,-190000000.0,1009000000.0,24.027,2225000000.0
81,HON,MRQ,2001-06-30,2001-06-30,2001-06-30,2021-10-22,-866000000.0,24935000000.0,,10316000000.0,14619000000.0,,11.764,-193000000.0,1230000000.0,1230000000.0,5067000000.0,50000000.0,1.349,1.619,5440000000.0,1937000000.0,3503000000.0,5440000000.0,0.0,238000000.0,0.0,0.016,0.0,91000000.0,329000000.0,0.054,329000000.0,91000000.0,-12000000.0,0.06,0.06,0.06,9520000000.0,,9520000000.0,32816923652.0,27.0,16.752,337000000.0,0.416,1.0,999000000.0,0.165,5874000000.0,103000000.0,15625000000.0,,3740000000.0,606000000.0,0.0,606000000.0,15415000000.0,7646000000.0,7769000000.0,28243923652.0,156000000.0,-25000000.0,28000000.0,-185000000.0,0.0,-157000000.0,-217000000.0,1000000.0,530000000.0,0.0,50000000.0,50000000.0,50000000.0,0.0,0.0,0.008,823000000.0,176000000.0,2130000000.0,0.0,2.967,45.046,45.325,5111000000.0,0.0,34.9,1.144,1.144,4122000000.0,10779000000.0,6066000000.0,6066000000.0,0.0,,,,,0.0,837000000.0,1.0,809281480.0,809281480.0,,7.496,19061000000.0,0.0,-62000000.0,1065000000.0,23.553,2670000000.0
82,HON,MRQ,2001-03-31,2001-03-31,2001-03-31,2021-10-22,-807000000.0,24788000000.0,,10291000000.0,14497000000.0,,11.882,-147000000.0,1074000000.0,1074000000.0,4973000000.0,41000000.0,1.454,1.584,5647000000.0,1741000000.0,3906000000.0,5647000000.0,0.0,239000000.0,0.0,0.018,0.188,104000000.0,343000000.0,0.058,343000000.0,104000000.0,-7000000.0,0.05,0.05,0.05,9592000000.0,,9592000000.0,37364490956.0,18.0,12.88,100000000.0,0.124,1.0,971000000.0,0.163,5921000000.0,111000000.0,16362000000.0,,3830000000.0,653000000.0,0.0,653000000.0,15196000000.0,7078000000.0,8118000000.0,32937490956.0,-122000000.0,-85000000.0,4000000.0,13000000.0,-153000000.0,-136000000.0,-233000000.0,-1000000.0,247000000.0,0.0,41000000.0,41000000.0,41000000.0,0.0,0.0,0.007,764000000.0,207000000.0,2189000000.0,3.76,3.434,27.586,27.568,5128000000.0,0.0,40.8,1.322,1.322,4153000000.0,10880000000.0,5944000000.0,5944000000.0,0.0,,,,,0.0,768000000.0,1.0,807291445.0,807291445.0,,7.363,18867000000.0,0.0,-48000000.0,1182000000.0,23.371,3213000000.0
83,HON,MRQ,2000-12-31,2000-12-31,2000-12-31,2021-10-22,-729000000.0,25175000000.0,,10661000000.0,14514000000.0,,12.172,-255000000.0,1196000000.0,1196000000.0,4707000000.0,254000000.0,1.478,1.593,5623000000.0,1682000000.0,3941000000.0,5623000000.0,0.0,24000000.0,0.0,0.016,0.188,478000000.0,502000000.0,0.078,502000000.0,478000000.0,362000000.0,0.31,0.31,0.31,9707000000.0,,9707000000.0,42658062376.0,15.0,11.623,381000000.0,0.478,1.0,1747000000.0,0.271,6444000000.0,116000000.0,15944000000.0,,3734000000.0,748000000.0,0.0,748000000.0,15468000000.0,7214000000.0,8254000000.0,37729062376.0,-869000000.0,12000000.0,189000000.0,-1387000000.0,-151000000.0,-1349000000.0,-156000000.0,87000000.0,636000000.0,0.0,254000000.0,254000000.0,254000000.0,0.0,0.0,0.039,1118000000.0,629000000.0,2364000000.0,0.606,3.887,22.742,22.855,5230000000.0,0.0,47.31,1.508,1.508,4623000000.0,10992000000.0,6454000000.0,6454000000.0,0.0,,,,,0.0,822000000.0,1.0,797485994.0,797485994.0,,8.093,18731000000.0,0.0,108000000.0,1173000000.0,23.488,3447000000.0
84,HON,MRQ,2000-09-30,2000-09-30,2000-09-30,2021-10-22,-652000000.0,25917000000.0,,11186000000.0,14731000000.0,,11.655,-177000000.0,2065000000.0,2065000000.0,4845000000.0,282000000.0,1.353,1.776,6994000000.0,2839000000.0,4155000000.0,6994000000.0,0.0,238000000.0,0.0,0.021,0.188,547000000.0,785000000.0,0.126,785000000.0,547000000.0,422000000.0,0.35,0.35,0.35,9336000000.0,,9336000000.0,33618433343.0,14.0,9.773,338000000.0,0.422,1.0,1371000000.0,0.221,6120000000.0,125000000.0,16457000000.0,,3848000000.0,999000000.0,0.0,999000000.0,16581000000.0,8269000000.0,8312000000.0,28533433343.0,1106000000.0,102000000.0,-140000000.0,957000000.0,-150000000.0,667000000.0,-76000000.0,-1000000.0,515000000.0,0.0,282000000.0,282000000.0,282000000.0,0.0,0.0,0.045,756000000.0,615000000.0,2243000000.0,0.537,3.056,20.208,20.124,5194000000.0,0.0,35.62,1.154,1.154,4162000000.0,10889000000.0,6216000000.0,6216000000.0,0.0,,,,,0.0,791000000.0,1.0,801050908.0,801050908.0,,7.76,19797000000.0,0.0,140000000.0,998000000.0,24.714,2917000000.0
85,HON,MRQ,2000-06-30,2000-06-30,2000-06-30,2021-10-22,-512000000.0,24936000000.0,,9851000000.0,15085000000.0,,11.842,-172000000.0,959000000.0,959000000.0,4671000000.0,617000000.0,1.232,1.638,6044000000.0,2600000000.0,3444000000.0,6044000000.0,0.0,267000000.0,0.0,0.021,0.188,1004000000.0,1271000000.0,0.201,1271000000.0,1004000000.0,875000000.0,0.77,0.76,0.77,9452000000.0,,9452000000.0,32215043214.0,12.0,8.563,279000000.0,0.35,1.0,1638000000.0,0.26,6232000000.0,129000000.0,15794000000.0,,3744000000.0,1061000000.0,0.0,1061000000.0,15484000000.0,7995000000.0,7489000000.0,26890043214.0,-41000000.0,122000000.0,48000000.0,-322000000.0,-149000000.0,-423000000.0,-69000000.0,-19000000.0,451000000.0,0.0,617000000.0,617000000.0,617000000.0,0.0,0.0,0.098,760000000.0,878000000.0,2256000000.0,0.244,2.845,15.968,15.892,5502000000.0,0.0,33.69,1.095,1.095,4039000000.0,10757000000.0,6309000000.0,6309000000.0,0.0,,,,,0.0,763000000.0,1.0,798160974.0,798160974.0,,7.904,18704000000.0,0.0,258000000.0,878000000.0,23.434,1856000000.0
86,HON,MRQ,2000-03-31,2000-03-31,2000-03-31,2021-10-22,-391000000.0,24837000000.0,,9750000000.0,15087000000.0,,11.25,-122000000.0,1000000000.0,1000000000.0,4450000000.0,506000000.0,1.173,1.777,6325000000.0,2848000000.0,3477000000.0,6325000000.0,0.0,262000000.0,0.0,0.013,0.188,850000000.0,1112000000.0,0.184,1112000000.0,850000000.0,739000000.0,0.64,0.63,0.64,8945000000.0,,8945000000.0,44970594337.0,17.0,12.611,265000000.0,0.333,1.0,1594000000.0,0.264,6204000000.0,111000000.0,15644000000.0,,3744000000.0,1050000000.0,0.0,1050000000.0,15892000000.0,8314000000.0,7578000000.0,41895594337.0,-991000000.0,-2292000000.0,33000000.0,1151000000.0,-149000000.0,1035000000.0,-2413000000.0,1000000.0,387000000.0,0.0,506000000.0,506000000.0,506000000.0,0.0,0.0,0.084,748000000.0,846000000.0,2173000000.0,0.294,4.684,26.071,25.956,5637000000.0,0.0,52.69,1.731,1.731,3926000000.0,10289000000.0,6044000000.0,6044000000.0,0.0,,,,,0.0,758000000.0,1.0,795133694.0,795133694.0,,7.601,18633000000.0,0.0,233000000.0,877000000.0,23.434,1436000000.0
87,HON,MRQ,1999-12-31,1999-12-31,1999-12-31,2021-10-22,-355000000.0,23527000000.0,,10422000000.0,13105000000.0,,15.561,-301000000.0,1991000000.0,1991000000.0,5104000000.0,7000000.0,1.26,1.736,5066000000.0,2609000000.0,2457000000.0,5066000000.0,0.0,216000000.0,0.0,0.012,0.17,56000000.0,272000000.0,0.044,272000000.0,56000000.0,-17000000.0,0.01,0.0,0.01,8599000000.0,,8599000000.0,33951573958.0,14.0,10.003,556000000.0,1.006,1.0,1055000000.0,0.171,4660000000.0,73000000.0,13670000000.0,,3436000000.0,782000000.0,0.0,782000000.0,14928000000.0,8272000000.0,6656000000.0,31879573958.0,866000000.0,-303000000.0,42000000.0,710000000.0,-132000000.0,620000000.0,-611000000.0,-7000000.0,857000000.0,0.0,7000000.0,7000000.0,7000000.0,0.0,0.0,0.001,1061000000.0,-6000000.0,2129000000.0,17.0,3.707,20.688,29.585,5630000000.0,0.0,57.69,1.343,1.343,3896000000.0,9932000000.0,6159000000.0,6159000000.0,0.0,,,,,0.0,1073000000.0,1.0,552601386.0,552601386.0,,11.145,18867000000.0,0.0,-24000000.0,864000000.0,34.142,2150000000.0
88,HON,MRQ,1999-09-30,1999-09-30,1999-09-30,2021-10-22,-270000000.0,14953000000.0,,5867000000.0,9086000000.0,,9.856,-231000000.0,981000000.0,981000000.0,4574000000.0,554000000.0,1.226,1.757,3053000000.0,1766000000.0,1287000000.0,3053000000.0,0.0,224000000.0,0.0,0.011,0.17,883000000.0,1107000000.0,0.183,1107000000.0,883000000.0,823000000.0,0.7,0.68,0.7,5423000000.0,,5423000000.0,34884226360.0,9.0,6.867,288000000.0,0.523,1.0,1462000000.0,0.242,3094000000.0,60000000.0,9147000000.0,,2326000000.0,436000000.0,0.0,436000000.0,9530000000.0,4784000000.0,4746000000.0,32980226360.0,329000000.0,-306000000.0,104000000.0,366000000.0,-132000000.0,338000000.0,-528000000.0,9000000.0,519000000.0,0.0,554000000.0,554000000.0,554000000.0,0.0,0.0,0.092,701000000.0,761000000.0,1273000000.0,0.243,6.082,13.418,23.323,4352000000.0,0.0,59.94,1.104,1.104,1984000000.0,5919000000.0,6036000000.0,6036000000.0,0.0,,,,,0.0,699000000.0,1.0,550220660.0,550220660.0,,10.97,11859000000.0,0.0,269000000.0,802000000.0,21.553,1083000000.0
89,HON,MRQ,1999-06-30,1999-06-30,1999-06-30,2021-10-22,-275000000.0,14089000000.0,,5383000000.0,8706000000.0,,9.094,-223000000.0,648000000.0,648000000.0,4625000000.0,540000000.0,1.315,1.803,2552000000.0,1099000000.0,1453000000.0,2552000000.0,0.0,220000000.0,0.0,0.01,0.17,855000000.0,1075000000.0,0.18,1075000000.0,855000000.0,796000000.0,0.68,0.67,0.68,5026000000.0,,5026000000.0,37601360758.0,10.0,8.1,438000000.0,0.792,1.0,1333000000.0,0.224,2910000000.0,59000000.0,8991000000.0,,2345000000.0,433000000.0,0.0,433000000.0,9063000000.0,4092000000.0,4971000000.0,34819360758.0,-73000000.0,1209000000.0,-470000000.0,-1105000000.0,-133000000.0,-1708000000.0,974000000.0,-12000000.0,661000000.0,0.0,540000000.0,540000000.0,540000000.0,0.0,0.0,0.091,466000000.0,867000000.0,1346000000.0,0.25,6.928,15.593,25.61,4215000000.0,0.0,63.0,1.262,1.262,1838000000.0,5628000000.0,5958000000.0,5958000000.0,0.0,,,,,0.0,745000000.0,1.0,552688266.0,552688266.0,,10.78,11179000000.0,0.0,256000000.0,784000000.0,20.227,1291000000.0
90,HON,MRQ,1999-03-31,1999-03-31,1999-03-31,2021-10-22,-136000000.0,15380000000.0,,5517000000.0,9863000000.0,,9.508,-164000000.0,795000000.0,795000000.0,4192000000.0,440000000.0,1.085,1.904,3577000000.0,2120000000.0,1457000000.0,3577000000.0,0.0,221000000.0,0.0,0.013,0.17,719000000.0,940000000.0,0.168,940000000.0,719000000.0,646000000.0,0.55,0.55,0.55,5297000000.0,,5297000000.0,30180263904.0,9.0,7.086,173000000.0,0.311,1.0,1390000000.0,0.249,2975000000.0,73000000.0,10103000000.0,,2344000000.0,1509000000.0,0.0,1509000000.0,10083000000.0,5084000000.0,4999000000.0,27405263904.0,-149000000.0,37000000.0,-315000000.0,85000000.0,-130000000.0,-360000000.0,-126000000.0,1000000.0,337000000.0,0.0,440000000.0,440000000.0,440000000.0,0.0,0.0,0.079,681000000.0,709000000.0,1328000000.0,0.309,5.174,13.414,20.496,4293000000.0,0.0,49.19,1.075,1.075,1817000000.0,5322000000.0,5582000000.0,5582000000.0,0.0,,,,,0.0,699000000.0,1.0,557130797.0,557130797.0,,10.019,12405000000.0,0.0,206000000.0,806000000.0,22.266,433000000.0
91,HON,MRQ,1998-12-31,1998-12-31,1998-12-31,2021-10-22,-94000000.0,22738000000.0,,9354000000.0,13384000000.0,,14.433,-493000000.0,1018000000.0,1018000000.0,9093000000.0,924000000.0,1.224,1.813,4966000000.0,2190000000.0,2776000000.0,4966000000.0,0.0,444000000.0,0.0,0.014,0.15,1514000000.0,1958000000.0,0.159,1958000000.0,1514000000.0,1343000000.0,0.64,0.64,0.64,8083000000.0,,8083000000.0,26708819045.0,9.0,6.772,663000000.0,1.184,1.0,3206000000.0,0.261,4365000000.0,171000000.0,14676000000.0,,3456000000.0,1792000000.0,0.0,1792000000.0,14655000000.0,7645000000.0,7010000000.0,24815819045.0,318000000.0,-1082000000.0,-216000000.0,1180000000.0,-227000000.0,737000000.0,-1575000000.0,0.0,1156000000.0,0.0,924000000.0,924000000.0,924000000.0,0.0,0.0,0.075,1781000000.0,1425000000.0,2018000000.0,0.234,3.07,13.04,18.618,5600000000.0,0.0,44.31,1.054,1.054,3899000000.0,8918000000.0,12299000000.0,12299000000.0,0.0,,,,,0.0,1808000000.0,1.0,560050080.0,560050080.0,,21.961,18373000000.0,0.0,419000000.0,861000000.0,32.806,1709000000.0
92,HON,MRQ,1998-09-30,1998-09-30,1998-09-30,2021-10-22,-169000000.0,14024000000.0,,5308000000.0,8716000000.0,,8.965,-165000000.0,566000000.0,566000000.0,2838000000.0,329000000.0,1.326,1.787,2459000000.0,1000000000.0,1459000000.0,2459000000.0,0.0,151000000.0,0.0,0.016,0.15,518000000.0,669000000.0,0.179,669000000.0,518000000.0,480000000.0,0.59,0.58,0.59,5032000000.0,,5032000000.0,21852551490.0,8.0,5.9,155000000.0,0.276,1.0,903000000.0,0.241,2988000000.0,38000000.0,8925000000.0,,2446000000.0,430000000.0,0.0,430000000.0,8992000000.0,4004000000.0,4988000000.0,19857551490.0,59000000.0,60000000.0,-129000000.0,35000000.0,-84000000.0,-178000000.0,-83000000.0,22000000.0,320000000.0,0.0,329000000.0,329000000.0,329000000.0,0.0,0.0,0.088,396000000.0,507000000.0,1268000000.0,0.254,3.946,11.257,15.586,4287000000.0,0.0,35.38,0.856,0.856,1707000000.0,4814000000.0,3741000000.0,3741000000.0,0.0,,,,,0.0,396000000.0,1.0,561264881.0,561264881.0,,6.665,11036000000.0,0.0,151000000.0,655000000.0,19.663,1304000000.0
93,HON,MRQ,1998-06-30,1998-06-30,1998-06-30,2021-10-22,-220000000.0,13897000000.0,,5312000000.0,8585000000.0,,8.521,-138000000.0,507000000.0,507000000.0,2949000000.0,350000000.0,1.356,1.881,2502000000.0,864000000.0,1638000000.0,2502000000.0,0.0,149000000.0,0.0,0.013,0.15,543000000.0,692000000.0,0.179,692000000.0,543000000.0,511000000.0,0.62,0.61,0.62,4823000000.0,,4823000000.0,26685834061.0,10.0,7.277,274000000.0,0.484,1.0,920000000.0,0.238,2881000000.0,32000000.0,9093000000.0,,2409000000.0,548000000.0,22000000.0,526000000.0,9074000000.0,3918000000.0,5156000000.0,25119834061.0,24000000.0,-220000000.0,-276000000.0,298000000.0,-85000000.0,-63000000.0,-325000000.0,33000000.0,412000000.0,0.0,350000000.0,350000000.0,350000000.0,0.0,0.0,0.09,406000000.0,514000000.0,1386000000.0,0.242,5.208,14.545,20.173,4197000000.0,0.0,44.38,1.087,1.087,1809000000.0,4569000000.0,3869000000.0,3869000000.0,0.0,,,,,0.0,406000000.0,1.0,566016991.0,566016991.0,,6.835,11016000000.0,0.0,161000000.0,601000000.0,19.462,1394000000.0
94,HON,MRQ,1998-03-31,1998-03-31,1998-03-31,2021-10-22,-221000000.0,13608000000.0,,5369000000.0,8239000000.0,,8.429,-91000000.0,483000000.0,483000000.0,2809000000.0,300000000.0,1.437,1.852,2049000000.0,457000000.0,1592000000.0,2049000000.0,0.0,153000000.0,0.0,0.013,0.15,472000000.0,625000000.0,0.171,625000000.0,472000000.0,438000000.0,0.53,0.52,0.53,4771000000.0,,4771000000.0,25468713622.0,9.0,7.022,-5000000.0,-0.009,1.0,837000000.0,0.23,2580000000.0,34000000.0,8859000000.0,,2330000000.0,532000000.0,54000000.0,478000000.0,8837000000.0,3735000000.0,5102000000.0,23772713622.0,-128000000.0,106000000.0,-252000000.0,-267000000.0,-85000000.0,-604000000.0,390000000.0,375000000.0,86000000.0,0.0,300000000.0,300000000.0,300000000.0,0.0,0.0,0.082,398000000.0,439000000.0,1343000000.0,0.283,4.983,14.134,19.811,4208000000.0,0.0,42.0,1.042,1.042,1942000000.0,4304000000.0,3646000000.0,3646000000.0,0.0,,,,,0.0,398000000.0,1.0,566016991.0,566016991.0,,6.442,11028000000.0,0.0,138000000.0,628000000.0,19.484,1634000000.0
95,HON,MRQ,1997-12-31,1997-12-31,1997-12-31,2021-10-22,-179000000.0,13707000000.0,,5573000000.0,8134000000.0,,7.775,-426000000.0,611000000.0,611000000.0,9235000000.0,785000000.0,1.256,2.125,2307000000.0,1092000000.0,1215000000.0,2307000000.0,0.0,432000000.0,0.0,0.013,0.13,1286000000.0,1718000000.0,0.144,1718000000.0,1286000000.0,1140000000.0,0.53,0.53,0.53,4386000000.0,,4386000000.0,23774107431.0,9.0,6.633,743000000.0,1.317,1.0,2702000000.0,0.226,2426000000.0,146000000.0,8541000000.0,,2093000000.0,910000000.0,430000000.0,480000000.0,9321000000.0,4436000000.0,4885000000.0,21893107431.0,133000000.0,-201000000.0,-346000000.0,108000000.0,-213000000.0,-452000000.0,-584000000.0,44000000.0,1169000000.0,0.0,785000000.0,785000000.0,785000000.0,0.0,0.0,0.066,1708000000.0,994000000.0,1345000000.0,0.245,4.992,13.341,19.025,4251000000.0,0.0,38.81,0.973,0.973,1886000000.0,4089000000.0,11937000000.0,11937000000.0,0.0,,,,,0.0,1795000000.0,1.0,564109957.0,564109957.0,,21.161,11281000000.0,0.0,355000000.0,694000000.0,19.998,1137000000.0
96,HON,MRQ,1997-09-30,1997-09-30,1997-09-30,2021-10-22,-137000000.0,13074000000.0,,5228000000.0,7846000000.0,,7.808,-147000000.0,485000000.0,485000000.0,2840000000.0,292000000.0,1.355,1.959,2366000000.0,1053000000.0,1313000000.0,2366000000.0,0.0,151000000.0,0.0,0.012,0.13,481000000.0,632000000.0,0.173,632000000.0,481000000.0,431000000.0,0.52,0.5,0.52,4419000000.0,,4419000000.0,25147690065.0,14.0,10.332,154000000.0,0.272,1.0,817000000.0,0.223,2092000000.0,50000000.0,9005000000.0,,2191000000.0,969000000.0,474000000.0,495000000.0,8655000000.0,3858000000.0,4797000000.0,24053690065.0,-515000000.0,-471000000.0,-210000000.0,195000000.0,-73000000.0,-197000000.0,-619000000.0,-10000000.0,301000000.0,0.0,292000000.0,292000000.0,292000000.0,0.0,0.0,0.08,394000000.0,423000000.0,1197000000.0,0.25,5.443,21.362,21.357,4248000000.0,0.0,42.5,1.711,1.711,1629000000.0,3849000000.0,3657000000.0,3657000000.0,0.0,,,,,0.0,394000000.0,1.0,565969178.0,565969178.0,,6.461,10982000000.0,0.0,139000000.0,538000000.0,19.404,1370000000.0
97,HON,MRQ,1997-06-30,1997-06-30,1997-06-30,2021-10-22,-106000000.0,12912000000.0,,5638000000.0,7274000000.0,,7.689,-153000000.0,1000000000.0,1000000000.0,2764000000.0,305000000.0,1.569,1.967,2094000000.0,831000000.0,1263000000.0,2094000000.0,0.0,155000000.0,0.0,0.012,0.13,497000000.0,652000000.0,0.182,652000000.0,497000000.0,458000000.0,0.54,0.52,0.54,4352000000.0,,4352000000.0,24435977256.0,14.0,10.267,217000000.0,0.383,1.0,814000000.0,0.228,1657000000.0,39000000.0,8755000000.0,,2129000000.0,924000000.0,465000000.0,459000000.0,8560000000.0,3594000000.0,4966000000.0,23772977256.0,-265000000.0,-348000000.0,-134000000.0,137000000.0,-76000000.0,-73000000.0,-562000000.0,-70000000.0,370000000.0,0.0,305000000.0,305000000.0,305000000.0,0.0,0.0,0.085,386000000.0,428000000.0,1180000000.0,0.241,5.463,21.87,21.875,4200000000.0,0.0,42.0,1.729,1.729,1594000000.0,3630000000.0,3578000000.0,3578000000.0,0.0,,,,,0.0,386000000.0,1.0,566023268.0,566023268.0,,6.321,11255000000.0,0.0,153000000.0,638000000.0,19.884,2044000000.0
98,HON,MRQ,1997-03-31,1997-03-31,1997-03-31,2021-10-22,-72000000.0,12718000000.0,,5795000000.0,6923000000.0,,7.408,-140000000.0,1265000000.0,1265000000.0,2605000000.0,259000000.0,1.63,2.035,1928000000.0,672000000.0,1256000000.0,1928000000.0,0.0,150000000.0,0.0,0.013,0.13,432000000.0,582000000.0,0.175,582000000.0,432000000.0,390000000.0,0.46,0.45,0.46,4190000000.0,,4190000000.0,20616542031.0,12.0,8.725,-46000000.0,-0.081,1.0,722000000.0,0.217,1400000000.0,42000000.0,8425000000.0,,2050000000.0,846000000.0,400000000.0,446000000.0,8528000000.0,3556000000.0,4972000000.0,20150542031.0,-200000000.0,0.0,-55000000.0,-3000000.0,-72000000.0,-63000000.0,-231000000.0,-99000000.0,94000000.0,0.0,259000000.0,259000000.0,259000000.0,0.0,0.0,0.078,365000000.0,357000000.0,1135000000.0,0.283,4.809,19.118,21.991,4163000000.0,0.0,35.625,1.49,1.49,1636000000.0,3401000000.0,3327000000.0,3327000000.0,0.0,,,,,0.0,365000000.0,1.0,565629250.0,565629250.0,,5.882,11318000000.0,0.0,131000000.0,590000000.0,20.01,2239000000.0
99,HON,MRQ,1996-12-31,1996-12-31,1996-12-31,2021-10-22,14000000.0,12829000000.0,,5839000000.0,6990000000.0,,7.39,-245000000.0,1465000000.0,1465000000.0,2761000000.0,270000000.0,1.58,2.069,1931000000.0,614000000.0,1317000000.0,1931000000.0,0.0,129000000.0,0.0,0.013,0.113,439000000.0,568000000.0,0.162,568000000.0,439000000.0,397000000.0,0.47,,0.47,4180000000.0,,4180000000.0,,,,437000000.0,0.773,1.0,737000000.0,0.211,1418000000.0,42000000.0,8181000000.0,,1946000000.0,774000000.0,301000000.0,473000000.0,8649000000.0,3696000000.0,4953000000.0,18948579875.0,-336000000.0,-53000000.0,-67000000.0,-300000000.0,-66000000.0,-433000000.0,-585000000.0,-287000000.0,682000000.0,0.0,270000000.0,270000000.0,270000000.0,0.0,0.0,0.077,-290000000.0,1027000000.0,1187000000.0,0.24,4.533,18.577,18.611,4219000000.0,0.0,33.5,1.356,1.356,1661000000.0,3214000000.0,3498000000.0,3498000000.0,0.0,,,,,0.0,365000000.0,1.0,565629250.0,565629250.0,,6.184,11411000000.0,0.0,127000000.0,610000000.0,20.174,2143000000.0
100,HON,MRQ,1996-09-30,1996-09-30,1996-09-30,2021-10-22,,,,,,,,-143000000.0,,,2598000000.0,253000000.0,,,,,,,,150000000.0,,0.013,0.113,428000000.0,578000000.0,0.173,578000000.0,428000000.0,381000000.0,0.45,,0.45,,,,,,,125000000.0,,1.0,750000000.0,0.224,,47000000.0,,,,,,,,,,,87000000.0,145000000.0,-71000000.0,-42000000.0,-66000000.0,-179000000.0,-2000000.0,-4000000.0,268000000.0,0.0,253000000.0,253000000.0,253000000.0,0.0,0.0,0.076,379000000.0,371000000.0,,0.251,,,,,0.0,32.94,,,,,3348000000.0,3348000000.0,0.0,,,,,0.0,379000000.0,1.0,,,,,,,128000000.0,,,
101,HON,MRQ,1996-06-30,1996-06-30,1996-06-30,2021-10-22,,,,,,,,-165000000.0,,,3235000000.0,272000000.0,,,,,,,,155000000.0,,0.015,0.113,480000000.0,635000000.0,0.19,635000000.0,480000000.0,433000000.0,0.24,,0.24,,,,,,,25000000.0,,1.0,112000000.0,0.033,,47000000.0,,,,,,,,,,,1156000000.0,1134000000.0,-51000000.0,112000000.0,-65000000.0,-4000000.0,970000000.0,1000000.0,190000000.0,0.0,272000000.0,272000000.0,272000000.0,0.0,0.0,0.081,366000000.0,-254000000.0,,0.471,,,,,0.0,28.56,,,,,3347000000.0,3347000000.0,0.0,,,,,0.0,366000000.0,1.0,,,,,,,161000000.0,,,
102,HON,MRQ,1996-03-31,1996-03-31,1996-03-31,2021-10-22,,,,,,,,-125000000.0,,,3012000000.0,225000000.0,,,,,,,,168000000.0,,0.014,0.113,392000000.0,560000000.0,0.148,560000000.0,392000000.0,342000000.0,0.4,,0.4,,,,,,,-69000000.0,,1.0,766000000.0,0.203,,50000000.0,,,,,,,,,,,18000000.0,18000000.0,-73000000.0,210000000.0,-65000000.0,72000000.0,-110000000.0,-3000000.0,56000000.0,0.0,225000000.0,225000000.0,225000000.0,0.0,0.0,0.06,401000000.0,365000000.0,,0.282,,,,,0.0,29.56,,,,,3778000000.0,3778000000.0,0.0,,,,,0.0,401000000.0,1.0,,,,,,,117000000.0,,,
103,HON,MRQ,1995-12-31,1995-12-31,1995-12-31,2021-10-22,88000000.0,12465000000.0,,4890000000.0,7575000000.0,,,,540000000.0,540000000.0,,,1.285,2.47,2010000000.0,644000000.0,1366000000.0,2010000000.0,0.0,,0.0,0.016,0.098,,,,,,,,,,3592000000.0,,3592000000.0,,,,,,1.0,,,1572000000.0,,8559000000.0,,1991000000.0,479000000.0,0.0,479000000.0,8873000000.0,3804000000.0,5069000000.0,,,,,,,,,,,,,,,,,,,,1385000000.0,,,,15.422,4742000000.0,,23.75,,,1751000000.0,2315000000.0,,,,,,,,,,1.0,,,,,10893000000.0,0.0,,551000000.0,,1086000000.0
0,HON,MRT,2021-09-30,2021-09-30,2021-09-30,2021-10-22,-3193000000.0,64191000000.0,64070750000.0,26033000000.0,38158000000.0,0.541,25.843,-847000000.0,11087000000.0,11087000000.0,23434000000.0,5547000000.0,1.288,2.583,21249000000.0,6903000000.0,14346000000.0,21249000000.0,0.0,1187000000.0,0.0,0.018,3.72,7436000000.0,8623000000.0,0.249,8623000000.0,7436000000.0,7078000000.0,7.87,7.78,7.87,17842000000.0,17828750000.0,17842000000.0,156486955974.0,21.0,18.148,5310000000.0,7.691,1.0,11201000000.0,0.323,20600000000.0,358000000.0,33546000000.0,34178500000.0,4967000000.0,2292000000.0,1049000000.0,1243000000.0,46077000000.0,20207000000.0,25870000000.0,146557955974.0,-2949000000.0,-1017000000.0,-3663000000.0,-885000000.0,-2621000000.0,-7248000000.0,-1924000000.0,-60000000.0,6157000000.0,66000000.0,5473000000.0,5473000000.0,5473000000.0,0.0,74000000.0,0.158,4843000000.0,6358000000.0,6116000000.0,0.473,8.214,26.778,26.973,5514000000.0,0.0,212.28,4.231,4.231,7239000000.0,42079000000.0,34635000000.0,34635000000.0,0.0,0.085,0.307,0.218,0.215,222000000.0,4843000000.0,1.0,690399265.0,690399265.0,,50.167,43591000000.0,760000000.0,1605000000.0,2372000000.0,63.139,5826000000.0
1,HON,MRT,2021-06-30,2021-06-30,2021-06-30,2021-10-22,-3075000000.0,63945000000.0,63887750000.0,25652000000.0,38293000000.0,0.532,25.827,-882000000.0,11427000000.0,11427000000.0,23071000000.0,5055000000.0,1.414,2.55,21356000000.0,5218000000.0,16138000000.0,21356000000.0,0.0,1134000000.0,0.0,0.017,3.69,6888000000.0,8022000000.0,0.236,8022000000.0,6888000000.0,6519000000.0,7.13,7.05,7.13,17938000000.0,17886750000.0,17938000000.0,161959771518.0,24.0,20.189,5163000000.0,7.434,1.0,10888000000.0,0.321,20883000000.0,369000000.0,34848000000.0,34617250000.0,4723000000.0,2249000000.0,891000000.0,1358000000.0,45743000000.0,18143000000.0,27600000000.0,152350771518.0,-2351000000.0,-1023000000.0,-3168000000.0,-868000000.0,-2611000000.0,-6699000000.0,-1872000000.0,33000000.0,6045000000.0,175000000.0,4974000000.0,4974000000.0,4974000000.0,0.0,81000000.0,0.146,4794000000.0,6094000000.0,6139000000.0,0.518,8.493,30.629,30.764,5520000000.0,0.0,219.35,4.486,4.486,6947000000.0,41467000000.0,33959000000.0,33959000000.0,0.0,0.078,0.278,0.199,0.203,206000000.0,4794000000.0,1.0,694555603.0,694555603.0,,48.893,43062000000.0,762000000.0,1545000000.0,2302000000.0,61.999,7509000000.0
2,HON,MRT,2021-03-31,2021-03-31,2021-03-31,2021-10-22,-3184000000.0,63561000000.0,63802500000.0,25587000000.0,37974000000.0,0.511,25.86,-924000000.0,11718000000.0,11718000000.0,22344000000.0,4707000000.0,1.425,2.519,21327000000.0,5203000000.0,16124000000.0,21327000000.0,0.0,1100000000.0,0.0,0.017,3.66,6232000000.0,7332000000.0,0.225,7332000000.0,6232000000.0,5856000000.0,6.61,6.54,6.61,17986000000.0,17939000000.0,17986000000.0,159081436584.0,26.0,21.697,5323000000.0,7.653,1.0,10284000000.0,0.315,20780000000.0,376000000.0,34440000000.0,34781500000.0,4607000000.0,1688000000.0,942000000.0,746000000.0,45309000000.0,17950000000.0,27359000000.0,150972436584.0,3997000000.0,-1374000000.0,-2219000000.0,5015000000.0,-2597000000.0,148000000.0,-2641000000.0,-343000000.0,6247000000.0,243000000.0,4625000000.0,4625000000.0,4625000000.0,0.0,82000000.0,0.142,4770000000.0,5514000000.0,5792000000.0,0.554,8.394,32.643,32.84,5547000000.0,0.0,217.07,4.627,4.627,6675000000.0,40682000000.0,32628000000.0,32628000000.0,0.0,0.072,0.258,0.179,0.191,201000000.0,4770000000.0,1.0,695501159.0,695501159.0,,46.913,42781000000.0,762000000.0,1231000000.0,2309000000.0,61.511,7637000000.0
3,HON,MRT,2020-12-31,2020-12-31,2020-12-31,2021-10-22,-3377000000.0,64586000000.0,62267750000.0,28175000000.0,36411000000.0,0.524,25.01,-849000000.0,14275000000.0,14275000000.0,22169000000.0,4865000000.0,1.468,2.667,22384000000.0,6042000000.0,16342000000.0,22384000000.0,0.0,1002000000.0,0.0,0.017,3.63,6285000000.0,7287000000.0,0.223,7287000000.0,6285000000.0,5926000000.0,6.79,6.72,6.79,17549000000.0,17853500000.0,17549000000.0,157434562854.0,25.0,21.605,5359000000.0,7.637,1.0,10468000000.0,0.321,19618000000.0,359000000.0,33880000000.0,33565000000.0,4489000000.0,1630000000.0,945000000.0,685000000.0,46796000000.0,19197000000.0,27599000000.0,149248562854.0,5208000000.0,-261000000.0,-3321000000.0,5891000000.0,-2592000000.0,-81000000.0,-987000000.0,123000000.0,6208000000.0,68000000.0,4779000000.0,4779000000.0,4779000000.0,0.0,86000000.0,0.146,4772000000.0,5696000000.0,5750000000.0,0.535,8.505,31.23,31.325,5570000000.0,0.0,212.7,4.573,4.573,6827000000.0,39905000000.0,32637000000.0,32637000000.0,0.0,0.077,0.268,0.187,0.193,168000000.0,4772000000.0,1.0,701685768.0,701685768.0,,46.512,44968000000.0,760000000.0,1147000000.0,2113000000.0,64.086,8978000000.0
4,HON,MRT,2020-09-30,2020-09-30,2020-09-30,2021-10-22,-3436000000.0,63459000000.0,60791000000.0,28200000000.0,35259000000.0,0.547,25.754,-931000000.0,14036000000.0,14036000000.0,22521000000.0,5076000000.0,1.641,2.498,22222000000.0,4535000000.0,17687000000.0,22222000000.0,0.0,1017000000.0,0.0,0.022,3.6,6331000000.0,7348000000.0,0.221,7348000000.0,6331000000.0,5976000000.0,7.04,6.97,7.04,18074000000.0,18089750000.0,18074000000.0,123831526791.0,20.0,16.852,5109000000.0,7.28,1.0,10712000000.0,0.322,19160000000.0,355000000.0,35301000000.0,32149750000.0,4705000000.0,1645000000.0,972000000.0,673000000.0,45146000000.0,17184000000.0,27962000000.0,115520526791.0,3128000000.0,-50000000.0,-2663000000.0,3152000000.0,-2565000000.0,-2137000000.0,-821000000.0,156000000.0,6040000000.0,46000000.0,4982000000.0,4982000000.0,4982000000.0,0.0,94000000.0,0.15,4997000000.0,5715000000.0,5270000000.0,0.511,6.392,23.188,23.382,5419000000.0,0.0,164.61,3.476,3.476,6878000000.0,39203000000.0,33233000000.0,33233000000.0,0.0,0.082,0.275,0.197,0.191,159000000.0,4997000000.0,1.0,701783165.0,701783165.0,,47.355,44299000000.0,154000000.0,994000000.0,1474000000.0,63.123,11016000000.0
5,HON,MRT,2020-06-30,2020-06-30,2020-06-30,2021-10-22,-3310000000.0,63604000000.0,59952250000.0,28321000000.0,35283000000.0,0.576,25.856,-853000000.0,13778000000.0,13778000000.0,23176000000.0,5943000000.0,1.633,2.493,22089000000.0,4498000000.0,17591000000.0,22089000000.0,0.0,1025000000.0,0.0,0.024,3.52,7144000000.0,8169000000.0,0.237,8169000000.0,7144000000.0,6794000000.0,8.22,8.13,8.22,18147000000.0,18098500000.0,18147000000.0,109871171378.0,15.0,13.45,5651000000.0,8.052,1.0,11346000000.0,0.329,19069000000.0,350000000.0,35505000000.0,30494250000.0,4753000000.0,1975000000.0,1349000000.0,626000000.0,45238000000.0,17341000000.0,27897000000.0,101480171378.0,5553000000.0,-50000000.0,-3518000000.0,5833000000.0,-2524000000.0,-296000000.0,-548000000.0,355000000.0,6504000000.0,-107000000.0,5848000000.0,5848000000.0,5848000000.0,0.0,95000000.0,0.169,5190000000.0,6156000000.0,5366000000.0,0.428,5.592,17.353,17.59,5327000000.0,0.0,144.59,2.94,2.94,6717000000.0,39080000000.0,34522000000.0,34522000000.0,0.0,0.098,0.323,0.234,0.207,156000000.0,5190000000.0,1.0,701847786.0,701847786.0,,49.187,44535000000.0,106000000.0,946000000.0,1461000000.0,63.454,10980000000.0
6,HON,MRT,2020-03-31,2020-03-31,2020-03-31,2021-10-22,-3353000000.0,57422000000.0,58488750000.0,22613000000.0,34809000000.0,0.62,24.76,-789000000.0,7721000000.0,7721000000.0,23994000000.0,6400000000.0,1.301,2.242,16112000000.0,4570000000.0,11542000000.0,16112000000.0,0.0,1070000000.0,0.0,0.026,3.44,7905000000.0,8975000000.0,0.247,8975000000.0,7905000000.0,7560000000.0,8.81,8.7,8.81,17644000000.0,18029250000.0,17644000000.0,102273727643.0,13.0,11.395,5913000000.0,8.298,1.0,12294000000.0,0.339,18862000000.0,345000000.0,29574000000.0,28195000000.0,4584000000.0,1683000000.0,1070000000.0,613000000.0,39557000000.0,17377000000.0,22180000000.0,95338727643.0,-904000000.0,-50000000.0,-5154000000.0,-99000000.0,-2471000000.0,-7811000000.0,426000000.0,1265000000.0,6702000000.0,-221000000.0,6308000000.0,6308000000.0,6308000000.0,0.0,92000000.0,0.174,5394000000.0,6900000000.0,5676000000.0,0.39,5.403,15.114,15.186,5214000000.0,0.0,133.79,2.627,2.627,7452000000.0,38635000000.0,36288000000.0,36288000000.0,0.0,0.108,0.35,0.28,0.218,156000000.0,5394000000.0,1.0,712599803.0,712599803.0,,50.923,38560000000.0,71000000.0,1252000000.0,1670000000.0,54.112,5236000000.0
7,HON,MRT,2019-12-31,2019-12-31,2019-12-31,2021-10-22,-3197000000.0,58679000000.0,58773250000.0,24303000000.0,34376000000.0,0.625,25.883,-796000000.0,9067000000.0,9067000000.0,24339000000.0,6230000000.0,1.343,2.161,16002000000.0,4892000000.0,11110000000.0,16002000000.0,0.0,1088000000.0,0.0,0.019,3.36,7829000000.0,8917000000.0,0.243,8917000000.0,7829000000.0,7472000000.0,8.52,8.41,8.52,18494000000.0,18310000000.0,18494000000.0,134175429323.0,17.0,15.047,6101000000.0,8.538,1.0,12370000000.0,0.337,19297000000.0,357000000.0,28219000000.0,27516500000.0,4421000000.0,1937000000.0,1349000000.0,588000000.0,39973000000.0,18098000000.0,21875000000.0,126472429323.0,-220000000.0,-50000000.0,-3902000000.0,-177000000.0,-2442000000.0,-6600000000.0,-533000000.0,313000000.0,6897000000.0,16000000.0,6143000000.0,6143000000.0,6143000000.0,0.0,87000000.0,0.167,5519000000.0,6851000000.0,5730000000.0,0.394,6.839,20.588,20.775,5325000000.0,0.0,177.0,3.445,3.445,7493000000.0,37693000000.0,36709000000.0,36709000000.0,0.0,0.105,0.335,0.285,0.213,153000000.0,5519000000.0,1.0,714533499.0,714533499.0,,51.375,39382000000.0,86000000.0,1329000000.0,1670000000.0,55.116,6205000000.0
8,HON,MRT,2019-09-30,2019-09-30,2019-09-30,2021-10-22,-3295000000.0,60104000000.0,58546750000.0,26188000000.0,33916000000.0,0.631,25.169,-758000000.0,10908000000.0,10908000000.0,24696000000.0,6380000000.0,1.315,2.308,18611000000.0,7510000000.0,11101000000.0,18611000000.0,0.0,1073000000.0,0.0,0.019,3.28,7789000000.0,8862000000.0,0.24,8862000000.0,7789000000.0,7433000000.0,8.67,8.56,8.67,18109000000.0,18231500000.0,18109000000.0,129698760876.0,17.0,14.635,5084000000.0,7.066,1.0,12246000000.0,0.331,19213000000.0,356000000.0,28679000000.0,26984500000.0,4601000000.0,2087000000.0,1456000000.0,631000000.0,41798000000.0,19915000000.0,21883000000.0,121740760876.0,1105000000.0,-484000000.0,-4892000000.0,2227000000.0,-2401000000.0,-4121000000.0,-528000000.0,968000000.0,5842000000.0,-88000000.0,6302000000.0,6302000000.0,6302000000.0,0.0,78000000.0,0.171,5570000000.0,6676000000.0,5522000000.0,0.378,6.723,19.318,19.516,5240000000.0,0.0,169.2,3.295,3.295,7583000000.0,36775000000.0,36942000000.0,36942000000.0,0.0,0.108,0.346,0.289,0.211,156000000.0,5570000000.0,1.0,719508043.0,719508043.0,,51.343,40891000000.0,241000000.0,1131000000.0,1366000000.0,56.832,6273000000.0
9,HON,MRT,2019-06-30,2019-06-30,2019-06-30,2021-10-22,-3453000000.0,57750000000.0,59002500000.0,23768000000.0,33982000000.0,0.655,24.555,-779000000.0,8225000000.0,8225000000.0,26214000000.0,7088000000.0,1.195,2.221,16183000000.0,7575000000.0,8608000000.0,16183000000.0,0.0,1096000000.0,0.0,0.018,3.205,7689000000.0,8785000000.0,0.227,8785000000.0,7689000000.0,7330000000.0,9.56,9.44,9.56,17870000000.0,18264000000.0,17870000000.0,134543481891.0,17.0,15.315,5470000000.0,7.516,1.0,12404000000.0,0.321,19506000000.0,359000000.0,26308000000.0,27336500000.0,4600000000.0,2465000000.0,1718000000.0,747000000.0,39690000000.0,19894000000.0,19796000000.0,127056481891.0,143000000.0,-535000000.0,-4428000000.0,-888000000.0,-2359000000.0,-5109000000.0,-921000000.0,613000000.0,6249000000.0,-76000000.0,7016000000.0,7016000000.0,7016000000.0,0.0,72000000.0,0.182,5798000000.0,6606000000.0,5602000000.0,0.335,7.11,18.11,18.263,5260000000.0,0.0,174.59,3.29,3.29,7407000000.0,35741000000.0,38618000000.0,38618000000.0,0.0,0.119,0.384,0.281,0.199,160000000.0,5798000000.0,1.0,727742035.0,727742035.0,,53.066,38244000000.0,259000000.0,314000000.0,1722000000.0,52.552,3874000000.0
10,HON,MRT,2019-03-31,2019-03-31,2019-03-31,2021-10-22,-3245000000.0,58560000000.0,59530000000.0,24334000000.0,34226000000.0,0.677,25.74,-814000000.0,8625000000.0,8625000000.0,27734000000.0,6812000000.0,1.242,2.11,16112000000.0,7514000000.0,8598000000.0,16112000000.0,0.0,1089000000.0,0.0,0.02,3.13,7717000000.0,8806000000.0,0.219,8806000000.0,7717000000.0,7348000000.0,9.13,9.02,9.13,18767000000.0,18196500000.0,18767000000.0,122793329639.0,16.0,13.944,5618000000.0,7.706,1.0,12560000000.0,0.312,19594000000.0,369000000.0,26860000000.0,27871000000.0,4548000000.0,2806000000.0,2059000000.0,747000000.0,39604000000.0,19593000000.0,20011000000.0,115866329639.0,728000000.0,-535000000.0,-3458000000.0,-1605000000.0,-2322000000.0,-4819000000.0,-576000000.0,650000000.0,6432000000.0,-309000000.0,6742000000.0,6742000000.0,6742000000.0,0.0,70000000.0,0.167,5939000000.0,6621000000.0,5582000000.0,0.343,6.174,17.186,17.406,5276000000.0,0.0,158.92,2.876,2.876,7307000000.0,34794000000.0,40294000000.0,40294000000.0,0.0,0.113,0.371,0.277,0.192,164000000.0,5939000000.0,1.0,729085890.0,729085890.0,,55.266,38966000000.0,362000000.0,606000000.0,1850000000.0,53.445,4741000000.0
11,HON,MRT,2018-12-31,2018-12-31,2018-12-31,2021-10-22,-3437000000.0,57773000000.0,60127000000.0,24362000000.0,33411000000.0,0.695,24.558,-813000000.0,9287000000.0,9287000000.0,29046000000.0,6828000000.0,1.287,2.168,16214000000.0,6458000000.0,9756000000.0,16214000000.0,0.0,1116000000.0,0.0,0.023,3.055,7791000000.0,8907000000.0,0.213,8907000000.0,7791000000.0,7424000000.0,9.1,8.98,9.1,18180000000.0,17903500000.0,18180000000.0,106254890592.0,14.0,11.929,5621000000.0,7.593,1.0,12756000000.0,0.305,19685000000.0,367000000.0,26091000000.0,28556250000.0,4326000000.0,2365000000.0,1623000000.0,742000000.0,39415000000.0,18924000000.0,20491000000.0,97806890592.0,2228000000.0,-535000000.0,-3733000000.0,-1507000000.0,-2272000000.0,-5032000000.0,1027000000.0,2375000000.0,6434000000.0,-201000000.0,6765000000.0,6765000000.0,6765000000.0,0.0,63000000.0,0.162,6051000000.0,6705000000.0,5607000000.0,0.336,5.38,14.458,14.519,5296000000.0,0.0,132.12,2.34,2.34,7508000000.0,33978000000.0,41802000000.0,41802000000.0,0.0,0.113,0.378,0.273,0.186,175000000.0,6051000000.0,1.0,740288303.0,740288303.0,,56.467,38088000000.0,382000000.0,659000000.0,1713000000.0,51.45,5438000000.0
12,HON,MRT,2018-09-30,2018-09-30,2018-09-30,2021-10-22,-2125000000.0,61927000000.0,60551250000.0,26628000000.0,35299000000.0,0.709,24.561,-896000000.0,9803000000.0,9803000000.0,29901000000.0,2581000000.0,1.488,2.386,18251000000.0,4192000000.0,14059000000.0,18251000000.0,0.0,1145000000.0,0.0,0.018,2.98,7736000000.0,8881000000.0,0.207,8881000000.0,7736000000.0,7378000000.0,3.47,3.42,3.47,18239000000.0,17484000000.0,18239000000.0,132572391693.0,17.0,14.928,6151000000.0,8.283,1.0,13015000000.0,0.303,22388000000.0,358000000.0,30087000000.0,29198250000.0,5061000000.0,2604000000.0,1850000000.0,754000000.0,43511000000.0,17900000000.0,25611000000.0,123570391693.0,2414000000.0,-61000000.0,-3563000000.0,-185000000.0,-2234000000.0,-4531000000.0,50000000.0,779000000.0,7047000000.0,-152000000.0,2525000000.0,2525000000.0,2525000000.0,0.0,56000000.0,0.059,6211000000.0,6804000000.0,7050000000.0,0.859,6.775,48.939,47.954,5966000000.0,0.0,166.4,2.879,2.879,8568000000.0,31110000000.0,42916000000.0,42916000000.0,0.0,0.042,0.144,0.265,0.18,174000000.0,6211000000.0,1.0,742610527.0,742610527.0,,57.791,39539000000.0,376000000.0,4853000000.0,1905000000.0,53.243,8728000000.0
13,HON,MRT,2018-06-30,2018-06-30,2018-06-30,2021-10-22,-2222000000.0,59860000000.0,59261500000.0,24779000000.0,35081000000.0,0.713,23.563,-905000000.0,8082000000.0,8082000000.0,29399000000.0,1587000000.0,1.375,2.391,17084000000.0,4580000000.0,12504000000.0,17084000000.0,0.0,1144000000.0,0.0,0.02,2.9,7639000000.0,8783000000.0,0.208,8783000000.0,7639000000.0,7299000000.0,2.08,2.05,2.08,17600000000.0,18192750000.0,17600000000.0,117985242300.0,15.0,13.433,5671000000.0,7.592,1.0,12876000000.0,0.305,22398000000.0,340000000.0,28446000000.0,27947000000.0,4792000000.0,2665000000.0,1768000000.0,897000000.0,42087000000.0,18018000000.0,24069000000.0,107595242300.0,205000000.0,-67000000.0,-3330000000.0,253000000.0,-2186000000.0,-5419000000.0,-977000000.0,-120000000.0,6576000000.0,25000000.0,1532000000.0,1532000000.0,1532000000.0,0.0,55000000.0,0.036,6211000000.0,6665000000.0,6808000000.0,1.394,6.113,70.232,69.255,5968000000.0,0.0,144.05,2.545,2.545,8600000000.0,30104000000.0,42275000000.0,42275000000.0,0.0,0.026,0.084,0.273,0.181,172000000.0,6211000000.0,1.0,746929832.0,746929832.0,,56.598,37462000000.0,355000000.0,5767000000.0,2751000000.0,50.155,6761000000.0
14,HON,MRT,2018-03-31,2018-03-31,2018-03-31,2021-10-22,-2174000000.0,60948000000.0,58213500000.0,25587000000.0,35361000000.0,0.712,23.398,-939000000.0,7897000000.0,7897000000.0,28809000000.0,1707000000.0,1.364,2.454,18287000000.0,5549000000.0,12738000000.0,18287000000.0,0.0,1132000000.0,0.0,0.02,2.82,7408000000.0,8540000000.0,0.206,8540000000.0,7408000000.0,7084000000.0,2.2,2.17,2.2,17595000000.0,18899000000.0,17595000000.0,119494813789.0,16.0,13.992,5223000000.0,6.945,1.0,12625000000.0,0.305,22982000000.0,324000000.0,29601000000.0,26764500000.0,4766000000.0,3120000000.0,2383000000.0,737000000.0,43174000000.0,18755000000.0,24419000000.0,108671813789.0,187000000.0,-82000000.0,-3160000000.0,1212000000.0,-2172000000.0,-4346000000.0,-1976000000.0,-643000000.0,6162000000.0,347000000.0,1657000000.0,1657000000.0,1657000000.0,0.0,50000000.0,0.04,6139000000.0,6486000000.0,6641000000.0,1.282,6.176,65.583,65.686,6083000000.0,0.0,144.51,2.623,2.623,8778000000.0,29395000000.0,41434000000.0,41434000000.0,0.0,0.028,0.088,0.277,0.179,178000000.0,6139000000.0,1.0,752002033.0,752002033.0,,55.098,37966000000.0,402000000.0,5427000000.0,2782000000.0,50.487,6832000000.0
15,HON,MRT,2017-12-31,2017-12-31,2017-12-31,2021-10-22,-2235000000.0,59470000000.0,56671250000.0,26002000000.0,33468000000.0,0.715,21.661,-945000000.0,7059000000.0,7059000000.0,28144000000.0,1588000000.0,1.379,2.594,17882000000.0,5309000000.0,12573000000.0,17882000000.0,0.0,1115000000.0,0.0,0.018,2.74,7223000000.0,8338000000.0,0.206,8338000000.0,7223000000.0,6907000000.0,2.03,2.0,2.03,16502000000.0,19581000000.0,16502000000.0,126227140467.0,17.0,15.139,5021000000.0,6.591,1.0,12390000000.0,0.306,22773000000.0,316000000.0,28659000000.0,25173250000.0,4613000000.0,4425000000.0,3758000000.0,667000000.0,42805000000.0,18861000000.0,23944000000.0,116833140467.0,-784000000.0,-82000000.0,-2369000000.0,1115000000.0,-2119000000.0,-3516000000.0,-3574000000.0,-2329000000.0,5966000000.0,340000000.0,1545000000.0,1545000000.0,1545000000.0,0.0,43000000.0,0.038,6087000000.0,6303000000.0,6584000000.0,1.35,7.08,75.62,75.547,5926000000.0,0.0,153.36,2.882,2.882,8866000000.0,27481000000.0,40534000000.0,40534000000.0,0.0,0.027,0.079,0.287,0.178,176000000.0,6087000000.0,1.0,761822773.0,761822773.0,,53.207,36697000000.0,251000000.0,5362000000.0,2664000000.0,48.17,7141000000.0
16,HON,MRT,2017-09-30,2017-09-30,2017-09-30,2021-10-22,-2840000000.0,56768000000.0,55340250000.0,24644000000.0,32124000000.0,0.717,27.708,-896000000.0,7389000000.0,7389000000.0,28013000000.0,5142000000.0,1.352,1.686,16783000000.0,5330000000.0,11453000000.0,16783000000.0,0.0,1089000000.0,0.0,0.019,2.66,6996000000.0,8085000000.0,0.204,8085000000.0,6996000000.0,6675000000.0,6.69,6.6,6.69,21074000000.0,20297750000.0,21074000000.0,116436074014.0,17.0,14.401,4940000000.0,6.495,1.0,11663000000.0,0.294,22855000000.0,321000000.0,25082000000.0,23860000000.0,4751000000.0,3424000000.0,2781000000.0,643000000.0,35540000000.0,18225000000.0,17315000000.0,107803074014.0,958000000.0,-85000000.0,-1062000000.0,543000000.0,-2059000000.0,-2749000000.0,-2257000000.0,-1204000000.0,5836000000.0,128000000.0,5100000000.0,5100000000.0,5100000000.0,0.0,42000000.0,0.129,6000000000.0,5663000000.0,6061000000.0,0.398,5.115,21.138,21.187,5757000000.0,0.0,141.74,2.717,2.717,8587000000.0,31247000000.0,39676000000.0,39676000000.0,0.0,0.092,0.251,0.293,0.176,172000000.0,6000000000.0,1.0,760569169.0,760569169.0,,52.166,33913000000.0,264000000.0,1575000000.0,300000000.0,44.589,6419000000.0
17,HON,MRT,2017-06-30,2017-06-30,2017-06-30,2021-10-22,-2837000000.0,55668000000.0,54537250000.0,24064000000.0,31604000000.0,0.722,26.793,-976000000.0,7877000000.0,7877000000.0,27862000000.0,5028000000.0,1.338,1.719,16510000000.0,5181000000.0,11329000000.0,16510000000.0,0.0,1064000000.0,0.0,0.019,2.59,6860000000.0,7924000000.0,0.201,7924000000.0,6860000000.0,6538000000.0,6.55,6.46,6.55,20425000000.0,19827000000.0,20425000000.0,109769052813.0,16.0,13.853,5007000000.0,6.568,1.0,11497000000.0,0.292,22604000000.0,322000000.0,23716000000.0,23108750000.0,4651000000.0,2514000000.0,1944000000.0,570000000.0,35118000000.0,17981000000.0,17137000000.0,101612052813.0,2832000000.0,-1208000000.0,-896000000.0,2388000000.0,-2007000000.0,-416000000.0,-2792000000.0,-725000000.0,5983000000.0,57000000.0,4995000000.0,4995000000.0,4995000000.0,0.0,33000000.0,0.127,5843000000.0,5654000000.0,5971000000.0,0.395,4.975,20.343,20.35,5718000000.0,0.0,133.29,2.582,2.582,8442000000.0,30406000000.0,39359000000.0,39359000000.0,0.0,0.092,0.252,0.297,0.174,182000000.0,5843000000.0,1.0,762338156.0,762338156.0,,51.629,33064000000.0,357000000.0,1543000000.0,329000000.0,43.372,6083000000.0
18,HON,MRT,2017-03-31,2017-03-31,2017-03-31,2021-10-22,-2562000000.0,54779000000.0,53415500000.0,23580000000.0,31199000000.0,0.735,26.699,-1025000000.0,7710000000.0,7710000000.0,27659000000.0,4955000000.0,1.365,1.688,15867000000.0,4686000000.0,11181000000.0,15867000000.0,0.0,1048000000.0,0.0,0.02,2.52,6843000000.0,7891000000.0,0.201,7891000000.0,6843000000.0,6515000000.0,6.46,6.36,6.46,20323000000.0,19413500000.0,20323000000.0,102982324874.0,15.0,13.051,5094000000.0,6.692,1.0,11613000000.0,0.296,22419000000.0,328000000.0,23236000000.0,22928000000.0,4652000000.0,2418000000.0,1885000000.0,533000000.0,34304000000.0,17281000000.0,17023000000.0,95050324874.0,3237000000.0,-1221000000.0,-708000000.0,2408000000.0,-1919000000.0,-49000000.0,-2750000000.0,-748000000.0,6119000000.0,-83000000.0,4922000000.0,4922000000.0,4922000000.0,0.0,33000000.0,0.125,5716000000.0,5897000000.0,5805000000.0,0.39,4.677,19.311,19.33,5816000000.0,0.0,124.87,2.42,2.42,8155000000.0,29526000000.0,39272000000.0,39272000000.0,0.0,0.092,0.254,0.298,0.174,181000000.0,5716000000.0,1.0,761194241.0,761194241.0,,51.593,32360000000.0,337000000.0,1593000000.0,414000000.0,42.512,6299000000.0
19,HON,MRT,2016-12-31,2016-12-31,2016-12-31,2021-10-22,-2714000000.0,54146000000.0,52312000000.0,23058000000.0,31088000000.0,0.751,25.414,-1074000000.0,7843000000.0,7843000000.0,27677000000.0,4849000000.0,1.412,1.786,15775000000.0,3593000000.0,12182000000.0,15775000000.0,0.0,1030000000.0,0.0,0.021,2.45,6753000000.0,7783000000.0,0.198,7783000000.0,6753000000.0,6415000000.0,6.3,6.21,6.3,19369000000.0,18882000000.0,19369000000.0,97719147538.0,14.0,12.555,4424000000.0,5.805,1.0,11625000000.0,0.296,22341000000.0,338000000.0,23406000000.0,22813000000.0,4366000000.0,2107000000.0,1520000000.0,587000000.0,34599000000.0,16331000000.0,18268000000.0,88292147538.0,2388000000.0,-2277000000.0,-1670000000.0,3980000000.0,-1915000000.0,346000000.0,-3342000000.0,-273000000.0,5498000000.0,-114000000.0,4812000000.0,4812000000.0,4812000000.0,0.0,37000000.0,0.122,5574000000.0,6051000000.0,5690000000.0,0.389,4.558,18.348,18.389,5793000000.0,0.0,115.85,2.247,2.247,8177000000.0,28710000000.0,39302000000.0,39302000000.0,0.0,0.092,0.255,0.296,0.172,184000000.0,5574000000.0,1.0,762124709.0,762124709.0,,51.569,31805000000.0,347000000.0,1603000000.0,486000000.0,41.732,6727000000.0
20,HON,MRT,2016-09-30,2016-09-30,2016-09-30,2021-10-22,-2482000000.0,53556000000.0,51104500000.0,21834000000.0,31722000000.0,0.769,25.222,-1121000000.0,6431000000.0,6431000000.0,27188000000.0,5004000000.0,1.199,1.781,15858000000.0,6250000000.0,9608000000.0,15858000000.0,0.0,995000000.0,0.0,0.02,2.38,6969000000.0,7964000000.0,0.203,7964000000.0,6969000000.0,6633000000.0,6.47,6.39,6.47,19191000000.0,18610500000.0,19191000000.0,97678378125.0,14.0,12.265,4298000000.0,5.649,1.0,12111000000.0,0.308,22693000000.0,336000000.0,22077000000.0,21233000000.0,4587000000.0,2828000000.0,2189000000.0,639000000.0,34185000000.0,18213000000.0,15972000000.0,88710378125.0,-132000000.0,-7309000000.0,-1607000000.0,5141000000.0,-1875000000.0,1658000000.0,-7206000000.0,1099000000.0,5419000000.0,-3000000.0,4969000000.0,4969000000.0,4969000000.0,0.0,35000000.0,0.126,5308000000.0,6803000000.0,5418000000.0,0.368,4.622,17.853,18.02,5725000000.0,0.0,116.59,2.257,2.257,8627000000.0,28190000000.0,39299000000.0,39299000000.0,0.0,0.097,0.267,0.328,0.177,176000000.0,5308000000.0,1.0,760874673.0,760874673.0,,51.65,30863000000.0,335000000.0,1664000000.0,701000000.0,40.563,3621000000.0
21,HON,MRT,2016-06-30,2016-06-30,2016-06-30,2021-10-22,-2499000000.0,51181000000.0,49371750000.0,20380000000.0,30801000000.0,0.792,24.63,-1127000000.0,5045000000.0,5045000000.0,26939000000.0,5032000000.0,1.281,1.717,14013000000.0,4406000000.0,9607000000.0,14013000000.0,0.0,954000000.0,0.0,0.02,2.302,7030000000.0,7984000000.0,0.204,7984000000.0,7030000000.0,6704000000.0,6.47,6.39,6.47,18771000000.0,18252750000.0,18771000000.0,98133270656.0,14.0,12.291,4465000000.0,5.859,1.0,12167000000.0,0.311,21245000000.0,326000000.0,22993000000.0,20590500000.0,4678000000.0,2488000000.0,1927000000.0,561000000.0,32239000000.0,15911000000.0,16328000000.0,88649270656.0,-909000000.0,-6128000000.0,-2727000000.0,4138000000.0,-1832000000.0,-714000000.0,-5511000000.0,1644000000.0,5592000000.0,-276000000.0,4993000000.0,4993000000.0,4993000000.0,0.0,39000000.0,0.128,5143000000.0,7024000000.0,5598000000.0,0.356,4.723,17.755,17.978,6086000000.0,0.0,116.32,2.267,2.267,8730000000.0,27702000000.0,39106000000.0,39106000000.0,0.0,0.101,0.274,0.341,0.18,155000000.0,5143000000.0,1.0,762115463.0,762115463.0,,51.312,29936000000.0,328000000.0,1711000000.0,767000000.0,39.28,4469000000.0
22,HON,MRT,2016-03-31,2016-03-31,2016-03-31,2021-10-22,-2455000000.0,50365000000.0,48179500000.0,19532000000.0,30833000000.0,0.807,23.653,-1087000000.0,4473000000.0,4473000000.0,26932000000.0,4927000000.0,1.247,1.758,13957000000.0,4257000000.0,9700000000.0,13957000000.0,0.0,920000000.0,0.0,0.02,2.224,6909000000.0,7829000000.0,0.201,7829000000.0,6909000000.0,6591000000.0,6.26,6.2,6.26,18197000000.0,18174250000.0,18197000000.0,92815632066.0,13.0,11.855,4330000000.0,5.628,1.0,11958000000.0,0.307,21414000000.0,318000000.0,22776000000.0,19767000000.0,4743000000.0,2511000000.0,1919000000.0,592000000.0,31993000000.0,15659000000.0,16334000000.0,86202632066.0,-2102000000.0,-6100000000.0,-2464000000.0,4004000000.0,-1810000000.0,-553000000.0,-6790000000.0,312000000.0,5417000000.0,-176000000.0,4868000000.0,4868000000.0,4868000000.0,0.0,59000000.0,0.125,5056000000.0,6902000000.0,5511000000.0,0.355,4.737,17.708,17.899,6027000000.0,0.0,112.05,2.217,2.217,8397000000.0,26874000000.0,38890000000.0,38890000000.0,0.0,0.101,0.268,0.35,0.178,142000000.0,5056000000.0,1.0,769322910.0,769322910.0,,50.551,28951000000.0,318000000.0,1723000000.0,626000000.0,37.632,3873000000.0
23,HON,MRT,2015-12-31,2015-12-31,2015-12-31,2021-10-22,-2535000000.0,49316000000.0,46927500000.0,20053000000.0,29263000000.0,0.822,23.723,-1058000000.0,5455000000.0,5455000000.0,26747000000.0,4847000000.0,1.092,1.69,12068000000.0,6514000000.0,5554000000.0,12068000000.0,0.0,883000000.0,0.0,0.021,2.147,6817000000.0,7700000000.0,0.2,7700000000.0,6817000000.0,6507000000.0,6.11,6.04,6.11,18283000000.0,18010500000.0,18283000000.0,83824510266.0,12.0,10.886,4461000000.0,5.788,1.0,11834000000.0,0.307,20472000000.0,310000000.0,17086000000.0,18618500000.0,4420000000.0,2620000000.0,2103000000.0,517000000.0,30898000000.0,18371000000.0,12527000000.0,79820510266.0,-1504000000.0,-5227000000.0,-1698000000.0,3445000000.0,-1726000000.0,37000000.0,-6514000000.0,-127000000.0,5519000000.0,-546000000.0,4768000000.0,4768000000.0,4768000000.0,0.0,79000000.0,0.124,5006000000.0,6828000000.0,5580000000.0,0.351,4.366,16.741,16.951,5789000000.0,0.0,103.57,2.069,2.069,8075000000.0,26147000000.0,38581000000.0,38581000000.0,0.0,0.102,0.265,0.366,0.177,94000000.0,5006000000.0,1.0,770691419.0,770691419.0,,50.06,28844000000.0,283000000.0,1739000000.0,558000000.0,37.426,1682000000.0
24,HON,MRT,2015-09-30,2015-09-30,2015-09-30,2021-10-22,-2373000000.0,46625000000.0,45961250000.0,23479000000.0,23146000000.0,0.846,22.718,-1090000000.0,6563000000.0,6563000000.0,27396000000.0,4619000000.0,1.435,1.618,10567000000.0,4968000000.0,5599000000.0,10567000000.0,0.0,887000000.0,0.0,0.022,2.068,6456000000.0,7343000000.0,0.189,7343000000.0,6456000000.0,6148000000.0,5.78,5.72,5.78,17760000000.0,17854000000.0,17760000000.0,77790082319.0,12.0,10.594,4284000000.0,5.48,1.0,11469000000.0,0.295,14755000000.0,308000000.0,19507000000.0,18698500000.0,4441000000.0,4271000000.0,3800000000.0,471000000.0,28729000000.0,16367000000.0,12362000000.0,74025082319.0,135000000.0,-179000000.0,-1747000000.0,1691000000.0,-1670000000.0,-1738000000.0,-2821000000.0,-1422000000.0,5374000000.0,-680000000.0,4530000000.0,4530000000.0,4530000000.0,0.0,89000000.0,0.117,5134000000.0,6335000000.0,5363000000.0,0.358,4.168,16.341,16.382,5451000000.0,0.0,94.69,1.905,1.905,7936000000.0,25433000000.0,38865000000.0,38865000000.0,0.0,0.099,0.254,0.345,0.166,76000000.0,5134000000.0,1.0,781762407.0,781762407.0,,49.715,31870000000.0,1068000000.0,1618000000.0,499000000.0,40.767,7112000000.0
25,HON,MRT,2015-06-30,2015-06-30,2015-06-30,2021-10-22,-1969000000.0,46412000000.0,45850250000.0,23180000000.0,23232000000.0,0.858,23.611,-1071000000.0,5954000000.0,5954000000.0,27870000000.0,4535000000.0,1.488,1.507,9719000000.0,4157000000.0,5562000000.0,9719000000.0,0.0,895000000.0,0.0,0.02,2.002,6321000000.0,7216000000.0,0.183,7216000000.0,6321000000.0,6008000000.0,5.65,5.59,5.65,18457000000.0,18148250000.0,18457000000.0,82842712653.0,13.0,11.48,3809000000.0,4.873,1.0,11492000000.0,0.292,14904000000.0,313000000.0,19699000000.0,18692750000.0,4447000000.0,4374000000.0,3883000000.0,491000000.0,27815000000.0,15574000000.0,12241000000.0,79710712653.0,-628000000.0,-26000000.0,-630000000.0,500000000.0,-1625000000.0,-1704000000.0,-3216000000.0,-1812000000.0,4880000000.0,-588000000.0,4433000000.0,4433000000.0,4433000000.0,0.0,102000000.0,0.113,5276000000.0,6216000000.0,5352000000.0,0.354,4.319,17.981,18.048,5381000000.0,0.0,101.97,2.025,2.025,8237000000.0,24585000000.0,39362000000.0,39362000000.0,0.0,0.097,0.244,0.338,0.161,67000000.0,5276000000.0,1.0,781707489.0,781707489.0,,50.354,31508000000.0,1024000000.0,1575000000.0,300000000.0,40.307,7606000000.0
26,HON,MRT,2015-03-31,2015-03-31,2015-03-31,2021-10-22,-2099000000.0,45357000000.0,45896250000.0,22272000000.0,23085000000.0,0.868,22.413,-1055000000.0,6575000000.0,6575000000.0,28352000000.0,4439000000.0,1.443,1.578,9707000000.0,4046000000.0,5661000000.0,9707000000.0,0.0,902000000.0,0.0,0.019,1.934,6186000000.0,7088000000.0,0.178,7088000000.0,6186000000.0,5870000000.0,5.53,5.46,5.53,17542000000.0,18208000000.0,17542000000.0,83363582433.0,13.0,11.761,3758000000.0,4.802,1.0,11488000000.0,0.288,14875000000.0,316000000.0,18182000000.0,18644750000.0,4507000000.0,2840000000.0,2376000000.0,464000000.0,27680000000.0,15432000000.0,12248000000.0,81639582433.0,-97000000.0,-27000000.0,-716000000.0,304000000.0,-1562000000.0,-1913000000.0,-2451000000.0,-960000000.0,4813000000.0,-546000000.0,4338000000.0,4338000000.0,4338000000.0,0.0,101000000.0,0.109,5409000000.0,6079000000.0,5263000000.0,0.35,4.654,18.82,18.863,5300000000.0,0.0,104.31,2.049,2.049,8158000000.0,23811000000.0,39840000000.0,39840000000.0,0.0,0.095,0.238,0.332,0.155,68000000.0,5409000000.0,1.0,782663047.0,782663047.0,,50.903,30482000000.0,985000000.0,1532000000.0,210000000.0,38.947,6840000000.0
27,HON,MRT,2014-12-31,2014-12-31,2014-12-31,2021-10-22,-1459000000.0,45451000000.0,46001250000.0,22191000000.0,23260000000.0,0.876,22.556,-1076000000.0,6959000000.0,6959000000.0,28957000000.0,4329000000.0,1.502,1.567,8683000000.0,2637000000.0,6046000000.0,8683000000.0,0.0,924000000.0,0.0,0.019,1.867,6046000000.0,6970000000.0,0.173,6970000000.0,6046000000.0,5728000000.0,5.4,5.33,5.4,17657000000.0,18304250000.0,17657000000.0,80679407674.0,13.0,11.575,4004000000.0,5.115,1.0,11349000000.0,0.282,14996000000.0,318000000.0,17406000000.0,18758000000.0,4405000000.0,2610000000.0,2145000000.0,465000000.0,27667000000.0,14773000000.0,12894000000.0,78218407674.0,537000000.0,156000000.0,-659000000.0,-203000000.0,-1510000000.0,-2328000000.0,-1876000000.0,-786000000.0,5080000000.0,-339000000.0,4239000000.0,4239000000.0,4239000000.0,0.0,90000000.0,0.105,5518000000.0,5831000000.0,5365000000.0,0.346,4.43,18.452,18.504,5383000000.0,0.0,99.92,1.941,1.941,7960000000.0,23115000000.0,40306000000.0,40306000000.0,0.0,0.092,0.232,0.322,0.15,85000000.0,5518000000.0,1.0,782810325.0,782810325.0,,51.489,30455000000.0,1126000000.0,1489000000.0,236000000.0,38.905,7418000000.0
28,HON,MRT,2014-09-30,2014-09-30,2014-09-30,2021-10-22,281000000.0,46181000000.0,45997250000.0,22358000000.0,23823000000.0,0.879,24.199,-1060000000.0,6428000000.0,6428000000.0,29003000000.0,4318000000.0,1.603,1.432,8889000000.0,2129000000.0,6760000000.0,8889000000.0,0.0,947000000.0,0.0,0.019,1.8,6184000000.0,7131000000.0,0.176,7131000000.0,6184000000.0,5865000000.0,5.4,5.32,5.4,18937000000.0,18256750000.0,18937000000.0,75532467202.0,12.0,10.592,3870000000.0,4.945,1.0,11424000000.0,0.283,15211000000.0,319000000.0,19484000000.0,18931750000.0,4485000000.0,2783000000.0,2336000000.0,447000000.0,27118000000.0,13947000000.0,13171000000.0,72870467202.0,929000000.0,86000000.0,-702000000.0,263000000.0,-1459000000.0,-1803000000.0,-2044000000.0,-1058000000.0,4930000000.0,-154000000.0,4230000000.0,4230000000.0,4230000000.0,0.0,88000000.0,0.105,5496000000.0,5928000000.0,5212000000.0,0.333,3.848,17.227,17.244,5189000000.0,0.0,93.12,1.803,1.803,8315000000.0,22576000000.0,40427000000.0,40427000000.0,0.0,0.092,0.232,0.327,0.153,82000000.0,5496000000.0,1.0,782543677.0,782543677.0,,51.661,30970000000.0,989000000.0,1635000000.0,891000000.0,39.576,8411000000.0
29,HON,MRT,2014-06-30,2014-06-30,2014-06-30,2021-10-22,837000000.0,46596000000.0,45553500000.0,22453000000.0,24143000000.0,0.877,23.874,-1004000000.0,6582000000.0,6582000000.0,28817000000.0,4133000000.0,1.568,1.486,9244000000.0,2405000000.0,6839000000.0,9244000000.0,0.0,965000000.0,0.0,0.019,1.76,5999000000.0,6964000000.0,0.174,6964000000.0,5999000000.0,5677000000.0,5.17,5.09,5.17,18696000000.0,17262250000.0,18696000000.0,75475024542.0,13.0,10.838,3763000000.0,4.805,1.0,11149000000.0,0.279,15427000000.0,322000000.0,19507000000.0,18318750000.0,4511000000.0,2695000000.0,2207000000.0,488000000.0,27779000000.0,14324000000.0,13455000000.0,72791024542.0,2033000000.0,-671000000.0,-717000000.0,1536000000.0,-1424000000.0,-477000000.0,-2301000000.0,-795000000.0,4767000000.0,44000000.0,4053000000.0,4053000000.0,4053000000.0,0.0,80000000.0,0.101,5394000000.0,5755000000.0,5276000000.0,0.34,3.893,17.96,17.979,5316000000.0,0.0,92.95,1.821,1.821,8350000000.0,21773000000.0,39966000000.0,39966000000.0,0.0,0.089,0.235,0.327,0.15,81000000.0,5394000000.0,1.0,783120221.0,783120221.0,,51.034,31169000000.0,979000000.0,1624000000.0,795000000.0,39.801,8129000000.0
30,HON,MRT,2014-03-31,2014-03-31,2014-03-31,2021-10-22,748000000.0,45777000000.0,44446000000.0,21531000000.0,24246000000.0,0.887,22.862,-969000000.0,6672000000.0,6672000000.0,28548000000.0,4029000000.0,1.5,1.547,9356000000.0,2552000000.0,6804000000.0,9356000000.0,0.0,979000000.0,0.0,0.019,1.72,5831000000.0,6810000000.0,0.173,6810000000.0,5831000000.0,5509000000.0,5.07,4.99,5.07,17927000000.0,16032500000.0,17927000000.0,75143049071.0,13.0,11.034,3713000000.0,4.735,1.0,10858000000.0,0.276,15473000000.0,322000000.0,18635000000.0,17643500000.0,4407000000.0,1996000000.0,1531000000.0,465000000.0,27734000000.0,14353000000.0,13381000000.0,72736049071.0,2133000000.0,-1008000000.0,-879000000.0,1684000000.0,-1394000000.0,-423000000.0,-1993000000.0,-311000000.0,4682000000.0,-133000000.0,3975000000.0,3975000000.0,3975000000.0,0.0,54000000.0,0.101,5300000000.0,5558000000.0,5133000000.0,0.339,4.057,18.298,18.296,5284000000.0,0.0,92.76,1.846,1.846,8081000000.0,21039000000.0,39406000000.0,39406000000.0,0.0,0.089,0.248,0.33,0.148,30000000.0,5300000000.0,1.0,784131620.0,784131620.0,,50.254,30304000000.0,1057000000.0,1534000000.0,757000000.0,38.647,7178000000.0
31,HON,MRT,2013-12-31,2013-12-31,2013-12-31,2021-10-22,818000000.0,45435000000.0,43451750000.0,21164000000.0,24271000000.0,0.899,22.26,-932000000.0,6422000000.0,6422000000.0,28364000000.0,3962000000.0,1.492,1.595,8829000000.0,2028000000.0,6801000000.0,8829000000.0,0.0,989000000.0,0.0,0.018,1.68,5701000000.0,6690000000.0,0.171,6690000000.0,5701000000.0,5374000000.0,4.99,4.92,4.99,17467000000.0,14911250000.0,17467000000.0,74804547706.0,13.0,11.182,3403000000.0,4.337,1.0,10691000000.0,0.274,15560000000.0,327000000.0,18101000000.0,17254500000.0,4293000000.0,2064000000.0,1671000000.0,393000000.0,27856000000.0,14181000000.0,13675000000.0,71695547706.0,1788000000.0,-1130000000.0,-626000000.0,1386000000.0,-1353000000.0,-433000000.0,-1959000000.0,-98000000.0,4335000000.0,-155000000.0,3924000000.0,3924000000.0,3924000000.0,0.0,38000000.0,0.1,5190000000.0,5501000000.0,5174000000.0,0.337,4.105,18.271,18.311,5278000000.0,0.0,91.37,1.836,1.836,7929000000.0,20383000000.0,39055000000.0,39055000000.0,0.0,0.09,0.263,0.33,0.146,38000000.0,5190000000.0,1.0,784672734.0,784672734.0,,49.772,29875000000.0,1217000000.0,1450000000.0,804000000.0,38.073,6983000000.0
32,HON,MRT,2013-09-30,2013-09-30,2013-09-30,2021-10-22,-1211000000.0,44406000000.0,42556250000.0,19304000000.0,25102000000.0,0.899,19.06,-835000000.0,5499000000.0,5499000000.0,28433000000.0,3253000000.0,1.317,1.961,8608000000.0,2819000000.0,5789000000.0,8608000000.0,0.0,985000000.0,0.0,0.02,1.64,4585000000.0,5570000000.0,0.146,5570000000.0,4585000000.0,4254000000.0,4.1,4.04,4.1,14959000000.0,13788250000.0,14959000000.0,68326374595.0,15.0,12.267,3181000000.0,4.053,1.0,9816000000.0,0.257,15820000000.0,331000000.0,17032000000.0,16928250000.0,4455000000.0,1523000000.0,693000000.0,830000000.0,29333000000.0,14663000000.0,14670000000.0,65173374595.0,739000000.0,-1436000000.0,-561000000.0,659000000.0,-1326000000.0,-1071000000.0,-2117000000.0,-3000000.0,4016000000.0,-89000000.0,3228000000.0,3228000000.0,3228000000.0,0.0,25000000.0,0.084,5275000000.0,4541000000.0,4791000000.0,0.4,4.357,20.19,20.254,5107000000.0,0.0,83.04,1.704,1.704,7950000000.0,19796000000.0,38249000000.0,38249000000.0,0.0,0.076,0.234,0.271,0.12,39000000.0,5275000000.0,1.0,784843143.0,784843143.0,,48.735,28586000000.0,2164000000.0,1026000000.0,719000000.0,36.423,4641000000.0
33,HON,MRT,2013-06-30,2013-06-30,2013-06-30,2021-10-22,-1767000000.0,42166000000.0,41723250000.0,17849000000.0,24317000000.0,0.909,17.511,-866000000.0,4549000000.0,4549000000.0,28299000000.0,3192000000.0,1.324,2.055,7702000000.0,1923000000.0,5779000000.0,7702000000.0,0.0,966000000.0,0.0,0.02,1.603,4454000000.0,5420000000.0,0.143,5420000000.0,4454000000.0,4115000000.0,4.05,4.0,4.05,13777000000.0,13331500000.0,13777000000.0,65583438038.0,15.0,12.1,3079000000.0,3.913,1.0,9645000000.0,0.254,15033000000.0,339000000.0,16806000000.0,17018500000.0,4295000000.0,1436000000.0,680000000.0,756000000.0,28308000000.0,13480000000.0,14828000000.0,62423438038.0,328000000.0,-831000000.0,-390000000.0,-245000000.0,-1294000000.0,-1808000000.0,-1748000000.0,-140000000.0,3945000000.0,-61000000.0,3188000000.0,3188000000.0,3188000000.0,0.0,4000000.0,0.084,5271000000.0,4374000000.0,4718000000.0,0.396,4.531,19.581,19.59,4997000000.0,0.0,79.34,1.645,1.645,7655000000.0,19135000000.0,37944000000.0,37944000000.0,0.0,0.076,0.239,0.262,0.117,49000000.0,5271000000.0,1.0,786783943.0,786783943.0,,48.227,27133000000.0,2371000000.0,927000000.0,643000000.0,34.486,4369000000.0
34,HON,MRT,2013-03-31,2013-03-31,2013-03-31,2021-10-22,-1656000000.0,41800000000.0,41225250000.0,17681000000.0,24119000000.0,0.914,17.15,-876000000.0,4539000000.0,4539000000.0,28194000000.0,3075000000.0,1.349,2.103,7699000000.0,1912000000.0,5787000000.0,7699000000.0,0.0,944000000.0,0.0,0.021,1.565,4353000000.0,5297000000.0,0.141,5297000000.0,4353000000.0,4007000000.0,3.9,3.86,3.9,13442000000.0,12885500000.0,13442000000.0,61920417738.0,14.0,11.69,2786000000.0,3.555,1.0,9492000000.0,0.252,14770000000.0,346000000.0,17079000000.0,17055500000.0,4297000000.0,1326000000.0,588000000.0,738000000.0,28267000000.0,13111000000.0,15156000000.0,59058417738.0,551000000.0,-538000000.0,-40000000.0,-219000000.0,-1242000000.0,-1433000000.0,-1617000000.0,-159000000.0,3662000000.0,-61000000.0,3069000000.0,3069000000.0,3069000000.0,0.0,6000000.0,0.081,5216000000.0,4276000000.0,4444000000.0,0.401,4.394,19.244,19.321,4948000000.0,0.0,75.35,1.567,1.567,7585000000.0,18442000000.0,37686000000.0,37686000000.0,0.0,0.074,0.238,0.255,0.116,105000000.0,5216000000.0,1.0,783787893.0,783787893.0,,48.082,27030000000.0,2514000000.0,938000000.0,683000000.0,34.486,4570000000.0
35,HON,MRT,2012-12-31,2012-12-31,2012-12-31,2021-10-22,-1339000000.0,41853000000.0,40867750000.0,17598000000.0,24255000000.0,0.922,16.563,-879000000.0,4634000000.0,4634000000.0,28291000000.0,2931000000.0,1.349,2.219,7496000000.0,1101000000.0,6395000000.0,7496000000.0,0.0,926000000.0,0.0,0.03,1.9,4221000000.0,5147000000.0,0.137,5147000000.0,4221000000.0,3870000000.0,3.74,3.69,3.74,12975000000.0,12460750000.0,12975000000.0,52949631376.0,13.0,10.287,2638000000.0,3.367,1.0,9374000000.0,0.249,14874000000.0,351000000.0,16796000000.0,17107500000.0,4235000000.0,1254000000.0,631000000.0,623000000.0,28788000000.0,13045000000.0,15743000000.0,49720631376.0,936000000.0,-417000000.0,25000000.0,-76000000.0,-1211000000.0,-1206000000.0,-1428000000.0,-143000000.0,3517000000.0,53000000.0,2926000000.0,2926000000.0,2926000000.0,0.0,5000000.0,0.078,5218000000.0,4156000000.0,4736000000.0,0.508,3.832,16.993,16.971,5001000000.0,0.0,63.47,1.32,1.32,7429000000.0,17799000000.0,37665000000.0,37665000000.0,0.0,0.072,0.235,0.247,0.112,114000000.0,5218000000.0,1.0,783372166.0,783372166.0,,48.081,26979000000.0,2558000000.0,944000000.0,628000000.0,34.44,4553000000.0
36,HON,MRT,2012-09-30,2012-09-30,2012-09-30,2021-10-22,-1294000000.0,41074000000.0,40356500000.0,17746000000.0,23328000000.0,0.931,16.824,-913000000.0,4760000000.0,4760000000.0,29045000000.0,2369000000.0,1.396,2.121,7989000000.0,1598000000.0,6391000000.0,7989000000.0,0.0,934000000.0,0.0,0.031,1.863,3263000000.0,4197000000.0,0.112,4197000000.0,3263000000.0,2908000000.0,3.03,3.0,3.03,13132000000.0,11918500000.0,13132000000.0,50392971938.0,15.0,12.007,2732000000.0,3.5,1.0,8512000000.0,0.227,14197000000.0,355000000.0,17393000000.0,17172250000.0,4314000000.0,1311000000.0,711000000.0,600000000.0,27855000000.0,12713000000.0,15142000000.0,46638971938.0,875000000.0,-404000000.0,175000000.0,-226000000.0,-1175000000.0,-1187000000.0,-1589000000.0,-187000000.0,3645000000.0,6000000.0,2365000000.0,2365000000.0,2365000000.0,0.0,4000000.0,0.063,5311000000.0,3201000000.0,4518000000.0,0.615,3.552,19.72,19.719,4830000000.0,0.0,59.75,1.242,1.242,7388000000.0,17877000000.0,37557000000.0,37557000000.0,0.0,0.059,0.198,0.19,0.087,131000000.0,5311000000.0,1.0,780568568.0,780568568.0,,48.115,26877000000.0,2339000000.0,543000000.0,679000000.0,34.433,5033000000.0
37,HON,MRT,2012-06-30,2012-06-30,2012-06-30,2021-10-22,-1637000000.0,40174000000.0,39949250000.0,16644000000.0,23530000000.0,0.939,15.392,-857000000.0,4221000000.0,4221000000.0,29270000000.0,2286000000.0,1.299,2.342,7975000000.0,1633000000.0,6342000000.0,7975000000.0,0.0,934000000.0,0.0,0.033,1.823,3106000000.0,4040000000.0,0.108,4040000000.0,3106000000.0,2749000000.0,2.93,2.9,2.93,11993000000.0,11551000000.0,11993000000.0,47422443085.0,15.0,11.738,2450000000.0,3.144,1.0,8243000000.0,0.22,14162000000.0,357000000.0,16954000000.0,17032750000.0,4342000000.0,1128000000.0,562000000.0,566000000.0,28091000000.0,12812000000.0,15279000000.0,43509443085.0,673000000.0,-70000000.0,-361000000.0,124000000.0,-1143000000.0,-1352000000.0,-1080000000.0,-60000000.0,3307000000.0,-202000000.0,2277000000.0,2277000000.0,2277000000.0,-177000000.0,9000000.0,0.061,5376000000.0,2867000000.0,4547000000.0,0.622,3.628,19.108,19.058,4735000000.0,0.0,55.84,1.16,1.16,7250000000.0,17222000000.0,37513000000.0,37513000000.0,0.0,0.057,0.197,0.182,0.083,140000000.0,5376000000.0,1.0,779180571.0,779180571.0,,48.144,26012000000.0,2433000000.0,472000000.0,681000000.0,33.384,3832000000.0
38,HON,MRT,2012-03-31,2012-03-31,2012-03-31,2021-10-22,-1182000000.0,40370000000.0,39818250000.0,16553000000.0,23817000000.0,0.933,15.145,-820000000.0,3988000000.0,3988000000.0,29012000000.0,2191000000.0,1.307,2.429,7901000000.0,1632000000.0,6269000000.0,7901000000.0,0.0,945000000.0,0.0,0.029,1.782,3009000000.0,3954000000.0,0.106,3954000000.0,3009000000.0,2643000000.0,2.81,2.78,2.81,11743000000.0,11570750000.0,11743000000.0,51192955778.0,17.0,12.947,2652000000.0,3.42,1.0,8152000000.0,0.219,14330000000.0,366000000.0,17287000000.0,17262750000.0,4368000000.0,1034000000.0,501000000.0,533000000.0,28528000000.0,12666000000.0,15862000000.0,47335955778.0,912000000.0,-28000000.0,-792000000.0,138000000.0,-1118000000.0,-1731000000.0,-749000000.0,84000000.0,3472000000.0,-80000000.0,2185000000.0,2185000000.0,2185000000.0,-191000000.0,6000000.0,0.059,5398000000.0,2754000000.0,4535000000.0,0.634,4.031,21.664,21.726,4814000000.0,0.0,61.05,1.274,1.274,7268000000.0,16613000000.0,37164000000.0,37164000000.0,0.0,0.055,0.189,0.174,0.081,129000000.0,5398000000.0,1.0,775363731.0,775363731.0,,47.931,26040000000.0,2489000000.0,458000000.0,707000000.0,33.584,3887000000.0
39,HON,MRT,2011-12-31,2011-12-31,2011-12-31,2021-10-22,-1444000000.0,39808000000.0,39451250000.0,16134000000.0,23674000000.0,0.926,13.97,-792000000.0,3698000000.0,3698000000.0,28556000000.0,2074000000.0,1.314,2.675,7555000000.0,674000000.0,6881000000.0,7555000000.0,0.0,957000000.0,0.0,0.025,1.37,2860000000.0,3817000000.0,0.104,3817000000.0,2860000000.0,2484000000.0,2.65,2.61,2.65,10806000000.0,11557500000.0,10806000000.0,46309581788.0,16.0,12.132,2041000000.0,2.639,1.0,7973000000.0,0.218,14335000000.0,376000000.0,17055000000.0,17299250000.0,4264000000.0,978000000.0,484000000.0,494000000.0,28906000000.0,12275000000.0,16631000000.0,42039581788.0,1048000000.0,183000000.0,-781000000.0,716000000.0,-1091000000.0,-1114000000.0,-611000000.0,-26000000.0,2833000000.0,-60000000.0,2067000000.0,2067000000.0,2067000000.0,-209000000.0,7000000.0,0.057,5399000000.0,2574000000.0,4738000000.0,0.517,3.89,20.338,20.509,4804000000.0,0.0,54.35,1.151,1.151,7228000000.0,16083000000.0,36529000000.0,36529000000.0,0.0,0.052,0.179,0.165,0.078,126000000.0,5399000000.0,1.0,773497365.0,773497365.0,,47.226,25473000000.0,2592000000.0,417000000.0,676000000.0,32.932,3859000000.0
40,HON,MRT,2011-09-30,2011-09-30,2011-09-30,2021-10-22,-1122000000.0,39445000000.0,38957750000.0,17044000000.0,22401000000.0,0.919,14.905,-757000000.0,3885000000.0,3885000000.0,27038000000.0,2750000000.0,1.325,2.373,8155000000.0,1275000000.0,6880000000.0,8155000000.0,0.0,975000000.0,0.0,0.03,1.3,4005000000.0,4980000000.0,0.139,4980000000.0,4005000000.0,3628000000.0,3.5,3.46,3.5,11662000000.0,11522500000.0,11662000000.0,38530292815.0,10.0,7.737,1644000000.0,2.101,1.0,8767000000.0,0.245,14021000000.0,377000000.0,16835000000.0,17108500000.0,4369000000.0,1072000000.0,607000000.0,465000000.0,27678000000.0,12859000000.0,14819000000.0,34356292815.0,1245000000.0,565000000.0,-693000000.0,749000000.0,-1036000000.0,-941000000.0,-176000000.0,-34000000.0,2401000000.0,-39000000.0,2746000000.0,2746000000.0,2746000000.0,-191000000.0,4000000.0,0.077,5072000000.0,3695000000.0,4570000000.0,0.371,2.946,12.511,12.546,4725000000.0,0.0,43.91,0.96,0.96,7316000000.0,16686000000.0,35805000000.0,35805000000.0,0.0,0.07,0.238,0.234,0.112,131000000.0,5072000000.0,1.0,782425252.0,782425252.0,,45.762,25424000000.0,1923000000.0,882000000.0,505000000.0,32.494,4185000000.0
41,HON,MRT,2011-06-30,2011-06-30,2011-06-30,2021-10-22,-536000000.0,39650000000.0,38626250000.0,17386000000.0,22264000000.0,0.897,15.339,-740000000.0,3548000000.0,3548000000.0,26175000000.0,2483000000.0,1.436,2.275,7722000000.0,932000000.0,6790000000.0,7722000000.0,0.0,991000000.0,0.0,0.021,1.27,3785000000.0,4776000000.0,0.138,4776000000.0,3785000000.0,3402000000.0,3.16,3.12,3.16,12072000000.0,11189500000.0,12072000000.0,51459833833.0,14.0,10.775,2325000000.0,2.954,1.0,8471000000.0,0.245,13839000000.0,383000000.0,17874000000.0,17135500000.0,4197000000.0,1061000000.0,545000000.0,516000000.0,27466000000.0,12111000000.0,15355000000.0,46897833833.0,1097000000.0,-93000000.0,-164000000.0,-178000000.0,-1010000000.0,-1313000000.0,-851000000.0,-93000000.0,3065000000.0,196000000.0,2482000000.0,2482000000.0,2482000000.0,-14000000.0,1000000.0,0.072,4898000000.0,3573000000.0,4442000000.0,0.402,3.885,18.895,18.858,4718000000.0,0.0,59.59,1.354,1.354,7344000000.0,16085000000.0,34646000000.0,34646000000.0,0.0,0.064,0.222,0.221,0.109,130000000.0,4898000000.0,1.0,787008455.0,787008455.0,,44.022,25811000000.0,2041000000.0,920000000.0,661000000.0,32.796,5275000000.0
42,HON,MRT,2011-03-31,2011-03-31,2011-03-31,2021-10-22,-687000000.0,38902000000.0,37736500000.0,16031000000.0,22871000000.0,0.887,14.908,-691000000.0,3076000000.0,3076000000.0,25478000000.0,2247000000.0,1.362,2.318,7638000000.0,875000000.0,6763000000.0,7638000000.0,0.0,996000000.0,0.0,0.021,1.24,3441000000.0,4437000000.0,0.133,4437000000.0,3441000000.0,3063000000.0,2.87,2.83,2.87,11690000000.0,10423500000.0,11690000000.0,50813941816.0,15.0,11.452,2326000000.0,2.966,1.0,8008000000.0,0.239,14261000000.0,378000000.0,17433000000.0,17182750000.0,4290000000.0,1058000000.0,582000000.0,476000000.0,27092000000.0,11770000000.0,15322000000.0,46819941816.0,225000000.0,-1086000000.0,264000000.0,-323000000.0,-977000000.0,-1012000000.0,-1872000000.0,-147000000.0,3017000000.0,92000000.0,2238000000.0,2238000000.0,2238000000.0,0.0,9000000.0,0.067,4760000000.0,3248000000.0,4308000000.0,0.432,4.005,20.92,20.805,4832000000.0,0.0,59.71,1.398,1.398,7201000000.0,15538000000.0,33486000000.0,33486000000.0,0.0,0.059,0.215,0.2,0.103,139000000.0,4760000000.0,1.0,784122288.0,784122288.0,,42.705,24641000000.0,2114000000.0,825000000.0,671000000.0,31.425,4261000000.0
43,HON,MRT,2010-12-31,2010-12-31,2010-12-31,2021-10-22,-1067000000.0,37834000000.0,37017500000.0,15486000000.0,22348000000.0,0.874,13.671,-637000000.0,2650000000.0,2650000000.0,24721000000.0,2035000000.0,1.321,2.536,6644000000.0,889000000.0,5755000000.0,6644000000.0,0.0,987000000.0,0.0,0.023,1.21,3173000000.0,4160000000.0,0.129,4160000000.0,3173000000.0,2787000000.0,2.61,2.59,2.61,10666000000.0,9747750000.0,10666000000.0,46083977330.0,15.0,11.078,3566000000.0,4.571,1.0,7629000000.0,0.236,13812000000.0,386000000.0,16292000000.0,17114250000.0,3822000000.0,1071000000.0,455000000.0,616000000.0,27047000000.0,11724000000.0,15323000000.0,41473977330.0,-151000000.0,-1296000000.0,195000000.0,-1311000000.0,-944000000.0,-2047000000.0,-2269000000.0,-341000000.0,4203000000.0,-38000000.0,2022000000.0,2022000000.0,2022000000.0,0.0,13000000.0,0.063,4618000000.0,3011000000.0,4199000000.0,0.464,3.888,20.511,20.368,4724000000.0,0.0,53.16,1.282,1.282,6841000000.0,15097000000.0,32350000000.0,32350000000.0,0.0,0.055,0.207,0.185,0.098,151000000.0,4618000000.0,1.0,780172636.0,780172636.0,,41.465,24022000000.0,2098000000.0,765000000.0,636000000.0,30.791,3762000000.0
44,HON,MRT,2010-09-30,2010-09-30,2010-09-30,2021-10-22,-4282000000.0,38119000000.0,36557250000.0,15163000000.0,22956000000.0,0.847,13.377,-590000000.0,2640000000.0,2640000000.0,24020000000.0,1772000000.0,1.313,2.677,7250000000.0,985000000.0,6265000000.0,7250000000.0,0.0,962000000.0,0.0,0.028,1.21,2755000000.0,3717000000.0,0.12,3717000000.0,2755000000.0,2353000000.0,2.26,2.23,2.26,10330000000.0,9296500000.0,10330000000.0,38961889956.0,14.0,10.482,3899000000.0,5.049,1.0,6936000000.0,0.224,14240000000.0,402000000.0,16943000000.0,17287250000.0,4027000000.0,1194000000.0,593000000.0,601000000.0,27653000000.0,11546000000.0,16107000000.0,33930889956.0,36000000.0,-1318000000.0,128000000.0,-1321000000.0,-938000000.0,-2125000000.0,-2263000000.0,-365000000.0,4489000000.0,-65000000.0,1746000000.0,1746000000.0,1746000000.0,0.0,26000000.0,0.056,4403000000.0,2533000000.0,4059000000.0,0.535,3.285,19.433,19.442,4738000000.0,0.0,43.94,1.096,1.096,6916000000.0,18130000000.0,30956000000.0,30956000000.0,0.0,0.048,0.188,0.159,0.089,140000000.0,4403000000.0,1.0,772209603.0,772209603.0,,40.088,23879000000.0,2398000000.0,607000000.0,745000000.0,30.923,3617000000.0
45,HON,MRT,2010-06-30,2010-06-30,2010-06-30,2021-10-22,-5031000000.0,36091000000.0,35970750000.0,14924000000.0,21167000000.0,0.848,11.757,-552000000.0,2451000000.0,2451000000.0,23647000000.0,1795000000.0,1.396,2.993,7482000000.0,1228000000.0,6254000000.0,7482000000.0,0.0,962000000.0,0.0,0.031,1.21,2713000000.0,3675000000.0,0.12,3675000000.0,2713000000.0,2297000000.0,2.29,2.27,2.29,9008000000.0,9087000000.0,9008000000.0,34614087012.0,13.0,9.419,3760000000.0,4.907,1.0,6870000000.0,0.225,12372000000.0,416000000.0,18063000000.0,17445000000.0,3596000000.0,2004000000.0,1460000000.0,544000000.0,26963000000.0,10687000000.0,16276000000.0,29904087012.0,-155000000.0,-1435000000.0,83000000.0,-1180000000.0,-930000000.0,-2022000000.0,-2341000000.0,-325000000.0,4312000000.0,-104000000.0,1756000000.0,1756000000.0,1756000000.0,0.0,39000000.0,0.058,4308000000.0,2562000000.0,3751000000.0,0.528,3.32,17.03,17.044,4535000000.0,0.0,39.03,0.98,0.98,6495000000.0,17867000000.0,30517000000.0,30517000000.0,0.0,0.049,0.193,0.156,0.089,122000000.0,4308000000.0,1.0,766182091.0,766182091.0,,39.83,23719000000.0,2698000000.0,541000000.0,576000000.0,30.957,4237000000.0
46,HON,MRT,2010-03-31,2010-03-31,2010-03-31,2021-10-22,-4543000000.0,36026000000.0,35732250000.0,14333000000.0,21693000000.0,0.844,11.755,-546000000.0,2851000000.0,2851000000.0,23362000000.0,1681000000.0,1.291,2.996,7561000000.0,1315000000.0,6246000000.0,7561000000.0,0.0,956000000.0,0.0,0.027,1.21,2586000000.0,3542000000.0,0.117,3542000000.0,2586000000.0,2138000000.0,2.15,2.14,2.15,8987000000.0,8951750000.0,8987000000.0,39417278637.0,15.0,11.129,3802000000.0,4.973,1.0,6795000000.0,0.225,12476000000.0,448000000.0,17159000000.0,17380500000.0,3568000000.0,1292000000.0,706000000.0,586000000.0,26922000000.0,11101000000.0,15821000000.0,34611278637.0,799000000.0,-447000000.0,65000000.0,-1394000000.0,-925000000.0,-2251000000.0,-1388000000.0,-320000000.0,4348000000.0,90000000.0,1640000000.0,1640000000.0,1640000000.0,0.0,41000000.0,0.054,4282000000.0,2513000000.0,3553000000.0,0.563,3.851,21.104,21.056,4697000000.0,0.0,45.27,1.148,1.148,6184000000.0,17635000000.0,30157000000.0,30157000000.0,0.0,0.046,0.183,0.149,0.086,123000000.0,4282000000.0,1.0,764552212.0,764552212.0,,39.444,23550000000.0,2997000000.0,498000000.0,570000000.0,30.802,3232000000.0
47,HON,MRT,2009-12-31,2009-12-31,2009-12-31,2021-10-22,-948000000.0,35993000000.0,35315000000.0,13936000000.0,22057000000.0,0.848,11.613,-578000000.0,2801000000.0,2801000000.0,23260000000.0,1584000000.0,1.25,3.05,7607000000.0,1361000000.0,6246000000.0,7607000000.0,0.0,957000000.0,0.0,0.031,1.21,2442000000.0,3399000000.0,0.113,3399000000.0,2442000000.0,1984000000.0,2.06,2.05,2.06,8861000000.0,8558750000.0,8861000000.0,35531337971.0,15.0,10.453,3368000000.0,4.414,1.0,6691000000.0,0.223,12668000000.0,458000000.0,16984000000.0,17466000000.0,3446000000.0,960000000.0,381000000.0,579000000.0,27022000000.0,11147000000.0,15875000000.0,29911337971.0,736000000.0,-467000000.0,37000000.0,-1272000000.0,-918000000.0,-2152000000.0,-1133000000.0,-23000000.0,3946000000.0,75000000.0,1548000000.0,1548000000.0,1548000000.0,0.0,36000000.0,0.052,4323000000.0,2368000000.0,3633000000.0,0.587,3.376,19.323,19.029,4847000000.0,0.0,39.2,0.999,0.999,6274000000.0,14023000000.0,29951000000.0,29951000000.0,0.0,0.044,0.181,0.14,0.082,117000000.0,4323000000.0,1.0,763044336.0,763044336.0,,39.252,23325000000.0,3040000000.0,436000000.0,542000000.0,30.568,2789000000.0
48,HON,MRT,2009-09-30,2009-09-30,2009-09-30,2021-10-22,-3251000000.0,35773000000.0,35189250000.0,13886000000.0,21887000000.0,0.897,12.621,-662000000.0,2604000000.0,2604000000.0,26882000000.0,205000000.0,1.258,2.758,8224000000.0,1968000000.0,6256000000.0,8224000000.0,0.0,921000000.0,0.0,0.032,1.183,95000000.0,1016000000.0,0.032,1016000000.0,95000000.0,-369000000.0,0.21,0.23,0.21,9492000000.0,8140250000.0,9492000000.0,33978810595.0,358.0,33.444,3659000000.0,4.865,1.0,4666000000.0,0.148,12785000000.0,464000000.0,17574000000.0,17484750000.0,3576000000.0,471000000.0,0.0,471000000.0,26178000000.0,11034000000.0,15144000000.0,27938810595.0,312000000.0,-552000000.0,24000000.0,-1474000000.0,-885000000.0,-2335000000.0,-1203000000.0,3000000.0,4321000000.0,-24000000.0,176000000.0,176000000.0,176000000.0,0.0,29000000.0,0.006,4546000000.0,120000000.0,3201000000.0,5.633,2.943,158.743,176.905,4828000000.0,0.0,37.15,0.886,0.886,6464000000.0,17021000000.0,31548000000.0,31548000000.0,0.0,0.005,0.022,0.005,0.003,116000000.0,4546000000.0,1.0,752054121.0,752054121.0,,41.949,22988000000.0,2598000000.0,-545000000.0,730000000.0,30.567,2852000000.0
49,HON,MRT,2009-06-30,2009-06-30,2009-06-30,2021-10-22,-3512000000.0,35137000000.0,35516500000.0,13718000000.0,21419000000.0,0.933,11.383,-751000000.0,2606000000.0,2606000000.0,28561000000.0,309000000.0,1.248,3.139,8646000000.0,2395000000.0,6251000000.0,8646000000.0,0.0,926000000.0,0.0,0.037,1.155,344000000.0,1270000000.0,0.038,1270000000.0,344000000.0,-122000000.0,0.39,0.4,0.39,8467000000.0,8151750000.0,8467000000.0,29762866419.0,87.0,23.435,2744000000.0,3.689,1.0,4562000000.0,0.138,12377000000.0,466000000.0,17805000000.0,17556500000.0,3593000000.0,463000000.0,0.0,463000000.0,26576000000.0,10995000000.0,15581000000.0,23356866419.0,402000000.0,8000000.0,-989000000.0,-351000000.0,-854000000.0,-2192000000.0,-731000000.0,-1000000.0,3495000000.0,-170000000.0,287000000.0,287000000.0,287000000.0,0.0,22000000.0,0.009,4821000000.0,-259000000.0,3132000000.0,2.962,2.759,81.383,80.513,4795000000.0,0.0,31.4,0.705,0.705,6285000000.0,16646000000.0,33123000000.0,33123000000.0,0.0,0.008,0.035,0.02,0.01,127000000.0,4821000000.0,1.0,743849249.0,743849249.0,,44.529,22760000000.0,2660000000.0,-409000000.0,691000000.0,30.598,2723000000.0
50,HON,MRT,2009-03-31,2009-03-31,2009-03-31,2021-10-22,-4049000000.0,34357000000.0,35927000000.0,12781000000.0,21576000000.0,0.981,10.086,-794000000.0,2052000000.0,2052000000.0,30202000000.0,577000000.0,1.168,3.622,8458000000.0,2192000000.0,6266000000.0,8458000000.0,0.0,920000000.0,0.0,0.04,1.127,704000000.0,1624000000.0,0.046,1624000000.0,704000000.0,246000000.0,0.76,0.76,0.76,7415000000.0,8600250000.0,7415000000.0,26792143635.0,38.0,16.498,2617000000.0,3.56,1.0,5029000000.0,0.143,12324000000.0,458000000.0,17501000000.0,17870500000.0,3797000000.0,622000000.0,0.0,622000000.0,26856000000.0,10938000000.0,15918000000.0,20482143635.0,-182000000.0,-1237000000.0,-919000000.0,404000000.0,-831000000.0,-1332000000.0,-1960000000.0,7000000.0,3411000000.0,-301000000.0,560000000.0,560000000.0,560000000.0,0.0,17000000.0,0.016,5027000000.0,2000000.0,3144000000.0,1.483,2.762,36.575,36.658,4777000000.0,0.0,27.86,0.581,0.581,5667000000.0,16424000000.0,35231000000.0,35231000000.0,0.0,0.016,0.065,0.039,0.02,115000000.0,5027000000.0,1.0,735181035.0,735181035.0,,47.922,22033000000.0,2776000000.0,-314000000.0,715000000.0,29.969,1843000000.0
51,HON,MRT,2008-12-31,2008-12-31,2008-12-31,2021-10-22,-3809000000.0,35490000000.0,36073750000.0,13263000000.0,22227000000.0,1.013,9.896,-831000000.0,2065000000.0,2065000000.0,31118000000.0,826000000.0,1.079,3.927,8375000000.0,2510000000.0,5865000000.0,8375000000.0,0.0,903000000.0,0.0,0.034,1.1,1036000000.0,1939000000.0,0.053,1939000000.0,1036000000.0,580000000.0,1.09,1.08,1.09,7187000000.0,9155500000.0,7187000000.0,30745011173.0,30.0,15.856,2960000000.0,4.076,1.0,5438000000.0,0.149,12452000000.0,456000000.0,17059000000.0,18167000000.0,3848000000.0,670000000.0,0.0,670000000.0,28221000000.0,12289000000.0,15932000000.0,23844011173.0,236000000.0,-1272000000.0,-1313000000.0,733000000.0,-811000000.0,-1370000000.0,-2023000000.0,12000000.0,3791000000.0,-162000000.0,806000000.0,806000000.0,806000000.0,0.0,20000000.0,0.022,5130000000.0,308000000.0,3773000000.0,1.009,3.318,29.583,30.119,4934000000.0,0.0,32.83,0.652,0.652,6129000000.0,16250000000.0,36556000000.0,36556000000.0,0.0,0.022,0.088,0.057,0.028,107000000.0,5130000000.0,1.0,726287273.0,726287273.0,,50.333,23038000000.0,3057000000.0,-226000000.0,698000000.0,31.72,974000000.0
52,HON,MRT,2008-09-30,2008-09-30,2008-09-30,2021-10-22,-664000000.0,37082000000.0,35652500000.0,14996000000.0,22086000000.0,1.041,12.812,-799000000.0,2292000000.0,2292000000.0,28484000000.0,2803000000.0,1.102,2.888,9193000000.0,3230000000.0,5963000000.0,9193000000.0,0.0,910000000.0,0.0,0.026,1.075,4298000000.0,5208000000.0,0.14,5208000000.0,4298000000.0,3831000000.0,3.74,3.69,3.74,9538000000.0,9664250000.0,9538000000.0,37236334788.0,9.0,7.15,2726000000.0,3.662,1.0,8635000000.0,0.233,12512000000.0,467000000.0,17861000000.0,18157000000.0,4082000000.0,703000000.0,0.0,703000000.0,27544000000.0,13610000000.0,13934000000.0,30931334788.0,505000000.0,-1771000000.0,-1434000000.0,1300000000.0,-797000000.0,-892000000.0,-2547000000.0,16000000.0,3525000000.0,-28000000.0,2774000000.0,2774000000.0,2774000000.0,0.0,-3000000.0,0.075,5059000000.0,3576000000.0,4149000000.0,0.287,3.243,11.15,11.11,4986000000.0,0.0,41.55,0.833,0.833,6950000000.0,15745000000.0,37119000000.0,37119000000.0,0.0,0.078,0.287,0.237,0.116,126000000.0,5059000000.0,1.0,744436457.0,744436457.0,,49.862,24570000000.0,1911000000.0,1057000000.0,1253000000.0,33.005,1386000000.0
53,HON,MRT,2008-06-30,2008-06-30,2008-06-30,2021-10-22,-344000000.0,36779000000.0,34607500000.0,15459000000.0,21320000000.0,1.057,13.838,-757000000.0,2204000000.0,2204000000.0,27654000000.0,2698000000.0,1.264,2.584,8509000000.0,1934000000.0,6575000000.0,8509000000.0,0.0,870000000.0,0.0,0.021,1.05,4113000000.0,4983000000.0,0.136,4983000000.0,4113000000.0,3634000000.0,3.59,3.53,3.59,10261000000.0,9343500000.0,10261000000.0,43101848843.0,10.0,8.65,3356000000.0,4.526,1.0,8925000000.0,0.244,11796000000.0,479000000.0,19061000000.0,17880750000.0,3995000000.0,546000000.0,0.0,546000000.0,26518000000.0,12227000000.0,14291000000.0,37283848843.0,571000000.0,-2351000000.0,-635000000.0,849000000.0,-784000000.0,-516000000.0,-3101000000.0,0.0,4113000000.0,75000000.0,2673000000.0,2673000000.0,2673000000.0,0.0,-7000000.0,0.073,4894000000.0,4031000000.0,4211000000.0,0.292,3.634,13.948,14.006,5051000000.0,0.0,50.28,1.019,1.019,7047000000.0,15227000000.0,36579000000.0,36579000000.0,0.0,0.077,0.286,0.23,0.112,93000000.0,4894000000.0,1.0,741524440.0,741524440.0,,49.329,24983000000.0,1974000000.0,961000000.0,1230000000.0,33.691,3232000000.0
54,HON,MRT,2008-03-31,2008-03-31,2008-03-31,2021-10-22,-285000000.0,34944000000.0,33355500000.0,14743000000.0,20201000000.0,1.063,12.945,-720000000.0,2234000000.0,2234000000.0,26822000000.0,2581000000.0,1.301,2.626,8052000000.0,1476000000.0,6576000000.0,8052000000.0,0.0,854000000.0,0.0,0.018,1.025,3954000000.0,4808000000.0,0.136,4808000000.0,3954000000.0,3480000000.0,3.41,3.35,3.41,9636000000.0,8728250000.0,9636000000.0,47826085080.0,12.0,9.947,3334000000.0,4.479,1.0,8621000000.0,0.243,10743000000.0,474000000.0,18687000000.0,17028000000.0,4149000000.0,522000000.0,0.0,522000000.0,25308000000.0,11332000000.0,13976000000.0,41998085080.0,856000000.0,-1150000000.0,-2706000000.0,1968000000.0,-772000000.0,-1425000000.0,-1880000000.0,-8000000.0,4054000000.0,107000000.0,2561000000.0,2561000000.0,2561000000.0,0.0,-12000000.0,0.072,4731000000.0,3890000000.0,4097000000.0,0.301,4.358,16.399,16.545,5012000000.0,0.0,56.42,1.185,1.185,6604000000.0,14711000000.0,35443000000.0,35443000000.0,0.0,0.077,0.293,0.232,0.112,44000000.0,4731000000.0,1.0,744382933.0,744382933.0,,47.614,24201000000.0,2014000000.0,919000000.0,952000000.0,32.511,3411000000.0
55,HON,MRT,2007-12-31,2007-12-31,2007-12-31,2021-10-22,-544000000.0,33805000000.0,32422750000.0,13685000000.0,20120000000.0,1.067,12.349,-669000000.0,1829000000.0,1829000000.0,26300000000.0,2460000000.0,1.146,2.666,7657000000.0,2238000000.0,5419000000.0,7657000000.0,0.0,837000000.0,0.0,0.016,1.0,3777000000.0,4614000000.0,0.133,4614000000.0,3777000000.0,3321000000.0,3.2,3.16,3.2,9222000000.0,8610000000.0,9222000000.0,52044605072.0,14.0,11.28,3242000000.0,4.341,1.0,8289000000.0,0.24,10673000000.0,456000000.0,17019000000.0,16314000000.0,3861000000.0,500000000.0,0.0,500000000.0,24583000000.0,11941000000.0,12642000000.0,45978605072.0,605000000.0,-1099000000.0,-3383000000.0,2490000000.0,-767000000.0,-1574000000.0,-1782000000.0,-14000000.0,3911000000.0,50000000.0,2444000000.0,2444000000.0,2444000000.0,0.0,-16000000.0,0.071,4565000000.0,3724000000.0,3962000000.0,0.312,4.986,18.813,19.241,4985000000.0,0.0,61.57,1.329,1.329,6387000000.0,14273000000.0,34589000000.0,34589000000.0,0.0,0.075,0.284,0.232,0.109,26000000.0,4565000000.0,1.0,746769613.0,746769613.0,,46.318,23132000000.0,1878000000.0,877000000.0,734000000.0,30.976,1744000000.0
56,HON,MRT,2007-09-30,2007-09-30,2007-09-30,2021-10-22,-1034000000.0,32902000000.0,31706750000.0,13656000000.0,19246000000.0,1.059,11.03,-628000000.0,1787000000.0,1787000000.0,25645000000.0,2340000000.0,1.129,2.986,7853000000.0,2462000000.0,5391000000.0,7853000000.0,0.0,818000000.0,0.0,0.016,0.977,3589000000.0,4407000000.0,0.131,4407000000.0,3589000000.0,3164000000.0,3.0,2.96,3.0,8255000000.0,8734500000.0,8255000000.0,50425102329.0,14.0,11.442,3084000000.0,4.121,1.0,7945000000.0,0.237,10120000000.0,425000000.0,16756000000.0,15808000000.0,3919000000.0,526000000.0,0.0,526000000.0,24647000000.0,12092000000.0,12555000000.0,44507102329.0,372000000.0,-439000000.0,-4024000000.0,2375000000.0,-764000000.0,-2314000000.0,-1087000000.0,-20000000.0,3712000000.0,61000000.0,2340000000.0,2340000000.0,2340000000.0,0.0,0.0,0.07,4445000000.0,3500000000.0,3812000000.0,0.326,5.392,19.02,19.823,4770000000.0,0.0,59.47,1.325,1.325,6461000000.0,13771000000.0,33590000000.0,33590000000.0,0.0,0.074,0.268,0.227,0.107,-29000000.0,4445000000.0,1.0,748395869.0,748395869.0,,44.883,22782000000.0,2124000000.0,824000000.0,484000000.0,30.441,1564000000.0
57,HON,MRT,2007-06-30,2007-06-30,2007-06-30,2021-10-22,-1167000000.0,31771000000.0,31657250000.0,13109000000.0,18662000000.0,1.036,10.004,-620000000.0,1633000000.0,1633000000.0,25110000000.0,2263000000.0,1.06,3.073,7551000000.0,3066000000.0,4485000000.0,7551000000.0,0.0,801000000.0,0.0,0.017,0.954,3459000000.0,4260000000.0,0.13,4260000000.0,3459000000.0,3061000000.0,2.83,2.81,2.83,7800000000.0,9501000000.0,7800000000.0,48497509961.0,14.0,11.384,2978000000.0,3.819,1.0,7697000000.0,0.235,9670000000.0,398000000.0,15650000000.0,15860250000.0,3807000000.0,505000000.0,0.0,505000000.0,23971000000.0,12369000000.0,11602000000.0,43882509961.0,209000000.0,8000000.0,-3974000000.0,1834000000.0,-760000000.0,-2818000000.0,-612000000.0,0.0,3598000000.0,41000000.0,2263000000.0,2263000000.0,2263000000.0,0.0,0.0,0.069,4338000000.0,3359000000.0,3661000000.0,0.337,5.626,19.391,19.887,4692000000.0,0.0,56.28,1.338,1.338,6118000000.0,13341000000.0,32807000000.0,32807000000.0,0.0,0.071,0.238,0.218,0.105,-5000000.0,4338000000.0,1.0,779717661.0,779717661.0,,42.075,22101000000.0,2122000000.0,798000000.0,455000000.0,28.345,740000000.0
58,HON,MRT,2007-03-31,2007-03-31,2007-03-31,2021-10-22,-1249000000.0,31213000000.0,31840500000.0,12696000000.0,18517000000.0,1.01,11.455,-648000000.0,1378000000.0,1378000000.0,24646000000.0,2173000000.0,1.224,2.406,5993000000.0,1289000000.0,4704000000.0,5993000000.0,0.0,806000000.0,0.0,0.02,0.931,3321000000.0,4127000000.0,0.128,4127000000.0,3321000000.0,2939000000.0,2.67,2.66,2.67,9163000000.0,10295500000.0,9163000000.0,40683666868.0,12.0,9.858,2902000000.0,3.628,1.0,7521000000.0,0.234,9623000000.0,382000000.0,15831000000.0,16193750000.0,3749000000.0,405000000.0,0.0,405000000.0,22050000000.0,10374000000.0,11676000000.0,36844666868.0,-64000000.0,-391000000.0,-2416000000.0,509000000.0,-754000000.0,-2622000000.0,-1039000000.0,0.0,3550000000.0,47000000.0,2173000000.0,2173000000.0,2173000000.0,0.0,0.0,0.068,4297000000.0,3224000000.0,3582000000.0,0.349,4.021,16.956,17.251,4710000000.0,0.0,46.06,1.145,1.145,5873000000.0,12924000000.0,32167000000.0,32167000000.0,0.0,0.068,0.211,0.205,0.103,37000000.0,4297000000.0,1.0,799927635.0,799927635.0,,40.212,21590000000.0,2199000000.0,766000000.0,367000000.0,26.99,2322000000.0
59,HON,MRT,2006-12-31,2006-12-31,2006-12-31,2021-10-22,-1307000000.0,30941000000.0,32088750000.0,12304000000.0,18637000000.0,0.978,11.904,-646000000.0,1224000000.0,1224000000.0,24096000000.0,2083000000.0,1.214,2.183,5063000000.0,1154000000.0,3909000000.0,5063000000.0,0.0,794000000.0,0.0,0.02,0.907,3177000000.0,3971000000.0,0.127,3971000000.0,3177000000.0,2803000000.0,2.54,2.52,2.54,9720000000.0,10733000000.0,9720000000.0,40933903262.0,13.0,10.308,2565000000.0,3.141,1.0,7271000000.0,0.232,9650000000.0,374000000.0,14995000000.0,16420750000.0,3588000000.0,382000000.0,0.0,382000000.0,21221000000.0,10135000000.0,11086000000.0,36938903262.0,-10000000.0,32000000.0,-1500000000.0,-436000000.0,-744000000.0,-2649000000.0,-614000000.0,0.0,3211000000.0,42000000.0,2083000000.0,2083000000.0,2083000000.0,-5000000.0,0.0,0.066,4210000000.0,3061000000.0,3518000000.0,0.357,3.8,17.734,17.811,4797000000.0,0.0,45.24,1.178,1.178,5740000000.0,12563000000.0,31367000000.0,31367000000.0,0.0,0.065,0.194,0.193,0.101,46000000.0,4210000000.0,1.0,816509798.0,816509798.0,,38.416,21291000000.0,2290000000.0,720000000.0,352000000.0,26.076,2169000000.0
60,HON,MRT,2006-09-30,2006-09-30,2006-09-30,2021-10-22,105000000.0,32704000000.0,32261750000.0,12535000000.0,20169000000.0,0.941,13.824,-584000000.0,1415000000.0,1415000000.0,23375000000.0,2012000000.0,1.243,1.889,5410000000.0,1501000000.0,3909000000.0,5410000000.0,0.0,759000000.0,0.0,0.022,0.887,3124000000.0,3883000000.0,0.128,3883000000.0,3124000000.0,2748000000.0,2.42,2.41,2.42,11321000000.0,10993500000.0,11321000000.0,37791675857.0,12.0,9.733,2225000000.0,2.717,1.0,6991000000.0,0.23,9648000000.0,376000000.0,16965000000.0,16732500000.0,3734000000.0,351000000.0,0.0,351000000.0,21383000000.0,10086000000.0,11297000000.0,33494675857.0,-37000000.0,200000000.0,-1263000000.0,-492000000.0,-732000000.0,-2487000000.0,-384000000.0,0.0,2809000000.0,25000000.0,2012000000.0,2012000000.0,2012000000.0,-35000000.0,0.0,0.066,4072000000.0,2919000000.0,3222000000.0,0.367,2.959,16.647,16.901,4713000000.0,0.0,40.9,1.103,1.103,5723000000.0,12168000000.0,30366000000.0,30366000000.0,0.0,0.062,0.183,0.187,0.103,61000000.0,4061000000.0,1.0,818940730.0,818940730.0,,37.08,23056000000.0,1723000000.0,736000000.0,551000000.0,28.153,2449000000.0
61,HON,MRT,2006-06-30,2006-06-30,2006-06-30,2021-10-22,41000000.0,32504000000.0,32137250000.0,12213000000.0,20291000000.0,0.912,13.259,-571000000.0,1424000000.0,1424000000.0,22566000000.0,1935000000.0,1.196,1.961,5721000000.0,1810000000.0,3911000000.0,5721000000.0,0.0,733000000.0,0.0,0.021,0.866,2989000000.0,3722000000.0,0.127,3722000000.0,2989000000.0,2627000000.0,2.3,2.29,2.3,10978000000.0,11007000000.0,10978000000.0,37227900030.0,12.0,10.002,2147000000.0,2.593,1.0,6748000000.0,0.23,9608000000.0,362000000.0,16984000000.0,16853750000.0,3680000000.0,311000000.0,0.0,311000000.0,21526000000.0,10209000000.0,11317000000.0,33365900030.0,-505000000.0,192000000.0,-1644000000.0,-494000000.0,-724000000.0,-2862000000.0,-379000000.0,0.0,2718000000.0,18000000.0,1935000000.0,1935000000.0,1935000000.0,-72000000.0,0.0,0.066,3996000000.0,2752000000.0,3086000000.0,0.377,3.039,17.243,17.522,4679000000.0,0.0,40.3,1.138,1.138,5426000000.0,11811000000.0,29314000000.0,29314000000.0,0.0,0.06,0.176,0.177,0.102,41000000.0,4006000000.0,1.0,827937966.0,827937966.0,,35.406,22896000000.0,1970000000.0,692000000.0,455000000.0,27.654,2004000000.0
62,HON,MRT,2006-03-31,2006-03-31,2006-03-31,2021-10-22,-59000000.0,32206000000.0,32153250000.0,12178000000.0,20028000000.0,0.885,13.139,-564000000.0,1442000000.0,1442000000.0,22042000000.0,1716000000.0,1.229,1.951,5304000000.0,1340000000.0,3964000000.0,5304000000.0,0.0,683000000.0,0.0,0.02,0.846,2819000000.0,3502000000.0,0.123,3502000000.0,2819000000.0,2465000000.0,2.03,2.02,2.03,10913000000.0,11142000000.0,10913000000.0,39397253769.0,14.0,11.25,1788000000.0,2.153,1.0,6402000000.0,0.225,9424000000.0,354000000.0,16739000000.0,17050000000.0,3630000000.0,348000000.0,0.0,348000000.0,21293000000.0,9905000000.0,11388000000.0,35525253769.0,-2654000000.0,-1341000000.0,-1184000000.0,-1182000000.0,-713000000.0,-3079000000.0,-1905000000.0,0.0,2352000000.0,-22000000.0,1716000000.0,1716000000.0,1716000000.0,-100000000.0,0.0,0.06,3863000000.0,2539000000.0,3510000000.0,0.417,3.255,20.702,21.069,4633000000.0,0.0,42.77,1.249,1.249,5175000000.0,11477000000.0,28444000000.0,28444000000.0,0.0,0.053,0.154,0.165,0.099,25000000.0,3855000000.0,1.0,830611498.0,830611498.0,,34.245,22782000000.0,1946000000.0,749000000.0,376000000.0,27.428,2273000000.0
63,HON,MRT,2005-12-31,2005-12-31,2005-12-31,2021-10-22,-25000000.0,31633000000.0,32766750000.0,11962000000.0,19671000000.0,0.844,12.77,-613000000.0,1234000000.0,1234000000.0,21524000000.0,1638000000.0,1.147,1.939,5106000000.0,2024000000.0,3082000000.0,5106000000.0,0.0,653000000.0,0.0,0.022,0.825,2726000000.0,3379000000.0,0.122,3379000000.0,2726000000.0,2370000000.0,1.93,1.92,1.93,10762000000.0,11271500000.0,10762000000.0,35350774464.0,13.0,10.462,1829000000.0,2.17,1.0,6128000000.0,0.222,8833000000.0,356000000.0,16242000000.0,16931500000.0,3401000000.0,370000000.0,0.0,370000000.0,20871000000.0,10430000000.0,10441000000.0,31392774464.0,-2352000000.0,-1682000000.0,-966000000.0,-1050000000.0,-700000000.0,-2716000000.0,-2010000000.0,285000000.0,2442000000.0,-68000000.0,1638000000.0,1638000000.0,1638000000.0,-95000000.0,0.0,0.059,3707000000.0,2421000000.0,2886000000.0,0.427,2.917,19.165,19.301,4658000000.0,0.0,37.25,1.135,1.135,5017000000.0,11230000000.0,27652000000.0,27652000000.0,0.0,0.05,0.145,0.161,0.099,0.0,3707000000.0,1.0,842759046.0,842759046.0,,32.811,22800000000.0,1973000000.0,732000000.0,334000000.0,27.054,1532000000.0
64,HON,MRT,2005-09-30,2005-09-30,2005-09-30,2021-10-22,-33000000.0,32206000000.0,32624000000.0,12569000000.0,19637000000.0,0.828,13.302,-617000000.0,1452000000.0,1452000000.0,21394000000.0,1342000000.0,1.295,1.831,5410000000.0,1438000000.0,3972000000.0,5410000000.0,0.0,610000000.0,0.0,0.021,0.806,2197000000.0,2807000000.0,0.104,2807000000.0,2197000000.0,1853000000.0,1.58,1.58,1.58,11375000000.0,11394000000.0,11375000000.0,35853999262.0,16.0,12.773,1752000000.0,2.049,1.0,5615000000.0,0.208,9008000000.0,344000000.0,17450000000.0,17060000000.0,3398000000.0,406000000.0,0.0,406000000.0,20831000000.0,9706000000.0,11125000000.0,32067999262.0,-1981000000.0,-2055000000.0,-815000000.0,-437000000.0,-688000000.0,-1940000000.0,-2502000000.0,170000000.0,2369000000.0,92000000.0,1342000000.0,1342000000.0,1342000000.0,-65000000.0,0.0,0.05,3949000000.0,1666000000.0,2627000000.0,0.51,2.819,23.896,23.734,4335000000.0,0.0,37.5,1.187,1.187,4772000000.0,11374000000.0,27009000000.0,27009000000.0,0.0,0.041,0.118,0.129,0.081,0.0,3636000000.0,1.0,855146647.0,855146647.0,,31.584,23198000000.0,1899000000.0,511000000.0,530000000.0,27.128,2863000000.0
65,HON,MRT,2005-06-30,2005-06-30,2005-06-30,2021-10-22,-80000000.0,32568000000.0,32069500000.0,12870000000.0,19698000000.0,0.826,13.502,-579000000.0,1929000000.0,1929000000.0,21179000000.0,1250000000.0,1.331,1.828,5715000000.0,1624000000.0,4091000000.0,5715000000.0,0.0,612000000.0,0.0,0.021,0.787,2068000000.0,2680000000.0,0.101,2680000000.0,2068000000.0,1726000000.0,1.47,1.47,1.47,11518000000.0,11351500000.0,11518000000.0,33219475127.0,16.0,12.395,1730000000.0,2.028,1.0,5325000000.0,0.201,8913000000.0,342000000.0,17769000000.0,17028250000.0,3376000000.0,468000000.0,0.0,468000000.0,21050000000.0,9672000000.0,11378000000.0,31246475127.0,-1303000000.0,-2149000000.0,-314000000.0,-210000000.0,-673000000.0,-1197000000.0,-2558000000.0,170000000.0,2309000000.0,143000000.0,1250000000.0,1250000000.0,1250000000.0,-28000000.0,0.0,0.047,3753000000.0,1572000000.0,2657000000.0,0.535,2.713,24.997,24.918,4353000000.0,0.0,36.63,1.179,1.179,4559000000.0,11080000000.0,26504000000.0,26504000000.0,0.0,0.039,0.11,0.121,0.078,0.0,3474000000.0,1.0,853029624.0,853029624.0,,31.07,23655000000.0,1954000000.0,476000000.0,513000000.0,27.731,3198000000.0
66,HON,MRT,2005-03-31,2005-03-31,2005-03-31,2021-10-22,36000000.0,34660000000.0,31315250000.0,14913000000.0,19747000000.0,0.826,13.436,-590000000.0,4096000000.0,4096000000.0,20904000000.0,1309000000.0,1.291,2.032,6069000000.0,2027000000.0,4042000000.0,6069000000.0,0.0,605000000.0,0.0,0.021,0.769,2041000000.0,2646000000.0,0.102,2646000000.0,2041000000.0,1703000000.0,1.53,1.53,1.53,11431000000.0,11193500000.0,11431000000.0,33344238288.0,16.0,12.602,1655000000.0,1.945,1.0,4960000000.0,0.192,8817000000.0,338000000.0,16265000000.0,16943250000.0,3391000000.0,482000000.0,0.0,482000000.0,23229000000.0,11551000000.0,11678000000.0,31657238288.0,896000000.0,145000000.0,-380000000.0,-170000000.0,-658000000.0,-1208000000.0,-275000000.0,170000000.0,2245000000.0,134000000.0,1309000000.0,1309000000.0,1309000000.0,0.0,0.0,0.051,3372000000.0,1588000000.0,4444000000.0,0.503,2.769,24.184,24.32,4386000000.0,0.0,37.21,1.224,1.224,4424000000.0,10950000000.0,25864000000.0,25864000000.0,0.0,0.042,0.117,0.12,0.079,0.0,3362000000.0,1.0,850772327.0,850772327.0,,30.401,25843000000.0,1880000000.0,394000000.0,447000000.0,30.376,3362000000.0
67,HON,MRT,2004-12-31,2004-12-31,2004-12-31,2021-10-22,138000000.0,31062000000.0,30066750000.0,12820000000.0,18242000000.0,0.851,13.081,-591000000.0,3586000000.0,3586000000.0,20752000000.0,1246000000.0,1.467,1.761,5273000000.0,1204000000.0,4069000000.0,5273000000.0,0.0,614000000.0,0.0,0.021,0.75,1954000000.0,2568000000.0,0.1,2568000000.0,1954000000.0,1623000000.0,1.45,1.45,1.45,11252000000.0,11025000000.0,11252000000.0,32062542542.0,16.0,12.485,1662000000.0,1.932,1.0,4841000000.0,0.189,7254000000.0,331000000.0,16756000000.0,17318000000.0,3160000000.0,542000000.0,0.0,542000000.0,19810000000.0,8739000000.0,11071000000.0,30458542542.0,636000000.0,42000000.0,-650000000.0,70000000.0,-643000000.0,-1223000000.0,-584000000.0,-35000000.0,2253000000.0,190000000.0,1246000000.0,1246000000.0,1246000000.0,0.0,0.0,0.049,3316000000.0,1525000000.0,2564000000.0,0.517,2.707,24.445,24.421,4331000000.0,0.0,35.41,1.19,1.19,4243000000.0,10767000000.0,25593000000.0,25593000000.0,0.0,0.041,0.113,0.113,0.076,0.0,3316000000.0,1.0,860167821.0,860167821.0,,29.753,23808000000.0,1902000000.0,377000000.0,397000000.0,27.678,4081000000.0
68,HON,MRT,2004-09-30,2004-09-30,2004-09-30,2021-10-22,-167000000.0,29988000000.0,29629750000.0,12355000000.0,17633000000.0,0.849,13.036,-615000000.0,3433000000.0,3433000000.0,20217000000.0,1435000000.0,1.709,1.676,5037000000.0,198000000.0,4839000000.0,5037000000.0,0.0,718000000.0,0.0,0.021,0.75,2110000000.0,2828000000.0,0.112,2828000000.0,2110000000.0,1781000000.0,1.66,1.66,1.66,11205000000.0,10894250000.0,11205000000.0,32702249948.0,15.0,11.564,1375000000.0,1.6,1.0,4931000000.0,0.196,7039000000.0,329000000.0,17323000000.0,17600000000.0,3074000000.0,414000000.0,0.0,414000000.0,18783000000.0,7230000000.0,11553000000.0,30824249948.0,563000000.0,96000000.0,-302000000.0,-195000000.0,-645000000.0,-1142000000.0,-439000000.0,80000000.0,1990000000.0,154000000.0,1435000000.0,1435000000.0,1435000000.0,0.0,0.0,0.057,2896000000.0,2035000000.0,2346000000.0,0.452,2.751,21.48,21.602,4186000000.0,0.0,35.86,1.226,1.226,4074000000.0,10674000000.0,25148000000.0,25148000000.0,0.0,0.048,0.132,0.12,0.084,0.0,3207000000.0,1.0,859571945.0,859571945.0,,29.256,22949000000.0,1707000000.0,346000000.0,358000000.0,26.698,5125000000.0
69,HON,MRT,2004-06-30,2004-06-30,2004-06-30,2021-10-22,-255000000.0,29551000000.0,29229000000.0,12017000000.0,17534000000.0,0.839,12.67,-623000000.0,3232000000.0,3232000000.0,19639000000.0,1407000000.0,1.704,1.715,5110000000.0,285000000.0,4825000000.0,5110000000.0,0.0,699000000.0,0.0,0.02,0.75,2078000000.0,2777000000.0,0.113,2777000000.0,2078000000.0,1748000000.0,1.63,1.63,1.63,10886000000.0,10564000000.0,10886000000.0,33789362850.0,16.0,12.168,1392000000.0,1.62,1.0,4882000000.0,0.199,6947000000.0,330000000.0,17429000000.0,17598000000.0,3003000000.0,414000000.0,0.0,414000000.0,18665000000.0,7053000000.0,11612000000.0,31472362850.0,606000000.0,255000000.0,-261000000.0,-314000000.0,-645000000.0,-1220000000.0,-288000000.0,80000000.0,2015000000.0,99000000.0,1407000000.0,1407000000.0,1407000000.0,0.0,0.0,0.057,2862000000.0,2020000000.0,2273000000.0,0.46,2.891,22.368,22.472,4185000000.0,0.0,36.63,1.283,1.283,3905000000.0,10463000000.0,24521000000.0,24521000000.0,0.0,0.048,0.133,0.118,0.085,0.0,3116000000.0,1.0,859196365.0,859196365.0,,28.539,22604000000.0,1758000000.0,341000000.0,313000000.0,26.308,4964000000.0
70,HON,MRT,2004-03-31,2004-03-31,2004-03-31,2021-10-22,-175000000.0,29666000000.0,28974500000.0,12043000000.0,17623000000.0,0.824,12.526,-648000000.0,3200000000.0,3200000000.0,18925000000.0,1365000000.0,1.668,1.758,5517000000.0,563000000.0,4954000000.0,5517000000.0,0.0,686000000.0,0.0,0.022,0.75,2007000000.0,2693000000.0,0.113,2693000000.0,2007000000.0,1672000000.0,1.58,1.58,1.58,10757000000.0,10277250000.0,10757000000.0,31280198936.0,16.0,11.615,1415000000.0,1.648,1.0,4957000000.0,0.208,6998000000.0,335000000.0,17764000000.0,17711750000.0,3090000000.0,412000000.0,0.0,412000000.0,18909000000.0,7221000000.0,11688000000.0,29070198936.0,910000000.0,3000000.0,-210000000.0,-22000000.0,-645000000.0,-877000000.0,-565000000.0,80000000.0,2063000000.0,289000000.0,1365000000.0,1365000000.0,1365000000.0,0.0,0.0,0.057,2997000000.0,1960000000.0,2314000000.0,0.475,2.702,21.297,21.424,4248000000.0,0.0,33.85,1.217,1.217,3888000000.0,10263000000.0,23882000000.0,23882000000.0,0.0,0.047,0.133,0.113,0.084,0.0,3055000000.0,1.0,858794651.0,858794651.0,,27.809,22668000000.0,1781000000.0,307000000.0,294000000.0,26.395,4822000000.0
71,HON,MRT,2003-12-31,2003-12-31,2003-12-31,2021-10-22,-189000000.0,29314000000.0,28548250000.0,11624000000.0,17690000000.0,0.809,12.446,-618000000.0,2950000000.0,2950000000.0,18235000000.0,1324000000.0,1.721,1.732,5160000000.0,199000000.0,4961000000.0,5160000000.0,0.0,661000000.0,0.0,0.022,0.75,1955000000.0,2616000000.0,0.113,2616000000.0,1955000000.0,1620000000.0,1.54,1.54,1.54,10729000000.0,9894000000.0,10729000000.0,31155358211.0,16.0,11.91,1581000000.0,1.834,1.0,4868000000.0,0.211,6887000000.0,335000000.0,17884000000.0,17559250000.0,3040000000.0,569000000.0,0.0,569000000.0,18585000000.0,6753000000.0,11832000000.0,28818358211.0,929000000.0,-62000000.0,17000000.0,-267000000.0,-645000000.0,-895000000.0,-680000000.0,0.0,2199000000.0,305000000.0,1324000000.0,1324000000.0,1324000000.0,0.0,0.0,0.057,2931000000.0,1937000000.0,2240000000.0,0.487,2.686,21.766,21.708,4295000000.0,0.0,33.43,1.247,1.247,3643000000.0,10129000000.0,23103000000.0,23103000000.0,0.0,0.046,0.134,0.111,0.085,0.0,2950000000.0,1.0,862050799.0,862050799.0,,26.8,22427000000.0,1868000000.0,296000000.0,316000000.0,26.016,4871000000.0
72,HON,MRT,2003-09-30,2003-09-30,2003-09-30,2021-10-22,-781000000.0,28385000000.0,28111000000.0,11223000000.0,17162000000.0,0.81,11.492,-602000000.0,2870000000.0,2870000000.0,18138000000.0,-550000000.0,1.702,1.872,5207000000.0,201000000.0,5006000000.0,5207000000.0,0.0,657000000.0,0.0,0.028,0.75,-758000000.0,-101000000.0,-0.004,-101000000.0,-758000000.0,-1094000000.0,-0.72,-0.72,-0.72,9884000000.0,9443000000.0,9884000000.0,25466436418.0,-34.0,-252.143,1848000000.0,2.149,1.0,4633000000.0,0.203,6813000000.0,336000000.0,17315000000.0,17382250000.0,2930000000.0,643000000.0,0.0,643000000.0,18501000000.0,6594000000.0,11907000000.0,22662436418.0,868000000.0,-475000000.0,43000000.0,-65000000.0,-637000000.0,-698000000.0,-1078000000.0,-1000000.0,2450000000.0,194000000.0,-550000000.0,-550000000.0,-550000000.0,0.0,0.0,-0.024,5407000000.0,-774000000.0,2032000000.0,-1.042,2.293,-41.204,-36.597,4168000000.0,0.0,26.35,0.995,0.995,3354000000.0,9884000000.0,22771000000.0,22771000000.0,0.0,-0.02,-0.058,-0.044,-0.033,0.0,2976000000.0,1.0,860054513.0,860054513.0,,26.476,21572000000.0,1745000000.0,-544000000.0,510000000.0,25.082,4629000000.0
73,HON,MRT,2003-06-30,2003-06-30,2003-06-30,2021-10-22,-689000000.0,28533000000.0,27151500000.0,11116000000.0,17417000000.0,0.831,11.352,-628000000.0,2626000000.0,2626000000.0,17865000000.0,-482000000.0,1.672,1.93,5430000000.0,388000000.0,5042000000.0,5430000000.0,0.0,680000000.0,0.0,0.028,0.75,-647000000.0,33000000.0,0.001,33000000.0,-647000000.0,-987000000.0,-0.62,-0.62,-0.62,9739000000.0,9565000000.0,9739000000.0,25948677802.0,-40.0,786.324,1651000000.0,1.924,1.0,4707000000.0,0.209,6804000000.0,340000000.0,17884000000.0,16970250000.0,3055000000.0,649000000.0,0.0,649000000.0,18794000000.0,6649000000.0,12145000000.0,23034677802.0,650000000.0,-536000000.0,38000000.0,-118000000.0,-630000000.0,-749000000.0,-1074000000.0,90000000.0,2279000000.0,194000000.0,-482000000.0,-482000000.0,-482000000.0,0.0,0.0,-0.021,5370000000.0,-663000000.0,2093000000.0,-1.21,2.365,-47.79,-43.306,4222000000.0,0.0,26.85,1.02,1.02,3353000000.0,9701000000.0,22572000000.0,22572000000.0,0.0,-0.018,-0.05,-0.038,-0.029,0.0,2945000000.0,1.0,857902339.0,857902339.0,,26.311,21729000000.0,1895000000.0,-505000000.0,512000000.0,25.328,4467000000.0
74,HON,MRT,2003-03-31,2003-03-31,2003-03-31,2021-10-22,-988000000.0,27961000000.0,26214500000.0,10820000000.0,17141000000.0,0.857,10.781,-596000000.0,2290000000.0,2290000000.0,17782000000.0,-342000000.0,1.571,2.031,5204000000.0,483000000.0,4721000000.0,5204000000.0,0.0,696000000.0,0.0,0.035,0.75,-778000000.0,-82000000.0,-0.004,-82000000.0,-778000000.0,-1119000000.0,-0.43,-0.43,-0.43,9224000000.0,9648000000.0,9224000000.0,21343303439.0,-27.0,-260.284,1852000000.0,2.165,1.0,4692000000.0,0.209,6832000000.0,341000000.0,17154000000.0,16383250000.0,3049000000.0,626000000.0,0.0,626000000.0,18737000000.0,6889000000.0,11848000000.0,18275303439.0,698000000.0,-507000000.0,43000000.0,-194000000.0,-622000000.0,-812000000.0,-1013000000.0,90000000.0,2448000000.0,75000000.0,-342000000.0,-342000000.0,-342000000.0,0.0,0.0,-0.015,5483000000.0,-791000000.0,2023000000.0,-1.744,1.981,-53.437,-49.674,4080000000.0,0.0,21.36,0.813,0.813,3297000000.0,9543000000.0,22474000000.0,22474000000.0,0.0,-0.013,-0.035,-0.047,-0.035,0.0,2843000000.0,1.0,855585367.0,855585367.0,,26.267,21129000000.0,1808000000.0,-777000000.0,416000000.0,24.695,3931000000.0
75,HON,MRT,2002-12-31,2002-12-31,2002-12-31,2021-10-22,-1109000000.0,27565000000.0,25272500000.0,10200000000.0,17365000000.0,0.881,10.87,-630000000.0,2021000000.0,2021000000.0,17615000000.0,-220000000.0,1.526,2.089,5089000000.0,370000000.0,4719000000.0,5089000000.0,0.0,730000000.0,0.0,0.031,0.75,-601000000.0,129000000.0,0.006,129000000.0,-601000000.0,-945000000.0,-0.27,-0.27,-0.27,8925000000.0,9712750000.0,8925000000.0,22591219152.0,-38.0,175.126,1750000000.0,2.131,1.0,4659000000.0,0.209,6772000000.0,344000000.0,17176000000.0,15965250000.0,2953000000.0,624000000.0,0.0,624000000.0,18640000000.0,6685000000.0,11955000000.0,19705219152.0,628000000.0,-337000000.0,41000000.0,-320000000.0,-614000000.0,-932000000.0,-870000000.0,97000000.0,2380000000.0,50000000.0,-220000000.0,-220000000.0,-220000000.0,0.0,0.0,-0.01,5302000000.0,-643000000.0,1912000000.0,-2.778,2.208,-89.569,-88.889,4055000000.0,0.0,24.0,0.885,0.885,3264000000.0,9450000000.0,22274000000.0,22274000000.0,0.0,-0.009,-0.023,-0.038,-0.027,0.0,2757000000.0,1.0,821050798.0,821050798.0,,27.129,20793000000.0,2268000000.0,-725000000.0,186000000.0,25.325,3515000000.0
76,HON,MRT,2002-09-30,2002-09-30,2002-09-30,2021-10-22,-615000000.0,24547000000.0,24437750000.0,9976000000.0,14571000000.0,0.911,12.66,-685000000.0,2002000000.0,2002000000.0,17457000000.0,1365000000.0,1.859,1.367,4888000000.0,180000000.0,4708000000.0,4888000000.0,0.0,535000000.0,0.0,0.035,0.75,1850000000.0,2385000000.0,0.107,2385000000.0,1850000000.0,1497000000.0,1.67,1.67,1.67,10372000000.0,9774000000.0,10372000000.0,20873816938.0,11.0,8.752,1580000000.0,1.928,1.0,4815000000.0,0.216,6400000000.0,353000000.0,15667000000.0,15553000000.0,3132000000.0,610000000.0,0.0,610000000.0,14175000000.0,5366000000.0,8809000000.0,17745816938.0,678000000.0,186000000.0,45000000.0,-647000000.0,-612000000.0,-1214000000.0,-399000000.0,100000000.0,2265000000.0,26000000.0,1365000000.0,1365000000.0,1365000000.0,0.0,0.0,0.061,3119000000.0,1696000000.0,1786000000.0,0.449,1.711,13.001,12.97,4689000000.0,0.0,21.66,0.797,0.797,3476000000.0,11071000000.0,22272000000.0,22272000000.0,0.0,0.056,0.14,0.119,0.083,0.0,2631000000.0,1.0,819289794.0,819289794.0,,27.185,18147000000.0,0.0,132000000.0,914000000.0,22.15,4610000000.0
77,HON,MRT,2002-06-30,2002-06-30,2002-06-30,2021-10-22,-608000000.0,24785000000.0,24634000000.0,10247000000.0,14538000000.0,0.913,12.318,-768000000.0,1976000000.0,1976000000.0,18589000000.0,645000000.0,1.713,1.461,5104000000.0,397000000.0,4707000000.0,5104000000.0,0.0,587000000.0,0.0,0.027,0.938,805000000.0,1392000000.0,0.062,1392000000.0,805000000.0,439000000.0,0.79,0.79,0.79,10071000000.0,9494000000.0,10071000000.0,32458413546.0,40.0,23.318,1578000000.0,1.93,1.0,3903000000.0,0.174,6394000000.0,366000000.0,15536000000.0,15490250000.0,3215000000.0,698000000.0,0.0,698000000.0,14714000000.0,5983000000.0,8731000000.0,28804413546.0,746000000.0,199000000.0,51000000.0,-359000000.0,-762000000.0,-1070000000.0,-560000000.0,9000000.0,2346000000.0,30000000.0,645000000.0,645000000.0,645000000.0,0.0,0.0,0.029,3228000000.0,675000000.0,1818000000.0,1.187,2.86,44.658,44.595,4769000000.0,0.0,35.23,1.281,1.281,3594000000.0,10813000000.0,22492000000.0,22492000000.0,0.0,0.026,0.068,0.052,0.036,0.0,2736000000.0,1.0,817610376.0,817610376.0,,27.509,18391000000.0,0.0,-206000000.0,879000000.0,22.494,4264000000.0
78,HON,MRT,2002-03-31,2002-03-31,2002-03-31,2021-10-22,-827000000.0,24193000000.0,24671500000.0,9737000000.0,14456000000.0,0.928,11.636,-822000000.0,1592000000.0,1592000000.0,19225000000.0,236000000.0,1.622,1.551,5246000000.0,593000000.0,4653000000.0,5246000000.0,0.0,661000000.0,0.0,0.02,0.75,493000000.0,1154000000.0,0.05,1154000000.0,493000000.0,112000000.0,0.29,0.29,0.29,9483000000.0,9356250000.0,9483000000.0,35065767228.0,71.0,30.386,1332000000.0,1.634,1.0,3682000000.0,0.161,6362000000.0,381000000.0,15482000000.0,15512500000.0,3351000000.0,680000000.0,0.0,680000000.0,14710000000.0,6003000000.0,8707000000.0,31188767228.0,518000000.0,87000000.0,67000000.0,-360000000.0,-609000000.0,-902000000.0,-725000000.0,10000000.0,2154000000.0,-9000000.0,236000000.0,236000000.0,236000000.0,0.0,0.0,0.01,3231000000.0,451000000.0,1801000000.0,2.586,3.289,132.156,131.966,4812000000.0,0.0,38.27,1.362,1.362,3430000000.0,10507000000.0,22907000000.0,22907000000.0,0.0,0.01,0.025,0.032,0.022,0.0,2913000000.0,1.0,814966481.0,814966481.0,,28.108,17831000000.0,0.0,-124000000.0,947000000.0,21.879,3734000000.0
79,HON,MRT,2001-12-31,2001-12-31,2001-12-31,2021-10-22,-835000000.0,24226000000.0,24820250000.0,9894000000.0,14332000000.0,0.953,11.277,-830000000.0,1393000000.0,1393000000.0,20125000000.0,-99000000.0,1.591,1.642,5270000000.0,539000000.0,4731000000.0,5270000000.0,0.0,724000000.0,0.0,0.022,0.75,-17000000.0,707000000.0,0.03,707000000.0,-17000000.0,-422000000.0,-0.12,-0.12,-0.12,9170000000.0,9383500000.0,9170000000.0,31661044844.0,-1862.0,44.782,1166000000.0,1.434,1.0,3527000000.0,0.149,6356000000.0,405000000.0,15527000000.0,15732500000.0,3355000000.0,466000000.0,0.0,466000000.0,15056000000.0,6220000000.0,8836000000.0,27502044844.0,197000000.0,-78000000.0,49000000.0,-324000000.0,-609000000.0,-884000000.0,-906000000.0,2000000.0,1996000000.0,-9000000.0,-99000000.0,-99000000.0,-99000000.0,0.0,0.0,-0.004,3351000000.0,176000000.0,1862000000.0,-6.25,2.999,-277.798,-281.833,4933000000.0,0.0,33.82,1.163,1.163,3440000000.0,10284000000.0,23652000000.0,23652000000.0,0.0,-0.004,-0.011,-0.001,-0.001,0.0,3064000000.0,1.0,813188789.0,813188789.0,,29.085,17870000000.0,1117000000.0,-323000000.0,875000000.0,21.975,3674000000.0
80,HON,MRT,2001-09-30,2001-09-30,2001-09-30,2021-10-22,-726000000.0,25332000000.0,25057500000.0,10469000000.0,14863000000.0,0.968,11.399,-822000000.0,1324000000.0,1324000000.0,20115000000.0,37000000.0,1.27,1.738,5483000000.0,1964000000.0,3519000000.0,5483000000.0,0.0,723000000.0,0.0,0.028,0.75,274000000.0,997000000.0,0.041,997000000.0,274000000.0,-155000000.0,0.04,0.04,0.04,9252000000.0,9517750000.0,9252000000.0,25636661001.0,94.0,25.714,1171000000.0,1.443,1.0,4138000000.0,0.171,5831000000.0,429000000.0,15416000000.0,15836750000.0,3812000000.0,617000000.0,0.0,617000000.0,16080000000.0,8244000000.0,7836000000.0,21426661001.0,-741000000.0,-101000000.0,230000000.0,-1520000000.0,-608000000.0,-1898000000.0,-836000000.0,87000000.0,1993000000.0,0.0,37000000.0,37000000.0,37000000.0,0.0,0.0,0.002,3508000000.0,630000000.0,2106000000.0,18.75,2.316,579.099,660.0,5157000000.0,0.0,26.4,0.883,0.883,3981000000.0,10318000000.0,24253000000.0,24253000000.0,0.0,0.001,0.004,0.017,0.011,0.0,3230000000.0,1.0,811615947.0,811615947.0,,29.882,19501000000.0,0.0,-192000000.0,1009000000.0,24.027,2225000000.0
81,HON,MRT,2001-06-30,2001-06-30,2001-06-30,2021-10-22,-866000000.0,24935000000.0,25203750000.0,10316000000.0,14619000000.0,0.979,11.764,-772000000.0,1230000000.0,1230000000.0,19592000000.0,627000000.0,1.349,1.619,5440000000.0,1937000000.0,3503000000.0,5440000000.0,0.0,739000000.0,0.0,0.016,0.562,1220000000.0,1959000000.0,0.079,1959000000.0,1220000000.0,765000000.0,0.77,0.77,0.77,9520000000.0,9538750000.0,9520000000.0,32816923652.0,27.0,16.752,1156000000.0,1.428,1.0,5088000000.0,0.206,5874000000.0,455000000.0,15625000000.0,16097000000.0,3740000000.0,606000000.0,0.0,606000000.0,15415000000.0,7646000000.0,7769000000.0,28243923652.0,271000000.0,4000000.0,81000000.0,-602000000.0,-454000000.0,-975000000.0,-682000000.0,86000000.0,1928000000.0,0.0,627000000.0,627000000.0,627000000.0,0.0,0.0,0.025,3461000000.0,1627000000.0,2130000000.0,0.73,2.967,45.046,45.325,5111000000.0,0.0,34.9,1.144,1.144,4122000000.0,10779000000.0,24680000000.0,24680000000.0,0.0,0.025,0.066,0.076,0.049,0.0,3218000000.0,1.0,809281480.0,809281480.0,,30.496,19061000000.0,0.0,138000000.0,1065000000.0,23.553,2670000000.0
82,HON,MRT,2001-03-31,2001-03-31,2001-03-31,2021-10-22,-807000000.0,24788000000.0,25204000000.0,10291000000.0,14497000000.0,0.989,11.882,-751000000.0,1074000000.0,1074000000.0,19196000000.0,1194000000.0,1.454,1.584,5647000000.0,1741000000.0,3906000000.0,5647000000.0,0.0,768000000.0,0.0,0.018,0.75,2133000000.0,2901000000.0,0.116,2901000000.0,2133000000.0,1652000000.0,1.48,1.47,1.48,9592000000.0,9521750000.0,9592000000.0,37364490956.0,18.0,12.88,1098000000.0,1.36,1.0,5727000000.0,0.23,5921000000.0,481000000.0,16362000000.0,16139250000.0,3830000000.0,653000000.0,0.0,653000000.0,15196000000.0,7078000000.0,8118000000.0,32937490956.0,74000000.0,151000000.0,101000000.0,-739000000.0,-603000000.0,-1241000000.0,-534000000.0,66000000.0,1849000000.0,0.0,1194000000.0,1194000000.0,1194000000.0,0.0,0.0,0.048,3398000000.0,2329000000.0,2189000000.0,0.507,3.434,27.586,27.568,5128000000.0,0.0,40.8,1.322,1.322,4153000000.0,10880000000.0,24923000000.0,24923000000.0,0.0,0.047,0.125,0.132,0.086,0.0,3144000000.0,1.0,807291445.0,807291445.0,,30.872,18867000000.0,0.0,458000000.0,1182000000.0,23.371,3213000000.0
83,HON,MRT,2000-12-31,2000-12-31,2000-12-31,2021-10-22,-729000000.0,25175000000.0,25216250000.0,10661000000.0,14514000000.0,0.992,12.172,-726000000.0,1196000000.0,1196000000.0,18673000000.0,1659000000.0,1.478,1.593,5623000000.0,1682000000.0,3941000000.0,5623000000.0,0.0,791000000.0,0.0,0.016,0.75,2879000000.0,3670000000.0,0.147,3670000000.0,2879000000.0,2398000000.0,2.07,2.05,2.07,9707000000.0,9360000000.0,9707000000.0,42658062376.0,15.0,11.623,1263000000.0,1.584,1.0,6350000000.0,0.254,6444000000.0,481000000.0,15944000000.0,15959750000.0,3734000000.0,748000000.0,0.0,748000000.0,15468000000.0,7214000000.0,8254000000.0,37729062376.0,-795000000.0,-2056000000.0,130000000.0,399000000.0,-599000000.0,-70000000.0,-2714000000.0,68000000.0,1989000000.0,0.0,1659000000.0,1659000000.0,1659000000.0,0.0,0.0,0.066,3382000000.0,2968000000.0,2364000000.0,0.362,3.887,22.742,22.855,5230000000.0,0.0,47.31,1.508,1.508,4623000000.0,10992000000.0,25023000000.0,25023000000.0,0.0,0.066,0.177,0.18,0.115,0.0,3134000000.0,1.0,797485994.0,797485994.0,,31.377,18731000000.0,0.0,739000000.0,1173000000.0,23.488,3447000000.0
84,HON,MRT,2000-09-30,2000-09-30,2000-09-30,2021-10-22,-652000000.0,25917000000.0,24804250000.0,11186000000.0,14731000000.0,0.997,11.655,-772000000.0,2065000000.0,2065000000.0,19070000000.0,1412000000.0,1.353,1.776,6994000000.0,2839000000.0,4155000000.0,6994000000.0,0.0,983000000.0,0.0,0.021,0.733,2457000000.0,3440000000.0,0.139,3440000000.0,2457000000.0,2019000000.0,1.77,1.74,1.77,9336000000.0,9083000000.0,9336000000.0,33618433343.0,14.0,9.773,1438000000.0,1.795,1.0,5658000000.0,0.229,6120000000.0,438000000.0,16457000000.0,15391250000.0,3848000000.0,999000000.0,0.0,999000000.0,16581000000.0,8269000000.0,8312000000.0,28533433343.0,940000000.0,-2371000000.0,-17000000.0,2496000000.0,-580000000.0,1899000000.0,-3169000000.0,-26000000.0,2210000000.0,0.0,1412000000.0,1412000000.0,1412000000.0,0.0,0.0,0.057,3325000000.0,2333000000.0,2243000000.0,0.414,3.056,20.208,20.124,5194000000.0,0.0,35.62,1.154,1.154,4162000000.0,10889000000.0,24728000000.0,24728000000.0,0.0,0.057,0.155,0.16,0.099,0.0,3385000000.0,1.0,801050908.0,801050908.0,,30.869,19797000000.0,0.0,607000000.0,998000000.0,24.714,2917000000.0
85,HON,MRT,2000-06-30,2000-06-30,2000-06-30,2021-10-22,-512000000.0,24936000000.0,22063250000.0,9851000000.0,15085000000.0,1.113,11.842,-826000000.0,959000000.0,959000000.0,18799000000.0,1684000000.0,1.232,1.638,6044000000.0,2600000000.0,3444000000.0,6044000000.0,0.0,969000000.0,0.0,0.021,0.715,2793000000.0,3762000000.0,0.153,3762000000.0,2793000000.0,2420000000.0,2.12,2.07,2.12,9452000000.0,8104750000.0,9452000000.0,32215043214.0,12.0,8.563,1388000000.0,1.739,1.0,5749000000.0,0.234,6232000000.0,373000000.0,15794000000.0,13563750000.0,3744000000.0,1061000000.0,0.0,1061000000.0,15484000000.0,7995000000.0,7489000000.0,26890043214.0,163000000.0,-2779000000.0,227000000.0,1905000000.0,-562000000.0,1570000000.0,-3621000000.0,-16000000.0,2214000000.0,0.0,1684000000.0,1684000000.0,1684000000.0,0.0,0.0,0.069,3270000000.0,2479000000.0,2256000000.0,0.337,2.845,15.968,15.892,5502000000.0,0.0,33.69,1.095,1.095,4039000000.0,10757000000.0,24548000000.0,24548000000.0,0.0,0.076,0.208,0.206,0.114,0.0,3293000000.0,1.0,798160974.0,798160974.0,,30.756,18704000000.0,0.0,736000000.0,878000000.0,23.434,1856000000.0
86,HON,MRT,2000-03-31,2000-03-31,2000-03-31,2021-10-22,-391000000.0,24837000000.0,19351500000.0,9750000000.0,15087000000.0,1.25,11.25,-877000000.0,1000000000.0,1000000000.0,18753000000.0,1607000000.0,1.173,1.777,6325000000.0,2848000000.0,3477000000.0,6325000000.0,0.0,922000000.0,0.0,0.013,0.698,2644000000.0,3566000000.0,0.147,3566000000.0,2644000000.0,2341000000.0,2.03,1.98,2.03,8945000000.0,6998250000.0,8945000000.0,44970594337.0,17.0,12.611,1547000000.0,1.946,1.0,5444000000.0,0.225,6204000000.0,303000000.0,15644000000.0,11863000000.0,3744000000.0,1050000000.0,0.0,1050000000.0,15892000000.0,8314000000.0,7578000000.0,41895594337.0,131000000.0,-1692000000.0,-291000000.0,1122000000.0,-546000000.0,285000000.0,-2578000000.0,-9000000.0,2424000000.0,0.0,1607000000.0,1607000000.0,1607000000.0,0.0,0.0,0.066,2976000000.0,2468000000.0,2173000000.0,0.344,4.684,26.071,25.956,5637000000.0,0.0,52.69,1.731,1.731,3926000000.0,10289000000.0,24197000000.0,24197000000.0,0.0,0.083,0.23,0.223,0.109,0.0,3275000000.0,1.0,795133694.0,795133694.0,,30.431,18633000000.0,0.0,734000000.0,877000000.0,23.434,1436000000.0
87,HON,MRT,1999-12-31,1999-12-31,1999-12-31,2021-10-22,-355000000.0,23527000000.0,16987250000.0,10422000000.0,13105000000.0,1.397,15.561,-919000000.0,1991000000.0,1991000000.0,18495000000.0,1541000000.0,1.26,1.736,5066000000.0,2609000000.0,2457000000.0,5066000000.0,0.0,881000000.0,0.0,0.012,0.68,2513000000.0,3394000000.0,0.143,3394000000.0,2513000000.0,2248000000.0,1.95,1.9,1.95,8599000000.0,6086250000.0,8599000000.0,33951573958.0,14.0,10.003,1455000000.0,2.633,1.0,5240000000.0,0.221,4660000000.0,265000000.0,13670000000.0,10477750000.0,3436000000.0,782000000.0,0.0,782000000.0,14928000000.0,8272000000.0,6656000000.0,31879573958.0,973000000.0,637000000.0,-639000000.0,56000000.0,-527000000.0,-1110000000.0,-291000000.0,-9000000.0,2374000000.0,0.0,1541000000.0,1541000000.0,1541000000.0,0.0,0.0,0.065,2909000000.0,2331000000.0,2129000000.0,0.349,3.707,20.688,29.585,5630000000.0,0.0,57.69,1.343,1.343,3896000000.0,9932000000.0,23735000000.0,23735000000.0,0.0,0.091,0.253,0.24,0.106,0.0,3216000000.0,1.0,552601386.0,552601386.0,,42.951,18867000000.0,0.0,707000000.0,864000000.0,34.142,2150000000.0
88,HON,MRT,1999-09-30,1999-09-30,1999-09-30,2021-10-22,-270000000.0,14953000000.0,16790000000.0,5867000000.0,9086000000.0,1.779,9.856,-1111000000.0,981000000.0,981000000.0,22484000000.0,2458000000.0,1.226,1.757,3053000000.0,1766000000.0,1287000000.0,3053000000.0,0.0,1109000000.0,0.0,0.011,0.66,3971000000.0,5080000000.0,0.17,5080000000.0,3971000000.0,3608000000.0,2.57,2.54,2.57,5423000000.0,5957250000.0,5423000000.0,34884226360.0,9.0,6.867,1562000000.0,2.839,1.0,7391000000.0,0.247,3094000000.0,363000000.0,9147000000.0,10729250000.0,2326000000.0,436000000.0,0.0,436000000.0,9530000000.0,4784000000.0,4746000000.0,32980226360.0,425000000.0,-142000000.0,-897000000.0,526000000.0,-622000000.0,-993000000.0,-1255000000.0,-2000000.0,2673000000.0,0.0,2458000000.0,2458000000.0,2458000000.0,0.0,0.0,0.082,3629000000.0,3762000000.0,1273000000.0,0.257,6.082,13.418,23.323,4352000000.0,0.0,59.94,1.104,1.104,1984000000.0,5919000000.0,29875000000.0,29875000000.0,0.0,0.146,0.413,0.37,0.133,0.0,3951000000.0,1.0,550220660.0,550220660.0,,54.296,11859000000.0,0.0,1150000000.0,802000000.0,21.553,1083000000.0
89,HON,MRT,1999-06-30,1999-06-30,1999-06-30,2021-10-22,-275000000.0,14089000000.0,16557750000.0,5383000000.0,8706000000.0,1.666,9.094,-1045000000.0,648000000.0,648000000.0,20748000000.0,2233000000.0,1.315,1.803,2552000000.0,1099000000.0,1453000000.0,2552000000.0,0.0,1036000000.0,0.0,0.01,0.64,3606000000.0,4642000000.0,0.168,4642000000.0,3606000000.0,3265000000.0,2.46,2.44,2.46,5026000000.0,5859500000.0,5026000000.0,37601360758.0,10.0,8.1,1429000000.0,2.586,1.0,6832000000.0,0.248,2910000000.0,341000000.0,8991000000.0,10673750000.0,2345000000.0,433000000.0,0.0,433000000.0,9063000000.0,4092000000.0,4971000000.0,34819360758.0,155000000.0,224000000.0,-1130000000.0,195000000.0,-574000000.0,-1509000000.0,-810000000.0,11000000.0,2474000000.0,0.0,2233000000.0,2233000000.0,2233000000.0,0.0,0.0,0.081,3324000000.0,3508000000.0,1346000000.0,0.26,6.928,15.593,25.61,4215000000.0,0.0,63.0,1.262,1.262,1838000000.0,5628000000.0,27580000000.0,27580000000.0,0.0,0.135,0.381,0.338,0.131,0.0,3648000000.0,1.0,552688266.0,552688266.0,,49.902,11179000000.0,0.0,1032000000.0,784000000.0,20.227,1291000000.0
90,HON,MRT,1999-03-31,1999-03-31,1999-03-31,2021-10-22,-136000000.0,15380000000.0,16509750000.0,5517000000.0,9863000000.0,1.544,9.508,-960000000.0,795000000.0,795000000.0,19072000000.0,2043000000.0,1.085,1.904,3577000000.0,2120000000.0,1457000000.0,3577000000.0,0.0,965000000.0,0.0,0.013,0.62,3294000000.0,4259000000.0,0.167,4259000000.0,3294000000.0,2980000000.0,2.4,2.38,2.4,5297000000.0,5808750000.0,5297000000.0,30180263904.0,9.0,7.086,1265000000.0,2.271,1.0,6419000000.0,0.252,2975000000.0,314000000.0,10103000000.0,10699250000.0,2344000000.0,1509000000.0,0.0,1509000000.0,10083000000.0,5084000000.0,4999000000.0,27405263904.0,252000000.0,-1205000000.0,-936000000.0,1598000000.0,-526000000.0,136000000.0,-2109000000.0,56000000.0,2225000000.0,0.0,2043000000.0,2043000000.0,2043000000.0,0.0,0.0,0.08,3264000000.0,3155000000.0,1328000000.0,0.258,5.174,13.414,20.496,4293000000.0,0.0,49.19,1.075,1.075,1817000000.0,5322000000.0,25491000000.0,25491000000.0,0.0,0.124,0.352,0.308,0.129,0.0,3309000000.0,1.0,557130797.0,557130797.0,,45.754,12405000000.0,0.0,937000000.0,806000000.0,22.266,433000000.0
91,HON,MRT,1998-12-31,1998-12-31,1998-12-31,2021-10-22,-94000000.0,22738000000.0,16066750000.0,9354000000.0,13384000000.0,1.466,14.433,-887000000.0,1018000000.0,1018000000.0,17689000000.0,1903000000.0,1.224,1.813,4966000000.0,2190000000.0,2776000000.0,4966000000.0,0.0,897000000.0,0.0,0.014,0.6,3047000000.0,3944000000.0,0.167,3944000000.0,3047000000.0,2772000000.0,2.38,2.34,2.38,8083000000.0,5677250000.0,8083000000.0,26708819045.0,9.0,6.772,1087000000.0,1.941,1.0,5866000000.0,0.249,4365000000.0,275000000.0,14676000000.0,10388250000.0,3456000000.0,1792000000.0,0.0,1792000000.0,14655000000.0,7645000000.0,7010000000.0,24815819045.0,273000000.0,-1136000000.0,-873000000.0,1246000000.0,-481000000.0,-108000000.0,-1593000000.0,430000000.0,1974000000.0,0.0,1903000000.0,1903000000.0,1903000000.0,0.0,0.0,0.081,2981000000.0,2885000000.0,2018000000.0,0.252,3.07,13.04,18.618,5600000000.0,0.0,44.31,1.054,1.054,3899000000.0,8918000000.0,23555000000.0,23555000000.0,0.0,0.118,0.335,0.293,0.129,0.0,3008000000.0,1.0,560050080.0,560050080.0,,42.059,18373000000.0,0.0,869000000.0,861000000.0,32.806,1709000000.0
92,HON,MRT,1998-09-30,1998-09-30,1998-09-30,2021-10-22,-169000000.0,14024000000.0,13809000000.0,5308000000.0,8716000000.0,1.68,8.965,-820000000.0,566000000.0,566000000.0,17831000000.0,1764000000.0,1.326,1.787,2459000000.0,1000000000.0,1459000000.0,2459000000.0,0.0,885000000.0,0.0,0.016,0.58,2819000000.0,3704000000.0,0.16,3704000000.0,2819000000.0,2569000000.0,2.27,2.24,2.27,5032000000.0,4753000000.0,5032000000.0,21852551490.0,8.0,5.9,1167000000.0,2.079,1.0,5362000000.0,0.231,2988000000.0,250000000.0,8925000000.0,8854500000.0,2446000000.0,430000000.0,0.0,430000000.0,8992000000.0,4004000000.0,4988000000.0,19857551490.0,88000000.0,-255000000.0,-1003000000.0,174000000.0,-467000000.0,-1297000000.0,-602000000.0,474000000.0,1987000000.0,0.0,1764000000.0,1764000000.0,1764000000.0,0.0,0.0,0.076,2908000000.0,2454000000.0,1268000000.0,0.256,3.946,11.257,15.586,4287000000.0,0.0,35.38,0.856,0.856,1707000000.0,4814000000.0,23193000000.0,23193000000.0,0.0,0.128,0.371,0.318,0.122,0.0,2995000000.0,1.0,561264881.0,561264881.0,,41.323,11036000000.0,0.0,805000000.0,655000000.0,19.663,1304000000.0
93,HON,MRT,1998-06-30,1998-06-30,1998-06-30,2021-10-22,-220000000.0,13897000000.0,13571500000.0,5312000000.0,8585000000.0,1.703,8.521,-802000000.0,507000000.0,507000000.0,17833000000.0,1727000000.0,1.356,1.881,2502000000.0,864000000.0,1638000000.0,2502000000.0,0.0,885000000.0,0.0,0.013,0.56,2782000000.0,3667000000.0,0.159,3667000000.0,2782000000.0,2520000000.0,2.2,2.16,2.2,4823000000.0,4599750000.0,4823000000.0,26685834061.0,10.0,7.277,1166000000.0,2.06,1.0,5276000000.0,0.228,2881000000.0,262000000.0,9093000000.0,8874500000.0,2409000000.0,548000000.0,22000000.0,526000000.0,9074000000.0,3918000000.0,5156000000.0,25119834061.0,-486000000.0,-786000000.0,-1084000000.0,334000000.0,-456000000.0,-1316000000.0,-1138000000.0,442000000.0,1968000000.0,0.0,1727000000.0,1727000000.0,1727000000.0,0.0,0.0,0.075,2906000000.0,2370000000.0,1386000000.0,0.255,5.208,14.545,20.173,4197000000.0,0.0,44.38,1.087,1.087,1809000000.0,4569000000.0,23109000000.0,23109000000.0,0.0,0.127,0.375,0.313,0.12,0.0,2993000000.0,1.0,566016991.0,566016991.0,,40.827,11016000000.0,0.0,793000000.0,601000000.0,19.462,1394000000.0
94,HON,MRT,1998-03-31,1998-03-31,1998-03-31,2021-10-22,-221000000.0,13608000000.0,13325250000.0,5369000000.0,8239000000.0,1.712,8.429,-817000000.0,483000000.0,483000000.0,17648000000.0,1682000000.0,1.437,1.852,2049000000.0,457000000.0,1592000000.0,2049000000.0,0.0,891000000.0,0.0,0.013,0.54,2736000000.0,3627000000.0,0.159,3627000000.0,2736000000.0,2467000000.0,2.12,2.07,2.12,4771000000.0,4482000000.0,4771000000.0,25468713622.0,9.0,7.022,1109000000.0,1.959,1.0,5170000000.0,0.227,2580000000.0,269000000.0,8859000000.0,8790000000.0,2330000000.0,532000000.0,54000000.0,478000000.0,8837000000.0,3735000000.0,5102000000.0,23772713622.0,-775000000.0,-914000000.0,-942000000.0,173000000.0,-447000000.0,-1326000000.0,-1375000000.0,339000000.0,1926000000.0,0.0,1682000000.0,1682000000.0,1682000000.0,0.0,0.0,0.074,2886000000.0,2284000000.0,1343000000.0,0.255,4.983,14.134,19.811,4208000000.0,0.0,42.0,1.042,1.042,1942000000.0,4304000000.0,22818000000.0,22818000000.0,0.0,0.126,0.375,0.311,0.12,0.0,2973000000.0,1.0,566016991.0,566016991.0,,40.313,11028000000.0,0.0,785000000.0,628000000.0,19.484,1634000000.0
95,HON,MRT,1997-12-31,1997-12-31,1997-12-31,2021-10-22,-179000000.0,13707000000.0,13102750000.0,5573000000.0,8134000000.0,1.717,7.775,-866000000.0,611000000.0,611000000.0,17444000000.0,1641000000.0,1.256,2.125,2307000000.0,1092000000.0,1215000000.0,2307000000.0,0.0,888000000.0,0.0,0.013,0.52,2696000000.0,3584000000.0,0.159,3584000000.0,2696000000.0,2419000000.0,2.04,2.0,2.04,4386000000.0,4336750000.0,4386000000.0,23774107431.0,9.0,6.633,1068000000.0,1.893,1.0,5055000000.0,0.225,2426000000.0,277000000.0,8541000000.0,8681500000.0,2093000000.0,910000000.0,430000000.0,480000000.0,9321000000.0,4436000000.0,4885000000.0,21893107431.0,-847000000.0,-1020000000.0,-745000000.0,437000000.0,-434000000.0,-785000000.0,-1996000000.0,-135000000.0,1934000000.0,0.0,1641000000.0,1641000000.0,1641000000.0,0.0,0.0,0.073,2853000000.0,2202000000.0,1345000000.0,0.255,4.992,13.341,19.025,4251000000.0,0.0,38.81,0.973,0.973,1886000000.0,4089000000.0,22499000000.0,22499000000.0,0.0,0.125,0.378,0.311,0.12,0.0,2940000000.0,1.0,564109957.0,564109957.0,,39.884,11281000000.0,0.0,778000000.0,694000000.0,19.998,1137000000.0
96,HON,MRT,1997-09-30,1997-09-30,1997-09-30,2021-10-22,-137000000.0,13074000000.0,12883250000.0,5228000000.0,7846000000.0,1.091,7.808,-685000000.0,485000000.0,485000000.0,10970000000.0,1126000000.0,1.355,1.959,2366000000.0,1053000000.0,1313000000.0,2366000000.0,0.0,585000000.0,0.0,0.012,0.503,1849000000.0,2434000000.0,0.173,2434000000.0,1849000000.0,1676000000.0,1.99,,1.99,4419000000.0,4285250000.0,4419000000.0,25147690065.0,14.0,10.332,762000000.0,1.346,1.0,3090000000.0,0.22,2092000000.0,173000000.0,9005000000.0,8591500000.0,2191000000.0,969000000.0,474000000.0,495000000.0,8655000000.0,3858000000.0,4797000000.0,24053690065.0,-1316000000.0,-872000000.0,-466000000.0,29000000.0,-287000000.0,-766000000.0,-1997000000.0,-466000000.0,1447000000.0,0.0,1126000000.0,1126000000.0,1126000000.0,0.0,0.0,0.08,855000000.0,2235000000.0,1197000000.0,0.253,5.443,21.362,21.357,4248000000.0,0.0,42.5,1.711,1.711,1629000000.0,3849000000.0,14060000000.0,14060000000.0,0.0,0.087,0.263,0.215,0.132,0.0,1510000000.0,1.0,565969178.0,565969178.0,,24.842,10982000000.0,0.0,550000000.0,538000000.0,19.404,1370000000.0
97,HON,MRT,1997-06-30,1997-06-30,1997-06-30,2021-10-22,-106000000.0,12912000000.0,,5638000000.0,7274000000.0,,7.689,-681000000.0,1000000000.0,1000000000.0,10728000000.0,1087000000.0,1.569,1.967,2094000000.0,831000000.0,1263000000.0,2094000000.0,0.0,584000000.0,0.0,0.012,0.485,1796000000.0,2380000000.0,0.173,2380000000.0,1796000000.0,1626000000.0,1.92,,1.92,4352000000.0,,4352000000.0,24435977256.0,14.0,10.267,733000000.0,1.295,1.0,3023000000.0,0.22,1657000000.0,170000000.0,8755000000.0,,2129000000.0,924000000.0,465000000.0,459000000.0,8560000000.0,3594000000.0,4966000000.0,23772977256.0,-714000000.0,-256000000.0,-327000000.0,-208000000.0,-280000000.0,-748000000.0,-1380000000.0,-460000000.0,1414000000.0,0.0,1087000000.0,1087000000.0,1087000000.0,0.0,0.0,0.079,840000000.0,2183000000.0,1180000000.0,0.253,5.463,21.87,21.875,4200000000.0,0.0,42.0,1.729,1.729,1594000000.0,3630000000.0,13751000000.0,13751000000.0,0.0,,,,0.131,0.0,1495000000.0,1.0,566023268.0,566023268.0,,24.294,11255000000.0,0.0,539000000.0,638000000.0,19.884,2044000000.0
98,HON,MRT,1997-03-31,1997-03-31,1997-03-31,2021-10-22,-72000000.0,12718000000.0,,5795000000.0,6923000000.0,,7.408,-693000000.0,1265000000.0,1265000000.0,11199000000.0,1054000000.0,1.63,2.035,1928000000.0,672000000.0,1256000000.0,1928000000.0,0.0,584000000.0,0.0,0.013,0.467,1779000000.0,2363000000.0,0.175,2363000000.0,1779000000.0,1601000000.0,1.62,,1.62,4190000000.0,,4190000000.0,20616542031.0,12.0,8.725,541000000.0,0.956,1.0,2321000000.0,0.172,1400000000.0,178000000.0,8425000000.0,,2050000000.0,846000000.0,400000000.0,446000000.0,8528000000.0,3556000000.0,4972000000.0,20150542031.0,707000000.0,1226000000.0,-244000000.0,-233000000.0,-269000000.0,-679000000.0,152000000.0,-389000000.0,1234000000.0,0.0,1054000000.0,1054000000.0,1054000000.0,0.0,0.0,0.078,820000000.0,1501000000.0,1135000000.0,0.288,4.809,19.118,21.991,4163000000.0,0.0,35.625,1.49,1.49,1636000000.0,3401000000.0,13520000000.0,13520000000.0,0.0,,,,0.132,0.0,1475000000.0,1.0,565629250.0,565629250.0,,23.903,11318000000.0,0.0,547000000.0,590000000.0,20.01,2239000000.0
99,HON,MRT,1996-12-31,1996-12-31,1996-12-31,2021-10-22,14000000.0,12829000000.0,12647000000.0,5839000000.0,6990000000.0,1.105,7.39,-678000000.0,1465000000.0,1465000000.0,11606000000.0,1020000000.0,1.58,2.069,1931000000.0,614000000.0,1317000000.0,1931000000.0,0.0,602000000.0,0.0,0.013,0.45,1739000000.0,2341000000.0,0.168,2341000000.0,1739000000.0,1553000000.0,1.8,1.76,1.8,4180000000.0,3886000000.0,4180000000.0,,,,518000000.0,0.916,1.0,2365000000.0,0.169,1418000000.0,186000000.0,8181000000.0,8370000000.0,1946000000.0,774000000.0,301000000.0,473000000.0,8649000000.0,3696000000.0,4953000000.0,18948579875.0,925000000.0,1244000000.0,-262000000.0,-20000000.0,-262000000.0,-544000000.0,273000000.0,-293000000.0,1196000000.0,0.0,1020000000.0,1020000000.0,1020000000.0,0.0,0.0,0.073,856000000.0,1509000000.0,1187000000.0,0.25,4.533,18.577,18.611,4219000000.0,0.0,33.5,1.356,1.356,1661000000.0,3214000000.0,13971000000.0,13971000000.0,0.0,0.081,0.262,0.208,0.124,0.0,1511000000.0,1.0,565629250.0,565629250.0,,24.7,11411000000.0,0.0,533000000.0,610000000.0,20.174,2143000000.0
100,HON,MRT,1996-09-30,1996-09-30,1996-09-30,2021-10-22,,,,,,,,,,,,,,,,,,,,,,0.013,0.435,,,,,,,,,,,,,,,,,,1.0,,,,,,,,,,,,,,,,,,,,,,,,,,,,,,,,,,,,,,,,32.94,,,,,,,,,,,,,,1.0,,,,,,,,,,
101,HON,MRT,1996-06-30,1996-06-30,1996-06-30,2021-10-22,,,,,,,,,,,,,,,,,,,,,,0.015,0.42,,,,,,,,,,,,,,,,,,1.0,,,,,,,,,,,,,,,,,,,,,,,,,,,,,,,,,,,,,,,,28.56,,,,,,,,,,,,,,1.0,,,,,,,,,,
102,HON,MRT,1996-03-31,1996-03-31,1996-03-31,2021-10-22,,,,,,,,,,,,,,,,,,,,,,0.014,0.405,,,,,,,,,,,,,,,,,,1.0,,,,,,,,,,,,,,,,,,,,,,,,,,,,,,,,,,,,,,,,29.56,,,,,,,,,,,,,,1.0,,,,,,,,,,
103,HON,MRT,1995-12-31,1995-12-31,1995-12-31,2021-10-22,88000000.0,12465000000.0,,4890000000.0,7575000000.0,,,-700000000.0,540000000.0,540000000.0,11654000000.0,875000000.0,1.285,2.47,2010000000.0,644000000.0,1366000000.0,2010000000.0,0.0,612000000.0,0.0,0.016,0.39,1429000000.0,2041000000.0,0.142,2041000000.0,1429000000.0,1261000000.0,1.54,1.52,1.54,3592000000.0,,3592000000.0,,,,516000000.0,,1.0,2692000000.0,0.188,1572000000.0,168000000.0,8559000000.0,,1991000000.0,479000000.0,0.0,479000000.0,8873000000.0,3804000000.0,5069000000.0,,32000000.0,-427000000.0,-135000000.0,272000000.0,-217000000.0,-80000000.0,-1104000000.0,-4000000.0,1216000000.0,0.0,875000000.0,875000000.0,875000000.0,0.0,0.0,0.061,1503000000.0,1189000000.0,1385000000.0,0.253,,,15.422,4742000000.0,0.0,23.75,,,1751000000.0,2315000000.0,14346000000.0,14346000000.0,0.0,,,,0.1,0.0,1503000000.0,1.0,,,,,10893000000.0,0.0,386000000.0,551000000.0,,1086000000.0
104,HON,MRT,1994-12-31,1994-12-31,1994-12-31,2021-10-22,,,,,,,,-585000000.0,,,,,,,,,,,,560000000.0,,0.019,0.325,,,,,,,,,,,,,,,,458000000.0,,1.0,,,,,,,,,,,,,,,-384000000.0,-401000000.0,-67000000.0,-308000000.0,-180000000.0,-555000000.0,-872000000.0,82000000.0,1043000000.0,0.0,,,,,,,,,,,,,,,,17.0,,,,,,,,,,,,0.0,,1.0,,,,,,,,,,
